5059 6059
892 332 1030 401 419

2531 334 2941 403 HCMILIA
2982 334 3212 403 XVII.

4668 340 4761 407 420

896 526 1195 592 fanorum
1252 534 1320 590 et
1374 528 1889 608 contemptorum
1934 525 2193 594 divinae
2235 524 2608 606 maiestatis,
2650 546 2818 591 nun·
2923 524 3279 592 Philistiim
3331 523 3631 591 dieentes:
3703 523 3886 590 Vertit
3938 522 4122 591 Deus
4173 524 4245 588 in
4295 528 4514 590 eastra.
4588 525 4661 593 Et
4696 531 4764 594 in·

894 632 1093 762 <fixam
1140 609 1266 676 Dei
1308 611 1518 694 legem
1561 609 1766 677 fuisse
1807 612 2150 694 professos,
2195 631 2391 695 quam
2435 611 2518 677 ab
2552 611 2821 677 ecclesia
2917 616 3295 695 yemuernmt,
3337 611 3635 676 dicentes:
3714 610 3845 677 Vae
3884 610 4090 676 nobis:
4145 629 4271 676 non
4312 611 4469 675 entim
4503 614 4652 678 unta
4676 615 4766 695 fait

970 697 1032 762 ei
1086 697 1483 762 reiectaneos
1540 697 1702 761 fieri.
1788 697 2013 780 Neque
2057 718 2212 762 vero
2252 699 2437 762 iuvat
2478 697 2627 763 illos
2670 697 2820 779 bap·

899 784 1150 860 tismus,
1201 802 1333 864 quo
1370 802 1441 847 se
1477 792 1784 865 tanquam
1818 803 2055 867 magno
2089 783 2318 867 clypeo
2353 792 2603 866 tegunt,
2650 781 2820 865 quod

896 868 987 934 sit
1041 868 1377 951 sanguinis
1437 866 1688 933 Christi
1730 887 1850 950 pro
1895 869 2080 935 nobis
2123 869 2329 947 effusi,
2386 881 2452 934 et
2495 889 2820 934 resurrec-

899 951 1093 1020 tionis
1156 953 1365 1037 ipsius
1425 954 1638 1036 figura
1701 962 1768 1017 et
1826 964 2090 1020 tessera.
2177 953 2388 1022 Suum
2446 954 2623 1019 enim
2669 953 2823 1036 bap-

898 1039 1169 1104 tismum
1226 1039 1596 1117 obliterant,
1657 1059 1858 1121 quum
1918 1040 2196 1106 scientes
2251 1040 2546 1105 volentes
2605 1039 2820 1104 Deum

897 1125 1184 1201 irritant,
1244 1134 1313 1190 et
1354 1124 1672 1208 baptismo
1717 1144 1836 1190 suo
1878 1126 2280 1191 renuntiant.
2368 1125 2510 1190 Nae
2553 1124 2821 1209 perinde

897 1217 1005 1277 est
1037 1231 1113 1276 ac
1147 1210 1202 1275 si
1238 1220 1469 1294 sponte
1503 1208 1814 1276 adversus
1850 1209 1978 1276 Dei
2003 1212 2361 1295 potentiam
2385 1210 2820 1291 coniurarent,

897 1305 969 1366 ct
1024 1295 1273 1362 Christi
1329 1305 1602 1361 mortem
1660 1305 1726 1361 et
1782 1297 2312 1364 resurrectionem
2368 1304 2820 1379 conspuerent,

899 1382 1039 1450 suis
1073 1381 1538 1465 pollutionibus
1571 1392 1639 1446 et
1670 1382 1934 1466 flagitiis
1969 1382 2121 1448 Iesu
2156 1382 2408 1448 Christi
2431 1382 2817 1466 sanguinem

897 1467 1279 1551 polluentes.
1362 1467 1600 1550 Itaque
1654 1468 1944 1532 futurum
2006 1475 2109 1533 est
2160 1476 2237 1532 ut
2277 1469 2417 1551 ipse
2458 1466 2820 1551 baptismus

899 1552 1296 1619 horrendam
1363 1554 1718 1618 vindictam
1774 1554 1844 1617 in
1885 1573 2109 1620 omnes
2152 1563 2592 1619 sacrosanctae
2626 1553 2820 1617 maie-

897 1640 1087 1705 statis
1132 1638 1392 1703 divinae
1434 1647 1929 1720 contemptores,
1974 1648 2041 1704 et
2088 1640 2153 1704 in
2190 1660 2415 1705 omnes
2447 1638 2820 1724 hypocritas

897 1724 1135 1790 trahat.
1224 1724 1409 1789 Idem
1466 1735 1603 1790 esto
1659 1723 1740 1789 de
1795 1745 1995 1791 coena
2049 1725 2317 1790 Domini
2353 1724 2677 1800 iudicium,
2736 1722 2819 1788 ad

898 1830 1091 1893 quam
1163 1816 1274 1875 tan
1326 1829 1472 1874 uam
1530 1808 1613 1875 ad
1669 1809 2004 1893 scopulum
2057 1810 2334 1892 improbi
2392 1823 2458 1875 et
2511 1809 2821 1893 flagitiosi

897 1895 1194 1961 homines
1231 1831 1525 1971 afliciunt,
1563 1916 1763 1977 quum
1802 1896 1921 1960 sibi
1958 1896 2143 1961 laxas
2174 1894 2467 1961 habenas
2501 1894 2584 1961 ad
2622 1915 2821 1977 quae·-

895 1982 1001 2047 vis
1041 1981 1291 2065 flagitia
1331 1980 1739 2064 permittunt,
1784 1981 1853 2045 iu
1898 1982 2116 2046 Deum
2159 1981 2525 2064 blasphemi
2568 1989 2638 2045 et
2669 2001 2820 2045 con·

898 2066 1250 2133 tumeliosi.
1336 2069 1578 2132 Annon
1635 2066 1832 2131 etiam
1891 2067 2080 2150 signa
2134 2067 2250 2132 illa
2291 2087 2455 2149 quae
2498 2065 2822 2131 Dominus

900 2160 1123 2217 noster
1176 2151 1364 2217 Iesus
1420 2151 1724 2217 Christus
1767 2150 1947 2216 dedit
1989 2150 2322 2236 discipulis
2364 2152 2518 2229 suis,
2586 2159 2662 2215 ιιι
2703 2170 2821 2217 suo

899 2238 1150 2321 corpori
1215 2248 1281 2303 et
1344 2238 1647 2321 sanguini
1709 2238 2191 2321 participarent,
2270 2239 2681 2320 accipientes,
2755 2245 2824 2301 et

898 2331 1118 2388 tamtm
1182 2323 1251 2387 in
1307 2323 1554 2406 flagitia
1612 2321 1937 2406 quaelibet
1993 2332 2277 2401 ruentes,
2343 2323 2517 2388 idem
2576 2323 2825 2387 faciunt

898 2428 974 2475 ac
1030 2409 1086 2474 si
1187 2407 1412 2474 edibus
1467 2407 1626 2492 ipsis
1682 2407 2018 2474 Christum
2062 2409 2279 2493 ipsum
2322 2406 2820 2475 conculcarent?

893 2493 1045 2559 Etsi
1106 2429 1408 2559 Cphristus
1462 2494 1654 2559 altior
1710 2504 1814 2558 est
1869 2515 2065 2577 quam
2119 2502 2195 2559 ut
2246 2493 2517 2577 pedibus
2561 2493 2821 2558 illorum

896 2578 1342 2645 conculcetur:
1398 2578 1510 2644 sed
1554 2589 1772 2645 tamen
1817 2579 2182 2645 horrendae
2238 2579 2681 2661 blasphemiae
2721 2578 2821 2644 rei

897 2671 1227 2730 tenentur.
1313 2663 1754 2745 Quamobrem
1789 2667 2023 2730 animis
2057 2664 2298 2730 nostris
2334 2665 2624 2748 penitius
2643 2663 2822 2729 istud

895 2749 1271 2834 infigamus,
1337 2760 1590 2815 tantum
1655 2752 1878 2817 abesse
1943 2759 2018 2816 ut
2077 2749 2363 2817 visibilia
2404 2751 2597 2834 signa
2639 2749 2822 2816 verbi

895 2834 1106 2900 divini
1148 2835 1699 2919 contemptoribus
1739 2847 1809 2901 et
1848 2836 2190 2921 flagitiosis
2232 2834 2604 2901 hominibus
2649 2835 2821 2900 utili·

895 2925 1097 2987 tatem
1143 2928 1261 2986 aut
1300 2922 1601 2987 solatium
1645 2920 1964 2999 adferant,
2026 2929 2103 2986 ut
2144 2930 2371 2987 contra
2412 2921 2485 2986 in
2525 2922 2819 3005 ipsorum

893 3007 1107 3089 capita
1179 3007 1547 3091 graviorem
1605 3006 2211 3073 condemnationem
2269 3007 2572 3073 trahant:
2644 3006 2822 3089 quod

890 3091 1026 3157 illis
1083 3091 1266 3158 abusi
1325 3101 1637 3175 tanquam
1681 3093 2077 3177 flagitiorum
2121 3112 2238 3157 suo
2282 3093 2447 3171 velo,
2505 3093 2576 3157 in
2621 3092 2820 3158 sacri·

893 3178 1139 3262 legium
1175 3198 1514 3261 nunquam
1552 3177 2013 3243 remittendum
2048 3177 2415 3244 inciderint.
2483 3177 2583 3243 Eo
2615 3178 2821 3262 igitur

892 3264 1079 3330 nobis
1140 3265 1351 3328 maior
1408 3262 1771 3329 adhibenda
1823 3264 2037 3329 cautio
2088 3273 2207 3340 est,
2263 3283 2465 3347 quum
2522 3262 2605 3329 de
2664 3263 2820 3346 bap·

893 3350 1107 3433 tisino,
1152 3348 1235 3415 de
1276 3368 1494 3428 coena,
1540 3348 1620 3414 de
1661 3349 1961 3433 precibus
2005 3356 2071 3414 et
2112 3349 2415 3415 omuibus
2457 3348 2605 3415 aliis
2623 3369 2664 3413 a
2686 3349 2821 3414 Do-

894 3434 1074 3499 mino
1131 3434 1456 3500 institutis
1497 3435 1568 3499 in
1612 3434 1883 3501 ecclesia
1924 3435 2157 3499 ritibus
2198 3436 2415 3518 agitur
2458 3455 2543 3500 ne
2584 3434 2654 3498 in
2696 3435 2822 3518 hy-

893 3520 1180 3603 pocrisin
1245 3519 1641 3586 incidamus:
1706 3518 1823 3585 sed
1885 3520 1956 3584 in
2020 3519 2137 3585 illa
2200 3528 2513 3601 tanquam
2557 3519 2711 3584 fidei
2754 3525 2823 3584 et

896 3626 1089 3670 verae
1143 3605 1477 3689 religionis
1518 3606 1827 3671 exercitia
1881 3605 2217 3674 intuentes
2272 3604 2496 3670 sedulo
2552 3613 2618 3672 et
2670 3605 2813 3672 siue

894 3690 1043 3755 fuco
1105 3691 1414 3773 pietatem
1462 3691 1752 3756 colamus
1800 3690 1880 3756 ad
1933 3691 2101 3757 hanc
2147 3691 2426 3770 unicam,
2488 3698 2563 3756 ιιι
2591 3711 2822 3757 verum

900 3794 1185 3859 scopum,
1242 3776 1676 3845 collimantes:
1744 3796 1954 3859 neque
1993 3777 2065 3841 in
2108 3776 2304 3841 rebus
2346 3776 2491 3841 istis
2532 3776 2823 3841 externis

901 3868 970 3926 et
1024 3861 1304 3926 terrenis
1347 3861 1800 3941 subsistamus,
1841 3871 1909 3926 et
1950 3862 2122 3927 solas
2166 3863 2430 3945 figuras,
2474 3860 2618 3927 sine
2662 3882 2822 3928 vero

897 3944 1163 4011 illarum
1205 3966 1473 4029 corpore
1515 3957 1583 4010 et
1624 3945 1991 4012 substantia
2032 3948 2262 4013 inanes
2304 3957 2371 4013 et
2406 3967 2646 4014 vacuas
2680 3968 2824 4013 esse

898 4029 1102 4115 probe
1145 4051 1602 4115 agnoscamus:
1650 4052 1725 4098 ac
1807 4031 2032 4098 roinde
2066 4052 2297 4098 sensus
2331 4043 2587 4098 nostros
2622 4042 2688 4097 et
2709 4054 2827 4100 cor

899 4115 981 4182 ad
1023 4116 1290 4182 unicum
1333 4116 1672 4183 Christum
1715 4139 1752 4182 e
1780 4139 2065 4202 evemus,
2131 4139 2171 4182 a
2211 4139 2338 4201 quo
2381 4140 2512 4184 uno
2554 4118 2825 4185 felicita-

899 4210 1032 4270 tem
1076 4213 1367 4268 nostram
1410 4211 1862 4284 exspectantes
1905 4203 2170 4270 omnino
2211 4203 2627 4288 pendeamus.

1067 4288 1212 4354 Iam
1255 4308 1411 4357 vero
1451 4289 1687 4354 fiamus
1728 4293 1837 4354 ete.

1467 4628 1969 4713 HOMILIA
2012 4629 2281 4712 XVII.

1072 4800 1135 4868 5.
1218 4799 1538 4882 Quumque
1601 4799 1865 4864 venisset
1921 4821 2074 4868 area
2126 4800 2394 4882 foederis
2448 4798 2715 4866 Domini
2755 4801 2829 4866 in

901 4892 1131 4968 eastra,
1194 4886 1568 4968 vociferatus
1623 4890 1714 4950 est
1769 4888 1975 4951 omnis
2031 4886 2239 4950 Israel
2279 4886 2543 4952 elamore
2578 4887 2827 4970 yrandi,

901 4979 956 5039 et
986 4973 1311 5054 personuit
1352 4977 1544 5037 terra.
1630 4971 1692 5037 6.
1736 4969 1827 5035 Et
1867 4972 2201 5037 audierunt
2241 4970 2589 5038 Philia-tiis·
2628 4992 2827 5039 vocem

902 5058 1208 5160 clamoris,
1237 5058 1676 5139 dixeruntque:
1735 5056 2055 5137 Quamm
2086 5062 2177 5122 est
2207 5055 2355 5122 baec
2385 5077 2504 5123 vox
2537 5058 2829 5123 clamoris

903 5145 1118 5227 mayni
1171 5164 1241 5208 m
1297 5143 1520 5209 eastris
1560 5141 2036 5208 Hebraeorum?
2096 5141 2186 5207 Et
2223 5149 2628 5228 coynoverunt
2665 5143 2829 5226 quod

907 5248 1056 5295 area
1119 5229 1384 5298 Domini
1444 5228 1705 5295 vertisset
1765 5228 1837 5294 in
1898 5233 2128 5296 eastra.
2219 5229 2280 5294 7.
2341 5230 2829 5312 Timuerwntqae

2922 698 3251 762 exsultatio
3297 697 3433 761 beri
3465 702 3522 762 et
3553 697 3791 762 nudius
3817 697 4061 762 tertius.
4147 696 4206 762 8.
4257 696 4386 762 Vae
4416 695 4613 761 uobis!
4651 700 4768 781 Quis

2923 802 3035 848 nos
3092 782 3358 848 salvabit
3418 783 3495 848 de
3554 802 3748 848 manu
3811 783 4066 848 deorum
4121 781 4485 847 wblioniam
4521 783 4768 850 istm-um?

2922 866 2992 932 hi
3044 874 3194 934 sunt
3243 868 3342 933 dii
3393 869 3506 950 qui
3548 872 3992 949 percusserunt
4036 865 4392 951 Aegyptum
4445 870 4595 934 omni
4622 871 4769 955 playa

2922 954 2994 1017 in
3026 955 3279 1020 deserto.
3345 954 3404 1019 9.
3454 951 3927 1036 Confer-tantini,
3972 958 4029 1018 et
4070 958 4246 1018 estote
4284 953 4430 1033 viri,
4469 952 4766 1038 Phaestia,

2921 1059 2998 1103 ne
3058 1041 3346 1105 serviatis
3408 1039 3733 1123 Hebraeis,
3797 1043 3960 1105 sistat
4017 1043 4074 1103 et
4112 1039 4212 1104 iai
4249 1039 4586 1105 servieram
4617 1041 4772 1106 nobis.-

2922 1125 3359 1207 eonfortamini
3400 1130 3456 1190 et
3494 1125 3725 1191 bellate.
3814 1125 3916 1190 10.
3961 1122 4408 1209 Puynaverunt
4447 1145 4576 1209 erqo
4615 1125 4770 1191 Phile-

2921 1212 3114 1291 stiim,
3177 1216 3233 1276 et
3292 1230 3508 1276 caesus
3571 1216 3665 1275 est
3715 1211 3941 1288 Israel,
4010 1216 4065 1274 et
4103 1211 4270 1293 suffit
4307 1211 4773 1293 unusquisquis·

2922 1295 3384 1362 tabernaculum
3424 1316 3632 1370 suum,
3684 1301 3743 1361 et
3778 1296 3948 1378 faeta
3985 1300 4076 1361 est
4105 1295 4306 1380 playa
4345 1316 4567 1379 anayaa
4600 1298 4773 1362 neus:

2922 1386 2978 1447 et
3030 1383 3374 1448 cecideram
3425 1382 3503 1447 de
3560 1382 3770 1448 Israel
3810 1382 4070 1465 triyiata
4107 1381 4317 1446 millia
4351 1382 4631 1463 peditum
4703 1384 4775 1446 11.

2925 1465 3014 1532 Et
3053 1487 3204 1533 area
3247 1467 3376 1534 Dei
3416 1473 3599 1549 capta
3643 1471 3764 1532 est:
3821 1468 3943 1533 duo
3983 1486 4219 1549 quoque
4255 1466 4382 1547 filii
4423 1466 4566 1532 Heli
4601 1469 4778 1532 mortuui

2921 1557 3103 1634 sunt,
3166 1552 3373 1634 ophni
3426 1558 3483 1617 et
3541 1551 3830 1618 Phimes.
3919 1552 4021 1617 12.
4071 1551 4346 1619 cmm
4385 1557 4581 1618 audeus
4613 1553 4777 1618 virde

2921 1637 3266 1703 Beniamin
3329 1659 3404 1703 ex
3462 1639 3597 1704 acie
3647 1638 3918 1703 venitin
3979 1636 4131 1718 Silo,
4193 1636 4577 1719 indicina,
4630 1640 4779 1705 εάεεα

2919 1729 3096 1808 veste,
3144 1728 3201 1789 et
3239 1743 3610 1805 conspersus
3642 1723 3902 1805 pulvere
3942 1729 4150 1806 eaput.

3090 1894 3422 1959 Hesterna
3461 1894 3769 1959 concione
3811 1891 4177 1973 didicimus,
4219 1892 4541 1977 quomodo
4581 1893 4701 1959 Deo
4730 1894 4780 1958 fi-

2924 1977 3205 2045 dendum
3263 1979 3377 2046 sit:
3436 1999 3640 2062 quum
3684 1979 4066 2063 hypocritae
4108 1979 4370 2062 quidem
4418 1979 4539 2044 Dei
4580 1979 4783 2044 nomine

2924 2065 3301 2149 glorientur,
3359 2064 3474 2130 sed
3518 2085 3713 2148 quem
3757 2085 3891 2130 non
3937 2073 4256 2149 quaerant
4297 2065 4444 2131 sine
4484 2066 4619 2130 fuco
4653 2073 4708 2129 et
4722 2064 4782 2129 α’-

2924 2151 3295 2231 mulatioue‚
3360 2151 3432 2216 in
3498 2151 3794 2216 veritate.
3882 2149 4106 2232 Quare
4159 2170 4387 2218 veram
4430 2150 4615 2215 fidem
4646 2170 4785 2233 opor·

2925 2245 3067 2302 tere
3151 2258 3302 2302 cum
3387 2236 3788 2320 poenitentia
3874 2246 4187 2319 perpetuo
4263 2257 4445 2301 nexu
4505 2234 4787 2301 cohaerere

2927 2322 3278 2387 tenendum
3323 2332 3442 2405 est,
3486 2322 3542 2387 si
3579 2323 3858 2405 gratiam
3891 2322 4066 2405 apud
4102 2322 4467 2387 Dominum
4500 2322 4789 2404 impetrare

2928 2408 3256 2490 cupimus:
3313 2426 3477 2491 quos
3531 2407 3823 2490 alioquin
3878 2429 4012 2473 nou
4070 2406 4264 2472 modo
4305 2428 4442 2473 non
4484 2427 4791 2473 accessuros

2929 2492 3011 2557 ad
3055 2493 3290 2575 ipsum,
3337 2492 3450 2559 sed
3493 2493 3713 2575 potius
3758 2494 3982 2576 procul
4027 2513 4402 2559 recessuros
4447 2505 4675 2559 certum
4709 2501 4789 2568 est,

2926 2579 2980 2644 si
3023 2577 3328 2644 fiduciam
3373 2578 3777 2662 simulantes,
3836 2579 3999 2645 falso
4043 2587 4302 2644 tantum
4345 2587 4680 2662 praetextu
4711 2597 4793 2641 no·

2926 2664 3102 2729 mine
3140 2664 3345 2747 ipsius
3387 2664 3757 2745 gloriemur.
3847 2663 4072 2746 Itaque
4113 2664 4172 2730 si
4214 2685 4374 2731 vera
4417 2663 4545 2729 fide
4575 2661 4790 2746 promis-

2925 2752 3141 2815 siones
3184 2748 3438 2815 divinas
3481 2750 3965 2832 amplectamur,
4026 2758 4091 2814 et
4131 2750 4303 2815 serio
4347 2761 4608 2815 nostrae
4641 2747 4790 2814 misc-

2925 2836 3062 2901 riae
3096 2856 3294 2901 sensu
3329 2835 3564 2915 affecti,
3608 2855 3830 2901 coram
3864 2836 4005 2918 ipso
4040 2855 4163 2900 nos
4197 2834 4634 2913 humiliemus,
4669 2852 4791 2898 nun·

2927 2940 3124 3003 quam
3169 2922 3426 2985 inanem
3469 2920 3610 2985 fore
3648 2920 3955 2986 fiduciam
4001 2930 4292 2986 nostram
4334 2930 4590 2987 certum
4619 2928 4718 2997 est,
4745 2927 4792 2981 et

2924 3017 3150 3071 contra
3211 3026 3479 3089 prorsus
3540 3005 3792 3071 irritam
3857 3015 3925 3071 et
3987 3007 4271 3087 inanem,
4338 3007 4402 3072 si
4460 3027 4638 3073 oecus
4670 3005 4791 3069 fons

2899 3092 3148 3157 ·rimus.
3234 3091 3555 3174 Exemplo
3611 3101 3753 3157 esto
3806 3092 4081 3158 historia
4121 3113 4290 3176 quae
4331 3092 4523 3159 nobis
4562 3092 4679 3157 iam
4709 3109 4791 3153 sx-

2923 3175 3228 3328 Eicauda
3272 3178 3670 3261 proponitur,
3713 3178 3784 3242 in
3826 3198 3956 3260 qua
3997 3187 4305 3243 narratur
4345 3177 4687 3243 vehemens
4715 3173 4793 3238 ills

2996 3263 3372 3328 raelitarum
3436 3261 3521 3327 ob
3573 3282 3763 3329 arcae
3805 3262 4083 3329 foederis
4122 3264 4196 3327 in
4235 3272 4462 3330 eoetra
4503 3261 4793 3329 adventum

2924 3350 3188 3429 clamor,
3251 3369 3376 3431 quo
3435 3348 3778 3415 victoriam
3839 3359 3995 3414 ante
4049 3349 4464 3432 triumphum
4517 3346 4794 3420 canebant,

2925 3454 3134 3500 vanus
3177 3442 3245 3499 et
3284 3431 3514 3498 irritus
3580 3433 3817 3500 fuisse:
3883 3455 4139 3518 nempe,
4214 3436 4355 3501 sine
4416 3432 4562 3498 Deo
4616 3430 4793 3496 uium-

2922 3519 3130 3603 phare
3189 3517 3357 3584 velle
3410 3517 3817 3598 videbantur,
3876 3520 4007 3585 imo
4066 3520 4388 3588 adversus
4445 3522 4652 3604 ipsum
4698 3524 4796 3579 tro-

2923 3606 3135 3689 phaea
3187 3605 3459 3690 erigere,
3514 3604 3669 3670 licet
3718 3607 3924 3688 ipsius
3975 3625 4235 3684 nomen,
4291 3606 4416 3671 sed
4457 3605 4634 3683 falso,
4679 3617 4796 3686 pm

2925 3712 2995 3757 se
3049 3689 3298 3755 ferrent
3340 3701 3406 3755 et
3448 3705 3525 3755 eo
3567 3690 4020 3776 gloriarentur.
4106 3693 4441 3776 Deinceps
4483 3687 4798 3776 cognovisse

2923 3776 3272 3842 Philistaei
3315 3774 3626 3843 dicuntur
3667 3796 3885 3842 arcam
3921 3776 4197 3844 foederis
4229 3777 4486 3842 illatam
4520 3778 4591 3842 iu
4619 3779 4798 3848 casus,

2924 3868 2992 3928 et
3076 3862 3501 3927 vehementer
3577 3861 3936 3944 perturbati
4012 3870 4079 3928 et
4140 3863 4570 3948 obstupefacti
4626 3859 4796 3930 suino,

2925 3967 3110 4014 suam
3176 3946 3465 4013 dicentes
3528 3948 3939 4012 immutatam
3998 3948 4351 4028 fortunam,
4419 3968 4646 4031 resque
4688 3959 4797 4007 suas

2928 4033 3248 4098 deteriore
3284 4033 3422 4098 loco
3455 4033 3728 4112 futuras,
3774 4033 3951 4099 Deos
3984 4033 4161 4118 ipsos
4182 4035 4426 4118 populo
4445 4037 4796 4119 praesentem

2926 4139 3116 4202 opem
3156 4117 3350 4201 ferre,
3392 4126 3460 4183 et
3499 4117 3626 4201 ipsi
3668 4117 3972 4184 militare.
4048 4119 4191 4188 Hos
4225 4140 4363 4187 esse
4388 4123 4539 4187 deos
4563 4112 4798 4202 quide-⁸

2920 4209 3360 4288 percusserunt
3412 4205 3805 4287 Aegyptum:
3856 4205 4172 4287 quomodo
4228 4206 4500 4272 tandem
4551 4201 4797 4270 resistere

2930 4288 3054 4354 diis
3108 4288 3403 4373 possint?
3463 4290 3816 4355 Pluraliter
3867 4300 4086 4355 autem
4144 4289 4297 4357 deos
4349 4290 4671 4375 appellare
4701 4302 4797 4349 non

2929 4373 3946 4527 3³15⁰2²:.‘³333..{:2:¹·322¹5’.33
3971 4370 4799 4546 issffieffsfflffl

2929 4549 3204 4631 fingant.
3291 4546 3470 4630 Ergo
3514 4546 3621 4613 hic
3659 4568 3876 4612 sermo
3919 4553 4021 4613 est
4061 4547 4553 4614 incredulorum
4583 4554 4645 4611 et
4673 4538 4800 4608 veri·

2927 4640 3131 4697 tatem
3188 4632 3631 4715 ignorantium
3688 4631 4051 4698 hominum.
4138 4631 4287 4700 Etsi
4326 4653 4526 4717 saepe
4565 4652 4680 4697 vox
4713 4625 4800 4692 ho-

2928 4718 3123 4784 braea
3181 4716 3454 4799 pluralis
3493 4717 3589 4817 ‚de
3643 4739 3800 4784 vero
3856 4717 4025 4820 Deo·
4044 4724 4113 4785 et
4152 4719 4343 4785 unico
4385 4719 4557 4786 solet
4593 4714 4706 4781 dici
4735 4727 4799 4774 81

2925 4795 4806 4979 :3:.::⁰.5²0..:::::‘⁰..¹··:1..::‘¹0:t::.‘¹¹¹.:⁰:.:⁰::.¹·}:2.

2926 4974 3240 5059 singulari
3283 4994 3558 5040 numero
3597 4976 3976 5042 efferantur.
4061 4975 4157 5042 At
4191 4977 4680 5042 Philistaeorum
4704 4965 4802 5033 ὡ*

2926 5081 3111 5126 mens
3168 5066 3298 5126 est:
3365 5059 3507 5137 Dii,
3551 5060 3876 5145 inquiunt,
3937 5083 3985 5128 a
4023 5062 4255 5146 quibus
4291 5062 4449 5128 olim
4479 5064 4707 5126 vastata
4735 5053 4802 5117 ὤ

2926 5144 3245 5230 Aeqyptus
3286 5152 3652 5228 praesentes
3704 5148 3948 5226 adsunt,
4007 5148 4108 5214 dii
4143 5146 4250 5215 iai
4285 5145 4607 5233 mifiei
4642 5145 4692 5208 d
4719 5155 4800 5204 α·-

2926 5231 3218 5299 collentes.
3294 5231 3526 5317 Itaque
3587 5235 3848 5319 cognito
3903 5253 4092 5302 arcae
4146 5234 4219 5299 in
4267 5243 4488 5301 castn
4539 5230 4800 5300 adventu.
