5059 6059
859 285 986 350 415

1031 470 1346 554 Sequitur
1398 468 1719 551 deinceps,
1765 466 2080 533 Davidem
2125 472 2379 549 patrem
2436 472 2493 532 et
2544 470 2803 533 matrem

859 557 1191 625 deduxisse
1250 555 1322 619 in
1375 554 1685 638 reqionem
1948 601 1965 636 ,
2038 558 2094 618 et
2156 572 2410 636 royasse
2479 572 2681 635 reyem
2732 557 2806 616 ut

858 646 1177 711 manerent
1215 639 1393 722 apud
1431 639 1607 723 ipsos
1661 639 1846 704 donec
1898 639 2126 706 scirent
2181 639 2334 719 quid
2386 639 2618 720 faceret
2676 638 2804 719 ipsi

857 730 1059 797 Deus.
1146 724 1403 808 Quibus
1467 724 1682 790 verbis
1760 725 1969 807 magis
2033 723 2426 807 exprimitur
2491 724 2676 788 dolor
2736 725 2805 788 et

860 812 1131 880 tristitia
1173 832 1366 895 quam
1413 809 1628 876 David
1688 831 1774 875 ex
1835 809 2123 874 adventu
2184 809 2389 893 patris
2449 819 2518 874 et
2569 809 2802 876 matris

857 902 932 965 in
977 898 1310 983 regionem
1334 895 1528 962 Moab
1550 895 1815 979 accepit.
1883 894 2021 959 Nec
2061 895 2241 959 enim
2265 893 2548 960 habebat
2587 894 2799 961 locum

858 985 942 1052 ad
984 984 1160 1069 ipsos
1205 979 1685 1066 excipiendum,
1744 991 1810 1045 et
1854 981 2062 1045 tristis
2116 989 2260 1045 erat
2314 979 2631 1044 habitatio
2686 980 2802 1045 illa

857 1070 928 1137 in
972 1069 1296 1154 spelunca,
1344 1077 1409 1131 et
1453 1067 1621 1131 fame
1664 1066 1860 1132 etiam
1904 1066 2063 1149 ipsis
2104 1065 2509 1149 pereundum
2554 1066 2800 1150 fuisset,

857 1156 989 1221 nisi
1031 1153 1418 1220 miraculoso
1459 1154 1630 1235 ipsos
1673 1151 1856 1218 Deus
1900 1151 2185 1216 aluisset.
2272 1149 2403 1218 Sed
2464 1163 2804 1236 praeterea

859 1263 1049 1308 senes
1093 1239 1236 1305 illos
1281 1239 1440 1303 haec
1462 1238 1597 1303 vita
1637 1257 1768 1302 non
1815 1236 2079 1303 decebat
2123 1245 2199 1301 ut
2219 1238 2551 1320 perpetuis
2575 1238 2802 1303 mortis

859 1324 1218 1393 terroribus
1273 1324 1714 1409 agitarentur:
1774 1320 2194 1406 quamobrem
2266 1321 2394 1387 alio
2449 1345 2487 1386 a
2545 1320 2801 1387 Davide

858 1414 1035 1497 ipsos
1079 1409 1309 1477 deduci
1352 1409 1656 1493 oportuit,
1701 1407 1813 1472 ubi
1858 1409 1925 1471 in
1974 1409 2104 1472 otio
2148 1406 2480 1488 degerent,
2543 1416 2609 1471 et
2652 1429 2801 1492 pro·

860 1497 968 1566 cul
1013 1519 1051 1562 a
1094 1495 1291 1561 tantis
1333 1493 1664 1560 laboribus
1707 1502 1771 1558 et
1805 1493 2137 1573 molestiis,
2180 1493 2568 1575 quibuscum
2591 1492 2799 1557 Davi-

861 1584 1007 1654 dem
1051 1581 1386 1665 oportebat
1428 1578 1685 1646 luctari.
1773 1578 2063 1644 Domum
2121 1577 2219 1643 illi
2277 1599 2464 1644 suam
2525 1587 2593 1643 et
2651 1598 2797 1661 pos·

860 1670 1181 1736 sessiones
1240 1666 1670 1749 reliquerant,
1739 1674 1806 1730 et
1876 1663 1960 1731 ad
2025 1663 2232 1729 filium
2295 1664 2362 1730 in
2419 1664 2796 1747 speluncam

860 1754 1039 1821 illam
1085 1763 1395 1835 tanquam
1455 1749 1536 1815 ad
1594 1750 1851 1834 asylum
1907 1761 2260 1816 venerant:
2321 1749 2433 1814 sed
2492 1749 2799 1833 quoniam

861 1839 1135 1922 singulis
1214 1838 1561 1903 momentis
1637 1836 2132 1920 exspectabatur
2197 1835 2420 1900 Saulis
2494 1836 2798 1919 impetus,

860 1946 1125 1992 necesse
1168 1924 1296 1989 fuit
1337 1925 1407 1988 in
1452 1921 1647 1988 aliam
1691 1923 2025 2007 regionem
2082 1920 2231 1986 illos
2274 1921 2356 1986 ab
2401 1921 2542 2004 ipso
2585 1932 2800 1987 trans-

857 2013 1033 2078 ferri.
1101 2008 1397 2074 Deduxit
1431 2008 1649 2090 itaque
1692 2008 1764 2072 in
1797 2007 2078 2091 Maspha
2120 2027 2283 2090 quae
2326 2016 2470 2072 erat
2511 2007 2800 2090 regionis

858 2096 1073 2163 Moab.
1161 2094 1340 2161 Sane
1397 2093 1726 2159 Moabitae
1782 2091 2250 2159 descenderant
2320 2092 2401 2159 ab
2453 2092 2798 2174 Israelitis,

859 2202 1138 2266 quorum
1181 2180 1417 2246 fratres
1460 2188 1680 2245 erant:
1725 2176 2156 2262 acproindea
2201 2178 2435 2261 quibus
2479 2177 2797 2243 auxilium

861 2274 1239 2350 exspectare
1282 2266 1352 2330 in
1397 2265 1592 2331 rebus
1636 2264 1931 2349 angustis
1972 2273 2295 2347 poterant.
2363 2262 2497 2329 Sed
2537 2285 2608 2330 se
2652 2285 2796 2347 per·

862 2363 1058 2437 petuo
1121 2372 1238 2436 pro
1304 2349 1602 2417 hostibus
1667 2360 2038 2434 gesserunt,
2122 2357 2198 2415 ut
2262 2349 2523 2415 tandem
2592 2350 2793 2414 etiam

859 2438 1079 2504 David
1137 2436 1451 2502 adversus
1506 2436 1681 2519 ipsos
1752 2435 1995 2502 bellum
2054 2457 2278 2520 gerere
2349 2447 2609 2501 coactus
2675 2435 2794 2499 sit:

859 2523 1034 2608 quod
1076 2543 1413 2606 nunquam
1436 2541 1783 2605 aggressus
1825 2529 1994 2587 esset
2036 2520 2165 2587 nisi
2208 2520 2498 2603 ipsorum
2540 2520 2795 2586 malitia

859 2617 1266 2694 provocatus,
1311 2615 1378 2673 et
1420 2607 1500 2672 de
1543 2605 1835 2674 hostibus
1877 2606 2014 2673 suis
2059 2606 2353 2690 loquens,
2410 2605 2566 2672 dicit
2612 2606 2794 2671 Moa-

858 2696 1027 2764 bitas
1069 2694 1270 2760 fuisse
1311 2714 1506 2759 suum
1550 2692 1935 2776 perfugium,
1991 2691 2107 2758 sed
2160 2692 2502 2775 perfidiose
2561 2691 2793 2758 adver-

861 2803 973 2847 sus
1018 2781 1143 2845 Dei
1189 2778 1501 2864 populum
1558 2779 1786 2862 egisse.
1873 2778 2176 2844 Fuerunt
2230 2798 2388 2864 ergo
2444 2777 2550 2842 isti
2609 2777 2790 2842 Moa-

858 2868 1033 2932 bitae
1088 2864 1439 2932 inhumani
1497 2862 1809 2930 adversus
1862 2864 2216 2941 Israelitas,
2283 2870 2350 2928 et
2406 2863 2792 2928 nominatim

863 2960 1014 3037 post
1056 2956 1335 3017 mortem
1381 2948 1673 3028 Davidis,
1718 2970 1921 3033 quum
1967 2948 2229 3034 Assyrii
2273 2948 2581 3015 Iudaeam
2631 2947 2795 3011 bello

861 3036 1389 3123 aggrederentur,
1433 3046 1497 3100 et
1541 3035 1624 3101 ad
1668 3035 1993 3101 Moabitas
2050 3035 2273 3100 miseri
2332 3035 2794 3117 confugissent,

861 3137 935 3191 ut
979 3123 1153 3207 apud
1198 3123 1373 3206 ipsos
1417 3121 1712 3200 laterent,
1772 3119 2009 3204 proditi
2069 3132 2224 3186 sunt
2275 3121 2356 3187 ab
2416 3119 2594 3204 ipsis.
2682 3118 2793 3184 Id-

861 3211 1033 3275 circo
1090 3207 1277 3273 Deus
1348 3227 1465 3289 per
1519 3208 1906 3291 prophetam
1981 3207 2062 3272 de
2117 3206 2425 3273 Moabitis
2484 3206 2793 3289 queritur.

862 3293 1158 3378 Populus
1200 3313 1405 3371 meus,
1449 3292 1680 3376 inquit,
1722 3291 2041 3377 fugitivus
2082 3300 2201 3372 est,
2245 3313 2285 3357 o
2318 3291 2537 3366 Moab,
2581 3291 2793 3358 locum

863 3382 1086 3464 itaque
1129 3379 1200 3444 in
1244 3377 1459 3444 medio
1504 3387 1577 3444 tu
1621 3378 1972 3445 concedere
2017 3379 2140 3462 ipsi
2198 3377 2494 3456 debebas,
2551 3376 2665 3442 sed
2723 3387 2793 3442 tu

865 3476 1090 3533 contra
1130 3464 1479 3532 crudeliter
1523 3464 1592 3527 in
1637 3463 1921 3530 hostium
1966 3484 2197 3529 manus
2256 3462 2601 3529 tradidisti.
2690 3463 2793 3527 Ex

868 3551 1101 3636 quibus
1167 3557 1437 3634 apparet
1504 3569 1657 3616 cum
1714 3550 1974 3632 quantis
2028 3547 2521 3614 difficultatibus
2574 3546 2793 3613 David

865 3637 1152 3702 luctatus
1196 3636 1297 3713 sit,
1355 3635 1435 3700 ad
1482 3635 1806 3701 Moabitas
1849 3634 2193 3718 confugere
2236 3642 2518 3718 coactus,
2578 3632 2797 3699 hostes

864 3720 1092 3807 populi
1134 3719 1366 3786 iudaici
1389 3720 1880 3802 capitalissimos
1904 3731 1969 3785 et
1989 3719 2576 3803 perfidiosissimos:
2627 3720 2796 3801 quod

867 3805 1356 3891 insurgentibus
1414 3805 1724 3872 adversus
1779 3805 2114 3873 Israelitas
2170 3806 2502 3885 inimicis,-
2551 3805 2798 3869 fuerint

867 3904 1176 3976 tanquam
1225 3891 1500 3957 venatici
1543 3911 1736 3957 canes
1779 3892 1860 3957 ad
1896 3892 2169 3958 miseros
2212 3893 2283 3956 in
2327 3889 2596 3956 occultis
2640 3890 2795 3956 locis

863 3980 1168 4056 latentes,
1228 3975 1744 4059 investigandos,
1804 3985 1871 4043 et
1928 3977 2011 4043 ad
2069 3978 2397 4043 lanienam
2456 3976 2794 4042 tahendos.

867 4063 1063 4149 Apud
1106 4064 1267 4129 istos
1312 4069 1531 4127 tamen
1574 4061 1795 4128 David
1839 4062 2009 4146 patri
2053 4073 2119 4128 et
2174 4063 2368 4128 matri
2427 4062 2792 4145 perfugium

865 4148 1212 4234 quaesivit.
1293 4146 1443 4228 Qua
1486 4147 1557 4210 in
1600 4168 1671 4212 rc
1711 4147 2027 4232 singulari
2067 4147 2193 4213 Dei
2232 4149 2457 4215 favore
2500 4146 2794 4212 adiutum

864 4243 1153 4320 apparet,
1200 4234 1325 4298 etsi
1367 4232 1449 4297 ab
1494 4233 1632 4315 ipso
1674 4232 1889 4299 Deum
1934 4234 2328 4310 invocatum,
2386 4243 2460 4297 ut
2517 4234 2792 4318 gratiam

865 4319 1039 4403 apud
1092 4339 1313 4402 regem
1372 4316 1570 4382 Moab
1629 4318 1982 4400 inveniret,
2041 4339 2175 4384 non
2231 4318 2339 4385 hic
2388 4320 2796 4403 exprimitur,

865 4404 1036 4489 quod
1100 4416 1321 4470 tamen
1387 4412 1637 4468 certum
1701 4412 1803 4469 est
1865 4425 1951 4469 ex
2015 4404 2278 4471 Psalmo
2343 4425 2536 4488 quem
2600 4425 2799 4488 supra

865 4489 1232 4557 citavimus.
1331 4488 1560 4571 Neque
1628 4490 1805 4554 enim
1865 4491 2007 4554 sine
2062 4511 2256 4556 causa
2308 4489 2464 4557 dicit
2522 4510 2601 4555 eo
2660 4491 2798 4557 loco

863 4575 1109 4642 iustum
1165 4574 1445 4640 clamare
1503 4574 1584 4639 ad
1629 4574 2007 4655 Dominum,
2063 4586 2128 4643 et
2184 4576 2545 4642 Dominum
2600 4596 2797 4642 exau-

866 4662 1007 4728 dire
1050 4660 1288 4746 ipsum,
1348 4670 1415 4725 et
1459 4681 1539 4724 ex
1581 4660 1886 4728 omnibus
1931 4662 2452 4728 tribulationibus
2499 4661 2797 4728 liberare.

868 4748 1087 4829 Quare
1162 4744 1381 4810 David
1466 4766 1806 4829 nunquam
1897 4755 2078 4813 tanta
2160 4745 2647 4833 perturbatione
2725 4748 2797 4812 in

868 4833 1333 4900 afflictionibus
1379 4843 1446 4896 et
1487 4831 1965 4901 calamitatibus
2023 4841 2407 4900 excaecatus
2463 4840 2583 4910 est,
2641 4835 2795 4915 quin

869 4919 950 4984 ad
1009 4918 1224 4983 Deum
1284 4918 1659 4995 accesserit,
1719 4928 1787 4984 et
1840 4921 2137 5003 precibus
2194 4918 2384 4983 illum
2442 4916 2799 4998 solicitarit,

871 5021 1215 5088 persmsus
1262 5002 1555 5069 divinum
1591 5004 1908 5071 auxilium
1944 5005 2066 5071 sibi
2103 5024 2435 5085 nunquam
2470 5002 2798 5088 denegan-

872 5087 1045 5153 dum.
1110 5087 1258 5153 Hac
1300 5088 1506 5172 igitur
1548 5089 1799 5154 ratione
1842 5091 2123 5174 gratiam
2167 5089 2313 5154 iniit
2356 5088 2527 5172 apud
2574 5111 2798 5173 regem

867 5172 1082 5252 Moab,
1126 5173 1423 5256 precibus
1471 5174 1781 5238 nimirum
1837 5175 2010 5260 apud
2056 5174 2288 5242 Deum.
2379 5175 2547 5241 Nam
2594 5197 2796 5260 quum

2471 277 2879 345 HOMILIA
2924 277 3253 344 LXXIX.
4657 287 4738 354 416

2903 468 3086 534 Deus
3130 468 3419 533 omnium
3466 468 3807 533 hominum
3852 468 4051 532 corda
4099 468 4164 532 in
4228 488 4424 532 manu
4467 465 4670 548 habeat.
4704 485 4746 538 et

2902 554 3190 619 maxime
3233 555 3576 636 impiorum
3622 573 3792 635 quae
3836 574 3955 636 pro
3992 553 4263 620 arbitrio
4304 552 4523 629 flectit,
4560 555 4748 640 ideoque

2903 638 3242 722 pollicetur
3316 640 3495 703 Deus
3558 660 3629 704 se
3684 639 4067 704 effecturum
4091 689 4106 714 ,
4188 648 4263 703 ut
4338 639 4597 722 populus
4643 664 4745 708 suus

2901 726 3182 809 gratiam
3247 727 3419 808 apud
3485 725 3784 789 inimicos
3849 724 4181 802 inveniat,
4255 737 4434 789 certo
4500 725 4639 789 istud
4684 747 4748 795 est

2902 809 3453 889 constituendum,
3496 809 3713 874 Deum
3758 810 4049 876 effecisse
4089 810 4160 875 in
4220 810 4500 892 gratiam
4538 810 4747 890 Davidin,

2903 907 2978 960 ut
3019 895 3479 961 conciliaretur
3522 895 3649 979 ipsi
3693 915 3813 959 rex
3850 895 4314 978 Moabitarum,
4357 917 4544 978 quem
4580 899 4751 983 alioqui

2901 990 3152 1046 certum
3196 991 3297 1047 est
3338 981 3537 1048 fuisse
3581 980 3905 1047 Davidem
3964 980 4397 1065 repulsurum,
4457 982 4555 1047 vel
4597 988 4750 1069 potius

2900 1068 2969 1131 in
3052 1065 3341 1134 hostium
3418 1087 3657 1131 manus
3746 1066 4160 1132 traditurum.
4273 1064 4748 1147 Quemadmodum

2901 1152 3116 1218 solent
3192 1153 3519 1236 principes
3612 1153 3785 1236 apud
3864 1151 4029 1218 alios
4104 1152 4445 1218 hominum
4515 1159 4753 1240 sanguine

2902 1259 3215 1321 quaerere
3259 1239 3600 1318 amicitias,
3649 1238 3751 1305 vel
3794 1257 4018 1321 pacem
4066 1237 4405 1317 redimere,
4468 1253 4526 1304 et
4573 1241 4752 1307 invete-

2905 1334 3081 1388 ratas
3144 1325 3521 1390 inimicitias
3576 1343 3838 1407 ponere.
3927 1323 4041 1391 Sic
4112 1323 4407 1389 videmus
4480 1324 4756 1393 Dominum

2903 1422 3199 1474 nostrum
3245 1410 3464 1474 Iesum
3510 1407 3848 1474 Christum
3892 1409 4093 1475 fuisse
4134 1412 4204 1473 in
4250 1410 4470 1474 Pilato
4509 1412 4584 1475 ad
4611 1413 4756 1481 Hero-

2904 1494 3050 1559 dem
3110 1497 3380 1561 missum
3400 1546 3416 1573 ,
3475 1507 3543 1561 et
3600 1494 3879 1561 ludibrio
3930 1495 4075 1560 eius
4133 1499 4522 1579 expositum,
4570 1508 4636 1563 nt
4678 1500 4758 1565 sibi

2903 1580 3233 1646 Herodem
3292 1580 3536 1646 iratum
3598 1581 3855 1646 Pilatus
3907 1581 4305 1646 conciliaret.
4394 1581 4575 1648 Idem
4617 1585 4759 1668 igitur

2902 1665 3149 1732 Davidi
3195 1667 3405 1748 potuit
3444 1668 3840 1750 contingere,
3898 1668 4024 1732 nisi
4067 1666 4253 1734 Deus
4305 1668 4681 1749 providisset,
4716 1685 4761 1736 et

2901 1752 3075 1835 regis
3140 1750 3576 1817 Moabitarum
3642 1773 3752 1818 cor
3816 1753 4179 1819 inflexisset
4254 1753 4335 1818 ad
4396 1755 4760 1838 recipiendum

2904 1848 3157 1920 patrem
3199 1847 3265 1903 et
3308 1845 3584 1903 matrem
3628 1837 3922 1903 Davidis.

3070 1922 3293 1988 Verba
3365 1932 3583 1988 autem
3660 1923 3776 1987 illa
3840 1922 4117 1990 Davidis
4176 1925 4362 1991 donec
4430 1926 4613 1992 seiam
4660 1928 4765 2009 quid

2896 2009 3099 2089 faeiat
3137 2008 3297 2074 mihi
3351 2009 3556 2089 Deua,
3613 2030 3742 2073 non
3801 2009 3894 2074 sic
3949 2008 4382 2093 intelligenda
4441 2021 4589 2077 sunt
4635 2015 4761 2094 quasi

2899 2092 3119 2158 David
3164 2095 3457 2160 incertus
3504 2106 3852 2179 vagaretur
3910 2104 3980 2159 et
4033 2095 4271 2161 dubius
4314 2097 4539 2162 animi.
4603 2098 4767 2180 Neque

2899 2182 3071 2244 enim
3122 2201 3409 2262 unquam
3454 2180 3690 2245 abiecit
3732 2180 3972 2244 factam
4019 2200 4058 2245 a
4102 2180 4247 2246 Deo
4292 2181 4426 2248 sibi
4468 2185 4763 2268 promissio·

2900 2283 3120 2348 nem:‚
3156 2265 3270 2330 sed
3328 2287 3408 2330 ea
3456 2267 3664 2332 fretus
3721 2286 3950 2332 omnes
4004 2266 4430 2333 difficultates
4484 2269 4768 2351 superavit.

2900 2355 3000 2417 Ac
3045 2352 3197 2415 licet
3240 2352 3465 2416 multis
3508 2352 3811 2435 procellis
3870 2366 3937 2414 et
3993 2355 4496 2434 tempestatibus
4555 2358 4767 2438 agitauit

2903 2438 3006 2516 sit,
3052 2457 3385 2518 nunquam
3430 2448 3647 2501 tamen
3708 2438 3924 2520 potuit
3981 2437 4061 2502 ab
4118 2437 4234 2502 illo
4272 2438 4673 2506 fundamento
4703 2439 4769 2504 di·

2901 2523 3159 2596 moveri,
3206 2521 3426 2587 Deum
3472 2543 3613 2588 esse
3660 2543 3978 2589 veracem.
4070 2528 4167 2589 Ac
4225 2525 4501 2606 proinde
4555 2526 4771 2607 quande·

2899 2607 3159 2692 quidem
3195 2609 3402 2690 ipsius
3444 2606 3736 2674 bonitate
3759 2610 4045 2693 gratuita
4064 2609 4275 2674 fuerat
4298 2631 4424 2674 rex
4447 2611 4770 2694 designatus,

2900 2695 3114 2759 Deum
3158 2696 3355 2758 etiam
3400 2693 3636 2775 reipsa
3660 2695 4255 2760 demonstraturum
4297 2718 4371 2761 se
4417 2695 4770 2776 defensorem,

2900 2792 2966 2845 et
3011 2779 3268 2843 nonnisi
3316 2800 3384 2843 re
3427 2781 3714 2862 perfecta
3756 2781 4257 2864 conquieturum
4315 2781 4443 2847 sibi
4500 2783 4768 2865 persuadt

2901 2864 3343 2930 Nihilominus
3390 2877 3610 2930 tamen
3656 2866 3819 2930 haec
3876 2866 4081 2932 verba
4136 2874 4296 2932 sunt
4348 2867 4623 2933 hominis
4669 2889 4771 2933 cum

2900 2950 3206 3015 maximis
3240 2950 3731 3016 difficultatibus
3776 2952 4105 3018 luctantis.
4169 2953 4275 3017 Ex
4323 2974 4455 3035 quo
4476 2952 4607 3018 loco
4634 2952 4771 3018 disci·

2899 3057 3048 3101 mus
3114 3035 3540 3120 pugnandum
3602 3058 3744 3104 esse
3797 3037 4115 3103 adversus
4173 3058 4409 3104 sensus
4465 3049 4692 3105 nostros
4731 3048 4775 3101 et

2899 3143 3123 3188 omnes
3159 3123 3710 3206 apprehensiones
3748 3144 3951 3207 quum
3988 3123 4352 3206 affligimur
4374 3134 4444 3190 et
4464 3143 4774 3190 exercemur

2897 3228 2937 3273 a
2979 3207 3124 3273 Deo
3166 3228 3282 3291 per
3325 3209 3511 3273 varia
3551 3209 4007 3276 instrumenta.
4094 3209 4266 3274 Nam
4313 3209 4504 3276 Dens
4555 3231 4685 3277 suos
4714 3209 4776 3275 sis

2897 3304 3159 3361 exercet
3201 3293 3603 3378 plerumque,
3651 3304 3727 3359 ut
3750 3296 4050 3360 videatur
4085 3316 4192 3360 eos
4238 3296 4310 3360 in
4356 3297 4601 3360 inferos
4629 3314 4775 3376 usque

2898 3380 3283 3445 detrusurus
3303 3430 3318 3456 ,
3398 3390 3466 3445 et
3543 3380 4020 3448 calamitatibus
4098 3402 4574 3464 oppressurus:
4642 3381 4775 3446 cuius

2896 3480 3114 3531 tamen
3169 3466 3389 3546 favor,
3448 3467 3661 3550 gratia
3716 3475 3782 3532 et
3835 3474 4120 3550 potestas
4177 3478 4515 3533 momento
4573 3479 4776 3550 apparet

2897 3563 3155 3634 praeter
3198 3552 3746 3635 exspectationem
3795 3568 3857 3618 et
3900 3553 4272 3635 opinionem
4322 3567 4628 3619 nostram.
4680 3548 4773 3615 Ob-

2897 3636 3221 3703 servanda
3290 3658 3450 3703 sane
3522 3637 3687 3703 haec
3755 3637 4052 3706 doctrina
4111 3649 4243 3719 est,
4314 3638 4775 3723 quandoquidem

2898 3723 3137 3789 nostris
3195 3722 3495 3790 sensibus
3553 3724 3747 3805 plane
3805 3725 4137 3789 contraria
4191 3734 4323 3803 est,
4385 3726 4470 3790 ad
4528 3744 4696 3809 quam
4733 3735 4776 3784 et

2895 3809 3022 3874 alia
3065 3809 3332 3888 accedit,
3391 3830 3521 3891 qua
3564 3809 3927 3874 retinemur
3982 3810 4052 3876 in
4111 3812 4398 3877 summis
4458 3807 4775 3879 calamitati·

2896 3894 3014 3961 bus
3036 3903 3104 3960 et
3139 3894 3646 3972 difficultatibus,
3683 3904 3763 3960 ut
3797 3896 4108 3961 nimirum
4147 3896 4482 3980 patienter
4513 3903 4773 3979 exspecte-

2896 4000 3061 4060 mus,
3118 3980 3323 4047 donec
3364 4002 3436 4046 se
3492 3979 3676 4046 Deus
3734 3981 4056 4046 vindicem
4118 3982 4505 4064 patefaciat:
4560 4005 4629 4048 ac
4671 3981 4777 4046 lina

2897 4064 2981 4131 ad
3010 4075 3270 4150 tempus
3313 4064 3568 4131 vultum
3613 4088 3801 4132 suum
3849 4067 4145 4149 occultet,
4200 4090 4476 4153 sperare
4516 4083 4703 4133 tamen
4730 4064 4774 4128 in

2895 4152 3039 4233 ipso
3083 4172 3210 4217 non
3256 4153 3648 4231 desinamus,
3709 4169 3775 4216 et
3832 4153 4135 4234 precibus
4192 4154 4583 4221 ardentibus
4630 4151 4774 4237 ipsius

2897 4237 3212 4303 auxilium
3266 4237 3707 4321 imploremus.
3809 4238 4030 4305 Huius
4087 4240 4404 4305 scientiae
4469 4238 4771 4320 exemplum

2897 4323 3085 4389 nobis
3148 4323 3271 4389 hoc
3334 4323 3476 4388 loco
3541 4323 3921 4406 proponitur
3979 4326 4050 4389 in
4108 4325 4367 4390 Davide
4425 4324 4769 4392 imitandum.

2897 4408 3105 4475 Cuius
3149 4407 3349 4475 verba
3405 4408 3535 4488 illa,
3600 4410 3787 4474 donec
3841 4428 4164 4494 eoqnovero
4219 4414 4382 4493 quid
4442 4411 4613 4477 Dea-s·
4648 4407 4771 4478 m

2894 4493 3109 4575 faciat,
3167 4500 3491 4559 testantur
3544 4493 3740 4559 fidem
3797 4496 3934 4561 eius
3992 4509 4059 4560 et
4113 4497 4524 4579 patientiam.
4602 4494 4769 4577 Neque

2899 4580 3076 4645 enim
3116 4578 3320 4646 oculis
3361 4579 3687 4662 corporeis
3721 4588 3788 4646 et
3821 4580 4121 4647 sensibus
4153 4584 4457 4650 externis
4488 4599 4769 4668 cognosw

2900 4665 3028 4744 bat,
3087 4685 3220 4748 qua
3277 4664 3528 4730 ratione
3584 4666 3766 4731 Deus
3821 4667 3950 4749 ipsi
4020 4670 4457 4747 succurrerit,
4521 4670 4621 4752 qui
4663 4683 4765 4732 cum

2900 4750 3099 4817 tantis
3141 4750 3637 4817 difficultatibus
3679 4750 4068 4818 luctaretur:
4125 4752 4238 4820 sed
4302 4757 4569 4821 interim
4604 4752 4766 4819 animo

2898 4857 3276 4919 persuasum
3319 4835 3597 4903 habebat
3619 4837 3838 4902 Deum
3881 4859 4034 4905 suas
4062 4840 4530 4922 promissiones
4566 4836 4764 4904 taudem

2897 4920 3341 5006 impleturum,
3395 4931 3465 4987 et
3507 4921 3681 5006 quod
3741 4944 3858 5006 per
3904 4922 4121 4991 Saulis
4180 4926 4617 4994 ministerium
4667 4944 4767 5007 pro-

2897 5006 3186 5084 miserat,
3232 5008 3708 5093 perfecturum:
3753 5008 3995 5077 idcirco
4038 5011 4235 5077 etiam
4282 5012 4583 5078 videmus
4617 5008 4763 5075 Davi·

2898 5091 3047 5158 dem
3124 5114 3335 5177 neque
3399 5094 3698 5160 fortunae
3715 5145 3730 5173 ,
3823 5117 4034 5180 neque
4110 5095 4375 5164 fortuiti
4456 5117 4628 5164 casus
4688 5099 4760 5158 aut

2898 5187 3173 5246 eventus
3216 5180 3609 5260 meminisse,
3664 5181 3777 5246 sed
3821 5180 3947 5248 Dei
3999 5183 4105 5265 qui
4165 5202 4285 5265 pro
4336 5185 4648 5250 voluntate
4678 5197 4756 5244 sun
