5059 6059
307 312 417 378 409

301 500 752 570 continuerunt.
820 497 973 582 Qua
1015 498 1088 565 in
1132 521 1204 566 re
1247 500 1548 585 graviter
1581 500 1663 565 ab
1699 498 1861 584 ipsis
1896 498 2215 566 adversus

299 588 495 655 Deum
558 599 621 651 et
678 584 819 651 eius
875 586 1089 671 legem
1133 597 1468 669 peccatum
1530 596 1648 651 est.
1739 585 1961 668 Quare
2013 606 2216 668 quum

302 672 495 757 fugati
555 671 849 753 caesique
914 671 1222 737 dicuutur
1286 672 1646 753 Israelitae,
1710 672 1858 754 quis
1920 672 2217 751 miretur,

305 778 486 842 quum
528 756 721 823 huius
763 757 1082 824 adversus
1123 758 1342 823 Deum
1387 758 1821 823 contumeliae
1863 757 1959 822 rei
2004 766 2222 824 essent

300 866 416 911 non
459 851 711 908 tantum
752 841 1138 922 sacerdotes,
1183 843 1301 910 sed
1342 844 1541 910 etiam
1577 843 1935 920 Israelitae,
1982 842 2054 908 in
2087 843 2219 909 bel-

303 930 423 995 lum
478 938 785 1011 tanquam
839 930 1035 996 bruta
1075 929 1292 1013 potius
1336 930 1647 995 animalia
1690 949 1886 1012 quam
1931 927 2062 995 Dei
2105 951 2220 1013 po-

300 1015 480 1100 pulus
513 1013 820 1081 ruentes?
890 1015 1062 1080 Nam
1109 1015 1263 1082 licet
1303 1016 1812 1082 instructissima
1849 1017 2015 1080 foret
2048 1015 2222 1082 acies

301 1123 376 1167 ex
414 1100 752 1183 disciplina
807 1101 1099 1180 militari,
1143 1111 1363 1167 tamen
1407 1100 1553 1168 Deo
1594 1121 1783 1169 suam
1829 1101 2218 1185 dignitatem

297 1185 466 1253 reddi
508 1185 865 1270 oportebat,
924 1197 992 1252 et
1047 1186 1326 1271 gradum
1368 1189 1440 1252 in
1483 1188 1774 1255 exercitu
1818 1207 2216 1271 supremum.

296 1272 379 1338 At
417 1271 569 1338 dum
626 1273 941 1339 oblivioni
998 1273 1301 1352 traditur,
1360 1294 1580 1339 nonne
1637 1273 1708 1338 in
1770 1284 2220 1356 contemptum

296 1360 478 1435 venit,
527 1379 604 1425 ac
649 1358 925 1442 proinde
970 1360 1138 1424 tanti
1181 1367 1595 1443 contemptus
1637 1379 1886 1443 poenae
1929 1358 2012 1424 ab
2053 1360 2219 1443 ipsis

294 1445 509 1510 merito
549 1453 959 1528 repetuntur,
1019 1453 1087 1509 et
1128 1446 1431 1529 impietas
1475 1446 1763 1529 ipsorum
1823 1445 2219 1530 castigatur:

294 1529 445 1614 quod
508 1531 888 1613 posthabito
953 1529 1178 1597 divino
1238 1530 1484 1597 auxilio
1539 1541 1793 1597 tantum
1855 1531 1992 1598 suis
2057 1531 2218 1598 viri-

293 1617 403 1683 bus
478 1616 869 1764 tr{buerint,
963 1623 1040 1682 ut
1103 1618 1530 1701 profanorum
1606 1617 1818 1684 instar
1882 1616 1952 1682 in
2035 1638 2220 1683 arma

290 1703 523 1768 ruerint

442 1789 771 1872 Deinceps
794 1787 1106 1856 dicuntur
1129 1788 1408 1855 maiores
1433 1797 1596 1855 natu
1629 1788 1990 1873 conquesti,
2024 1809 2221 1870 quare

288 1873 451 1940 Deus
490 1874 672 1955 ipsos
713 1895 924 1943 coram
955 1874 1233 1940 hostibus
1261 1876 1711 1957 percussisset.-
1754 1895 1924 1958 quae
1966 1874 2218 1957 species

287 1960 398 2025 fuit
434 1959 1098 2027 obmurmurationis:
1142 1980 1317 2041 nam,
1363 1972 1437 2025 ut
1473 1971 1623 2026 ante
1660 1960 1965 2041 diximus,
2007 1960 2218 2026 maxi-

284 2066 416 2111 mus
467 2045 741 2112 divinae
796 2047 1160 2113 maiestatis
1219 2046 1289 2111 in
1334 2047 1455 2114 hoc
1497 2046 1739 2131 populo
1781 2055 2212 2131 contemptus.

285 2129 587 2212 Querelae
638 2133 863 2215 itaque
918 2132 1072 2198 illae
1114 2131 1402 2211 fuerunt,
1459 2143 1535 2197 ut
1590 2133 1948 2216 impiorum
2006 2132 2216 2197 homi-

285 2238 467 2295 mum,
523 2218 648 2301 qui
707 2239 941 2301 parum
996 2227 1114 2284 aut
1174 2217 1339 2282 nihil
1395 2219 1466 2283 in
1513 2220 1639 2284 Dei
1681 2218 1882 2286 verbo
1926 2217 2215 2302 profece-

282 2316 441 2384 runt,
501 2315 569 2369 et
644 2305 756 2387 qui
822 2304 907 2369 ad
970 2304 1337 2370 levissimas
1404 2305 1791 2371 afflictiones
1858 2305 1931 2369 in
1996 2306 2214 2370 Deum

278 2388 679 2472 blasphemas
723 2410 918 2457 voces
961 2398 1293 2467 evomunt,
1327 2401 1394 2455 et
1434 2390 1751 2457 adversus
1795 2391 1935 2455 eius
1978 2391 2213 2455 maies-

276 2483 459 2540 tatem
515 2476 737 2544 veluti
792 2475 1099 2542 dentibus
1155 2475 1484 2542 frendent.
1589 2476 1812 2557 Quare
1890 2476 2054 2543 hacc
2112 2478 2210 2560 ip-

272 2581 472 2626 sorum
527 2563 743 2629 verba
798 2563 894 2628 sic
953 2571 1229 2645 possunt
1282 2563 1629 2645 explicari,
1691 2562 1876 2645 quasi
1942 2562 2024 2628 de
2069 2562 2213 2628 Deo

272 2656 749 2730 conquerantur
813 2648 985 2731 quod
1050 2647 1396 2731 promissis
1461 2668 1597 2713 non
1654 2649 1940 2727 steterit,
2007 2668 2084 2715 ac
2139 2648 2212 2712 in

278 2735 528 2799 tutelam
571 2754 769 2801 suam
812 2741 1114 2818 receptos
1177 2733 1492 2799 adversus
1536 2733 1836 2799 inimicos
1880 2753 2012 2799 non
2057 2754 2210 2818 pro·

278 2820 508 2885 texerit.
596 2818 715 2885 Ita
772 2820 898 2886 sibi
943 2820 1162 2886 Deum
1218 2820 1600 2904 hypocritae
1660 2819 2037 2886 devinctum
2099 2840 2209 2886 vo·

275 2903 431 2984 lunt,
474 2913 542 2971 et
583 2905 749 2973 licet
790 2907 1035 2973 centies
1080 2905 1316 2971 millies
1361 2906 1722 2990 foedifragi,
1778 2906 1993 2971 Deum
2040 2905 2211 2971 nihi·

277 2991 539 3057 lominus
582 2991 936 3076 promissis
978 3000 1155 3059 stare
1198 2990 1450 3056 volunt.
1520 2990 1650 3058 Sed
1717 3011 1975 3075 quaeso,
2016 3012 2213 3074 quam

279 3078 522 3143 tandem
556 3076 758 3145 fracti
793 3076 1074 3144 foederis
1108 3078 1597 3144 excusationem
1622 3041 1768 3144 1500
1801 3079 1873 3143 iu
1902 3077 2213 3143 iudicium

276 3164 435 3246 ipsos
492 3172 783 3230 vocante
840 3173 905 3228 et
963 3162 1045 3230 de
1101 3163 1375 3247 perfidia
1432 3163 1726 3247 ipsorum
1770 3172 2214 3248 conquerente

279 3258 419 3315 sunt
480 3248 802 3315 allaturi?
894 3250 1106 3315 Tanta
1171 3258 1394 3315 tamen
1461 3250 1563 3316 vis
1626 3258 1727 3315 est
1790 3249 2210 3335 arrogantiae

275 3335 333 3400 in
373 3336 764 3421 hypocritis,
814 3343 890 3400 ut
933 3357 1005 3401 se
1048 3356 1089 3400 a
1130 3335 1275 3400 Deo
1318 3335 1629 3419 castigari
1671 3334 1846 3401 ferre
1890 3358 2017 3401 non
2064 3356 2212 3419 pos-

277 3423 409 3502 sint,
447 3422 562 3489 sed
621 3422 875 3488 interea
918 3420 1076 3486 dum
1120 3422 1518 3487 sacrosancti
1563 3433 1629 3486 et
1666 3422 2077 3489 inviolabiles
2103 3422 2216 3486 ha-

278 3505 397 3574 beri
440 3509 704 3589 volunt,
761 3507 884 3574 sibi
944 3527 1206 3573 omnem
1248 3506 1566 3574 adversus
1612 3507 1827 3573 Deum
1876 3507 2210 3575 licentiam

279 3595 673 3676 permittant.
761 3590 1055 3659 Tandem
1110 3593 1313 3658 etiam
1370 3594 1714 3677 agnovisse
1777 3593 2085 3660 videntur
2143 3613 2213 3659 se

276 3700 312 3746 a
350 3679 485 3747 Deo
531 3680 852 3759 desertos,
907 3687 975 3744 et
1032 3679 1256 3763 procul
1316 3679 1397 3744 ab
1440 3680 1604 3762 ipsis
1648 3679 1789 3745 eius
1832 3679 2057 3745 abesse
2100 3680 2212 3744 bo-

276 3767 567 3846 nitatem:
642 3786 719 3832 ac
779 3763 1047 3848 proinde
1106 3763 1397 3833 divinam
1452 3764 1648 3830 istam
1715 3766 2211 3849 castigationem

275 3851 586 3937 incipiunt
662 3871 1019 3937 agnoscere
1086 3851 1170 3917 ob
1233 3850 1439 3932 ipsius
1503 3860 1945 3934 contemptum
2011 3853 2083 3916 in
2141 3872 2212 3917 se

278 3937 528 4005 immitti
571 3938 663 4005 ab
707 3938 869 4020 ipso,
916 3935 1086 4020 quod
1132 3937 1379 4002 honore
1425 3936 1643 4002 debito
1687 3939 1901 4019 ipsum
1945 3938 2214 4021 spolias-

277 4035 432 4090 sent.
515 4026 633 4094 Sic
696 4024 911 4089 solent
962 4022 1334 4088 istiusmodi
1390 4022 1690 4089 homines
1740 4024 1883 4089 Deo
1943 4045 2213 4107 respon-

272 4131 443 4189 sare,
508 4123 579 4179 et
638 4128 989 4192 nunquam
1049 4119 1278 4190 sponte
1344 4129 1415 4173 se
1476 4108 1576 4174 illi
1637 4109 2027 4175 submittere
2083 4110 2213 4176 nisi

269 4215 502 4281 magna
543 4198 613 4265 vi
659 4194 745 4263 ad
788 4194 1175 4261 modestiam
1219 4202 1287 4260 et
1331 4215 1556 4260 veram
1600 4195 2039 4262 humilitatem
2076 4194 2215 4261 adi-

270 4296 524 4366 gantur.
598 4279 1067 4364 Quamobrem,
1105 4280 1475 4363 quicunque
1498 4280 1758 4347 futurus
1793 4283 1879 4347 sit
1913 4293 2212 4362 eventus,

270 4370 666 4436 concludunt
711 4386 928 4433 arcam
973 4366 1419 4432 adducendam
1466 4369 1534 4432 in
1569 4376 1806 4445 castra,
1852 4367 1981 4434 Dei
2026 4389 2212 4451 prae·

270 4457 515 4522 sentiae
597 4453 1065 4521 testimonium.
1176 4453 1443 4518 Bonum
1519 4473 1678 4518 sane
1746 4453 2091 4520 consilium
2155 4455 2213 4520 si

266 4561 446 4608 mens
490 4551 674 4608 recta
710 4539 977 4606 fuisset:
1021 4537 1135 4605 sed
1171 4539 1242 4604 in
1279 4547 1548 4605 externo
1585 4538 1880 4623 symbolo
1919 4541 2211 4621 haerent,

264 4628 443 4710 quasi
508 4629 732 4711 aliqua
799 4625 1014 4692 virtus
1074 4624 1173 4690 illi
1227 4625 1490 4704 inesset,
1554 4644 1753 4707 quam
1809 4627 1880 4691 in
1940 4647 2012 4692 re
2070 4626 2212 4710 ipsa

265 4733 581 4793 quaerere
639 4716 818 4797 ipsos
875 4712 1232 4795 oportebat.
1351 4710 1766 4776 Videbantur
1844 4713 2019 4777 enim
2089 4713 2212 4778 sibi

267 4797 481 4865 Deum
550 4800 678 4865 hac
748 4817 901 4865 arca
960 4818 1107 4863 cum
1164 4798 1312 4882 lege
1368 4796 1664 4862 clausum
1723 4799 2073 4878 continere,
2137 4818 2212 4864 ac

267 4885 536 4965 proinde
596 4885 677 4950 ab
718 4885 861 4968 ipso
904 4883 975 4947 in
1021 4893 1234 4949 castra
1276 4883 1546 4949 advecto
1589 4882 2069 4965 impetraturos,
2138 4893 2213 4950 ut

266 4969 584 5037 adversus
640 4972 937 5037 inimicos
995 4969 1130 5034 vim
1180 4990 1367 5034 suam
1414 4977 1764 5034 exsereret.
1852 4972 1946 5035 At
1987 4971 2211 5035 miseri

262 5053 474 5139 legem
518 5056 728 5139 ipsius
770 5054 1046 5141 pedibus
1088 5052 1577 5132 conculcabant,
1622 5064 1688 5119 et
1722 5054 1970 5121 cultum
2005 5055 2211 5139 ipsius

266 5161 506 5225 susque
553 5142 759 5226 deque
803 5142 1146 5208 vertebant
1188 5141 1473 5224 flagitiis,
1515 5141 2032 5220 scortationibus,
2075 5140 2212 5207 hel-

267 5225 688 5306 luationibus,
742 5228 1191 5297 sanctuarium
1235 5226 1443 5311 ipsius
1487 5226 1884 5312 polluebant,
1926 5227 2209 5313 denique

1642 311 1744 377 IN
1788 311 1844 378 1.
1890 312 2073 379 LIB.
2118 312 2522 381 SAMUEL.
2569 313 2772 380 OAP.
2816 313 2938 379 IV.

4138 311 4275 377 410

2322 501 2568 586 passim
2623 502 2924 587 impietas
2981 502 3313 586 regnabat.
3401 500 3624 580 Quare
3681 521 3882 584 quum
3924 500 4007 566 ad
4049 502 4271 568 Deum

2321 589 2726 672 confugiunt,
2787 609 3008 654 annon
3068 603 3292 671 aperte
3351 587 3775 670 conspicuum
3836 595 3939 651 est
3983 585 4065 652 ab
4108 588 4269 673 ipsis

2320 673 2511 739 illum
2572 673 2798 740 haberi
2854 673 3183 739 ludibrio?
3273 673 3502 756 Neque
3547 673 3726 737 enim
3770 682 4018 739 rectam
4061 674 4269 757 impe-

2323 759 2543 826 trandi
2600 760 2804 825 divini
2862 760 3093 825 auxilii
3150 760 3330 826 viam
3382 770 3767 842 sequuntur.
3856 760 4100 824 Arcam
4146 764 4269 825 ita·

2322 867 2448 927 que
2507 847 2737 912 volunt
2792 847 2862 910 in
2906 854 3122 911 castra
3166 846 3338 924 duci,
3394 844 3479 910 ad
3523 846 3709 912 cuius
3754 842 4111 910 adventum
4158 867 4269 912 ex-

2322 931 2595 1011 sultant,
2640 942 2708 997 et
2750 931 2995 998 crebris
3041 930 3610 998 vociferationibus
3654 930 3973 996 laetitiam
4018 939 4266 997 testan-

2322 1026 2452 1098 tur,
2519 1028 2595 1083 ut
2646 1017 2903 1085 coelum
2962 1017 3254 1101 undique
3309 1016 3702 1083 clamoribus
3759 1016 4130 1099 impleatur,
4197 1024 4266 1082 et

2323 1113 2501 1169 terra
2554 1115 2862 1187 personet
2927 1103 3193 1170 vocibus
3237 1102 3691 1168 Israelitarum
3750 1101 3876 1169 sibi
3921 1103 4265 1168 victoriam

2322 1190 2870 1272 promittentium.
2956 1189 3222 1255 Interea
3267 1189 3608 1255 Philistaei
3667 1195 4000 1253 terrentur
4055 1188 4264 1268 initio,

2320 1295 2398 1342 ac
2463 1276 2588 1341 sibi
2655 1276 2726 1340 in
2792 1275 3177 1341 memoriam
3247 1284 3535 1341 vastatas
3589 1277 3910 1359 regiones,
3974 1283 4042 1339 et
4083 1275 4263 1340 fusas

2321 1382 2673 1446 caesasque
2714 1371 2944 1447 gentes
2988 1361 3475 1444 potentissimas
3509 1361 3641 1427 Dei
3685 1381 3884 1425 manu
3927 1366 3995 1424 et
4037 1369 4263 1444 poten·

2323 1448 2434 1532 tia,
2479 1448 2561 1513 ad
2606 1447 3060 1515 Israelitarum
3103 1448 3176 1513 in
3218 1446 3365 1512 illas
3411 1456 3618 1512 terras
3660 1445 4037 1527 adventum,
4082 1467 4265 1513 revo-

2320 1543 2504 1600 cant:
2570 1534 2791 1617 itaque
2853 1534 2933 1599 de
2999 1533 3274 1598 victoria
3338 1531 3705 1617 desperant.
3796 1534 3890 1596 At
3947 1554 4078 1598 non
4135 1531 4266 1597 fuit

2321 1641 2527 1704 pavor
2569 1620 2692 1686 iste
2736 1618 3107 1702 diuturnus,
3152 1640 3307 1684 nam
3347 1619 3660 1702 paulatim
3708 1619 3986 1700 receptis
4031 1619 4269 1684 animis

2321 1726 2463 1771 sese
2507 1705 2591 1770 ad
2637 1705 2956 1789 praelium
2999 1705 3372 1783 obfirmant,
3432 1714 3501 1769 et
3544 1724 3996 1787 quemcunque
4038 1724 4264 1770 casum

2320 1792 2607 1875 experiri
2666 1801 2943 1872 tentant,
3001 1800 3070 1857 et
3125 1811 3276 1858 cum
3335 1791 3477 1873 ipsc
3518 1789 3665 1855 Deo
3710 1790 3913 1856 veluti
3959 1788 4264 1874 despera-

2319 1877 2525 1944 bundi
2567 1876 2889 1960 praelium
2934 1878 3340 1944 committere
3384 1875 3759 1941 deliberant.

2491 1965 2711 2047 Atque
2777 1963 2941 2029 haec
3007 1963 3080 2027 in
3139 1962 3512 2045 praesentia
3565 1961 3755 2027 nobis
3812 1959 4263 2045 expendenda,

2318 2048 2585 2116 caedem
2642 2059 2711 2115 et
2764 2048 3016 2115 cladem
3060 2047 3512 2113 Israelitarum
3571 2047 3643 2111 in
3700 2048 4058 2113 crastinum
4104 2046 4264 2112 dila-

2319 2136 2471 2200 turi.
2539 2135 2623 2200 In
2666 2134 2897 2218 primis
2942 2154 3099 2200 vero
3144 2133 3348 2219 digua
3380 2140 3536 2199 sunt
3569 2132 4025 2198 observatione
4061 2131 4264 2199 verba

2316 2220 2465 2286 illa:
2512 2219 2603 2286 Et
2643 2220 2838 2287 evenit
2878 2240 3077 2286 sermo
3120 2217 3438 2285 Samuelis
3479 2219 3770 2284 universo
3808 2218 4065 2302 Israeli,
4115 2218 4260 2301 qui-

2317 2307 2439 2373 bus
2496 2305 2932 2372 admonemur
2987 2307 3498 2389 quotiescunque
3541 2304 3726 2370 Deus
3769 2303 4080 2370 immissis
4124 2303 4263 2388 pla·

2316 2394 2421 2477 gis
2452 2414 2571 2458 nos
2595 2393 2928 2470 afflixerit,
2972 2391 3052 2456 ad
3098 2392 3635 2459 comminationes
3677 2389 3885 2473 ipsius
3919 2410 4084 2472 quae
4119 2390 4264 2473 lege

2316 2477 2968 2561 comprehenduntur
3028 2498 3172 2543 esse
3239 2475 3728 2556 recurrendum,
3793 2474 3963 2559 quod
4030 2483 4268 2542 natura

2317 2564 2712 2650 stupidiores
2754 2564 2961 2630 simus
3005 2562 3088 2629 ad
3132 2561 3575 2629 examinanda
3607 2571 3875 2645 peccata
3908 2571 4155 2640 nostra,
4200 2574 4267 2627 et

2316 2650 2400 2715 ad
2467 2671 2549 2716 ea
2613 2647 3003 2729 damnanda,
3075 2658 3143 2714 et
3209 2648 3293 2714 ad
3360 2648 3831 2732 poenitentiam
3900 2645 4263 2713 faciendam

2318 2735 2657 2803 tardiores.
2745 2736 2981 2818 Itaque
3024 2735 3153 2800 Dei
3196 2735 3465 2801 verbum
3512 2733 3681 2800 adiri
3725 2753 3988 2800 necesse
4033 2744 4153 2811 est,
4197 2744 4265 2799 et

2317 2822 2402 2887 ad
2464 2823 2698 2907 plagas
2758 2820 2908 2887 illas
2970 2819 3262 2904 adiungi,
3327 2841 3414 2886 ex
3478 2840 3606 2903 quo
3673 2817 4000 2886 discamus
4042 2818 4263 2884 Deum

2319 2909 2554 2974 merito
2596 2909 2666 2973 in
2714 2928 2832 2972 uos
2874 2906 3414 2983 animadvertere,
3465 2915 3539 2970 ut
3582 2904 3753 2971 serio
3797 2905 3877 2969 de
3919 2904 4264 2987 poeniten-

2316 2995 2427 3074 tia,
2472 3004 2540 3059 et
2580 2993 2652 3058 in
2688 2993 3027 3058 meliorem
3062 3000 3350 3057 mentem
3386 2990 3597 3056 reditu
3634 2992 4014 3074 cogitemus.
4058 2989 4261 3054 Nam-

2317 3101 2441 3162 que
2484 3101 2674 3146 sacra
2730 3080 3053 3161 scriptura
3116 3099 3248 3143 non
3305 3086 3561 3142 tantum
3628 3074 3813 3141 docet
3875 3075 4264 3141 afflictiones

2317 3187 2461 3232 esse
2521 3165 2787 3231 divinae
2845 3164 3172 3230 vindictae
3229 3170 3300 3228 et
3343 3161 3823 3228 maledictionis
3867 3161 4262 3241 testimonia,

2315 3251 2429 3318 sed
2474 3252 2559 3317 ad
2603 3250 2812 3334 ipsam
2858 3249 3320 3333 scaturiginem
3362 3247 3654 3326 deducit,
3699 3269 3782 3314 ex
3825 3267 3954 3330 qua
3996 3245 4262 3312 divinae

2315 3337 2498 3403 illius
2537 3337 2674 3402 irae
2719 3336 3036 3404 adversus
3070 3347 3438 3419 peccatores
3473 3354 3736 3400 causam
3774 3351 4260 3416 cognoscamus.

2316 3423 2541 3504 Quare
2597 3423 2655 3489 si
2715 3422 3179 3506 castigationes
3236 3429 3303 3485 et
3344 3427 3589 3504 poenas
3633 3418 3823 3484 nobis
3865 3440 3906 3483 a
3950 3419 4092 3482 Deo
4136 3418 4260 3482 im-

2315 3510 2548 3574 missas
2578 3508 2946 3574 fructuosas
2989 3527 3133 3572 esse
3167 3505 3486 3589 cupimus,
3530 3504 3613 3569 ad
3648 3525 3868 3569 sacras
3901 3504 4261 3586 scripturas

2314 3594 2820 3679 confugiendum
2867 3594 3167 3671 sciamus,
3212 3592 3284 3656 in
3329 3591 3562 3675 quibus
3606 3610 3727 3656 nos
3764 3588 3949 3656 velut
3990 3588 4073 3655 ad
4110 3609 4259 3674 spe-

2312 3680 2538 3747 culum
2607 3680 3144 3761 contemplemur,
3210 3684 3278 3741 et
3343 3687 3608 3761 peccata
3666 3674 3905 3759 quibus
3958 3676 4126 3741 iram
4187 3674 4258 3740 iu

2316 3787 2437 3833 nos
2491 3764 2783 3831 divinam
2838 3764 3310 3831 concitavimus
3361 3762 3446 3828 ad
3504 3783 3803 3827 normam
3848 3760 4010 3846 legis
4052 3760 4261 3845 ipsius

2314 3851 2781 3935 expendamus.
2891 3851 3061 3915 Nam
3132 3849 3370 3931 alioqui
3434 3869 3593 3914 sane
3649 3848 3949 3913 futurum
3996 3860 4113 3932 est,
4181 3857 4260 3912 ut

2313 3938 2586 4004 fortuito
2643 3935 3026 4020 contingere
3073 3935 3295 3999 omnia
3340 3934 3527 4000 nobis
3572 3933 4044 4010 existimantes,
4091 3932 4261 3997 nihil

2316 4025 2498 4090 Deus
2520 4024 2591 4088 in
2616 4022 2802 4087 nobis
2837 4017 3230 4104 castigandis
3266 4029 3677 4103 promoveat:
3714 4018 4260 4103 quemadmodum

2316 4110 2489 4195 apud
2550 4108 2793 4175 Isaiam
2847 4106 3236 4190 prophetam
3293 4106 3602 4189 conqueri
3656 4105 4018 4171 Dominum
4076 4101 4259 4170 vide-

2313 4217 2483 4274 mus,
2549 4196 2794 4261 frustra
2856 4213 3238 4276 percussum
3295 4211 3334 4256 a
3388 4212 3459 4257 se
3517 4191 3829 4276 populum
3851 4240 3868 4271 ,
3933 4188 4107 4272 quod
4173 4189 4256 4253 ad

2315 4282 2545 4367 plagas
2589 4278 2982 4346 occalluerit.
3047 4278 3256 4344 Porro
3295 4298 3497 4361 quum
3543 4276 3653 4343 hic
3697 4277 4001 4341 dicuutur
4042 4274 4255 4339 Israe-

2314 4369 2469 4434 litae
2528 4364 2863 4449 conquesti
2919 4363 3000 4429 de
3059 4384 3182 4430 sua
3230 4362 3435 4447 clade,
3502 4373 3566 4428 et
3629 4372 3857 4428 mutuo
3915 4359 4250 4442 rogitasse,

2314 4474 2517 4538 quare
2540 4452 2867 4519 Dominus
2909 4470 3130 4517 coram
3167 4449 3545 4515 Philistaeis
3587 4449 3763 4531 ipsos
3807 4446 4249 4531 percussisset,

2315 4540 2624 4606 docemur
2697 4536 3006 4602 mortales
3071 4556 3407 4618 nunquam
3478 4533 3558 4598 ad
3615 4532 3835 4600 Deum
3893 4552 4251 4614 assurgere,

2312 4629 2472 4710 quin
2531 4626 2777 4691 maiore
2835 4622 3117 4705 quadam
3177 4623 3243 4687 vi
3300 4619 3790 4705 protrahantur.
3891 4618 4080 4697 Nam,
4135 4638 4251 4681 ex-

2312 4711 2512 4795 empli
2556 4729 2769 4788 causa,
2813 4710 3007 4774 rebus
3049 4708 3378 4790 prosperis
3400 4706 3739 4772 Israelitae
3783 4704 3863 4768 de
3892 4702 4035 4767 Deo
4080 4723 4248 4767 nun·

2311 4818 2503 4882 quam
2551 4797 2720 4862 serio
2761 4793 3159 4879 cogitarunt,
3219 4812 3433 4877 neque
3488 4812 3627 4856 sese
3676 4789 4001 4855 mandatis
4045 4788 4250 4871 ipsius

2311 4882 2631 4968 regendos
2675 4880 3128 4965 permiserunt.
3216 4875 3781 4960 Quemadmodum
3834 4875 4010 4939 enim
4048 4874 4253 4939 ebrio-

2312 4991 2443 5047 sus,
2502 4969 2658 5036 vino
2718 4965 3015 5048 sepultus
3063 4985 3182 5049 per
3224 4962 3793 5046 intemperantiam
3840 4957 3920 5024 de
3962 4960 4248 5025 crastino

2311 5077 2443 5122 non
2504 5055 2768 5138 cogitat,
2835 5052 3077 5118 bonum
3136 5071 3177 5115 a
3233 5050 3405 5115 malo
3466 5070 3600 5112 non
3645 5045 3977 5126 discernit,
4035 5066 4249 5129 neque

2312 5142 2529 5209 cibum
2587 5161 2627 5206 a
2669 5147 2860 5224 potu:
2920 5137 3015 5205 sic
3071 5137 3286 5203 solent
3338 5132 3639 5200 homiues
3697 5131 3890 5197 rebus
3947 5131 4250 5199 secundis

2311 5227 2645 5308 inebriari,
2710 5234 2788 5292 ut
2828 5223 2954 5290 Dei
3013 5242 3238 5289 curam
3304 5229 3371 5286 et
3435 5219 3922 5285 venerationem
3987 5238 4248 5285 omnem
