5059 6059
286 244 410 310 581

1545 244 1643 309 IN
1692 245 1745 312 1.
1793 243 1974 310 LIB.
2019 243 2425 314 smum..
2468 244 2678 313 OAP.
2724 245 2990 312 XXVI.

4160 252 4297 322 582

456 432 701 499 Adiicit
744 430 983 511 David,
1040 431 1250 499 Deum
1305 433 1471 499 eaor
1518 453 1620 499 eos
1677 453 1815 499 esee
1869 434 1985 515 qui
2030 434 2230 499 vitan
2336 439 2688 515 tantusque
2747 440 2974 516 stupor
3016 440 3098 499 ut
3136 435 3460 502 simillimi
3497 437 3639 504 dat
3675 438 3930 521 usi-is,
3961 440 4078 524 qui
4119 462 4294 509 num

290 519 491 601 ipsius
553 523 930 585 miani.-
995 518 1236 600 quibus
1303 519 1521 584 verbis
1588 538 1721 583 neu
1790 519 1946 584 facit
2011 517 2227 585 Deum

290 604 527 669 socium
586 624 810 671 eorum
867 604 976 686 qui
1037 624 1298 669 causam
1355 604 1561 688 ipsius
1631 603 2048 684 tutabantur,
2110 605 2230 671 sed

290 689 566 755 ostendit
622 710 694 755 se
747 689 814 754 in
863 688 986 754 Dei
1048 689 1293 755 auxilio
1346 689 1827 773 conquiescere,
1882 689 2041 756 lieet
2098 711 2229 757 non

290 775 484 859 possit
542 796 701 842 oum·
751 777 975 858 paucis
1041 775 1182 840 suis
1245 776 1561 841 militibus
1625 775 1941 842 adversus
2004 774 2228 842 Saulis

288 862 645 927 exercitum
692 861 1017 946 praeliari.
1109 859 1411 943 Denique
1454 860 1774 945 quaedam
1820 869 1922 926 est
1964 872 2226 927 eontra-

285 949 532 1012 riorum
575 949 926 1030 oppositio:
971 949 1157 1029 quasi
1202 946 1397 1024 dicat,
1442 966 1513 1012 se
1556 946 1710 1013 licet
1743 948 1813 1011 in
1853 947 2227 1014 bominibus

288 1054 414 1097 non
474 1033 771 1099 inveniat
824 1032 1165 1113 auxilium,
1221 1032 1337 1113 sed
1386 1052 1425 1096 a
1472 1031 1693 1098 Saulis
1749 1033 2048 1115 partibus
2098 1042 2228 1099 stet

287 1120 629 1183 universus
688 1117 1003 1200 populus,
1073 1118 1311 1183 fretum
1379 1127 1603 1183 tamen
1676 1139 1817 1184 esse
1878 1117 2051 1183 bona
2107 1140 2228 1184 sua

280 1203 697 1271 conscientia.
757 1202 935 1284 Quid
972 1203 1110 1269 ita?
1169 1202 1364 1284 Quod
1409 1225 1451 1269 a
1492 1205 1630 1270 suis
1671 1205 1963 1287 partibus
2002 1203 2227 1270 Deum

282 1299 456 1354 stare
498 1310 885 1374 persuasum
933 1290 1192 1355 habeat.
1235 1288 1385 1354 Non
1430 1290 1638 1374 igitur
1670 1291 1737 1354 in
1772 1300 2227 1356 ereaturarum

278 1395 554 1441 numero
602 1375 813 1441 Deum
871 1376 1153 1458 reponit,
1211 1373 1327 1440 sed
1386 1375 1525 1441 sola
1576 1375 1757 1440 illius
1816 1377 2111 1457 potentia
2148 1396 2224 1441 ss

275 1461 516 1526 fretum
563 1481 707 1527 esse
751 1459 1054 1527 ostendit.
1134 1458 1417 1526 Davidis
1458 1462 1662 1543 igitur
1700 1461 2087 1545 exemplum
2126 1463 2223 1527 sio

280 1545 632 1623 imitemur,
693 1553 767 1612 ut
807 1547 1034 1612 multis
1079 1546 1313 1630 agitati
1358 1547 1667 1629 periculis
1710 1547 1925 1612 Deum
1972 1556 2221 1613 statua-

278 1653 423 1697 mus
464 1641 818 1715 patronum
864 1633 1217 1699 nobisesse
1257 1631 1327 1695 in
1352 1632 1580 1698 eoeiis:
1630 1631 1903 1715 ideoque
1933 1631 2225 1698 laeta-di

276 1717 463 1784 nobis
493 1717 780 1784 oblatam
824 1718 1167 1783 materiam
1204 1717 1510 1796 sciamus,
1554 1719 1826 1801 eiusque
1864 1719 2222 1801 patrocinio

274 1804 567 1870 contenti
622 1805 861 1868 simus:
930 1825 1006 1870 ao
1078 1803 1382 1870 omnibus
1448 1802 1758 1870 audacter
1827 1804 2221 1871 insultemus

274 1888 559 1954 hostium
605 1890 1100 1968 munitionibus,
1162 1888 1429 1969 viribus,
1485 1890 1732 1956 bellicis
1772 1891 2221 1974 apparatibus,

274 1974 471 2058 copiis
520 1974 873 2041 adversum
931 1996 1055 2041 nos
1104 1974 1663 2057 conspirantibus,
1738 1975 1933 2040 modo
1998 1976 2221 2041 anime

273 2068 593 2126 statutum
638 2058 808 2125 illud
854 2061 1230 2135 habeamus,
1275 2059 1495 2126 Deum
1541 2062 1717 2126 inter
1760 2081 1872 2127 eos
1914 2083 2057 2127 esse
2100 2061 2221 2145 qui

275 2165 533 2212 cansam
579 2157 870 2212 nostram
917 2148 1090 2212 tueri
1136 2145 1391 2212 volunt.
1475 2146 1647 2212 Nam
1690 2168 1853 2212 sane
1890 2147 1948 2211 si
1998 2158 2220 2230 partes

274 2243 528 2297 nostras
594 2232 781 2298 Deus
849 2239 1148 2312 tueatur,
1227 2251 1298 2295 se
1361 2232 1779 2298 inimieorum
1839 2242 2219 2299 nostrorum

270 2315 521 2383 hostem
570 2318 998 2400 profitebitur,
1045 2338 1363 2400 suamque
1408 2318 1719 2383 virt-utem
1753 2324 1822 2384 et
1854 2318 2219 2402 potentiam

270 2402 337 2467 in
378 2402 674 2485 ipsorum
726 2402 1082 2486 perniciem
1142 2412 1209 2469 et
1259 2404 1569 2468 ultimum
1612 2404 1893 2468 exitium
1938 2415 2216 2483 exseret,

269 2507 469 2569 quum
525 2489 819 2555 mxime.
871 2510 1015 2555 sese
1074 2491 1293 2554 furore
1348 2489 1729 2555 extulerint.
1817 2489 2217 2555 Nostrarum

270 2572 468 2656 igitur
510 2575 942 2640 afflictionum
985 2575 1279 2641 omnium
1314 2576 1568 2640 exitum
1609 2575 1852 2640 bonum
1898 2576 2039 2640 flore
2069 2596 2219 2649 eon-

269 2658 570 2740 fidamus,
624 2671 702 2725 ut
745 2682 1004 2744 semper
1051 2680 1202 2726 vere
1248 2661 1464 2726 dicere
1510 2661 1854 2744 possimus,
1916 2659 2132 2726 Deum
2176 2683 2221 2726 a

271 2746 505 2810 nostris
529 2754 711 2812 stare
734 2747 1047 2829 partibus,
1090 2758 1514 2828 nostramque
1536 2747 1815 2812 salutem
1842 2766 2214 2828 procurare.

270 2828 481 2910 Quam
530 2834 902 2897 necessaria
955 2834 1043 2898 sit
1104 2830 1294 2897 hodie
1340 2832 1531 2897 nobis
1569 2832 1869 2897 doctrina
1912 2833 2075 2899 haee
2120 2831 2217 2898 di-

268 2936 411 2981 cere
447 2916 615 2981 nihil
652 2918 922 2983 attinet:
969 2938 1171 3001 quum
1190 2920 1352 2983 satis
1390 2927 1702 3001 appareat
1735 2938 1933 3001 quam
1981 2919 2217 2985 misera

268 3000 351 3066 sit
395 3001 591 3067 bodie
652 3002 851 3069 facies
905 3013 973 3069 et
1029 3004 1317 3071 conditio
1376 3004 1720 3070 ecelesiae:
1779 3002 2054 3087 ideoque
2100 3022 2218 3070 nos

268 3087 320 3152 si
365 3086 688 3154 hactenus
729 3089 1203 3156 caecutivimus
1245 3098 1362 3156 aut
1384 3088 1884 3154 dormitavimus
1918 3099 2220 3172 oporteat

266 3174 558 3239 exeitari.
633 3171 815 3240 Sans
858 3196 1206 3258 possumus
1246 3174 1516 3258 quidem
1558 3184 1981 3240 contemnere
2024 3175 2216 3257 quid-

267 3257 419 3340 quid
478 3258 834 3327 adversum
896 3282 1015 3327 nos
1061 3260 1355 3326 diabolus
1400 3260 1725 3336 moliatur,
1786 3261 1911 3327 hae
1974 3260 2217 3328 fiducia

265 3343 428 3420 freti,
484 3345 709 3410 Deum
767 3367 911 3412 esse
970 3360 1268 3413 nostrum
1310 3346 1746 3424 defensorem,
1807 3360 1873 3411 et
1911 3346 2036 3411 sub
2077 3347 2217 3412 ala·

268 3449 408 3494 rum
455 3450 730 3497 suarum
792 3433 1025 3497 umbra
1084 3442 1327 3516 tegere.
1402 3430 1535 3499 Sed
1596 3432 1797 3517 longo
1857 3433 2215 3499 intervallo

266 3512 585 3581 dissident
632 3515 792 3583 fides
837 3531 903 3582 et
948 3518 1369 3602 negligentia.
1419 3517 1593 3583 Nam
1628 3519 1686 3583 si
1722 3515 2065 3585 credentes
2091 3539 2217 3586 nos

268 3618 305 3663 a
344 3598 489 3666 Deo
536 3603 990 3686 protegendos,
1052 3604 1317 3669 interim
1364 3603 1777 3669 desideamus
1817 3612 1891 3668 et
1933 3604 2221 3687 pei-inula

268 3705 397 3751 non
442 3698 816 3754 metuamus
875 3710 1005 3771 quo
1067 3699 1247 3754 metu
1305 3688 1586 3771 persulsi
1646 3697 2061 3771 peccatorum
2107 3711 2221 3755 ve-

267 3771 439 3836 niam
484 3773 930 3857 deprecemur,
976 3787 1047 3841 et
1074 3775 1217 3841 eius
1263 3775 1779 3842 misericordiam
1811 3775 2219 3854 invocemus,

266 3868 513 3923 sertum
566 3870 671 3924 est
729 3860 999 3943 perinde
1059 3880 1361 3944 peceare,
1418 3883 1494 3926 ac
1538 3861 1594 3925 si
1640 3860 1869 3944 procul
1914 3862 2133 3943 ipsum
2176 3880 2219 3928 a

265 3942 451 4010 nobis
506 3945 960 4022 reiiceremus,
1021 3958 1091 4012 et
1146 3946 1228 4012 ad
1287 3967 1405 4013 nos
1462 3968 1596 4012 non
1655 3945 1988 4028 pertinere
2042 3966 2217 4029 quae

266 4048 333 4091 se
373 4029 837 4096 invocantibus
893 4039 997 4096 est
1053 4032 1383 4115 pollicitus
1446 4053 1519 4097 re
1580 4033 1727 4115 ipsa
1776 4030 2212 4097 ostendimus.

266 4109 515 4180 Oculus
572 4117 748 4180 enim
795 4117 1071 4182 Domini
1128 4139 1329 4200 supet
1385 4118 1590 4182 iustos
1637 4138 1779 4183 esse
1824 4115 2085 4197 dicitur,
2146 4126 2215 4183 et

266 4200 443 4265 auris
494 4202 701 4285 ipsius
761 4204 1063 4285 proxima
1128 4209 1347 4285 ipsum
1414 4202 1895 4269 invocantibus.
1984 4202 2213 4283 Quare

263 4281 415 4349 licet
468 4286 693 4351 hostes
739 4289 943 4352 nostri
997 4287 1278 4371 improbi
1338 4290 1473 4355 sint
1515 4298 1584 4353 et
1626 4289 1878 4365 iniusti,
1942 4308 2213 4354 eausam

264 4376 482 4436 tamen
532 4382 825 4438 nostram
884 4394 1026 4440 esse
1071 4375 1334 4458 iustam,
1394 4373 1665 4457 Deoque
1722 4373 1904 4439 illam
1949 4373 2211 4457 probari

264 4475 345 4519 ne
402 4456 797 4537 dubitemus,
860 4460 1050 4524 modo
1111 4459 1409 4542 precibus
1467 4459 1548 4525 ad
1610 4461 1826 4543 ipsum
1871 4458 2210 4542 confugia·

266 4560 441 4607 mus:
487 4544 815 4625 siquidem
861 4566 994 4610 non
1038 4547 1200 4611 satis
1243 4558 1344 4611 est
1386 4544 1649 4612 oculum
1695 4545 1963 4609 Domini
2008 4564 2211 4627 supra

267 4645 382 4692 nos
438 4648 617 4695 esse:
682 4629 799 4693 sed
855 4631 998 4695 eius
1055 4631 1256 4696 etiam
1316 4651 1542 4695 aurem
1612 4631 1855 4696 nostris
1910 4631 2212 4714 precibus

266 4718 585 4781 attentam
630 4736 774 4780 esse
821 4736 1085 4783 neeesse
1128 4725 1259 4782 est:
1308 4715 1583 4799 ideoque
1620 4715 1838 4782 David
1887 4738 2111 4799 preces
2144 4722 2214 4780 et

266 4799 590 4864 orationes
631 4821 785 4865 suas
828 4802 1166 4887 coniungit
1210 4823 1365 4867 cum
1402 4802 1549 4880 fide,
1594 4809 1909 4885 tanquam
1950 4803 2208 4885 insepa-

265 4881 518 4952 rabiles.
613 4886 880 4952 Preeari
924 4900 1145 4953 autem
1199 4887 1509 4953 ardenter
1553 4897 1619 4952 et
1662 4907 1749 4954 ex
1806 4889 2027 4953 animo
2076 4908 2208 4952 non

264 4986 625 5049 possumus,
673 4984 858 5038 tanta
900 4983 998 5039 est
1044 4973 1386 5038 bominum
1421 4972 1719 5039 socordia
1760 4985 1831 5038 et
1873 4973 2208 5057 segnities,

2334 522 3441 689 ἓὲἓωωὲῗὲοζῗίῗέωωῖωῗὲῗ
3469 534 4296 680 3ῗῖζῖῗὲἒῖἓέ

2336 698 2651 766 tueretur,
2692 690 3029 774 nostrique
3065 692 3514 759 misereretur:
3553 714 3630 760 ac
3667 695 3942 777 proinde
3980 698 4052 762 in
4072 697 4293 764 Deum

2332 775 2783 858 respiciamus,
2841 776 3116 859 eiusque
3171 779 3418 844 tut-she
3475 798 3598 846 uos
3637 780 3999 864 tradamus,
4058 798 4296 851 causae

2330 874 2602 925 nostae
2660 861 2980 928 iustitimn
3027 863 3172 929 sine
3229 863 3457 929 fmude
3516 874 3584 929 et
3639 866 4063 934 simulatione
4115 890 4297 936 eom·-

2334 944 2698 1012 mittamus.
2798 947 2889 1011 Et
2943 947 3001 1013 si
3057 947 3224 1015 ferte
3281 950 3471 1015 nobis
3527 950 3718 1016 Deus
3777 951 3995 1018 medis
4056 953 4295 1037 quibus

2333 1030 2644 1096 iniuriam
2691 1031 3148 1115 propulsemus
3192 1033 3392 1115 dedit,
3433 1057 3518 1100 ae
3557 1036 3793 1102 iisdem
3837 1037 4297 1121 gtoriemurst

2332 1117 2726 1201 efferamur,
2785 1118 2960 1183 ultra
3016 1118 3285 1184 modum
3341 1121 3589 1204 aliquid
3653 1143 3738 1187 ex
3801 1124 3986 1190 uobis
4029 1125 4292 1192 ausuri:

2334 1223 2505 1270 neve
2563 1203 2648 1267 iis
2707 1202 3120 1271 confidamus
3171 1214 3248 1270 et
3298 1205 3684 1286 innitamur,
3743 1228 3834 1274 ne
3891 1208 4020 1274 Dei
4065 1220 4296 1293 poten·

2333 1287 2493 1353 tiam
2531 1309 2573 1354 a
2596 1289 2782 1355 nobis
2828 1290 3114 1370 reiicere,
3153 1299 3223 1356 et
3265 1300 3574 1373 paratum
3598 1293 3924 1358 auxilinm
3961 1294 4297 1379 despieers

2334 1372 2698 1440 videamur.
2742 1374 2912 1439 Nam
2959 1375 3102 1441 sela
3140 1376 3266 1442 Dei
3301 1377 3750 1444 misericordia
3785 1380 4136 1446 nitendum
4175 1390 4296 1461 est,

2329 1458 2702 1542 fiduciaque
2765 1460 3028 1525 divinae
3096 1461 3409 1528 bonitatis
3471 1474 3544 1528 et
3617 1465 4170 1546 promissionum:
4231 1477 4300 1532 st

2328 1544 2698 1610 cavendum
2743 1567 2830 1610 ne
2863 1546 2932 1610 in
2969 1546 3353 1613 hominibus
3389 1558 3455 1612 et
3491 1548 3747 1615 viribus
3793 1550 3947 1616 ullis
3984 1550 4297 1618 humanis

2329 1631 2841 1713 acquiescemus,
2887 1630 3056 1712 quod
3101 1632 3268 1699 nibil
3313 1634 3443 1700 sisi
3485 1634 3716 1700 fumus
3747 1636 4080 1703 etumbes
4117 1645 4295 1704 sunt.

2329 1713 2555 1796 Quare
2599 1717 2654 1781 si
2702 1737 2832 1800 qua
2873 1716 3058 1783 Deus
3116 1717 3333 1784 media
3378 1717 3656 1798 dederit,
3717 1721 3952 1787 eaden
4019 1723 4101 1788 ab
4149 1725 4296 1806 ipss

2328 1800 2650 1867 fortunari
2712 1802 3135 1885 postulemus.
3222 1804 3510 1870 Interim
3574 1827 3730 1872 vero
3793 1806 3952 1872 lieet
4005 1809 4296 1874 salntem

2331 1897 2623 1952 nostram
2675 1888 2876 1952 veluti
2922 1891 3142 1970 procul
3179 1889 3579 1975 intueamur,
3621 1900 3694 1957 et
3731 1891 3954 1958 hostes
3990 1894 4297 1960 omnibu

2327 1972 2523 2038 rebus
2583 1974 2970 2039 necessariis
3021 1975 3246 2057 copiis,
3289 1978 3520 2053 armis,
3578 1978 4088 2059 munitionibus,
4136 2000 4299 2046 esu·

2327 2059 2491 2124 siliis
2528 2059 3021 2125 instructissimi
3067 2061 3621 2140 noeadoriantur,
3667 2083 3754 2128 ne
3797 2072 4150 2147 propterea
4185 2065 4299 2131 de-

2324 2144 2727 2226 spondentes
2771 2147 3067 2211 ssimum
3109 2149 3296 2229 quasi
3338 2148 3760 2214 conclamata
3800 2149 4018 2215 salute
4065 2149 4298 2234 despe-

2326 2249 2567 2295 remus.
2651 2229 2823 2295 Nam
2865 2251 2995 2313 quo
3041 2234 3530 2316 amantiores
3574 2244 3748 2312 unt,
3791 2244 3861 2301 et
3906 2254 4039 2318 quo
4084 2237 4298 2322 magis

2323 2315 2709 2392 efferuntur,
2754 2329 3007 2381 certum
3044 2328 3144 2383 est
3179 2319 3355 2400 ipsos
3375 2340 3522 2385 esse
3555 2320 3768 2385 exitio
3813 2340 3935 2386 suo
3972 2324 4299 2404 proquin-

2325 2403 2605 2484 quiores,
2655 2401 2782 2467 Dei
2825 2402 3004 2485 ipsos
3042 2414 3440 2470 excaecante
3484 2406 3659 2470 iusto
3704 2406 3976 2472 iudicio.

2497 2486 2942 2567 Quamobrem
2979 2509 3184 2571 quum
3225 2490 3418 2555 hodie
3453 2490 3907 2573 improborum
3951 2492 4297 2558 hominum

2324 2584 2392 2637 et
2414 2573 2728 2640 ecelesiae
2766 2574 3252 2640 coniuratorum
3294 2575 3586 2641 hostium
3624 2597 3820 2643 voees
3857 2576 4297 2661 blasphemas,

2324 2668 2616 2734 conatus,
2662 2659 2952 2737 consilia,
3008 2661 3224 2727 mim
3265 2661 3594 2738 audimus,
3653 2661 3784 2727 Dei
3832 2664 4183 2729 veritatem
4228 2673 4299 2729 et

2324 2744 2668 2811 eeclesiam
2691 2744 2950 2811 abolere
2972 2756 3042 2810 et
3076 2747 3507 2828 pessumdare
3549 2749 3962 2832 conantium,
4009 2751 4297 2815 sciamus

2324 2850 2475 2895 cam
2521 2828 2660 2905 illis
2713 2831 3172 2908 constiturum,
3240 2852 3470 2898 omnes
3528 2832 3831 2916 ipsorum
3892 2848 4169 2900 conatus
4228 2835 4296 2899 is

2327 2916 2579 2981 famum
2627 2914 2938 2996 abituros,
2997 2916 3128 2982 etsi
3181 2917 3348 2982 nihil
3405 2917 3541 2983 nisi
3603 2917 3888 2983 fulmina
3931 2928 4002 2983 st

2325 3009 2530 3067 states
2554 3002 2922 3067 minentur:
2975 3001 3322 3085 Deumque
3360 3002 3754 3086 praecipites
3788 3004 3946 3069 ilios
3961 3002 4295 3084 daturum,

2368 3108 2484 3153 uos
2527 3087 2599 3152 in
2643 3107 2834 3153 emm
2868 3088 3164 3171 ipsorum
3201 3088 3652 3154 confusionem
3691 3089 3946 3154 arma-i
3975 3092 4296 3172 per-isit.

2324 3109 2610 3256 ‘ideoque
2655 3173 2808 3239 lieet
2853 3175 2924 3238 in
2978 3175 3289 3239 maximis
3329 3174 3660 3258 angustiis
3713 3175 4059 3241 constitisti
4101 3174 4299 3242 debe»

2324 3279 2474 3325 mus
2515 3258 2774 3324 animos
2832 3279 3113 3339 sumere,
3176 3270 3246 3326 et
3301 3258 3791 3325 ardentioribus
3849 3261 4025 3327 votis
4071 3260 4296 3327 Deum

2323 3346 2652 3418 invocate,
2709 3345 2886 3428 apud
2947 3346 3164 3427 ipsum
3226 3346 3528 3427 querelas
3584 3344 4052 3411 effundentem·
4100 3347 4298 3413 Eheu

2322 3430 2612 3497 Domine
2653 3429 2860 3507 Deus,
2915 3431 2961 3495 ii
3022 3450 3187 3514 quos
3228 3429 3455 3496 fideles
3512 3440 3909 3514 oportuerat
3949 3451 4097 3497 esse
4142 3439 4297 3497 tuae

2324 3516 2688 3580 maiestatis
2734 3517 3037 3593 cantores,
3097 3515 3275 3583 idem
3337 3516 3684 3583 nobiseum
3747 3515 4297 3583 Christianorum

2324 3603 3025 3770 &sffiffssffffiff
3040 3611 3861 3772 ammam&
3905 3611 4299 3771 affin

2324 3771 2586 3838 abolere
2631 3773 2977 3838 nituntur:
3021 3771 3439 3856 quamobrem
3491 3783 3566 3838 tu
3607 3772 3724 3855 qui
3771 3775 3946 3840 nosti
3997 3776 4294 3858 ipserum

2324 3858 2609 3939 flandae,
2645 3859 2917 3925 consilia
2937 3871 3002 3923 et
3027 3873 3319 3937 conatus,
3355 3859 3554 3924 rebus
3585 3859 3856 3925 incertis
3884 3860 4292 3941 nossdiuva,

2324 3943 2598 4010 miseros
2623 3955 2768 4009 tuos
2791 3945 3060 4027 respice,
3107 3954 3175 4009 st
3199 3964 3318 4026 pro
3357 3955 3475 4009 tua
3497 3945 3956 4011 misericordia
3977 3946 4293 4011 subleva:

2321 4042 2391 4096 et
2436 4030 2617 4095 unici
2674 4030 2790 4095 filii
2854 4031 2948 4095 tui
3002 4040 3497 4094 sacrosanctum
3557 4051 3801 4095 nomeu
3865 4030 4292 4113 profanantes

2320 4125 2389 4182 et
2422 4114 2699 4197 pedibus
2733 4114 3064 4183 calcantes
3086 4115 3404 4198 opprime,
3449 4136 3700 4199 nosque
3744 4137 3785 4181 a
3815 4114 4052 4179 salutis
4099 4117 4293 4182 unies

2320 4222 2437 4286 spe
2482 4199 2820 4266 dimovere
2865 4201 3158 4266 nitentes
3203 4199 3402 4282 perde
3447 4209 3518 4265 et
3555 4199 3964 4266 inultimum
3999 4201 4290 4266 exitium

2321 4289 2529 4369 mitte,
2574 4307 2800 4370 preses
2847 4293 3107 4352 nostras
3153 4286 3437 4370 benigne
3481 4286 3670 4352 Deus
3729 4284 4026 4364 admitte,
4084 4286 4288 4353 eorda

2319 4380 2547 4438 nostra
2593 4373 2664 4436 in
2689 4376 2788 4438 tui
2827 4374 3059 4438 timore
3095 4381 3166 4437 et
3199 4372 3577 4439 obedientia
3613 4369 3870 4451 robora,
3917 4390 4048 4454 quo
4087 4371 4290 4438 nullis

2316 4456 2807 4541 impedimentis
2825 4477 3184 4524 avocemur
3216 4458 3301 4523 ab
3339 4455 3709 4523 invocando
3754 4466 3824 4520 et
3860 4455 4288 4540 glorificando

2318 4554 2429 4609 tuo
2474 4545 2743 4610 nomine
2785 4543 3104 4627 quamdiu
3148 4545 3293 4609 vita
3336 4552 3674 4627 superstes
3731 4543 3879 4620 erit,
3940 4550 4010 4608 tu
4071 4543 4289 4625 propi·-

2318 4630 2450 4694 tius
2505 4638 2647 4693 esto
2703 4650 2943 4695 nomen
3003 4639 3192 4694 tuum
3247 4628 3748 4704 invocantibus,
3819 4641 3888 4692 et
3962 4627 4286 4694 auxilium

2316 4724 2692 4798 opportuno
2751 4725 3044 4797 tempore
3089 4716 3275 4780 ferto.
3365 4714 3469 4777 En
3520 4712 3760 4795 quibus
3815 4715 3990 4778 votis
4047 4714 4284 4779 confir·-

2316 4802 2483 4865 mari
2548 4820 2673 4899 nos
2725 4812 3021 4899 oportet,
3097 4799 3422 4882 fidemque
3496 4809 3793 4899 nostram
3861 4799 4155 4864 roborari
4213 4806 4285 4864 st

2316 4882 4288 5054 ἔέ’ἓέηὲἶάῗὶρέῗηἴηᾚῖῖαὲζῖιῖῗῷἓῖἷὲἳέῗᾳὲἕῗςῗὲ

267 5053 389 5118 nisi
411 5057 853 5138 periculorum
881 5059 1260 5142 urg-entium
1282 5066 1462 5123 metu
1486 5059 1929 5125 sollicitemur.
1957 5058 2209 5138 Quam·
2313 5055 2752 5125 dubitandum
2799 5068 2904 5123 est
2946 5057 3102 5139 quin
3151 5056 3340 5122 Dens
3379 5062 3873 5134 excaecaverit,
3931 5064 4011 5119 ut
4031 5053 4293 5149 adver-

266 5136 491 5206 obrem
537 5163 737 5224 quum
784 5163 864 5209 ea
904 5144 996 5209 sit
1052 5144 1401 5208 hominum
1441 5145 1756 5228 segnities
1797 5154 1865 5210 et
1908 5144 2213 5223 tarditas,
2314 5166 2427 5211 sus
2487 5145 2666 5227 ipsos
2720 5142 3079 5216 vindictam
3125 5149 3393 5207 exserat
3439 5142 3765 5225 omnibug
3823 5146 4132 5232 penum
4182 5155 4306 5216 <1¹2¹-

3794 5244 3905 5319 3'2‘
