5059 6059
982 428 1481 511 HOMILIA
1528 432 1615 512 C.

495 596 597 661 13.
641 595 955 678 Dixitque
998 598 1060 662 ei
1106 596 1279 663 Ra.-
1325 599 1482 666 Noli
1522 602 1761 681 timere,
1805 603 1961 686 quid
2000 602 2273 670 vidisti?

316 680 407 745 R
460 683 557 747 ait
612 682 842 747 mulier
893 682 980 745 ad
1040 681 1239 749 Saul.-
1296 683 1470 753 Deos
1525 688 1662 753 vidi
1718 689 2154 756 adscendentes
2195 688 2273 752 de

314 772 510 833 tenu.
574 768 676 833 14.
723 767 1035 848 Dixitqae
1075 771 1169 834 ei.-
1211 770 1437 852 Qualis
1478 777 1567 838 est
1605 774 1819 855 foma
1859 774 2050 840 eius?
2097 776 2272 857 Quae

310 853 439 917 ait.-
498 852 615 917 Vio-
664 873 856 919 senex
896 854 1237 935 adscendit,
1294 862 1351 921 et
1389 858 1527 939 ipse
1581 860 1850 926 amictus
1903 865 1992 926 est
2037 861 2264 940 pallio.

316 937 406 1003 Et
462 939 767 1005 mama
828 938 1012 1016 Saul,
1070 943 1236 1023 quod
1296 942 1552 1009 Samuel
1608 951 1788 1025 esset,
1837 951 1893 1010 et
1935 945 2269 1012 inclinavit

310 1043 379 1089 se
418 1043 613 1108 super
650 1026 882 1106 faeiem
924 1045 1111 1090 suam
1152 1027 1226 1092 in
1265 1033 1459 1108 terra,
1503 1036 1560 1094 et
1590 1031 1900 1097 adoravit.
1950 1032 2053 1097 15.
2076 1031 2270 1096 Dixit

284 1115 523 1175 -autem
569 1110 824 1176 Samuel
868 1109 1095 1176 Sauli:
1147 1114 1356 1194 Quare
1397 1117 1781 1182 commovisti
1815 1137 1928 1192 me,
1963 1115 2268 1183 evocando

311 1196 455 1259 me?
500 1196 625 1261 Oui
680 1197 847 1261 dixit
908 1194 1103 1261 Saul.-
1158 1198 1482 1282 Anyustia
1522 1206 1611 1265 est
1652 1201 2054 1283 ntihivalde,
2113 1220 2264 1267 naon

312 1280 655 1347 Philistaei
696 1281 922 1348 bellum
965 1290 1189 1365 ‚oerum
1245 1290 1460 1350 contra
1501 1306 1620 1366 me,
1680 1286 1862 1353 Deus
1913 1294 2127 1353 autem
2168 1307 2265 1353 re-

310 1369 493 1433 cessit
532 1388 713 1441 ame,
751 1388 859 1433 nec
901 1387 998 1432 me
1024 1369 1211 1434 audit
1250 1371 1550 1452 amplius,
1591 1374 1725 1437 sive
1750 1392 1870 1454 per
1906 1374 2262 1457 prophetas,

306 1454 441 1517 sive
476 1473 596 1533 per
651 1455 920 1535 somnia,
978 1460 1363 1539 quapropter
1416 1458 1761 1524 inclamavi
1804 1464 1876 1542 te,
1933 1466 2007 1524 ut
2046 1461 2265 1525 doceas

306 1537 463 1619 quid
504 1541 631 1603 sim
649 1539 959 1619 facturas.
1010 1539 1114 1605 16.
1139 1541 1228 1606 Et
1262 1543 1361 1607 ait
1389 1542 1655 1608 Same.-
1704 1544 1874 1625 Quid
1908 1546 2265 1628 inter-royac

305 1642 426 1702 me,
472 1644 671 1705 quum
708 1623 1029 1690 Dominus
1084 1630 1410 1692 recesserit
1459 1651 1503 1692 a
1559 1634 1632 1710 te,
1692 1635 1751 1694 et
1808 1632 2133 1696 transierit
2176 1630 2263 1695 ad

309 1711 633 1775 aemulum
673 1710 901 1776 taum?
966 1710 1067 1776 17.
1116 1712 1336 1779 Faciet
1377 1716 1545 1779 enim
1585 1716 1699 1780 tibi
1744 1715 2063 1781 Dominus
2100 1716 2264 1782 sieut

305 1793 747 1877 loquutusest
802 1796 1320 1877 inmanumea,
1376 1802 1721 1867 &scindet
1779 1807 2263 1885 reymmtuum

300 1881 385 1945 de
448 1900 645 1945 mame
709 1888 841 1962 tua,
916 1888 975 1948 et
1039 1884 1215 1948 dabit
1270 1885 1433 1949 illud
1482 1887 1784 1966 proximo
1848 1894 1951 1952 tuo
2018 1887 2258 1952 David.

304 1965 409 2031 18.
444 1966 613 2047 Quia
655 1986 779 2031 nou
822 1967 1084 2034 obedisti
1126 1970 1259 2035 voci
1282 1968 1566 2045 Domini,
1613 1991 1808 2054 neque
1842 1974 2049 2053 fecisti
2090 1974 2260 2037 iram

290 2051 549 2133 furoris
600 2053 742 2117 eius
800 2054 873 2118 ia
930 2055 1220 2120 Amalec:
1287 2056 1523 2122 idcireo
1579 2059 1743 2139 quod
1789 2060 2056 2140 pateris,
2112 2059 2260 2140 fecit

294 2137 416 2202 tibi
461 2137 779 2205 Dominus
822 2139 1021 2204 hodie.

479 2308 750 2376 Saulem
815 2313 984 2376 bona
1041 2332 1159 2394 spe
1216 2311 1516 2379 videmus
1575 2324 1959 2398 exspectare
2016 2314 2097 2379 ab
2142 2313 2256 2379 illo

292 2394 897 2479 pseudo-Samuele
942 2406 1205 2478 gratum
1248 2398 1510 2480 aliquod
1556 2420 1964 2483 responsum,
2010 2419 2138 2483 quo
2172 2420 2253 2464 ex

298 2483 511 2547 tauns
535 2482 863 2567 angustiis
882 2481 1361 2565 quodammodo
1383 2493 1746 2552 recreetur:
1795 2495 2250 2552 verumtamen

301 2565 421 2631 ille
472 2575 710 2632 contra
766 2566 897 2632 Dei
956 2569 1341 2635 mandatum
1388 2570 1471 2634 ad
1518 2574 1874 2637 veneficam
1936 2570 2253 2655 confugit,

295 2652 598 2736 ideoque,
643 2653 931 2732 obscero,
990 2656 1247 2736 qualem
1292 2656 1509 2737 potuit
1554 2659 1827 2735 exitum,
1873 2658 1999 2723 nisi
2046 2676 2253 2741 grave

297 2738 619 2803 damnum
665 2747 734 2803 et
775 2739 1213 2806 infortunium
1246 2743 1675 2825 exspectare?
1721 2742 1855 2811 Sed
1899 2744 1993 2809 ita
2036 2742 2253 2807 solent

294 2822 430 2888 Dei
496 2832 987 2907 contemptores
1046 2826 1172 2892 sibi
1234 2847 1441 2892 vanas
1496 2848 1648 2910 spes
1701 2831 1984 2913 fingere,
2051 2848 2249 2912 seque

290 2920 535 2993 sponte
579 2909 896 2993 decipere,
944 2918 1013 2976 et
1046 2910 1337 2977 subsidia
1368 2934 1542 2977 vana
1578 2913 1920 2997 fabricare,
1964 2923 2041 2979 ut
2063 2912 2250 2980 docet

292 2996 645 3080 propheta.
692 2995 1140 3063 Nihilominus
1189 3009 1407 3064 tamen
1456 2997 1619 3065 Saul
1664 3021 1782 3066 sua
1823 3011 2059 3083 sponte
2102 3018 2248 3064 cae-

290 3083 571 3159 cutiens,
618 3082 1029 3147 fortunatum
1076 3081 1325 3166 aliquid
1361 3084 1482 3150 sibi
1528 3086 1886 3168 pollicetur.
1950 3084 2248 3236 guserit

286 3168 315 3233 i
369 3167 499 3232 'tur
536 3188 624 3233 ex
660 3166 966 3235 muliere:
1032 3168 1205 3250 Quid
1245 3170 1490 3254 viderit,
1544 3191 1713 3254 quae
1757 3192 1859 3237 res
1908 3192 1946 3235 o
2040 3182 2125 3252 et,
2180 3189 2248 3235 se

510 3254 749 3320 vidisse
789 3272 872 3319 ex
911 3259 1086 3320 terra
1119 3256 1574 3324 adscendentes.
1618 3259 1725 3323 Ex
1757 3259 1865 3341 qui
1914 3279 1992 3324 us
2027 3256 2247 3322 verbis

288 3349 573 3423 apparet
614 3360 729 3407 eos
787 3358 1018 3406 omnes
1074 3342 1187 3424 qui
1231 3341 1313 3407 ad
1373 3342 1612 3409 diaboli
1672 3344 1913 3427 praesti
1966 3345 2058 3409 ‘as
2102 3342 2243 3408 ani·

292 3444 482 3490 mum
530 3425 852 3493 adiiciunt
909 3427 1003 3493 sic
1061 3437 1283 3493 mente
1325 3429 1717 3510 perturbari,
1780 3436 1855 3494 ut
1900 3449 1938 3494 o
2099 3448 2244 3495 ram

296 3510 410 3577 vel
466 3510 690 3595 potius
748 3510 1001 3576 nullam
1073 3512 1154 3578 de
1214 3512 1358 3578 Deo
1424 3516 1867 3599 cognitionem
1939 3514 2245 3581 habeant.

284 3596 621 3680 Exemplo
665 3606 806 3662 esto
852 3596 1092 3663 mulier
1139 3598 1302 3666 haec
1344 3598 1428 3663 ab
1467 3600 1833 3670 Abrahami
1869 3602 2072 3684 stirpe
2115 3601 2244 3666 ori-

286 3682 492 3757 unda,
551 3703 627 3747 ac
669 3682 946 3767 proinde
990 3684 1058 3749 in
1115 3683 1264 3768 lege
1308 3704 1385 3749 ac
1426 3706 1582 3750 vera
1637 3686 1956 3769 religione
1999 3686 2246 3763 edocta,

284 3778 362 3834 et
400 3769 508 3834 cui
552 3769 834 3851 proinde
859 3780 1085 3835 notum
1120 3790 1265 3836 esse
1295 3770 1521 3836 debuit
1560 3771 1719 3836 illud
1743 3771 2012 3837 Domini
2056 3792 2242 3855 prae·

288 3862 576 3938 ceptum,
620 3854 832 3921 Israel
879 3856 1147 3921 unicum
1172 3856 1389 3921 Deum
1434 3857 1725 3939 habebis,
1769 3877 1968 3940 quam
2002 3856 2245 3923 doctri-

288 3958 447 4005 nam
496 3940 598 4005 vel
644 3941 805 4022 ipsis
847 3940 1212 4007 infantibus
1253 3952 1475 4007 notam
1519 3965 1664 4009 esse
1703 3944 2013 4027 oportuit.
2060 3941 2242 4024 Quo·

288 4025 493 4091 modo
537 4044 696 4091 vero
736 4027 871 4090 iam
916 4026 1140 4092 vetula
1175 4026 1416 4094 mulier
1450 4027 1565 4091 illa
1600 4027 1985 4113 ignoravit?
2032 4028 2244 4093 Nimi-

284 4132 462 4189 rum,
530 4120 607 4176 ut
671 4121 826 4177 ante
891 4111 1050 4190 dixi,
1118 4125 1314 4197 prout
1378 4114 1679 4180 homines
1746 4135 1787 4178 a
1841 4112 1969 4179 Dei
2041 4114 2244 4178 verbo

284 4197 611 4263 recedunt
664 4197 893 4263 multis
948 4198 1146 4263 etiam
1204 4198 1631 4283 implicantur
1685 4197 2033 4276 erroribus,
2094 4208 2161 4266 et
2200 4220 2247 4265 „a

288 4282 550 4348 diabolo
592 4283 687 4348 sic
723 4283 1137 4349 fascinantur
1170 4294 1247 4350 ut
1275 4284 1531 4350 nullam
1567 4296 1817 4351 certam
1858 4284 2243 4370 religionem

288 4367 600 4434 habeant.
648 4367 726 4435 Si
761 4371 908 4451 quis
944 4369 1115 4436 hano
1134 4371 1456 4436 seminam
1492 4374 1961 4454 interrogasset
1991 4370 2242 4454 plures-

284 4475 382 4517 ne
438 4452 593 4520 deos
635 4454 792 4537 ossei
834 4455 1264 4534 existimaret,
1320 4456 1588 4523 unicum
1634 4476 1775 4522 esse
1798 4455 2018 4522 Deum
2065 4475 2243 4522 sum-

284 4559 476 4605 mum
512 4540 691 4606 fassa
710 4539 963 4616 fuisset,
1004 4542 1123 4606 sed
1158 4542 1426 4608 interim
1451 4542 1711 4608 videtur
1745 4543 1871 4624 ipsi
1894 4541 2246 4608 multitudo

285 4625 627 4691 minorum
675 4626 946 4691 deorum
1002 4648 1151 4694 esse
1196 4648 1405 4712 posse.
1492 4627 1645 4694 Non
1699 4628 1893 4693 aliter
1938 4627 2129 4693 hodie
2170 4628 2243 4695 in

466 4721 542 4775 tu
602 4718 866 4778 sanctos
923 4726 1319 4797 sanctasque
1374 4714 1512 4779 suis
1581 4713 1896 4797 gradibus
1958 4710 2246 4780 discerni

286 4797 364 4863 vi
411 4817 617 4876 emus,
660 4798 816 4864 licet
845 4796 1031 4864 Deus
1074 4798 1376 4882 superior
1415 4799 1551 4865 illis
1594 4800 1899 4865 omnibus
1940 4818 2246 4882 agnosca·

284 4887 429 4946 tur.
472 4881 665 4963 Quae
705 4883 1000 4949 confusio
1044 4884 1199 4951 facit
1246 4895 1321 4950 ut
1362 4886 1549 4950 Deus
1592 4887 1662 4950 in
1707 4884 1824 4950 illa
1860 4895 2243 4952 sanctorum

278 4967 720 5034 «multitudine
740 4978 808 5033 et
845 4970 1041 5035 turba
1062 4969 1180 5036 vix
1205 4972 1471 5035 tandem
1510 4980 1925 5053 agnoscatur,
1951 4971 2065 5036 sed
2090 4990 2242 5037 cum

286 5054 603 5120 omnibus
645 5055 891 5135 sanctis
937 5056 1427 5138 pei-misceatur,
1470 5056 1641 5138 quod
1668 5057 1901 5121 vitium
1935 5056 2244 5121 omnibus

282 5138 578 5205 saeculis
619 5139 980 5207 obtinuisse
1022 5141 1362 5207 videmus:
1420 5162 1573 5208 nam
1620 5140 1865 5208 ethnici
1909 5143 2243 5208 existima·

1609 241 1706 306 IN
1751 242 1804 307 1.
1852 240 2483 309 12113..'8Amm11.
2529 242 2729 309 CAP.
2774 243 3115 314 XXVIII.

4189 255 4320 320 650

2377 440 2538 496 runt
2572 433 3344 517 angelosessequosdam
3367 436 3708 516 semideos,
3751 439 3876 505 etsi
3921 441 4314 523 principium

2374 515 2554 581 istud
2600 518 3033 597 retinuerunt,
3079 541 3223 589 esse
3255 522 3540 605 aliquem
3587 526 4009 607 praecipuum
4047 525 4312 593 illorum

2374 613 2750 685 parentem:
2825 604 2942 669 sed
3003 616 3224 671 tamen
3281 607 3377 672 ita
3442 609 3796 674 voluerunt
3859 621 4079 675 atrum
4146 613 4314 694 albo,

2372 687 2587 753 lucem
2631 709 2780 755 cum
2825 688 3133 771 tenebris,
3184 701 3259 756 ut
3299 693 3506 769 aiunt,
3549 695 3962 777 permiscere,
4007 696 4176 778 quod
4216 712 4312 762 ta-

2371 793 2524 838 men
2583 775 2729 839 fieri
2780 774 2963 842 nullo
3005 777 3199 842 modo
3243 788 3476 860 potest.
3553 780 3691 845 Nos
3733 801 3892 844 vero
3949 795 4174 846 contra
4219 783 4313 849 sic

2370 857 2591 923 Deum
2616 859 2886 926 unicum
2907 861 3108 927 deum
3132 882 3469 929 summum
3511 866 3707 930 verbo
3730 886 3850 931 suo
3893 867 4080 932 nobis
4125 881 4308 950 pate·

2370 943 2616 1010 factum
2674 946 3087 1023 intueamur,
3147 957 3222 1014 ut
3279 950 3583 1015 omnibus
3645 952 4011 1030 erroribus,
4081 954 4310 1038 imagi·

2369 1030 2746 1097 nationibus
2812 1042 2879 1097 et
2941 1032 3362 1101 illusionibus
3425 1034 3760 1101 diabolicis
3825 1039 4309 1123 renunciemus,

2366 1117 2922 1197 quemadmodum
2961 1140 3078 1184 nos
3100 1119 3329 1184 multis
3353 1120 3511 1186 locis
3534 1142 3720 1187 sacra
3739 1122 3927 1188 docet
3963 1124 4307 1206 scriptura,

2367 1209 2435 1264 et
2491 1202 2563 1265 in
2621 1204 2850 1285 primis
2905 1204 3226 1286 propheta
3282 1203 3470 1283 dicit,
3532 1205 3892 1273 Dominum
3943 1207 4311 1295 exaltatum

2367 1286 2470 1363 iri,
2528 1286 2707 1352 idola
2748 1309 2911 1354 vero
2953 1292 3176 1355 omnia
3231 1292 3619 1371 corruitura,
3675 1293 4034 1359 Dominum
4082 1296 4306 1377 cogni—

2367 1383 2509 1436 tum
2555 1374 2657 1452 iri,
2704 1372 2858 1439 deos
2902 1385 3125 1440 autem
3163 1375 3575 1443 ethnicorum
3605 1378 3892 1443 ruituros
3912 1390 3980 1444 et
4022 1380 4309 1446 occultos

2366 1457 2529 1522 fore.
2617 1459 2893 1524 Oertum
2955 1461 3160 1544 igitur
3217 1471 3319 1527 est
3363 1483 3483 1527 nos
3528 1463 3735 1529 donec
3780 1463 3862 1528 ad
3909 1485 4131 1530 veram
4182 1465 4307 1530 Dei

2364 1545 2806 1628 cognitionem
2857 1548 3367 1629 pervenerimus,
3427 1561 3492 1612 et
3549 1550 3902 1630 puritatem
3950 1570 4025 1615 ac
4066 1555 4310 1616 sancti-

2365 1641 2567 1693 tatem
2613 1629 2948 1695 doetrinae
2969 1633 3227 1715 sequuti
3273 1633 3591 1699 fuerimus
3610 1653 3872 1717 semper
3914 1636 4307 1717 irrequietos

2365 1715 2520 1793 fore,
2581 1726 2648 1780 et
2700 1716 3009 1782 inanibus
3067 1718 3641 1801 superstitionibus
3699 1719 4000 1785 delusum
4062 1723 4164 1801 iri,
4224 1742 4308 1788 ex

2363 1801 2602 1883 quibus
2653 1801 2878 1867 nullus
2940 1824 3226 1886 unquam
3286 1803 3480 1869 detur
3527 1809 3767 1870 exitus.
3855 1804 4103 1871 Contra
4152 1828 4308 1874 vero

2362 1887 2418 1950 si
2442 1885 2574 1951 Dei
2617 1887 2967 1954 veritatem
3015 1889 3501 1972 agnoverimus,
3545 1898 3614 1955 et
3655 1890 3770 1956 illa
3809 1890 3952 1959 sola
3995 1894 4306 1973 nitamur,

2360 1984 2427 2036 et
2494 1992 2656 2054 pure
2722 1973 3014 2039 colamus
3073 1973 3157 2038 ab
3222 1976 3531 2041 omnibus
3609 1977 4182 2060 superstitionibus
4240 1991 4307 2043 et

2359 2057 2740 2139 ignorantia
2799 2059 2939 2123 fore
2996 2058 3266 2125 alienos.
3356 2061 3446 2126 Et
3489 2060 3809 2127 hactenus
3844 2061 3927 2126 de
3971 2062 4101 2128 ista
4145 2083 4305 2128 voce

2357 2143 2503 2208 deos
2538 2162 2617 2208 ex
2655 2149 2824 2209 terra
2866 2145 3255 2211 adscendere.

2530 2228 2695 2294 Saul
2724 2249 2878 2297 vero
2922 2242 3152 2296 contra
3196 2231 3384 2313 petiit
3404 2251 3570 2314 quae
3606 2231 3814 2296 forma
3835 2245 4008 2297 esset
4029 2234 4302 2299 adscen-

2360 2313 2580 2379 dentis
2623 2334 2827 2397 qunm
2873 2318 3120 2398 optime
3143 2316 3342 2381 sciret
3375 2337 3582 2382 unum
3617 2326 3874 2382 tantum
3898 2340 4058 2398 esse,
4101 2340 4304 2403 quare

2359 2398 2602 2465 mulier
2635 2400 2993 2483 respondit,
3042 2402 3258 2466 virum
3281 2422 3504 2468 senem
3535 2402 3952 2483 adscendere,
3998 2405 4304 2487 quiesset

2357 2486 2640 2550 amictus
2691 2485 2923 2567 pallio,
2979 2496 3049 2555 et
3102 2494 3249 2553 tum
3311 2486 3578 2554 Saulem
3636 2501 4101 2571 agnoscentem
4160 2511 4302 2556 esse

2354 2569 2739 2637 Samuelem
2760 2571 3180 2641 inclinavisse
3200 2573 3428 2638 faciem
3475 2575 3544 2639 in
3567 2583 3830 2652 terram,
3875 2589 3941 2639 et
3968 2586 4300 2658 spectrum

2352 2656 2518 2723 illud
2577 2657 2826 2723 honore
2889 2677 3131 2742 magno
3189 2657 3488 2727 coluisse.
3579 2658 3949 2742 Spectrum,
4017 2663 4301 2744 inquam,

2353 2742 2680 2825 siquidem
2739 2750 2993 2809 certum
3048 2750 3152 2809 est
3195 2765 3326 2810 non
3383 2745 3587 2810 fuisse
3632 2766 3857 2811 verum
3901 2743 4302 2826 Samuelem,

2354 2848 2567 2912 neque
2621 2828 2802 2893 enim
2861 2848 3148 2911 unquam
3202 2825 3389 2894 Deus
3443 2829 3849 2912 perm‘misset
3903 2852 4102 2897 suum
4146 2852 4299 2915 pro·

2352 2913 2623 2999 phetam
2667 2913 2908 2979 talibus
2955 2913 3286 2979 diabolicis
3312 2915 3871 2980 coniurationibus
3889 2915 4144 2982 subiici.
4193 2918 4299 2983 En

2351 3000 2527 3069 enim
2605 3000 2964 3065 veneficam
3031 3009 3327 3065 mortuos
3393 3020 3480 3065 ex
3551 2999 3826 3066 infernis
3891 3012 4296 3081 evocantem,

2350 3088 2572 3168 ecquis
2627 3102 2788 3150 vero
2853 3084 3066 3150 Deum
3132 3085 3490 3152 arbitretur
3552 3085 3840 3151 voluisse
3907 3087 4296 3170 prophetam

2348 3191 2544 3237 suum
2589 3171 2698 3237 isti
2753 3170 3156 3254 ignominiae
3212 3172 3563 3252 subiicere,
3627 3173 3814 3254 quasi
3873 3171 4171 3237 diabolus
4229 3174 4298 3238 in

2349 3269 2727 3323 sanctorum
2772 3276 3048 3340 corpora
3089 3266 3155 3322 et
3198 3257 3473 3336 animas,
3517 3277 3683 3341 quae
3715 3266 3877 3322 sunt
3919 3258 3990 3321 in
4016 3256 4144 3322 Dei
4189 3268 4292 3323 tu-

2350 3343 2498 3419 tela,
2544 3350 2934 3425 potestatem
2982 3341 3271 3408 habere?
3319 3344 3649 3409 Dicuntur
3685 3342 3869 3407 enim
3913 3353 4291 3409 sanctorum

2348 3428 2610 3493 animae
2667 3428 3021 3511 quiescere,
3081 3437 3148 3492 et
3200 3428 3266 3492 in
3325 3427 3471 3493 Deo
3532 3428 3752 3493 vivere
3811 3429 4068 3492 beatam
4115 3428 4296 3493 illam

2348 3514 2894 3580 resurrectionem
2953 3522 3430 3595 exspectantes.
3504 3511 3765 3578 Deinde
3807 3533 3966 3578 vero
4009 3515 4299 3595 obsecro,

2346 3598 2710 3667 Samuelne
2768 3598 3044 3681 pallium
3103 3619 3296 3664 suum
3353 3599 3425 3663 in
3485 3598 3856 3681 sepulcrum
3920 3598 4119 3664 tulit?
4188 3599 4295 3665 Ex

2348 3686 2583 3768 quibus
2625 3694 2900 3767 apparet
2942 3704 3196 3751 merum
3233 3684 3408 3749 istud
3438 3684 3641 3751 fnisse
3661 3694 4015 3769 spectrum,
4064 3685 4294 3750 mulie·

2347 3773 2567 3854 risque
2608 3769 2804 3835 istius
2844 3790 3078 3835 sensus
3119 3770 3335 3835 elusos
3379 3770 3597 3845 fuisse,
3657 3779 3731 3834 ut
3775 3769 4154 3835 Samuelem
4198 3771 4297 3835 vi-

2349 3856 2504 3921 dere
2538 3876 2627 3933 se,
2673 3854 2786 3937 qui
2810 3863 3028 3920 tamen
3055 3874 3185 3919 non
3210 3866 3374 3935 erat,
3418 3855 3793 3922 arbitretur.
3843 3854 3976 3922 Sed
4012 3857 4108 3920 ita
4129 3856 4297 3923 solet

2349 3943 2536 4008 Deus
2594 3938 2850 4006 diabolo
2911 3940 3097 4006 laxas
3150 3939 3440 4006 habenas
3493 3940 3890 4024 permittere,
3949 3951 4025 4005 ut
4068 3960 4291 4005 eorum

2347 4028 2646 4093 omnium
2691 4026 2914 4091 oculos
2959 4036 3022 4090 et
3065 4044 3298 4092 sensus
3334 4046 3563 4092 omnes
3604 4027 4023 4109 perstringat,
4067 4026 4179 4107 qui
4226 4047 4297 4090 se

2350 4112 2476 4177 Dei
2523 4111 2786 4177 veritati
2845 4119 3080 4195 sponte
3135 4130 3267 4176 non
3330 4112 3702 4188 subiiciunt,
3761 4122 3826 4176 et
3878 4108 4293 4175 mendacium

2348 4199 2532 4281 sequi
2577 4198 2854 4263 malunt.
2945 4197 3122 4262 Hinc
3175 4197 3363 4264 facile
3422 4217 3766 4280 possumus
3823 4193 4128 4279 colligere
4173 4196 4292 4260 mi·

2349 4304 2532 4350 seros
2577 4284 2742 4349 istos
2786 4283 3136 4358 veneficos,
3179 4302 3454 4366 quorum
3480 4281 3672 4348 hodie
3701 4299 4014 4365 magnam
4038 4280 4293 4363 copiam

2347 4370 2671 4448 videmus,
2719 4367 3144 4434 vehementer
3185 4367 3324 4433 falli
3365 4388 3573 4452 quum
3614 4387 3685 4433 se
3719 4364 3959 4431 diaboli
4007 4385 4294 4450 synago·

2350 4474 2502 4539 gam
2547 4454 2825 4537 ingredi,
2884 4461 2953 4517 et
3009 4453 3080 4518 in
3139 4453 3254 4518 illa
3312 4454 3568 4520 choreis
3623 4460 3688 4517 et
3731 4451 3879 4517 aliis
3923 4450 4293 4517 istiusmodi

2348 4540 2712 4625 indulgere,
2757 4548 2826 4605 et
2868 4538 3014 4604 cibo
3058 4558 3137 4605 ac
3178 4550 3337 4623 potu
3379 4538 3562 4605 refici
3605 4536 3900 4603 credunt.
3968 4534 4294 4635 Equidem

2350 4628 2555 4692 fateor
2603 4625 2755 4691 illos
2809 4624 2940 4690 ista
2998 4644 3157 4690 vera
3211 4622 3550 4701 arbitrari,
3611 4632 3684 4688 et
3740 4623 3926 4705 quasi
3993 4621 4297 4687 sensibus

2348 4709 2861 4795 apprehendere,
2905 4710 3017 4775 sed
3064 4709 3290 4775 divino
3332 4708 3400 4773 id
3438 4709 3580 4774 fieri
3615 4708 3855 4776 iudicio
3889 4716 4141 4774 certum
4174 4716 4296 4787 est,

2349 4797 2609 4864 diabolo
2664 4795 2942 4862 faciente
2999 4802 3393 4879 potestatem
3451 4794 3598 4860 illos
3640 4792 4066 4871 excaecandi,
4125 4792 4296 4875 quod

2349 4882 2497 4949 Deo
2543 4884 2794 4949 viventi
2840 4881 3324 4947 renuntiarint:
3369 4878 3644 4963 ideoque
3687 4880 3874 4969 digni
3915 4880 4053 4942 sint
4077 4878 4189 4975 qui
4231 4879 4300 4940 in

2348 4968 2639 5034 tenebris
2697 4976 3077 5044 versentur,
3145 4976 3216 5031 et
3281 4976 3597 5048 tanquam
3643 4968 3938 5041 Satanae
3980 4980 4308 5042 mancipia

2350 5065 2601 5120 temere
2643 5053 2964 5128 ferantur,
3009 5048 3199 5117 inscii
3229 5050 3386 5133 quid
3431 5050 3694 5129 faciant
3716 5069 3938 5154 quove
3973 5047 4118 5109 loco
4160 5046 4316 5108 siut·-

2336 5140 2584 5224 *Neque
2638 5138 2882 5204 mirum
2933 5136 3140 5203 videri
3201 5135 3394 5202 debet
3446 5136 3541 5204 sic
3604 5144 3908 5234 mmmm
3945 5147 4177 5194 sensus
4215 5126 4326 5188 ob-
