5059 6059
812 331 947 401 615
2148 394 2157 403 .
2457 334 2874 405 HOMILIA
2916 335 3211 405 XOVII.
4650 346 4736 416 tlt

819 522 1293 606 integritatem,
1353 517 1608 585 nnllam
1654 518 1856 584 animi
1916 518 2275 589 eandorem·
2310 542 2453 589 esse
2501 523 2778 591 videant
2877 526 3050 593 Nam
3116 538 3487 611 opportuno
3545 537 3834 611 tempore
3893 529 4081 595 Deus
4146 552 4411 596 suoram
4470 533 4650 601 fletum
4691 550 4737 605 ot

819 608 891 677 in
950 608 1031 673 iis
1087 605 1203 689 qui
1262 604 1581 704 adversus
1623 605 1847 670 Deum
1900 615 1966 670 et
2011 606 2218 689 ipsius
2262 608 2604 675 eeclesiam
2652 630 2773 692 pu·
2877 611 3207 698 lacrymas
3251 614 3324 678 in
3369 633 3693 680 summam
3740 613 4078 695 laetitiam,
4136 616 4425 683 hostium
4473 639 4602 684 vero
4632 644 4736 706 gau·

820 703 1051 779 guent,
1077 710 1274 775 quam
1303 712 1358 755 si
1387 703 1656 789 possent
1678 698 1791 755 tan
1840 693 2219 773 quamferae
2273 691 2519 760 bestiae
2564 695 2772 760 lania-
2875 696 3055 763 dium
3083 708 3149 764 et
3173 699 3558 767 felicitatem
3590 699 3659 764 in
3701 698 3994 764 dentium
4032 701 4376 768 stridorem
4413 714 4481 767 et
4522 706 4741 775 ultimum

819 788 988 854 nint,
1036 797 1242 859 quum
1290 775 1459 840 nihil
1504 778 1628 841 nisi
1676 777 2070 860 sanguinem
2113 779 2363 857 sitiant,
2407 790 2477 845 et
2518 781 2575 844 si
2623 801 2771 863 pos·

817 871 976 933 sunt
997 882 1117 947 pro
1140 861 1390 928 viribus
1414 860 1733 945 impedire
1765 882 1851 926 ne
1892 863 2109 944 prima
2140 884 2397 946 quaque
2431 866 2771 931 occasione

814 948 914 1017 im
973 949 1045 1013 in
1103 948 1399 1013 incautos
1455 948 1769 1026 saeviant,
1826 956 1895 1012 et
1950 948 2034 1013 ad
2086 948 2157 1013 in
2206 949 2432 1015 eninm
2476 949 2767 1029 redeant,

817 1033 1368 1119 quemadmodum
1439 1031 1708 1099 Saulem
1772 1031 2006 1098 fecisse
2076 1034 2144 1098 vi
2229 1055 2395 1099 mus.
2508 1035 2769 1117 Graves

821 1119 1083 1204 quidem
1150 1119 1361 1184 fateor
1424 1120 1695 1185 fuerunt
1761 1116 2041 1185 Davidis
2107 1121 2532 1199 tentationes,
2595 1120 2765 1205 quod

819 1205 1026 1273 semel
1092 1213 1290 1287 atque
1347 1205 1589 1269 iterum
1634 1203 1902 1270 Saulem
1963 1203 2367 1271 infidelitatis
2412 1207 2653 1290 arguit,
2703 1218 2769 1272 st

819 1290 1248 1357 nihilominus
1315 1288 1588 1355 eandem
1646 1289 2086 1356 conditionem
2142 1310 2399 1373 semper
2455 1299 2769 1374 expertus

821 1384 943 1457 eat,
995 1385 1256 1440 coactus
1314 1375 1495 1439 illius
1550 1374 1936 1441 infidelitate
1983 1375 2185 1439 vitam
2230 1374 2530 1453 tolerare,
2578 1376 2770 1443 modo

822 1462 895 1531 in
935 1471 1127 1528 antro
1149 1472 1215 1525 et
1247 1460 1579 1542 spelunea,
1623 1460 1814 1525 modo
1850 1461 2048 1526 etiam
2095 1461 2223 1539 siti,
2271 1461 2461 1540 fame,
2506 1462 2771 1546 frigore,

824 1556 1030 1625 aestu,
1055 1547 1279 1612 multis
1316 1545 1596 1628 denique
1620 1546 1901 1613 miseriis
1936 1556 2003 1611 et
2025 1547 2489 1613 afflictionibus
2532 1548 2770 1632 agitari

825 1642 895 1699 et
948 1632 1186 1716 urgeri.
1290 1631 1467 1697 Hine
1528 1632 1744 1714 itaque
1805 1630 2133 1696 diseamus
2187 1630 2333 1697 Deo
2388 1653 2508 1698 nos
2571 1633 2773 1699 variis

824 1715 1307 1784 calamitatibus
1361 1727 1428 1783 et
1485 1716 1948 1783 afflictionibus
1989 1726 2356 1797 exercente,
2400 1730 2466 1783 et
2508 1739 2776 1786 omnem

821 1803 1113 1871 laetitiae
1158 1803 1498 1867 materiam
1544 1801 1733 1868 nobis
1777 1802 2132 1880 auferente,
2179 1824 2311 1868 non
2356 1803 2505 1869 ideo
2549 1815 2772 1870 tamen

823 1891 1117 1954 animum
1178 1886 1613 1970 despondere,
1673 1896 1741 1953 et
1784 1887 1865 1953 ab
1907 1888 2120 1955 officio
2168 1889 2439 1969 resilire,
2500 1889 2615 1955 sed
2655 1910 2774 1975 po-

825 1976 959 2040 tius
1014 1974 1169 2039 inde
1229 1973 1633 2038 occasionem
1692 1993 1923 2058 capere
1980 1973 2064 2038 ad
2124 1971 2342 2038 Deum
2408 1995 2555 2040 cum
2616 1996 2778 2041 vera

820 2059 1225 2143 poenitentia
1290 2079 1408 2125 nos
1472 2058 1930 2137 convertendi,
1996 2066 2064 2123 et
2122 2058 2403 2125 Davidis
2466 2061 2772 2144 exemplo

821 2167 942 2212 nos
997 2145 1070 2211 in
1115 2142 1350 2209 mediis
1394 2143 1861 2210 afflictionibus
1904 2143 2310 2211 consolandi.
2399 2146 2582 2210 Rara
2627 2147 2773 2229 qui-

819 2230 989 2308 dsm,
1034 2231 1256 2304 fateor,
1297 2230 1528 2313 virtus,
1573 2230 1689 2295 vix
1735 2230 1912 2295 enim
1953 2250 2158 2294 unum
2206 2251 2289 2294 ex
2336 2231 2627 2297 millibus
2669 2252 2771 2298 us·

809 2316 1031 2401 perias
1049 2316 1163 2397 qui
1189 2315 1652 2381 afflictionibus
1688 2315 1921 2380 multis
1956 2313 2252 2397 obrutus,
2298 2337 2431 2381 non
2480 2318 2774 2401 graviter

810 2410 1268 2483 conqueratur,
1330 2408 1399 2465 et
1456 2401 1749 2465 animum
1798 2399 2237 2482 despondeat:
2300 2400 2408 2466 hio
2450 2401 2627 2467 enim
2677 2402 2773 2467 ait

812 2509 887 2552 se
941 2507 1026 2552 ex
1084 2507 1211 2569 que
1270 2486 1692 2569 evangelium
1749 2486 2095 2568 amplexus
2138 2493 2260 2564 est,
2323 2486 2511 2552 miris
2557 2488 2770 2553 modis

813 2580 1129 2640 vexatum
1196 2571 1425 2636 fuisse:
1519 2571 1631 2635 ille
1701 2591 1857 2636 vero
1925 2571 2169 2635 mirum
2235 2592 2382 2637 esse
2462 2571 2771 2638 clamabit

813 2656 1069 2723 nullam
1092 2656 1233 2722 dari
1258 2656 1515 2722 miseris
1538 2656 1843 2739 quietem,
1888 2677 2089 2740 quum
2114 2655 2511 2724 adversariis
2546 2666 2769 2724 tamen

814 2741 1040 2808 omnia
1118 2762 1204 2807 ex
1269 2741 1470 2805 animi
1540 2742 1867 2807 sententia
1931 2751 1998 2808 et
2080 2741 2352 2808 libidine
2417 2744 2770 2810 succedere

813 2826 1182 2903 videantur,
1252 2846 1328 2892 ac
1364 2827 1638 2910 proinde
1673 2836 1897 2909 optare
1942 2834 2017 2892 ut
2054 2826 2256 2907 Deus,
2297 2829 2352 2893 si
2398 2848 2535 2893 non
2578 2849 2769 2912 prer-

811 2934 929 2983 συθ
983 2912 1269 2977 similem
1326 2933 1477 2978 eum
1538 2912 1932 2979 adversariis
1996 2912 2471 2999 conditionem,
2531 2915 2768 2981 saltem

812 2998 1098 3082 aliquam
1145 2998 1479 3064 concedat.
1570 2998 1707 3064 Nos
1752 3017 1910 3063 vero
1956 2998 2297 3065 affectibus
2344 3001 2590 3065 nostris
2631 3021 2768 3066 mo-

812 3083 1029 3151 derari
1087 3084 1435 3160 discamus,
1492 3093 1560 3148 et
1604 3084 1757 3149 licet
1800 3083 1885 3149 ab
1927 3083 2211 3150 inimicis
2253 3084 2490 3168 quibus
2536 3105 2772 3170 peper-

813 3170 1099 3237 cerimus
1145 3170 1371 3252 inique
1395 3176 1753 3236 tractamur
1788 3178 1855 3233 et
1890 3168 2274 3247 cruciemur,
2314 3191 2398 3235 ne
2421 3179 2772 3255 propterea

815 3264 1038 3325 tamen
1084 3274 1375 3338 unquam
1421 3275 1459 3319 a
1488 3255 1617 3321 Dei
1661 3255 2083 3322 invocatione
2130 3255 2607 3335 dimoveamur,
2653 3255 2770 3322 sed

813 3343 1144 3428 patienter
1187 3340 1468 3407 iniurias
1511 3341 1798 3406 ferentes
1865 3341 2075 3406 officio
2121 3349 2347 3406 nostro
2391 3341 2773 3425 fungamur,

815 3438 883 3496 et
952 3426 1237 3493 inimicis
1303 3428 1549 3493 nostris
1605 3426 1742 3492 alta
1798 3427 2016 3509 quiete
2073 3426 2446 3493 fruentibus
2504 3427 2773 3492 interim

818 3533 1052 3597 aquam
1089 3513 1433 3597 angustiae
1464 3512 1685 3577 bibere
1733 3533 1816 3577 ne
1861 3530 2059 3595 aegre
2102 3511 2419 3578 feramus:
2465 3511 2772 3596 quemad·

819 3598 1087 3666 modum
1110 3598 1234 3663 hoc
1259 3599 1400 3664 loco
1425 3597 1753 3663 Davidem
1779 3596 2080 3663 videmus
2101 3597 2228 3662 iter
2249 3618 2443 3663 suum
2466 3597 2775 3677 abivisse,

821 3705 956 3751 non
979 3684 1112 3749 alta
1148 3684 1364 3766 quiete
1401 3692 1467 3749 et
1513 3683 1993 3767 tranquillitate
2036 3682 2417 3763 fruiturum,
2460 3683 2577 3750 sed
2622 3704 2774 3750 cum

822 3770 1014 3837 nevis
1070 3767 1564 3835 difficultatibus
1625 3769 2045 3844 luctaturum,
2107 3774 2172 3833 et
2218 3782 2532 3852 tanquam
2578 3768 2773 3835 mise-

823 3875 975 3921 rum
1010 3862 1077 3921 et
1111 3875 1393 3938 egenum
1429 3856 1773 3938 patriaque
1817 3863 2147 3919 extorrem
2193 3853 2425 3920 duram
2472 3865 2542 3920 et
2584 3875 2774 3938 aspe-

822 3960 968 4007 ram
1022 3941 1229 4019 vitam
1289 3948 1610 4005 acturum.
1700 3940 1945 4006 Gravis
1997 3960 2158 4004 sane
2218 3951 2283 4003 et
2342 3940 2775 4006 intolerabilis

821 4026 940 4094 illa
999 4025 1344 4091 videbatur
1401 4025 1719 4106 conditio,
1777 4036 1847 4091 et
1903 4045 2053 4090 eum
2114 4026 2186 4090 in
2251 4025 2774 4109 desperationem

823 4112 1220 4189 coniectura,
1267 4108 1383 4176 sed
1405 4111 1716 4194 quoniam
1742 4110 1813 4175 in
1840 4110 1983 4175 Deo
2020 4131 2204 4194 spem
2242 4132 2428 4178 suam
2465 4112 2774 4195 reposuit,

824 4205 894 4263 et
935 4198 1005 4262 in
1051 4217 1129 4261 eo
1172 4217 1316 4262 sese
1361 4195 1732 4262 consolatus
1772 4205 1892 4275 est,
1949 4196 2193 4262 idcireo
2236 4197 2544 4262 miseram
2589 4197 2773 4262 illam

823 4282 1262 4350 conditionem
1301 4282 1633 4364 patienter
1674 4281 1845 4360 tulit,
1891 4303 2011 4348 nee
2048 4304 2118 4348 se
2143 4281 2352 4347 voluit
2382 4281 2604 4349 Saulis
2629 4303 2776 4366 per·

826 4368 1023 4434 fidiae
1045 4367 1482 4434 committere.
1529 4365 1694 4434 Saul
1731 4388 1889 4432 vero
1931 4378 2165 4433 eontra
2205 4369 2277 4431 in
2323 4367 2535 4434 locum
2581 4389 2774 4434 suum

828 4474 1139 4521 reversus
1180 4461 1301 4528 est,
1347 4459 1415 4517 et
1450 4453 1648 4519 rebus
1685 4452 2055 4534 tranquillis
2103 4461 2170 4517 et
2212 4454 2457 4536 paratis
2502 4475 2662 4519 usus
2707 4454 2776 4517 in

828 4540 1040 4623 pretio
1082 4547 1152 4603 et
1193 4537 1444 4603 honore
1467 4538 1591 4603 fuit
1626 4536 1803 4622 apud
1848 4537 2142 4603 subditos
2186 4537 2412 4604 multis
2457 4540 2779 4604 militibus

827 4625 1130 4709 stipatus,
1173 4643 1336 4706 quos
1380 4622 1811 4706 obsequentes
1854 4623 1938 4687 ad
1981 4624 2158 4688 iussa
2204 4624 2452 4688 habuit.
2498 4625 2608 4688 Ex
2651 4645 2779 4708 quo

829 4710 1176 4786 discamus,
1223 4707 1521 4775 hostibus
1560 4709 1801 4774 nostris
1834 4709 2033 4773 rebus
2076 4708 2379 4775 secundis
2421 4711 2779 4788 utentibus,

831 4801 903 4861 et
943 4795 1086 4860 Deo
1142 4794 1319 4878 ipsos
1377 4795 1583 4860 veluti
1625 4796 2003 4859 fortunante
2046 4812 2181 4857 non
2226 4794 2373 4860 ideo
2416 4802 2637 4860 tamen
2684 4798 2783 4861 in·

832 4879 1110 4964 dignari,
1173 4900 1295 4945 nec
1337 4880 1628 4945 animum
1675 4879 2112 4963 despondere:
2162 4879 2278 4945 sed
2324 4890 2546 4945 tamen
2591 4890 2784 4947 caute

829 4966 1122 5049 ipsorum
1165 4964 1453 5030 furorem
1498 4976 1566 5031 et
1607 4967 1960 5030 amentiam
1996 4965 2308 5049 effugere,
2351 4977 2420 5031 et
2465 4987 2599 5031 uno
2645 4988 2780 5032 mo·

833 5060 1059 5117 mento
1093 5051 1310 5116 fumos
1341 5052 1719 5117 evanituros
1761 5058 2200 5131 contemnere,
2246 5062 2315 5116 et
2358 5072 2783 5136 quoscunque

832 5156 1024 5204 casus
1059 5135 1143 5201 ad
1188 5157 1309 5201 nos
1344 5136 1781 5219 explorandos
1819 5137 2005 5202 Deus
2040 5136 2408 5215 immiserit,
2452 5138 2785 5220 patienter

832 5222 1023 5299 fcere,
1072 5221 1273 5286 donee
1296 5222 1570 5304 ipsemet
1595 5222 1882 5287 laetitiae
1918 5222 2258 5288 materiam
2296 5223 2488 5288 nobis
2530 5223 2780 5289 offerat.

2874 783 3155 850 exitium
3203 786 3503 852 mutabit.

3043 869 3188 934 Iam
3237 891 3394 936 vero
3440 871 3616 957 agite
3660 873 3764 937 ete.

3406 1198 3903 1281 HOMILIA
3951 1195 4295 1281 XCVII.

3577 1351 3778 1418 oAP.
3825 1350 4130 1418 xxvn.

3050 1524 3106 1588 1.
3134 1520 3342 1589 Etait
3361 1522 3584 1590 David
3618 1524 3689 1586 in
3726 1525 3908 1591 eorde
3950 1545 4100 1591 suo.-
4141 1523 4508 1606 Aliquando
4545 1528 4755 1593 incidas

2873 1629 3006 1673 una
3048 1609 3153 1674 die
3194 1609 3263 1672 in
3307 1626 3534 1673 manus
3570 1607 3737 1675 Saul
3749 1634 3768 1673 .·
3808 1630 4009 1675 nonne
4051 1610 4275 1677 melius
4315 1617 4408 1676 est
4455 1618 4520 1677 ut
4554 1613 4758 1696 ἵεις-ῥεια,

2876 1699 2933 1759 et
2988 1695 3198 1759 salver
3252 1692 3325 1758 in
3383 1699 3550 1758 terra
3613 1693 4141 1776 Phaistinorum,
4199 1702 4258 1762 et
4313 1697 4583 1779 desperet
4631 1698 4758 1780 Saul,

2875 1786 3179 1862 cessetque
3198 1799 3295 1844 me
3314 1799 3611 1861 quaerere
3631 1781 3703 1844 in
3743 1783 3980 1847 eunetis
4016 1782 4256 1863 finibus
4278 1781 4539 1848 Israel?
4572 1785 4757 1868 fugiam

2876 1886 3015 1950 erqo
3057 1885 3291 1932 manus
3332 1866 3489 1929 eius.
3556 1864 3617 1930 2.
3648 1863 3739 1930 Et
3778 1869 4058 1931 surrexit
4093 1866 4332 1944 David,
4377 1873 4437 1933 et
4477 1868 4622 1934 abiit
4651 1870 4761 1950 ipse,

2876 1957 2931 2016 et
2973 1952 3242 2016 sexcenti
3281 1951 3414 2015 viri
3452 1970 3594 2017 cum
3637 1970 3727 2027 ee,
3775 1951 3860 2016 ad
3897 1952 4097 2018 Aeliis
4136 1953 4346 2033 filium
4393 1953 4577 2020 Maec
4611 1972 4758 2037 reyes

2882 2036 3060 2103 Geth.
3107 2036 3166 2102 3.
3191 2034 3278 2099 Et
3322 2034 3625 2102 habitavit
3658 2037 3884 2103 David
3923 2058 4063 2102 oum
4103 2039 4305 2103 Aeliis
4347 2041 4424 2105 in
4472 2038 4633 2115 Geth,
4667 2041 4764 2121 ipa

2876 2128 2937 2187 et
2975 2124 3107 2189 viri
3141 2124 3296 2194 eius,
3339 2121 3443 2185 vir
3474 2126 3530 2187 et
3550 2122 3772 2188 domus
3810 2122 3968 2201 eius,
4012 2123 4235 2191 David
4275 2130 4332 2188 et
4374 2126 4538 2191 duae
4573 2143 4762 2200 uxores,

2875 2210 3029 2286 eiust,
3073 2206 3426 2273 Antinoum
3483 2207 3901 2289 Ieerahelitis,
3956 2214 4013 2273 et
4064 2208 4335 2293 Abiyail
4394 2231 4554 2275 uxor
4604 2208 4766 2274 Nabal

2879 2292 3174 2359 Carmeli.
3275 2292 3337 2357 4.
3397 2291 3487 2358 Et
3542 2294 3901 2359 nuntiatum
3955 2299 4045 2358 est
4106 2293 4295 2361 Sauli
4348 2296 4516 2376 quod
4564 2296 4765 2379 tityiaed

2874 2377 3097 2445 David
3156 2379 3226 2443 in
3275 2377 3455 2461 Geth,
3514 2383 3569 2443 et
3623 2400 3744 2445 non
3801 2379 4052 2444 addidit
4103 2381 4274 2447 ultra
4327 2401 4618 2463 quaerere
4650 2399 4765 2446 etm-

2875 2464 2937 2529 5.
2984 2464 3178 2531 Dixit
3232 2468 3441 2528 autem
3474 2463 3697 2530 David
3753 2463 3842 2528 ad
3883 2463 4117 2530 Aeliis:
4179 2465 4257 2532 Si
4297 2468 4516 2532 inveni
4549 2468 4764 2550 qratia·

2875 2551 2947 2614 in
3004 2548 3201 2615 omlis
3256 2550 3405 2626 tuiS,
3461 2550 3642 2614 detur
3696 2547 3859 2614 mihi
3912 2550 4086 2616 loeus
4139 2554 4212 2617 in
4268 2572 4406 2619 uua
4451 2552 4766 2617 urbianus·

2874 2636 3086 2719 qionie
3141 2633 3336 2699 buius
3389 2640 3461 2699 ut
3515 2634 3785 2701 habitem
3829 2635 3947 2700 ibi.-
4002 2656 4116 2701 eur
4156 2638 4324 2704 euim
4367 2644 4575 2703 minet
4609 2654 4772 2703 mus

2874 2727 3023 2787 tuus
3064 2720 3132 2784 in
3174 2720 3423 2784 civitate
3463 2722 3633 2803 reyis
3666 2721 3912 2786 tecum?
3958 2720 4243 2788 &Dedit
4285 2724 4498 2805 itaque
4539 2721 4770 2787 eiAckis

2875 2808 2945 2871 in
3000 2806 3104 2871 die
3158 2804 3280 2870 illa
3322 2803 3590 2888 Siceley:
3637 2812 3904 2888 propter
3961 2827 4156 2888 quam
4211 2828 4481 2874 eausam
4531 2811 4682 2891 facta
4715 2810 4776 2870 ai
4897 2868 4898 2871 ,

2876 2890 3115 2975 Siceleq
3169 2910 3388 2974 reyum
3447 2890 3658 2970 Iuda,
3708 2913 3906 2974 usque
3957 2894 4030 2957 in
4080 2893 4245 2958 diem
4279 2894 4466 2960 hauc.
4555 2895 4608 2959 7.
4661 2891 4776 2956 Fuit

2872 2983 3081 3077 autem
3142 2995 3446 3076 numerus
3509 2977 3759 3043 dierum
3822 2977 4054 3059 quibus
4117 2978 4435 3077 habitavit
4491 2978 4692 3046 David
4731 2978 4778 3039 iu

2873 3084 2968 3214 2:2³
2989 3060 3498 3246 υιῗυεῗαςῗῗεη·
3535 3068 4097 3247 θῆκἐῗῖῗῗὲξῡαηε
4122 3067 4432 3233 amia}
4447 3064 4781 3248 «ἐρωῇ,
4895 3120 4896 3125 ‘

2873 3239 2934 3299 et
2988 3234 3065 3299 de
3114 3232 3326 3310 Germ,
3386 3237 3444 3299 et
3483 3233 3558 3299 de
3598 3232 4006 3300 Amaleeitis:
4059 3235 4128 3310 hi
4179 3237 4351 3301 minu
4386 3239 4562 3320 payi
4598 3234 4781 3300 liabita-

2873 3319 3105 3384 bautur
3161 3319 3233 3384 in
3290 3323 3463 3383 terra
3516 3319 3906 3402 antiquitus,
3962 3321 4248 3386 montibus
4309 3320 4451 3387 Sur
4505 3341 4682 3405 usqae
4721 3317 4780 3381 erl

2873 3409 3108 3470 terram
3172 3403 3466 3488 Aeqypti.
3577 3405 3638 3470 9.
3708 3404 3799 3470 Et
3853 3406 4238 3488 percutiebat
4301 3407 4539 3474 David
4595 3424 4780 3471 omae-

2872 3494 3129 3574 terram,
3184 3509 3294 3555 nee
3335 3490 3727 3573 relinquebat
3775 3492 4080 3557 viventem
4118 3494 4331 3557 virum
4375 3499 4441 3558 et
4481 3493 4780 3559 mulierem·-

2872 3576 3210 3659 tollensque
3264 3595 3438 3653 ovea,
3494 3581 3552 3641 et
3607 3577 3822 3653 boves,
3883 3581 3940 3642 et
3994 3578 4245 3653 asinos,
4307 3583 4363 3642 et
4424 3579 4702 3651 aarum,
4744 3580 4782 3640 d

2873 3666 3068 3727 vestes
3109 3660 3542 3733 revertebatur.
3587 3667 3646 3727 et
3683 3662 3963 3728 veniebat
4004 3663 4092 3729 ad
4136 3662 4359 3729 Aeliis·
4423 3666 4527 3730 10.
4571 3662 4781 3728 Dicebat

2875 3752 3083 3813 autem
3128 3744 3440 3811 eiAehis:
3484 3745 3572 3810 Iu
3605 3767 3787 3829 quem
3833 3748 4084 3814 eruisti
4118 3740 4354 3814 hodie?
4408 3747 4786 3832 Respondete

2874 3831 3117 3912 David,
3172 3836 3386 3898 eontra
3443 3832 3770 3899 meridiem
3797 3832 4061 3916 -Iudae,
4121 3838 4177 3897 et
4232 3840 4462 3902 contra
4518 3835 4782 3900 meridia·

2879 3917 3204 3997 Ierameel,
3267 3921 3326 3982 et
3385 3923 3601 3983 consta
3663 3919 3992 3984 meridiem
4059 3916 4229 3985 Geui.
4311 3921 4424 3986 11.
4505 3921 4706 3987 Vir-m
4747 3920 4786 3981 ά

2874 4004 3198 4070 mulierem
3224 4003 3719 4085 nonvivifteabat
3740 4003 3980 4083 David,
4021 4023 4132 4070 uec
4172 4006 4530 4073 adducebat
4569 4001 4783 4075 ἐπιθῶ,

2875 4091 3124 4157 dicens.-
3175 4087 3276 4153 Ne
3312 4088 3475 4170 forte
3516 4089 3859 4172 loquantur
3901 4090 4207 4156 adversm
4247 4111 4390 4157 noe.
4485 4091 4656 4159 Haec
4681 4086 4784 4170 feeit

2877 4174 3132 4241 David:
3177 4179 3236 4239 et
3268 4172 3380 4241 hoc
3420 4179 3554 4239 erat
3594 4175 3904 4242 decretum
3944 4176 4052 4241 illi
4095 4176 4394 4242 omnibus
4437 4178 4652 4243 diebus
4683 4174 4782 4256 qni·

2878 4260 2994 4327 bus
3034 4258 3342 4325 habitavit
3383 4260 3456 4324 iu
3494 4261 3742 4344 reqione
3784 4258 4333 4328 Philisthinomm.
4409 4263 4520 4329 12.
4568 4256 4782 4328 &edidit

2877 4365 3023 4430 erqo
3067 4343 3273 4410 Actus
3317 4343 3553 4421 David,
3612 4346 3860 4412 acam.-
3920 4345 4134 4413 Multa
4185 4349 4370 4413 maza
4417 4344 4784 4432 operam-4
4886 4298 4888 4457 {

2879 4438 3096 4530 eontra
3127 4430 3443 4512 populum
3483 4449 3672 4497 suum
3716 4431 3958 4497 Israel:
4011 4432 4132 4497 erit
4172 4433 4379 4516 ἰθεῖαν
4423 4433 4589 4501 milii
4625 4445 4782 4500 saw

2876 4521 3310 4600 sempiternum.

3056 4702 3277 4772 David
3322 4703 3586 4772 tandem
3625 4705 3851 4772 multis
3883 4706 4238 4773 exantlatis
4275 4707 4637 4783 laboribus,
4673 4700 4786 4769 mul·

2882 4793 2967 4858 tis
2991 4790 3460 4857 dificultatibus
3482 4800 3551 4858 et
3572 4792 4046 4859 tentationibus
4066 4793 4423 4876 superatis,
4450 4792 4694 4859 tandem
4710 4807 4784 4852 ex·

2883 4878 3083 4944 torris
3151 4877 3370 4961 patria
3427 4877 3496 4943 in
3555 4877 3840 4943 alienam
3899 4877 4233 4961 regionem
4285 4879 4535 4964 fugere
4577 4876 4782 4962 augium
4883 4880 4884 4893 ¹

2883 4977 2952 5030 et
2973 4985 3131 5031 sane
3167 4963 3560 5049 gravissima
3594 4963 3720 5028 fuit
3762 4964 3935 5028 inter
3975 4984 4206 5029 omnes
4249 4967 4652 5030 tentationes
4685 4962 4782 5031 ist&

2885 5070 3089 5133 quum
3143 5056 3406 5115 coaetus
3450 5058 3553 5115 est
3591 5048 3894 5114 exsulare
3938 5060 4119 5114 terra
4162 5070 4366 5133 quam
4409 5051 4597 5118 Deus
4638 5047 4786 5138 Abnf
4881 5124 4882 5133 χ

2885 5135 3068 5201 hami
3103 5135 3380 5220 posteris
3423 5135 3492 5200 in
3538 5134 4009 5200 haereditatem
4056 5146 4520 5202 concesserat:
4563 5148 4634 5199 ut
4668 5148 4786 5195 rm·

2884 5221 3098 5288 simile
3130 5221 3222 5288 sit
3239 5218 3568 5286 Davidem
3605 5220 3730 5286 hoe
3775 5220 4079 5286 exsilium
4121 5223 4268 5304 ipsa
4315 5230 4544 5289 morte
4584 5216 4786 5306 gravia
