5059 6059
343 283 468 350 273

336 484 591 558 quatur.
677 472 880 555 Atqui
909 478 1050 539 erat
1095 493 1391 540 summus
1434 472 1747 557 pontifex,
1793 471 2063 538 Domini
2112 494 2261 540 nos·

334 562 417 626 tri
485 560 636 626 Iesu
706 559 958 625 Christi
1038 579 1385 643 personam
1468 569 1994 642 repraesentans,
2081 561 2263 626 euius

333 655 475 712 erat
517 645 758 711 iudicio
803 655 870 711 et
912 646 1272 711 sententiae
1316 645 1641 724 standum,
1690 645 1859 728 quod
1888 646 2066 711 Deus
2090 644 2263 730 apud

332 732 559 797 Mosen
607 734 672 796 in
720 732 913 798 Deut.
957 732 1172 809 iubet,
1228 740 1295 796 et
1354 732 1434 797 ab
1486 733 1626 798 eius
1670 752 1782 797 ore
1826 730 2261 815 pendendum,

331 831 402 882 nt
440 839 865 902 quaeeunque
910 818 1215 894 dixisset,
1273 817 1416 882 sine
1459 817 1973 883 contradictione
2019 820 2262 901 recipe-

328 919 578 970 rentur.
668 903 917 970 Verum
965 905 1302 969 enimvero
1346 904 1498 970 licet
1554 902 1636 968 ad
1683 912 1930 968 tantam
1977 903 2261 988 dignita·

327 999 456 1055 tem
503 1001 805 1067 evectus,
867 1000 1102 1073 sponte
1167 1000 1385 1055 tamen
1452 1010 1572 1056 sua
1636 991 1985 1055 autoritate
2051 990 2260 1055 cessit.

327 1075 477 1158 Qua
515 1079 583 1142 in
630 1097 703 1140 re
747 1097 866 1142 nos
910 1077 1114 1153 docet,
1160 1098 1287 1159 quo
1334 1075 1580 1141 maiora
1624 1085 1689 1140 et-
1732 1075 2049 1159 ampliora
2093 1075 2264 1141 dona

325 1185 363 1230 a
406 1164 551 1228 Deo
597 1164 981 1245 accepimus,
1024 1184 1101 1227 eo
1146 1163 1457 1227 maiorem
1503 1162 1571 1226 in
1618 1162 1804 1228 nobis
1848 1162 2089 1245 requiri
2124 1182 2261 1226 mo-

323 1248 636 1327 destiam,
704 1270 913 1333 neque
978 1247 1060 1313 ob
1124 1248 1240 1312 illa
1294 1247 1729 1332 gloriandum.
1817 1245 2260 1329 Quamobrem

321 1336 439 1401 etsi
465 1333 839 1401 sacerdotes
863 1336 1046 1399 Deus
1069 1333 1305 1418 populo
1327 1356 1445 1400 suo
1471 1334 1888 1416 praefecerat,
1933 1355 2005 1398 se
2038 1344 2261 1398 tamen

321 1421 622 1487 homines
669 1441 810 1486 esse
853 1433 919 1484 et
963 1420 1130 1485 nihil
1177 1441 1216 1484 a
1259 1443 1329 1485 se
1372 1420 1657 1485 alienum
1711 1420 1984 1485 humani
2030 1428 2261 1503 putare

320 1507 727 1573 debuerunt:
794 1519 992 1590 atque
1036 1507 1195 1570 adeo
1238 1527 1472 1573 cavere
1517 1527 1600 1571 ne
1642 1528 1762 1571 sua
1806 1506 2151 1570 autoritate
2197 1515 2262 1570 et

320 1603 645 1677 potestate
727 1591 810 1658 ad
888 1606 916 1657 t
962 1593 1306 1657 rannidem
1383 1604 1496 1656 aut
1555 1613 1638 1676 po
1688 1592 1778 1655 uli
1840 1591 2258 1657 vexationem

318 1678 782 1745 abuterentur:
818 1700 889 1744 se
969 1680 1184 1763 potius
1218 1700 1338 1743 sua
1372 1699 1589 1744 coram
1696 1700 1771 1742 eo
1808 1699 1956 1744 cum
1992 1677 2257 1761 reliquis

320 1775 578 1851 peecata
626 1785 983 1849 agnoscere
1029 1765 1420 1847 veniamque
1464 1764 1814 1848 deprecari,
1875 1784 1950 1829 ac
1994 1765 2258 1845 spiritus

324 1853 617 1936 gratiam,
682 1872 810 1934 quo
869 1849 1032 1917 duee
1092 1861 1494 1934 regerentur,
1552 1849 1922 1933 implorare.
2012 1850 2100 1914 Et
2159 1849 2256 1913 id-

323 1939 484 2004 eireo
526 1938 697 2017 Dee,
744 1957 876 2001 non
923 1946 1179 2000 tantum
1222 1957 1341 2019 pro
1386 1935 1642 2019 populo,
1690 1935 1801 2001 sed
1840 1958 1958 2019 pro
1992 1957 2063 2000 se
2099 1935 2257 2019 ipsis

322 2024 542 2088 offerre
586 2023 912 2088 sacrificia
957 2023 1116 2086 iussi
1164 2032 1335 2101 sunt,
1393 2022 1680 2104 alioquin
1724 2021 1983 2106 indigni
2028 2023 2137 2104 qui
2174 2021 2253 2085 ad

319 2109 761 2175 sanctuarium
851 2107 1250 2186 accederent,
1341 2108 1468 2173 nisi
1549 2108 1732 2191 prius
1798 2108 2120 2191 purificati
2189 2117 2257 2172 et

317 2195 733 2262 sanctificati:
794 2215 923 2277 qua
977 2215 1109 2258 una
1166 2194 1416 2258 ratione
1480 2193 1790 2277 populum
1834 2194 2092 2259 erudire
2137 2216 2252 2277 po·-

315 2288 595 2345 tuerunt.
710 2279 885 2346 Hinc
953 2280 1176 2363 itaque
1236 2281 1478 2345 factum
1535 2292 1611 2344 ut
1667 2279 1824 2344 Heli
1884 2281 2249 2362 pontificem

314 2389 425 2434 sua
468 2366 768 2451 dignitas
812 2366 1080 2430 minime
1122 2367 1472 2443 excusarit,
1516 2365 1675 2448 quin
1713 2364 1792 2430 ad
1832 2367 2067 2431 Annae
2102 2366 2254 2431 sim-

311 2453 533 2535 plicem
602 2452 1099 2535 responsionem
1160 2473 1445 2516 errorem
1505 2473 1697 2516 suum
1761 2459 2141 2535 agnosceret
2185 2459 2251 2515 et

310 2539 645 2605 fateretur.
736 2539 837 2602 Ex
898 2559 1024 2620 quo
1069 2551 1339 2621 apparet
1379 2547 1625 2620 quanta
1669 2538 1756 2601 sit
1798 2558 2023 2601 eorum
2070 2558 2246 2601 arro-

310 2626 540 2709 gantia,
586 2623 709 2707 qui
753 2645 874 2689 sua
919 2625 1237 2708 dignitate
1281 2622 1363 2687 ad
1409 2622 1777 2688 audendum
1823 2643 1942 2707 pro
1979 2623 2247 2688 arbitrio

309 2710 627 2794 quidlibet
686 2711 1068 2792 abutuntur,
1126 2731 1246 2775 nec
1291 2730 1360 2774 se
1402 2730 1443 2773 ‘a
1486 2729 1811 2791 quoquam
1857 2708 2244 2792 reprehendi

307 2818 483 2880 posse
536 2796 985 2861 arbitrantur:
1044 2795 1154 2860 sed
1215 2817 1284 2860 se
1344 2816 1463 2859 sua
1513 2793 1833 2878 dignitate
1872 2804 1937 2859 et
1996 2795 2242 2859 autori-

307 2892 431 2947 tate
492 2893 820 2965 tanquam
878 2882 1107 2967 clypeo
1174 2887 1425 2965 tegunt,
1510 2881 1854 2963 Deumque
1920 2882 2116 2945 etiam
2174 2883 2241 2945 in

306 2969 469 3035 mala
524 2989 733 3035 eausa
779 2966 1178 3033 defensorem
1226 2989 1301 3032 ae
1346 2977 1691 3048 patronum
1738 2975 2072 3049 expetunt.
2166 2971 2243 3029 At.

308 3067 519 3121 eontra
579 3053 965 3133 dicendum,
1018 3073 1240 3118 eorum
1303 3053 1603 3129 officium,
1663 3053 1768 3135 qui
1829 3050 1910 3118 ad
1955 3072 2244 3118 summos

307 3140 575 3207 honores
632 3140 839 3205 evecti
899 3148 1074 3219 sunt,
1134 3137 1487 3222 postulare,
1560 3147 1635 3202 ut
1693 3140 1757 3202 in
1817 3139 2243 3223 agnoscendis

310 3227 627 3293 erroribus
674 3225 812 3291 suis
851 3225 975 3309 ipsi
1009 3224 1206 3308 vulgo
1243 3232 1557 3309 praeeant
1591 3224 1917 3305 exemplo:
1964 3235 2030 3289 et
2063 3245 2242 3289 sum·

309 3334 561 3397 mopere
618 3323 903 3379 caveant
944 3332 1028 3375 ne
1075 3309 1390 3394 dignitate
1430 3331 1551 3375 sua
1590 3310 1670 3373 ad
1718 3310 1984 3375 infimae
2026 3310 2241 3376 condi·

312 3401 496 3464 tionis
539 3399 845 3464 homines
888 3396 1351 3481 opprimendos
1395 3395 1765 3473 abutantur,
1826 3395 1938 3461 sed
1983 3396 2240 3461 eosdem

312 3486 515 3567 potius
589 3483 947 3550 sublevent
1004 3493 1201 3565 atque
1259 3491 1569 3547 tutentur.
1658 3482 1766 3546 En
1824 3482 2031 3565 ipsius
2087 3480 2239 3546 Heli

311 3571 699 3653 exemplum,
761 3591 890 3633 non
940 3578 1195 3633 tantum
1239 3589 1527 3633 errorem
1575 3585 1763 3632 sunm
1811 3568 2241 3652 agnoscentis,

307 3656 553 3722 veniam
628 3655 1061 3739 deprecantis,
1137 3676 1212 3720 ac
1284 3676 1417 3719 non
1471 3653 1665 3718 modo
1724 3653 1997 3719 sollicite
2056 3653 2236 3717 illam

304 3741 381 3805 ab
418 3744 591 3808 omni
636 3743 831 3825 culpa
868 3739 1226 3813 liberantis,
1269 3738 1382 3804 sed
1421 3740 1615 3804 etiam
1655 3738 1869 3804 Deum
1910 3740 2239 3823 precantis

312 3837 383 3891 ut
451 3827 749 3894 mulieris
826 3847 1053 3911 preces
1134 3825 1444 3890 exaudire
1522 3825 1923 3910 dignaretur.
2011 3824 2238 3907 Quare

315 3915 497 3996 agite,
537 3917 796 3993 fratres,
857 3935 975 3979 nos
1018 3912 1159 3977 sine
1203 3911 1617 3977 simulatione
1662 3919 1729 3975 et
1769 3911 2097 3996 hypocrisi
2144 3913 2237 3976 sic

315 4018 788 4082 cognoscamus,
834 4007 913 4062 ut
953 3997 1262 4081 quidquid
1308 3996 1567 4077 bonum,
1625 3997 1936 4080 quidquid
1984 3997 2235 4062 licitum

314 4096 424 4158 est.
463 4086 530 4150 in
575 4085 767 4152 nobis
808 4085 1201 4161 inveniatur,
1259 4104 1404 4166 quo,
1450 4083 1600 4148 licet
1643 4082 2034 4166 imperfecti,
2094 4082 2237 4147 Deo

310 4177 515 4236 tamen
562 4173 737 4256 grati
774 4170 1008 4236 simus:
1056 4169 1149 4233 ita
1186 4171 1513 4252 proximos
1549 4168 1949 4249 adiuvemus,
1994 4177 2068 4233 ut
2106 4188 2237 4232 non

309 4253 674 4323 hominibus
719 4267 1001 4336 tantum,
1044 4254 1158 4320 sed
1206 4255 1331 4338 ipsi
1376 4254 1536 4330 Deo,
1586 4256 1897 4319 bonorum
1944 4254 2235 4320 omnium

310 4339 615 4426 largitori,
660 4344 833 4407 sacta
875 4354 1099 4406 nostra
1142 4342 1656 4425 comprobemus.

471 4429 772 4512 Denique
841 4426 965 4492 Dei
1030 4427 1186 4510 Opt.
1253 4427 1431 4492 Max.
1500 4426 1822 4492 maiestati
1881 4426 2031 4491 facti
2085 4447 2236 4509 sup·

307 4513 496 4595 plices
559 4533 906 4598 precemur
962 4535 1108 4578 eum
1171 4512 1281 4577 det
1338 4513 1528 4579 nobis
1590 4511 1758 4578 hanc
1802 4513 2099 4596 gratiam,
2168 4522 2239 4575 ut

308 4617 562 4681 peccata
646 4611 873 4665 nostra
951 4599 1157 4683 magis
1225 4599 1562 4682 magisque
1626 4611 2069 4682 agnoscentes,
2148 4599 2240 4661 sic

306 4683 503 4765 ipsius
560 4688 801 4751 iudicia
847 4695 1235 4763 metuamus,
1297 4697 1371 4749 ut
1415 4685 1493 4748 ad
1541 4681 2051 4750 misericordiam
2095 4683 2236 4748 eius

308 4771 776 4856 confugiamus,
813 4769 893 4835 de
928 4771 1066 4836 eius
1103 4770 1448 4836 clementia
1484 4771 1629 4835 facti
1669 4771 2008 4834 certiores:
2050 4768 2238 4832 modo

308 4856 440 4921 sine
498 4860 648 4922 fuco
706 4868 774 4923 et
830 4858 1081 4922 sineere
1126 4857 1204 4922 ad
1253 4858 1468 4939 ipsum
1515 4855 1917 4938 accedamus,
1979 4865 2046 4918 et
2088 4875 2236 4921 cum

310 4962 559 5009 summa
616 4943 985 5008 humilitate
1041 4952 1105 5006 et
1151 4945 1465 5007 modestia
1508 4941 1821 5005 malitiam
1867 4962 2125 5005 omnem
2173 4949 2241 5003 et

311 5046 537 5109 pravos
572 5030 845 5096 affectus
879 5040 1220 5104 exuentes,
1267 5029 1407 5093 eius
1444 5027 1693 5092 iustitia
1728 5028 1821 5092 sic
1856 5027 2236 5102 vestiamur,

310 5125 377 5176 ut
434 5114 595 5179 nihil
656 5114 982 5199 impediat,
1043 5114 1388 5195 quominus
1442 5114 1582 5178 eius
1640 5114 1704 5177 in
1760 5111 1945 5176 nobis
2000 5133 2235 5176 nomen

316 5198 740 5281 glorificetur:
804 5223 880 5267 ac
957 5200 1156 5265 verbo
1216 5202 1358 5264 eius
1410 5198 1856 5278 adhaerentes,
1925 5196 1990 5262 id
2050 5207 2236 5263 nocte

504 5301 727 5358 Calvina·
751 5318 945 5372 opera.
1011 5301 1128 5361 Vol.
1156 5301 1388 5361 XXIX.

1713 283 1815 349 IN
1858 282 1911 348 1.
1960 281 2137 350 LIB.
2184 283 2588 354 SAMUEL.
2650 285 2847 354 CAP.
2893 288 2947 354 1.

4185 286 4317 355 274

2368 473 2604 577 dieque
2650 496 3008 557 versemus,
3051 487 3124 543 ut
3174 477 3256 543 ad
3293 479 3434 545 eius
3471 499 3768 546 normam
3808 480 4015 548 vitam
4048 498 4310 546 omnem

2365 581 2730 646 exigamus.

2829 908 3325 993 HOMILIA
3370 908 3850 997 QUARTA.

2538 1076 2637 1144 18.
2698 1077 2789 1143 Et
2841 1077 2999 1143 abiit
3049 1078 3281 1144 mulier
3336 1079 3408 1144 in
3464 1079 3637 1144 viam
3682 1101 3882 1159 suam,
3937 1087 3992 1148 et
4034 1083 4310 1158 consedit,

2364 1168 2420 1228 et
2473 1164 2645 1229 irata
2697 1164 2900 1247 facies
2957 1185 3081 1230 non
3139 1169 3275 1230 erat
3329 1164 3603 1246 amplius
3663 1168 3740 1231 ei.
3832 1167 3933 1233 19.
3989 1167 4312 1252 Quumque

2361 1254 2687 1334 surqentes
2742 1271 2930 1317 mane
2983 1251 3486 1316 incurvavissent
3540 1272 3607 1315 se
3663 1271 3878 1318 coram
3938 1254 4194 1332 Iehova,
4257 1259 4314 1318 et

2362 1340 2724 1401 revertentes
2777 1339 3214 1418 pervenissent
3267 1336 3514 1401 domum
3571 1357 3755 1401 suam
3815 1339 4109 1419 Romam,
4175 1361 4311 1424 coq-

2361 1422 2532 1485 novit
2575 1420 2830 1489 Elcana
2874 1424 3133 1487 Annam
3174 1442 3431 1487 uxorem
3474 1443 3691 1487 suam.-
3733 1429 3790 1488 et
3833 1424 4065 1492 Iehova
4096 1445 4308 1492 recor·

2361 1508 2546 1572 datus
2590 1512 2681 1571 est
2720 1510 2872 1573 eius.
2961 1509 3066 1574 20.
3115 1507 3273 1572 Fuit
3313 1508 3479 1572 enim
3513 1514 3662 1592 post
3699 1510 4112 1577 revolutiones
4154 1519 4304 1577 tem-

2350 1592 2537 1675 poris
2580 1612 2656 1657 ex
2698 1614 2821 1675 quo
2861 1593 3134 1676 concepit
3177 1595 3390 1676 Anna,
3437 1598 3503 1658 ut
3531 1601 3785 1675 pareret
3822 1596 4064 1677 filium.-
4118 1617 4296 1662 voca·

2359 1679 2565 1760 vitque
2620 1699 2833 1743 nomen
2892 1680 3028 1746 eius
3076 1678 3519 1746 Schmuezem:
3587 1681 3780 1759 Nam,
3835 1683 4059 1765 inquit,
4104 1705 4146 1748 a
4190 1683 4293 1750 Ie—

2356 1763 2513 1828 hova
2563 1765 2762 1846 petivi
2804 1764 3004 1832 illum.
3089 1768 3191 1830 21.
3237 1764 3486 1831 Deinde
3527 1766 3929 1833 adscendente
3970 1771 4113 1851 ipso
4156 1770 4294 1834 viro

2355 1846 2605 1915 Elcana
2663 1870 2802 1915 cum
2858 1855 2984 1915 tota
3034 1851 3290 1933 familia
3346 1871 3468 1916 sua
3524 1851 3609 1916 ad
3665 1854 4146 1936 sacrificandum
4192 1854 4292 1920 Ie*

2356 1935 2546 2001 hovae
2578 1937 2963 2017 sacrificium
3005 1937 3167 2002 illud
3209 1937 3734 2015 anniversarium,
3779 1944 3836 2003 et
3866 1945 4072 2005 votum
4105 1957 4294 2007 suum

2342 2021 2839 2103 persolvendum,
2925 2022 3028 2087 22.
3073 2022 3270 2087 Anna
3312 2042 3434 2086 non
3466 2024 3818 2089 adscendit:
3855 2025 4091 2091 dicebat
4126 2028 4292 2092 enim

2353 2108 2492 2171 viro
2537 2128 2672 2189 suo,
2716 2109 3128 2189 differendum
3171 2110 3355 2173 donec
3399 2108 3694 2173 educatus
3725 2111 3918 2193 fuerit
3938 2131 4108 2192 puer
4141 2115 4293 2178 iste:

2352 2197 2496 2257 tunc
2549 2193 2859 2259 adducam
2917 2214 3055 2259 eum
3109 2200 3181 2259 ut
3236 2213 3594 2275 comparens
3637 2196 3708 2259 in
3748 2203 4066 2278 conspectu
4109 2198 4290 2263 Ielto-

2352 2299 2482 2354 vae‚
2538 2284 2787 2344 maneat
2845 2278 2936 2344 ibi
2989 2301 3184 2363 usque
3241 2281 3312 2344 in
3365 2280 3698 2346 saeculum.
3787 2282 3889 2346 23.
3956 2281 4075 2348 Oui
4125 2285 4295 2350 dixit

2352 2362 2603 2430 Eleana
2669 2366 2769 2429 vir
2830 2366 2987 2441 ciue,
3045 2367 3152 2447 fac
3215 2367 3377 2447 quod
3430 2365 3652 2431 bonum
3694 2369 3938 2433 videtur
3980 2370 4050 2434 in
4094 2370 4294 2436 oculis

2350 2450 2498 2533 tuis,
2544 2470 2724 2515 mane
2759 2450 2942 2516 donec
2973 2452 3333 2518 educaveris
3365 2471 3535 2516 eum:
3582 2455 4001 2519 tantummodo
4021 2461 4296 2538 praestet

2352 2534 2585 2600 Iehova
2627 2536 2879 2601 verbum
2919 2557 3126 2602 suum.
3218 2535 3326 2602 Sic
3365 2539 3602 2602 mansit
3642 2540 3870 2604 mulier
3912 2539 4029 2606 illa
4059 2546 4128 2605 ut
4161 2541 4289 2606 lac—

2350 2626 2509 2686 taret
2542 2621 2752 2702 filium
2794 2642 3002 2704 suum,
3062 2625 3247 2690 donec
3291 2625 3608 2690 educasset
3647 2644 3804 2690 eum.
3889 2626 3995 2690 24.
4041 2625 4290 2693 Deinde
4366 2694 4370 2698 ,

2350 2708 2611 2772 abduxit
2651 2727 2790 2771 eum
2832 2727 3059 2789 secum,
3091 2714 3427 2791 postquam
3469 2710 3751 2775 educavit
3791 2731 3951 2795 eum,
3997 2732 4138 2776 cum
4179 2714 4283 2778 iu·

2348 2793 2557 2857 veneis
2611 2793 2812 2859 tribus
2867 2799 2924 2858 et
2980 2794 3136 2876 epha
3180 2815 3302 2860 uteo
3341 2795 3611 2876 farinae,
3670 2809 3730 2860 et
3775 2802 3913 2862 utre
3955 2797 4138 2863 vini:
4183 2800 4284 2863 in-

2346 2879 2742 2961 troduxitque
2807 2900 2946 2945 eum
3002 2882 3072 2943 in
3114 2881 3364 2946 domum
3409 2880 3671 2945 Iehovae
3716 2880 4062 2948 Schilunte:
4111 2901 4283 2964 puer

2347 2970 2551 3030 autem
2608 2971 2742 3030 erat
2799 2966 3135 3032 admwium
3178 2986 3361 3048 puer.
3441 2966 3544 3031 25.
3592 2967 4143 3050 Mactaveruntque
4184 2971 4287 3036 iu·

2345 3070 2632 3200 mma
2641 3052 3270 3203 tymim*
3290 3053 3937 3204 {wmi’iossssmfflssi’
3997 3054 4108 3205 Ξῗ·
4133 3055 4290 3207 υἳῖἆ

2769 3189 2785 3219 2
3411 3187 3427 3221 Ὶ
3912 3187 3930 3223 ²

2347 3222 2567 3286 anima
2624 3227 2767 3288 tua.-
2824 3222 3093 3290 Domine
3133 3225 3244 3305 mi,
3303 3244 3445 3288 sum
3488 3223 3717 3289 mulier
3757 3245 3918 3306 quae
3959 3227 4163 3291 stabat
4204 3233 4287 3292 te·

2346 3327 2485 3372 cum
2544 3307 2645 3372 hic
2706 3309 3120 3390 supplicando
3181 3310 3490 3376 Ielzovam.
3570 3309 3676 3374 27.
3735 3309 3867 3375 Pro
3910 3331 4109 3392 puero
4168 3313 4287 3378 isto

2345 3393 2803 3476 supplicabam:
2882 3396 3319 3478 praestititque
3401 3394 3562 3460 mihi
3641 3395 3874 3461 Iehova
3921 3398 4284 3478 petitionem

2344 3498 2544 3544 meam
2608 3501 2799 3562 quam
2849 3481 3135 3562 petebam
3202 3482 3277 3546 ab
3351 3501 3439 3545 eo.
3526 3480 3631 3546 28.
3701 3481 4108 3564 Quamobrem
4174 3504 4284 3568 eye

2343 3585 2579 3647 quoque
2638 3567 3081 3632 commodatum
3147 3568 3402 3632 restituo
3474 3586 3614 3631 eum
3685 3567 3946 3633 Iehovae
3999 3569 4286 3635 omnibus

2339 3650 2557 3716 diebus
2620 3653 2842 3733 quibus
2896 3652 3109 3735 fuerit,
3182 3654 3319 3736 ipse
3382 3653 3799 3720 commodatus
3853 3658 3942 3720 est
3976 3654 4279 3722 Iehovae:

2340 3737 2811 3820 incuwavitque
2843 3758 2912 3802 se
2960 3737 3281 3804 Schemuel
3323 3736 3412 3803 ibi
3449 3737 3725 3803 Iehovae.

2510 3907 2656 3973 Nisi
2703 3912 2901 3973 Anna
2944 3909 3142 3992 probe
3186 3899 3517 3992 cognitum
3568 3909 3900 3974 habuisset
3943 3913 4276 3997 singulare

2342 3993 2466 4058 Dei
2551 3993 2793 4058 donum
2859 4013 3000 4059 esse
3062 3994 3601 4078 propagationem
3673 3996 3929 4070 sobolis,
4013 4001 4280 4065 minime

2339 4099 2498 4145 sane
2572 4089 2755 4144 tanta
2828 4099 2973 4144 cum
3045 4080 3246 4144 animi
3317 4079 3735 4145 vehementia
3790 4097 4036 4165 quanta
4096 4086 4280 4150 audi-

2342 4167 2574 4242 vimus,
2641 4186 2869 4248 preces
2923 4165 3095 4248 apud
3156 4167 3373 4230 Deum
3433 4166 3726 4232 fudisset.
3817 4168 3948 4233 Sed
4012 4172 4280 4256 vulgata

2339 4251 2498 4316 satis
2565 4261 2707 4315 erat
2774 4271 2850 4315 ea
2918 4251 3211 4317 doctrina
3268 4250 3439 4335 apud
3500 4250 3852 4330 Israelitas,
3921 4275 4112 4337 quam
4170 4257 4279 4321 lex

2341 4337 2486 4419 ipsa
2522 4336 2807 4415 docebat,
2844 4345 2908 4401 et
2945 4348 3203 4419 patrum
3241 4338 3538 4420 exempla
3575 4339 4080 4404 confirmabant:
4119 4359 4281 4424 quos

2341 4423 2537 4488 etiam
2608 4424 2821 4488 Deum
2884 4444 3025 4488 esse
3079 4445 3198 4506 pro
3242 4423 3678 4507 suscipiendis
3725 4424 3941 4490 liberis
3983 4438 4282 4509 precatus

2341 4530 2525 4575 sacra
2570 4511 2891 4592 scriptura
2935 4509 3140 4574 docet.
3228 4509 3330 4573 Ita
3375 4509 3671 4574 videmus
3719 4510 4011 4576 Isaaeum
4065 4513 4282 4578 Deum

2341 4595 2758 4677 interpellare
2794 4597 3111 4676 precibus,
3150 4605 3226 4658 ut
3261 4596 3482 4660 uxoris
3519 4607 3797 4671 uterum,
3838 4618 3999 4678 quae
4035 4600 4280 4663 sterilis

2342 4692 2502 4761 erat,
2548 4682 2866 4762 aperiret:
2928 4693 3122 4763 atque
3167 4703 3202 4745 a
3246 4679 3390 4745 Deo
3436 4682 3635 4746 fuisse
3679 4682 4078 4748 exauditum.
4173 4686 4284 4750 Ia-

2339 4768 2537 4830 cobus
2597 4787 2748 4831 vero
2805 4766 3177 4839 Rachelem‚
3245 4767 3613 4849 importune
3657 4766 3894 4831 liberos
3941 4790 3978 4830 a
4024 4789 4092 4833 se
4140 4785 4281 4834 ma-

2340 4853 2467 4916 rito
2510 4852 2917 4936 flagitantem
2964 4853 3256 4936 graviter
3301 4852 3734 4935 reprehendit,
3783 4852 4017 4918 doeens
4062 4857 4158 4921 sic
4194 4857 4280 4921 ab

2341 4938 2710 5002 hominibus
2769 4940 3066 5021 generari
3131 4938 3383 5017 liberos,
3451 4947 3523 5000 ut
3583 4957 3622 5002 a
3667 4936 3790 5000 Dei
3841 4938 4128 5006 bonitate
4172 4943 4276 5007 vis

2339 5024 2451 5087 illa
2495 5036 2635 5088 tota
2678 5022 3065 5108 dependeat:
3114 5045 3322 5106 neque
3366 5022 3670 5086 omnibus
3707 5041 3848 5087 esse·
3886 5025 4092 5108 prolis
4129 5051 4270 5094 sus·

2338 5109 2675 5194 cipiendae
2737 5111 2870 5174 vim
2921 5111 3201 5174 insitam.
3293 5108 3514 5189 Quare
3561 5107 3683 5172 boc
3728 5119 3866 5174 osto
3910 5111 4169 5178 axioma
4208 5125 4276 5179 et

2336 5195 2581 5279 regula,
2638 5206 2713 5260 ut
2757 5196 3146 5279 quicumque
3191 5195 3426 5258 liberos
3471 5204 3875 5277 genuerunt,
3940 5196 4150 5265 Deum
4200 5223 4268 5266 re

3799 5294 3872 5355 18
