5059 6059
259 336 366 405 165

251 526 368 593 Im
413 521 674 606 reperiri
718 521 834 604 qui
875 518 1024 585 Deo
1062 526 1289 603 gratus
1331 525 1399 583 et
1442 527 1746 600 acceptus
1790 523 1997 583 esset:
2040 535 2155 581 ne·

249 632 359 697 que
406 610 570 675 enim
631 629 672 672 a
713 606 857 671 Deo
904 606 1150 671 frustra
1192 603 1459 671 Samuel
1506 603 1745 668 missus
1789 622 1865 667 eo
1909 604 2154 667 fuerat:

250 698 349 765 sed
387 694 658 778 aliquem
703 714 783 758 ex
829 691 944 757 illa
984 691 1231 756 familia
1274 709 1501 774 regem
1544 688 1685 754 fieri
1731 688 2155 754 constitutum

247 792 387 861 erat,
445 780 710 863 quinam
773 797 931 862 ergo
995 798 1128 846 uon
1193 776 1447 842 curavit
1504 775 1639 840 lsai
1698 773 1906 840 filium
1961 794 2155 840 suum

246 865 538 935 Davidem
574 885 725 930 cum
761 864 1036 930 caeteris
1072 860 1420 928 advocari?
1490 858 1629 927 Cur
1664 880 1868 943 quum
1905 869 2153 943 septem

240 956 497 1020 maiores
527 963 686 1016 natu
725 950 927 1016 veluti
963 948 1287 1031 repulsam
1325 967 1548 1030 passos
1583 945 2154 1022 animadverteret,

241 1061 359 1105 nou
392 1040 522 1120 ipse
565 1038 737 1101 ultro
763 1033 1037 1101 Davidis
1080 1034 1367 1099 absentis
1409 1031 1752 1096 meminit?
1800 1030 1934 1096 Sed
1979 1031 2157 1098 dicas

237 1126 414 1210 plane
454 1124 665 1206 ipsum
714 1120 1162 1204 perturbatum
1206 1117 1546 1197 caecutire,
1588 1128 1659 1182 et
1680 1116 2001 1182 Davidem
2047 1116 2158 1181 ob-

239 1210 444 1276 livioni
487 1206 851 1273 tradidisse.
940 1204 1164 1287 Quare
1207 1203 1582 1271 Samuelem
1618 1203 1907 1303 oportuit
1949 1203 2153 1303 inter-

234 1313 725 1460 ffiisssstffpffi
769 1289 1436 1461 &azahzffwffl
1445 1398 1462 1455 ;
1479 1288 2155 1453 ⁸2:²⁰3nffiffiffi

234 1467 400 1531 Deus
457 1463 754 1532 Samueli
812 1463 1121 1547 patefacit
1175 1482 1326 1527 eum
1384 1480 1530 1526 esse
1584 1480 1776 1542 quem
1822 1459 2155 1544 delegerit,

231 1573 297 1618 ac
337 1552 561 1633 inungi
604 1569 826 1633 regem
871 1551 1068 1616 iubet.
1155 1546 1241 1612 Iu
1285 1547 1408 1613 hac
1450 1546 1826 1612 narratione
1867 1545 2154 1630 primum

228 1638 628 1704 observemus
669 1635 1030 1719 prophetae
1071 1653 1378 1709 errorem,
1417 1631 1588 1716 quod
1633 1643 1906 1697 externa
1949 1631 2160 1696 homi-

227 1726 320 1788 nis
370 1723 584 1806 specie
644 1720 951 1803 deceptus
1007 1721 1122 1786 sit:
1182 1729 1412 1785 contra
1464 1738 1660 1801 quam
1705 1717 1911 1783 soleat
1951 1717 2155 1795 Deus,

224 1809 322 1892 qui
355 1829 483 1873 non
530 1817 605 1874 ut
646 1806 948 1872 homines
991 1828 1075 1871 ex
1116 1823 1336 1871 rerum
1380 1812 1651 1870 externa
1691 1803 1877 1881 facie,
1923 1803 2031 1870 vel
2072 1824 2156 1868 ex

222 1893 574 1979 praestanti
597 1893 806 1958 forma
827 1903 895 1957 et
934 1901 1190 1958 statura
1224 1891 1530 1973 corporis,
1578 1897 1692 1955 aut
1741 1888 1887 1955 aliis
1937 1889 2157 1954 istius-

221 1981 382 2045 modi
448 1979 984 2059 circumstantiis,
1048 1975 1282 2061 quibus
1343 1976 1470 2041 sibi
1523 1976 1799 2059 gratiam
1857 1974 2156 2041 homines

220 2063 381 2148 apud
415 2064 579 2131 alios
622 2064 985 2143 conciliant,
1030 2062 1215 2147 quasi
1258 2062 1554 2127 externis
1594 2060 1738 2128 istis
1780 2060 1970 2126 donis
2011 2059 2154 2145 dig-

215 2154 478 2216 nitatem
515 2159 586 2216 et
619 2150 1038 2215 autoritatem
1085 2147 1368 2231 aliquam
1414 2155 1842 2222 mererentur,
1886 2146 2155 2231 iudicat,

217 2237 320 2301 sed
377 2258 461 2303 ex
517 2237 730 2322 ipsius
782 2233 995 2301 cordis
1052 2232 1517 2318 penetralibus,
1573 2253 1739 2316 quae
1788 2232 1968 2298 solus
2010 2233 2034 2297 i

212 2324 502 2388 rimatur.
595 2321 821 2401 Quare
878 2340 1081 2403 quum
1131 2318 1474 2401 deceptum
1520 2339 1599 2383 ea
1641 2319 1710 2383 in
1755 2338 1827 2383 re
1870 2339 2035 2401 prop
2084 2337 2151 2383 e·

213 2421 340 2473 tam
375 2407 740 2485 videamus,
783 2427 862 2471 eo
883 2408 1091 2471 maior
1125 2405 1312 2471 nobis
1355 2413 1462 2471 est
1502 2403 1872 2470 adhibenda
1914 2404 2148 2481 cautio,

133 2491 134 2494 ’
209 2515 287 2559 ne
340 2494 468 2578 ipsi
513 2492 934 2576 decipiamur,
988 2512 1116 2575 quo
1157 2490 1228 2556 in
1274 2489 1435 2556 baec
1476 2489 1824 2573 proclivior
1867 2499 1969 2555 est
2009 2488 2150 2572 lap·

207 2601 329 2659 sus,
372 2577 909 2663 quandoquidem
931 2586 1006 2643 ut
1027 2585 1371 2643 terrestres
1393 2596 1638 2657 sumus,
1673 2576 1868 2641 rebus
1888 2575 2151 2643 caducis

133 2721 134 2724 ,
209 2678 272 2729 et
325 2664 678 2750 fragilibus
734 2663 1119 2747 abripimur,
1177 2671 1244 2727 et
1299 2661 1564 2728 illarum
1613 2670 1885 2727 externo
1929 2661 2150 2744 splen-

205 2749 352 2816 dore
394 2751 788 2833 decipimur.
875 2749 1104 2832 Neque
1159 2768 1313 2814 vero
1369 2747 1451 2813 de
1505 2746 1844 2813 hominum
1889 2757 2150 2812 tantum

133 2837 136 2842 '
208 2846 485 2902 externa
541 2836 759 2902 forma
815 2836 926 2901 hic
982 2834 1245 2918 loquor:
1291 2834 1406 2899 sed
1449 2834 1529 2898 de
1572 2831 1825 2899 colendi
1868 2831 1998 2898 Dei
2043 2853 2147 2898 ra-

203 2923 391 3003 tione,
435 2925 509 2988 in
559 2942 693 3005 qua
734 2922 1020 2986 maxime
1061 2921 1314 3004 peccari
1357 2919 1439 2985 ab
1484 2919 1856 2985 hominibus
1895 2932 2150 2984 certum

203 3019 315 3073 est.
401 3008 660 3091 Ecquis
715 3009 892 3073 enim
949 3026 1083 3071 non
1143 3004 1324 3071 videt
1382 3004 1599 3072 cultus
1643 3004 1848 3069 divini
1891 3025 2153 3087 corrup-

203 3093 444 3159 tionem
485 3094 560 3158 in
596 3093 714 3159 illa
760 3091 1274 3176 pseudoecclesia
1316 3110 1605 3170 romana,
1645 3093 1718 3156 in
1758 3111 1892 3174 qua
1932 3092 2148 3156 Deum

133 3183 134 3188 ’
201 3179 318 3244 coli
375 3199 516 3245 non
582 3199 771 3262 posse
813 3177 1103 3245 creditur
1145 3178 1288 3243 sine
1331 3176 1556 3242 multis
1598 3176 1890 3242 externis
1933 3197 2150 3242 caere-

198 3266 434 3330 moniis
482 3265 785 3331 ridiculis
827 3276 895 3329 et
938 3263 1290 3329 inanibus?
1358 3261 1691 3343 Quorsum
1735 3262 1910 3327 enim
1956 3261 2147 3327 lumi·

198 3353 380 3415 naria
426 3352 504 3416 in
553 3350 842 3434 templis,
885 3350 1362 3432 peristromata,
1405 3348 1652 3427 aulaea,
1698 3367 1962 3430 organa,
2007 3369 2149 3414 ves-

200 3438 637 3504 timentorum
692 3445 872 3502 certa
927 3456 1189 3520 genera,
1246 3454 1519 3519 quorum
1577 3434 1870 3499 omnium
1928 3433 2151 3501 nullus

197 3533 291 3588 est
350 3523 631 3602 modus,
690 3542 904 3604 neque
960 3521 1144 3599 finis,
1210 3519 1322 3586 sed
1382 3519 1620 3604 quibus
1677 3530 1928 3584 tantum
1975 3519 2149 3603 plebi

196 3610 476 3674 miserae
547 3607 929 3689 imponitur,
994 3617 1072 3671 ut
1134 3627 1278 3672 cum
1341 3616 1604 3689 stupore
1662 3606 1979 3690 mysteria
2036 3606 2152 3671 illa

189 3693 874 3846 sszfffflfiffiffi.
927 3691 2150 3843 ‘'¹22031'”ffssbssgssssilifflussffiffi

189 3865 374 3933 ducis
421 3802 693 3931 fferam
737 3829 938 3947 quare
952 3798 1103 3930 quos
1147 3883 1485 3945 nunquam
1530 3873 1775 3928 rectam
1820 3864 1996 3928 viam
2044 3863 2149 3927 in-

375 3973 544 4018 uros
582 3960 837 4017 certum
883 3958 985 4016 est
1026 3948 1230 4015 donec
1272 3970 1507 4014 sensus
1552 3955 1811 4013 nostros
1854 3950 2149 4031 captivos

232 4040 611 4115 uxerimus,
647 4045 716 4102 et
736 4034 820 4099 ab
843 4036 983 4102 istis
1003 4037 1294 4101 externis
1332 4034 1588 4117 pompis
1623 4033 1705 4098 ad
1739 4033 2146 4118 spiritualem

179 4125 436 4190 cultum
501 4122 962 4188 averterimus.
1066 4119 1320 4187 Idcirco
1386 4120 1771 4184 nominatim
1833 4120 1950 4185 hoc
2007 4120 2147 4185 loco

177 4211 460 4361 {gxi-tus
509 4206 982 4308 Dei-loquens,
1040 4209 1163 4271 ait:
1217 4205 1590 4357 Deum
1630 4206 1814 4271 iva-‘cta
1854 4206 2150 4357 intuitet'cdm

322 4313 466 4362 nme
528 4293 854 4359 mdocore:
906 4294 1082 4359 homo
1138 4312 1306 4359 enm
1578 4312 1654 4358 ea
1694 4311 1856 4374 quae
1883 4311 2019 4373 par
2130 4315 2151 4357 .·

181 4380 523 4448 Dominus
568 4384 778 4445 autem
815 4379 1091 4445 intuetur
1124 4399 1247 4445 eor.

353 4468 588 4534 Porro
644 4486 849 4549 quum
907 4465 1146 4531 dicitur
1189 4464 1374 4529 Deus
1415 4483 1547 4528 non
1590 4483 1731 4528 esse
1775 4461 2147 4529 hominibus

181 4554 442 4622 similis.
512 4551 827 4618 docemur
886 4572 926 4616 a
978 4552 1211 4635 spiritu
1271 4557 1516 4627 sancto,
1577 4547 1762 4614 nobis
1822 4569 1960 4612 rem
2007 4570 2149 4615 esse

175 4660 326 4706 cum
389 4639 582 4719 Deo,
638 4658 713 4704 ac
766 4635 1039 4721 proinde
1095 4656 1228 4701 non
1272 4655 1413 4701 esse
1455 4656 1539 4700 ex
1581 4644 1952 4700 nostrorum
1999 4655 2148 4700 sen·-

176 4745 378 4790 suum
441 4722 997 4808 apprehensione,
1052 4741 1184 4787 non
1240 4742 1323 4786 ex
1382 4719 1655 4786 arbitrio
1714 4729 1959 4800 nostro,
2017 4742 2146 4786 non

175 4831 258 4878 ex
307 4811 593 4877 ratione
635 4820 704 4875 et
740 4808 1176 4889 intelligentia
1218 4815 1446 4873 nostra
1486 4807 1847 4884 colendum,
1890 4816 1957 4871 et
1998 4825 2145 4871 cum

177 4895 324 4978 ipso
386 4894 757 4981 agendum.
843 4893 1069 4975 Quare
1126 4892 1333 4959 donec
1381 4892 1567 4957 nobis
1607 4892 1769 4975 ipsis
1813 4894 2150 4957 renuncia-

175 4983 510 5059 verimus,
584 4991 834 5046 certum
891 4994 991 5045 est
1034 5000 1156 5044 nos
1200 4999 1277 5042 eo
1321 4978 1581 5062 longius
1623 4979 1704 5044 ab
1749 4978 1891 5059 ipso
1936 4998 2147 5044 reces-

172 5089 372 5134 suros
487 5088 584 5132 uo
640 5067 1144 5151 propinquiores
1177 5085 1293 5129 nos
1336 5085 1478 5132 esse
1520 5064 1707 5130 nobis
1749 5064 2150 5148 persuaseri-

171 5173 352 5220 mns.
513 5150 610 5217 ed
660 5152 763 5219 vis
817 5152 1005 5217 nobis
1063 5151 1222 5233 ipsis
1263 5151 1557 5217 facienda
1599 5160 1718 5228 est,
1777 5157 1854 5214 ut
1894 5150 1975 5215 ab
2020 5150 2149 5215 ista

173 5242 496 5306 vanitate
535 5236 1009 5304 deterreamur.
1074 5236 1330 5319 Ecquid
1365 5236 1540 5303 enim
1585 5234 1764 5301 aliud
1809 5246 1908 5302 est
1948 5254 2145 5319 quam

1530 327 1631 394 IN
1672 327 1728 393 1.
1773 326 1956 394 LIB.
2000 326 2403 396 SAMUEL.
2448 326 2650 396 OAP.
2692 327 2885 395 XVI.

4066 331 4190 398 166

2258 536 2439 582 mera
2499 515 2759 582 vanitas
2811 524 2879 583 et
2933 515 3211 582 stultitia
3269 516 3464 583 rebus
3512 515 3868 584 adhaerere
3911 518 4193 586 terrenis

2257 610 2327 668 et
2345 601 2624 679 caducis,
2660 611 2726 667 et
2760 602 2841 668 ab
2874 602 3135 668 illarum
3174 609 3446 669 externo
3480 603 3825 686 splendore
3858 602 4187 688 pendere?

2257 686 2393 754 Sed
2447 687 2530 752 ad
2584 695 2846 753 terrena
2902 687 3017 753 illa
3070 689 3265 754 etiam
3305 688 3553 756 accedit
3597 691 3990 774 hypocrisis:
4059 712 4192 774 qua

2257 773 2335 838 fit
2390 783 2464 838 ut
2523 773 2929 858 gaudeamus
2983 774 3211 858 procul
3270 796 3309 841 a
3367 776 3509 840 Deo
3564 775 3809 855 abesse,
3865 778 4062 842 veriti
4107 798 4192 843 ne

2259 859 2421 925 vitia
2487 867 2712 925 nostra
2777 860 2842 924 in
2910 859 3117 943 ipsius
3182 869 3604 946 conspectum
3672 862 3958 939 veniant,
4027 883 4192 947 quae

2256 943 2539 1010 libenter
2573 944 2823 1011 occulta
2861 944 3191 1012 vellemus.
3247 946 3356 1027 Et,
3400 967 3660 1031 quaeso,
3705 967 3901 1032 quam
3945 949 4192 1014 multae

2257 1028 2468 1096 cordis
2527 1031 2800 1097 humani
2855 1029 3175 1097 latebrael
3266 1032 3372 1098 Ex
3430 1032 3542 1097 illa
3590 1033 3810 1116 itaque
3855 1033 4195 1119 hypocrisi

2258 1127 2537 1201 augetur
2572 1117 2803 1183 vitium
2847 1115 3009 1184 illud
3054 1118 3370 1196 naturale,
3415 1140 3545 1203 quo
3584 1118 3781 1184 rebus
3824 1120 4084 1186 caducis
4128 1128 4194 1186 et

2256 1205 2547 1269 externis
2603 1203 2878 1269 nimium
2933 1203 3383 1270 inhaeremus:
3444 1212 3512 1269 et
3567 1206 3637 1270 in
3693 1204 3823 1271 illis
3867 1226 4191 1272 summam

2257 1288 2376 1354 reli
2425 1289 2592 1354 ionis
2624 1289 2900 1372 positam
2948 1290 3134 1356 nobis
3177 1290 3663 1374 persuademus.
3730 1289 4192 1373 Quamobrem,

2255 1385 2334 1439 ut
2438 1394 2513 1440 oo
2570 1374 2902 1458 fugiamus
2966 1375 3216 1452 vitium,
3276 1375 3655 1441 meditanda
3699 1386 3800 1441 est
3842 1376 4192 1462 diligenter

2258 1459 2419 1526 baec
2453 1459 2766 1538 doctrina,
2813 1481 3048 1545 nempe
3083 1483 3213 1527 non
3246 1481 3435 1546 posse
3459 1461 3672 1528 Deum
3710 1462 3955 1546 placari
4000 1464 4194 1532 rebus

2255 1545 2337 1612 iis
2403 1566 2570 1629 quae
2633 1545 2820 1613 nobis
2887 1546 3200 1630 pulchrae
3266 1546 3571 1612 videntur
3627 1563 3901 1614 externa
3956 1551 4190 1633 specie,

2256 1632 2372 1698 sed
2442 1631 2991 1698 abominationem
3056 1653 3198 1699 esse
3268 1652 3489 1699 coram
3539 1634 3678 1716 ipso
3734 1655 4190 1721 quemcunque

2255 1717 2355 1782 illi
2396 1739 2478 1784 ex
2524 1718 2792 1783 arbitrio
2836 1727 3057 1785 nostro
3099 1718 3346 1786 cultum
3392 1719 3908 1803 exhibuerimus,
3966 1743 4187 1805 quem·

2256 1802 2607 1870 admodum
2666 1805 2941 1887 ipsemet
2997 1804 3319 1870 Dominus
3377 1813 3602 1871 noster
3655 1806 3841 1873 Iesus
3886 1807 4189 1876 Ohristus

2253 1910 2379 1956 nos
2423 1889 2612 1956 docet
2655 1891 2877 1957 Lucae
2919 1889 3170 1957 decimo
3212 1898 3399 1956 sexto
3441 1892 3670 1976 capite.
3757 1891 3944 1973 Quae
3986 1916 4188 1978 quum

2254 1976 2348 2042 ita
2411 1997 2481 2042 se
2548 1975 2851 2055 habeant,
2918 1975 3030 2042 dili
3115 1986 3265 2042 nter
3325 1976 3615 2043 notanda
3674 1980 3998 2045 sententia
4057 1980 4189 2061 illa,

2263 2061 2473 2126 Deum
2528 2083 2659 2127 non
2717 2082 2860 2127 esse
2918 2069 2993 2127 ut
3096 2063 3365 2141 omines,
3422 2083 3509 2128 ne
3564 2061 3646 2127 ad
3706 2074 4001 2130 nostrum
4048 2087 4187 2132 mo·

2255 2147 2484 2213 dulum
2543 2147 2732 2213 illum
2791 2148 3159 2228 metiamur,
3216 2157 3283 2214 et
3328 2148 3570 2215 nostris
3611 2149 4190 2234 imaginationibus

2253 2233 2814 2318 transfiguremus.
2896 2230 3030 2300 Sed
3078 2243 3213 2300 tam
3258 2233 3423 2301 altas
3466 2235 3602 2321 egit
3644 2236 3896 2302 radices
3934 2238 4005 2301 in
4051 2239 4187 2304 ani-

2250 2320 2381 2385 mis
2439 2318 2784 2385 hominum
2837 2318 2952 2384 illa
3010 2318 3302 2400 audacia,
3358 2329 3438 2386 ut
3491 2321 3757 2386 nonnisi
3817 2342 4073 2387 summa
4116 2325 4186 2389 vi

2251 2405 2461 2488 possit
2517 2403 2852 2471 eradicari.
2939 2404 3037 2470 At
3087 2406 3145 2470 si
3188 2425 3310 2471 nos
3353 2405 3653 2472 homines
3689 2427 3830 2472 esse
3873 2409 4186 2475 memine-

2252 2491 2480 2567 rimus,
2539 2489 2680 2556 sola
2735 2489 2850 2556 illa
2903 2511 3033 2557 vox
3088 2490 3361 2572 docebit,
3416 2512 3534 2557 nos
3591 2491 3852 2575 quando
3895 2492 4189 2576 virtutis,

2254 2575 2622 2642 industriae
2664 2587 2729 2641 et
2771 2577 3080 2642 similium
3125 2597 3294 2660 quae
3336 2598 3523 2644 mens
3569 2576 3860 2644 humana
3904 2577 4191 2646 dictave-

2254 2663 2361 2742 rit,
2396 2661 2612 2747 specie
2632 2670 2907 2729 externa
2937 2661 3354 2744 delectamur,
3391 2663 3584 2748 longe
3617 2664 3922 2749 opinione
3957 2666 4186 2752 decipi.

2253 2747 2430 2828 Quid
2473 2748 2569 2814 ita
2610 2747 2812 2815 vero?
2868 2748 3121 2833 Nempe
3153 2747 3451 2815 homines
3493 2770 3743 2834 sumus,
3787 2749 3869 2816 ad
3913 2774 4186 2836 quorum

2252 2834 2597 2900 arbitrium
2640 2856 2775 2899 non
2818 2841 2921 2900 est
2961 2833 3371 2918 cogitandum
3418 2835 3593 2902 flecti
3637 2855 3926 2918 unquam
3969 2836 4190 2904 Deum

2252 2919 2427 2986 velle
2485 2927 2603 2986 aut
2658 2939 2869 3005 posse,
2927 2929 3042 2987 aut
3098 2920 3197 2985 illi
3254 2940 3540 3004 unquam
3634 2931 3777 2987 rata
3819 2934 3886 2986 et
3926 2935 4188 3007 accepta

2253 3006 2389 3070 fore
2429 3026 2596 3090 quae
2639 3027 2825 3072 mens
2868 3005 3158 3071 humana
3200 3006 3482 3073 fluxerit.
3634 3027 3800 3089 eque
3842 3009 4016 3073 enim
4061 3009 4187 3092 ipsi

2254 3100 2568 3175 tanquam
2650 3097 2837 3158 caeco
2916 3092 3026 3157 via
3087 3091 3518 3158 monstranda
3580 3101 3715 3157 est:
3795 3094 3978 3159 cuius
4043 3094 4187 3161 luce

2255 3177 2471 3261 potius
2531 3197 2652 3242 nos
2709 3177 3026 3243 illustrari
3085 3198 3346 3245 necesse
3404 3186 3523 3258 est,
3570 3187 3644 3243 ut
3686 3177 3767 3243 ad
3812 3180 4027 3262 ipsum
4071 3180 4185 3246 ad-

2252 3262 2584 3342 ducamur,
2622 3275 2688 3328 et
2722 3262 2907 3328 nobis
2940 3263 3102 3347 ipsis
3145 3263 3549 3344 renunciare,
3593 3271 3665 3327 ut
3697 3262 3780 3329 ab
3815 3265 3955 3347 ipso
3988 3267 4183 3333 mise·

2250 3349 2597 3416 ricordiam
2655 3369 3143 3433 consequamur,
3204 3369 3482 3434 eumque
3539 3355 3925 3433 quocunque
3980 3351 4180 3418 duxe-

2250 3436 2340 3499 rit
2416 3435 2635 3519 sequi,
2719 3434 2960 3499 nedum
3042 3447 3114 3500 ut
3178 3435 3391 3519 ipsum
3459 3456 3579 3500 nos
3637 3437 3819 3520 sequi
3885 3437 4176 3504 velimus.

2247 3519 2551 3603 Aequum
2609 3521 2783 3586 enim
2841 3529 2912 3586 et
2971 3521 3217 3587 iustum
3278 3530 3377 3587 est
3433 3520 3723 3604 profecto
3782 3543 3901 3587 nos
3959 3523 4054 3588 illi
4107 3526 4181 3590 in

2249 3606 2554 3671 omnibus
2607 3607 2896 3690 obsequi,
2955 3606 3128 3690 quod
3178 3605 3354 3671 unde
3397 3605 3494 3670 illi
3533 3608 4006 3674 satisfaciamus
4051 3631 4181 3678 non

2251 3690 2623 3772 habeamus,
2690 3692 2814 3758 nisi
2881 3692 2963 3757 ab
3028 3692 3233 3774 ipsius
3298 3691 3688 3758 liberalitate
3752 3691 4179 3764 hauserimus.

2249 3778 2357 3842 En
2413 3798 2532 3842 cur
2585 3777 2693 3843 hic
2735 3776 3009 3861 spiritus
3051 3785 3314 3843 sanctus
3349 3778 3538 3854 dicat,
3598 3777 3813 3844 Deum
3860 3801 3993 3846 non
4041 3803 4182 3850 esse

2248 3875 2324 3929 ut
2346 3863 2659 3928 homines.
2726 3864 2996 3929 Poterat
3038 3864 3211 3929 enim
3259 3863 3642 3945 simpliciter
3685 3864 3917 3946 dicere,
3960 3867 4178 3935 Deum

2249 3969 2383 4014 non
2428 3948 2674 4014 intueri
2717 3958 3062 4015 externam
3106 3948 3414 4014 formam:
3461 3947 3574 4014 sed
3620 3950 3853 4016 vit-ium
3899 3952 4181 4021 homiui-

2250 4035 2372 4101 bus
2414 4033 2714 4099 innatum
2761 4045 2993 4101 notare
3036 4034 3269 4115 voluit,
3313 4043 3390 4099 ut
3431 4055 3552 4100 nos
3596 4035 3772 4118 ipsos
3816 4058 4003 4104 nosse
4048 4039 4176 4106 dis·

2247 4139 2505 4185 camus:
2565 4131 2631 4185 et
2684 4121 2979 4205 agnitum
3034 4120 3271 4186 vitium
3328 4120 3571 4205 fugere,
3631 4131 3695 4186 et
3739 4131 4050 4205 tanquam
4098 4146 4179 4190 ex

2248 4206 2385 4272 luto
2443 4227 2586 4271 eme
2668 4227 2799 4291 ere,
2853 4207 2921 4271 in
2981 4204 3149 4290 quod
3194 4214 3429 4271 natura
3472 4205 3745 4272 demersi
3792 4228 4052 4273 sumus:
4112 4219 4182 4275 et

2249 4301 2524 4357 externa
2580 4292 2698 4356 ila
2739 4293 2959 4358 omnia
3003 4313 3169 4375 quae
3211 4291 3485 4374 pulchra
3528 4313 3670 4358 esse
3714 4292 3832 4358 sibi
3878 4293 4179 4362 homiues

2248 4378 2509 4460 fingunt
2550 4378 2773 4443 inania
2814 4399 2954 4444 esse
2998 4377 3182 4443 nobis
3227 4377 3637 4462 persuadere,
3684 4387 3750 4442 et
3783 4376 4054 4462 indigna
4095 4401 4179 4448 ex

2247 4463 2480 4546 quibus
2547 4463 2931 4547 dignitatem
2989 4463 3275 4548 aliquam
3334 4485 3550 4530 coram
3608 4462 3899 4528 Domino
3959 4486 4181 4531 conse-

2250 4569 2565 4650 quamur:
2620 4571 2696 4615 ac
2724 4549 3013 4648 ‘proinde
3056 4549 3253 4650 semel
3300 4550 3527 4614 inanes
3572 4548 3716 4613 illas
3759 4570 4029 4632 pompas
4068 4550 4179 4651 ab·

2246 4635 3466 4800 :3²35.2.⁰”.33“1ffiffi1312⁰¹3032¹3235
3527 4633 3981 4785 3:¹03?ssss
4026 4635 4176 4787 ‘3:33

2250 4815 2511 4871 tantum
2572 4817 2869 4890 oportere
2926 4827 3063 4887 nos,
3121 4808 3178 4872 si
3224 4808 3365 4871 Deo
3423 4805 3591 4889 grati
3649 4826 3792 4871 esse
3853 4806 4177 4886 volumus,

2249 4891 2623 4957 hominibus
2676 4892 2949 4975 placere,
3002 4905 3070 4957 et
3123 4890 3263 4958 sola
3318 4891 3595 4975 quadam
3653 4891 3920 4956 virtutis
3963 4893 4181 4976 specie

2248 4988 2314 5043 et
2380 4977 2611 5042 umbra
2674 4979 3057 5060 conspicuos
3122 4998 3291 5042 esse:
3359 4974 3879 5061 quandoquidem
3946 4979 4177 5047 inanes

2246 5063 2400 5127 illae
2458 5083 2674 5146 nugae
2728 5074 2915 5130 sunt:
2977 5072 3045 5130 et
3086 5060 3268 5128 Deus
3323 5083 3455 5127 non
3501 5071 3602 5128 est
3643 5063 3882 5128 infanti
3924 5065 4176 5147 similis,

2247 5149 2362 5232 qui
2415 5147 2682 5215 ludicris
2740 5149 2956 5216 nescio
3013 5148 3246 5232 quibus
3304 5148 3625 5232 placetur:
3680 5147 3793 5214 sed
3837 5170 3948 5216 cor
3989 5153 4173 5234 petit,

2245 5233 2790 5319 quemadmodum
2836 5235 3149 5301 Ieremias
3206 5234 3327 5300 ait:
3377 5233 3643 5300 Domine
3697 5236 3861 5303 occdi
3915 5238 4013 5303 aa·
4052 5258 4181 5306 non

3666 5337 3769 5392 11·
