5059 6059
287 312 406 378 641

286 509 510 586 quant,
578 510 858 567 caveant
901 522 983 568 ne
1027 502 1097 568 in
1142 501 1421 568 miseros
1462 502 1728 566 infimae
1771 499 1982 584 plebis
2025 500 2243 565 homi·

288 607 405 652 nee
442 586 842 653 sententiam
888 588 1126 665 ferant,
1188 597 1256 652 et
1299 587 1465 652 alios
1507 587 1726 669 aliqua
1782 585 2130 652 autoritate
2174 594 2244 650 et

287 673 499 758 gratia
562 672 891 755 pollentes
954 673 1316 756 impunitos
1382 672 1767 755 relinquant
1788 721 1803 750 ,
1883 682 1951 736 et
2012 673 2243 737 favore

287 759 624 843 gratiaque
670 757 965 841 ipsorum
1002 758 1326 824 maleficia
1371 766 1629 840 tegant:
1679 778 1755 847 ³9
1790 756 2065 840 proinde
2106 777 2242 821 me·-

289 853 500 919 tuant‚
545 865 632 909 ne
676 845 749 908 in
792 863 867 909 se
910 845 1087 928 ipsos
1133 864 1352 909 coram
1392 844 1537 908 Deo
1582 843 1981 909 sententiam
2024 842 2243 907 ferant

289 946 353 995 et
394 938 673 996 mortem
715 950 909 1011 quam
959 928 1108 996 aliis
1143 929 1528 1008 intulerunt,
1577 930 1644 993 in
1690 949 1763 994 se
1806 929 1980 1011 ipsos
2024 947 2235 993 accer-

291 1023 472 1083 sant:
530 1034 687 1080 nam
747 1015 871 1080 etsi
931 1014 1030 1080 illi
1087 1014 1351 1098 quidem
1410 1035 1543 1080 non
1615 1014 1971 1098 affigantur
2039 1013 2234 1091 cruci,

293 1111 403 1166 aut
463 1099 591 1165 alio
650 1100 737 1165 ali
782 1120 868 1165 no
925 1100 1300 1166 istiusmodi
1351 1100 1668 1183 supplicio
1724 1100 1808 1165 ab
1865 1097 2245 1165 hominibus

291 1187 679 1263 afficiantur,
804 1188 865 1252 ei
910 1195 1129 1251 tamen
1174 1185 1525 1252 vindictam
1571 1185 1865 1269 effugere
1902 1202 2243 1266 nunquam

294 1280 606 1358 poterunt
647 1272 807 1355 quin
852 1292 1071 1338 coram
1119 1272 1325 1353 ipsius
1370 1272 1534 1337 solio
1555 1268 1977 1337 condemnati
1999 1271 2238 1335 misere

290 1360 360 1424 in
418 1356 522 1423 his
582 1356 776 1422 terris
836 1358 1039 1423 vitam
1098 1357 1375 1434 finiant,
1449 1357 1551 1422 vel
1614 1356 1878 1422 tandem
1936 1356 2237 1421 ultimam

291 1442 903 1512 condemnationem
972 1445 1358 1507 sustineant.
1462 1440 1713 1507 Multos
1789 1462 1948 1507 sane
2019 1441 2237 1506 istius·

294 1528 469 1594 modi
527 1527 829 1593 hominos
903 1527 1096 1593 hodie
1164 1527 1387 1593 videas
1445 1527 1636 1593 Sauli
1693 1548 1825 1592 non
1884 1525 2237 1606 absimiles,

293 1634 503 1698 neque
546 1626 769 1678 tamen
815 1615 1209 1679 vestimenta
1251 1624 1587 1678 mutantes
1647 1626 1724 1676 ut
1765 1612 1922 1678 fecit
1976 1610 2108 1687 ille,
2165 1611 2235 1675 in

291 1723 366 1766 ea
432 1700 595 1765 vitia
658 1701 1145 1765 consentientes
1210 1719 1379 1781 quae
1486 1699 1626 1763 rius
1709 1718 1830 1764 sua
1906 1696 2238 1762 sententia

289 1786 827 1861 condemnarunt,
907 1786 973 1850 in
1043 1783 1282 1868 quibus
1350 1786 1533 1850 nula
1594 1792 1696 1848 est
1759 1784 2105 1867 integritas
2170 1789 2237 1846 et

290 1891 576 1956 quorum
640 1882 916 1952 apparet
976 1870 1344 1954 hypocrisis
1394 1879 1462 1934 et
1523 1870 1595 1933 in
1664 1868 1880 1933 Deum
1942 1867 2235 1951 perfidia,

289 1957 395 2024 cui
463 1978 533 2022 se
576 1955 859 2038 pulchre
911 1956 1305 2021 satisfecisse
1361 1956 1770 2020 arbitrantur
1822 1955 1876 2018 si
1937 1955 2007 2018 in
2068 1953 2237 2018 facto

289 2044 506 2126 aliquo
551 2040 875 2105 iustitiam
914 2050 1287 2119 exerceant,
1332 2051 1399 2106 et
1440 2042 1507 2105 in
1557 2039 1702 2104 aliis
1738 2039 1966 2105 multis
2009 2047 2237 2121 aperte

288 2128 515 2194 iniusti
557 2126 712 2193 sint.
802 2125 1104 2192 Profecto
1148 2126 1258 2192 isti
1304 2126 1603 2191 homines
1660 2145 1789 2190 non
1851 2134 2007 2189 sunt
2061 2122 2235 2189 absi-

285 2214 476 2279 miles
520 2209 794 2276 debitori
841 2212 948 2294 qui
1009 2211 1239 2276 multis
1296 2210 1675 2277 nominibus
1736 2209 2111 2285 adstrictus,
2169 2218 2237 2274 et

287 2300 500 2365 alieno
544 2316 696 2362 aere
739 2297 1033 2374 obrutus,
1106 2298 1495 2363 satisfecisse
1550 2304 1741 2380 putat
1781 2317 1852 2361 se
1895 2293 2233 2361 creditori-

282 2386 402 2450 bus
446 2384 503 2450 si
548 2390 738 2466 parte
781 2381 1001 2464 aliqua
1043 2401 1115 2447 se
1150 2382 1524 2449 exsolverit.
1600 2386 1691 2448 At
1732 2400 1871 2446 non
1913 2379 2009 2445 ita
2046 2378 2231 2445 Deus

278 2470 427 2535 vult
469 2468 594 2533 coli
639 2468 720 2533 ab
767 2466 1158 2544 hominibus,
1217 2469 1404 2534 cuius
1462 2468 1713 2535 cultum
1771 2474 2032 2550 oportet
2088 2484 2233 2531 esse

274 2559 604 2621 sincerum
650 2563 719 2618 et
761 2552 844 2618 ab
887 2555 1065 2619 omni
1110 2560 1295 2636 parte
1339 2574 1598 2637 purum,
1659 2553 1756 2618 sic
1800 2561 1875 2616 ut
1919 2570 2230 2635 agnosca-

275 2661 429 2705 mus
473 2659 593 2705 nos
638 2659 679 2704 a
724 2636 868 2703 Deo
913 2648 1140 2705 nostra
1183 2641 1406 2705 omnia
1450 2639 1798 2722 accepisse,
1844 2639 2035 2720 eique
2079 2657 2233 2720 gra-

279 2727 408 2791 tias
473 2724 707 2809 dignas
773 2743 1075 2807 agamus,
1138 2725 1498 2807 eodemque
1563 2745 1823 2808 semper
1885 2724 1958 2787 in
2025 2723 2044 2787 i
2128 2724 2231 2787 ius

276 2810 465 2878 cultu
558 2829 1075 2894 perseveremus.
1199 2809 1646 2892 Quamobrem
1734 2808 1912 2874 istud
2011 2742 2232 2874 siginus

275 2895 659 2980 exemplum
707 2895 829 2961 hoo
873 2894 1251 2980 diligentius
1308 2895 1773 2980 expendamus,
1830 2892 2001 2978 quod
2048 2894 2232 2958 Deus

272 2983 546 3065 scriptis
587 2980 891 3045 mandari
936 2981 1158 3059 voluit,
1221 2989 1295 3046 ut
1348 3002 1554 3064 quum
1596 2980 1870 3047 Saulem
1931 2977 2233 3046 videmus

274 3068 632 3144 maleficos,
694 3067 889 3132 sicuti
933 3065 1120 3131 Deus
1173 3068 1476 3145 iusserat,
1533 3067 1816 3151 punisse,
1871 3073 1938 3130 et
1995 3063 2233 3129 deinde

274 3153 367 3220 ad
426 3153 790 3218 veneficam
849 3152 1222 3236 confugisse
1280 3161 1347 3218 et
1404 3173 1475 3218 se
1532 3152 1789 3218 diabolo
1849 3150 2230 3217 subiecisse:

272 3239 609 3305 discamus
653 3237 901 3302 malum
938 3239 1167 3320 fugere
1211 3247 1279 3303 et
1300 3237 1739 3304 condemnare
1782 3249 1918 3302 tam
1941 3237 2010 3301 in
2048 3235 2234 3301 nobis

271 3325 443 3408 ipsis
487 3343 685 3406 quam
729 3322 797 3386 in
846 3323 994 3387 aliis
1040 3324 1187 3387 sine
1229 3324 1365 3389 ulla
1398 3327 1905 3413 προσωποληψίᾳ,
1951 3331 2021 3387 et
2063 3342 2233 3386 nun·-

273 3430 484 3492 quam
528 3428 569 3472 a
608 3416 785 3474 recta
829 3408 1014 3473 verbi
1058 3406 1268 3473 divini
1308 3430 1540 3476 norma
1575 3408 1941 3474 deflectere.
2001 3406 2233 3490 Neque

274 3497 461 3560 enim
504 3494 666 3559 satis
720 3502 825 3559 est
868 3495 1386 3577 bene-coepisse,
1444 3495 1572 3560 nisi
1632 3494 1713 3560 ad
1773 3496 1972 3560 finem
2030 3513 2237 3576 usque

272 3599 805 3664 perseveremus.
893 3580 1149 3644 Verum
1207 3581 1475 3646 obsecro
1532 3591 1785 3664 quanta
1842 3579 2079 3662 ubique
2137 3590 2237 3645 est

270 3664 476 3731 hodie
519 3665 748 3730 multis
791 3664 952 3730 locis
995 3665 1287 3730 iustitiae
1330 3666 1723 3749 corruptela,
1772 3666 1919 3731 aliis
1959 3684 2234 3731 suornm

274 3762 402 3817 aut
458 3750 974 3833 propinquorum
1037 3750 1358 3818 maleficia
1418 3753 1812 3837 tegentibus,
1875 3751 2023 3816 aliis
2077 3769 2234 3815 vere

274 3835 558 3902 occultis
602 3836 894 3901 consiliis
938 3837 1118 3901 viam
1174 3836 1498 3903 evadendi
1556 3836 2098 3921 suggerentibus,
2157 3843 2236 3899 ut

275 3922 342 3987 si
388 3923 532 4005 quis
575 3919 770 3986 hodie
813 3919 1043 3986 studio*
1075 3921 1357 4003 quodam
1400 3924 1472 3987 in
1518 3923 1765 3989 crimen
1810 3920 2070 4005 aliquod
2131 3922 2236 3986 in-

273 4008 517 4090 quirat,
584 4026 730 4071 cras
793 4007 939 4072 vice
1007 4028 1195 4072 versa
1259 4008 1365 4073 vel
1434 4008 1633 4084 dono,
1697 4008 1799 4072 vel
1869 4008 2232 4073 amicorum

272 4093 499 4178 gratia
542 4100 609 4157 et
653 4092 879 4158 favore
920 4100 1275 4176 corruptus
1314 4094 1612 4159 criminis
1670 4114 1853 4159 reum
1917 4092 2232 4171 absolvat,

269 4178 531 4245 iustitia
595 4177 713 4242 illa
778 4177 906 4243 dici
975 4199 1103 4243 non
1169 4188 1422 4262 potest,
1500 4179 1614 4244 sed
1694 4199 1947 4245 merum
2015 4178 2233 4260 potius

270 4263 717 4342 latrocinium,
755 4264 942 4329 cuius
984 4264 1142 4329 olim
1180 4265 1323 4329 Deo
1367 4265 1687 4330 rationem
1726 4263 1913 4329 reddi
1952 4271 2230 4347 oportet.

270 4349 535 4414 Eadem
580 4358 683 4413 est
725 4351 894 4413 ratio
939 4369 1165 4414 eorum
1211 4352 1502 4415 omnium
1548 4353 1659 4433 qui
1714 4349 1874 4415 foris
1920 4351 2231 4432 profiten-

274 4448 394 4499 tur
420 4434 545 4498 Dei
589 4435 840 4499 cultum
885 4444 950 4499 et
983 4434 1162 4500 illius
1196 4436 1519 4518 quaedam
1543 4438 1732 4521 signa
1755 4436 2231 4514 demonstrant,

268 4519 398 4586 sed
460 4528 679 4583 tamen
739 4520 922 4584 intus
976 4522 1191 4588 nescio
1255 4521 1431 4604 quod
1498 4521 1681 4587 virus
1748 4520 2096 4598 occultant,
2164 4530 2234 4584 et

268 4626 465 4671 mera
509 4605 930 4671 simulatione
974 4615 1039 4670 et
1082 4606 1413 4690 hypocrisi
1474 4618 1724 4690 tegunt,
1786 4627 1948 4690 quos
2001 4626 2229 4671 omnes

266 4710 582 4756 severam
625 4689 748 4756 Dei
794 4711 1063 4755 manum
1108 4710 1419 4757 sensuros
1465 4694 1735 4758 minime
1795 4692 2227 4758 dubitandum

268 4784 399 4854 est,
446 4774 622 4858 quod
667 4776 857 4842 Deus
899 4779 1097 4842 istum
1143 4788 1595 4863 contemptum
1641 4780 1781 4862 pati
1825 4799 1955 4843 non
2005 4776 2229 4861 possit.

266 4860 419 4926 Nos
476 4861 700 4944 itaque
752 4863 985 4929 vitium
1051 4863 1145 4927 ita
1209 4864 1755 4948 condemnemus,
1819 4873 1886 4929 et
1950 4886 2071 4930 nos
2138 4864 2233 4929 ita

267 4946 721 5029 exploremus,
768 4960 847 5013 ut
890 4948 1201 5013 vitiorum
1250 4951 1652 5032 poenitentia
1697 4949 1876 5016 ducti
1935 4950 2004 5015 in
2050 4957 2232 5014 recta

264 5032 486 5097 divini
553 5033 772 5100 cultus
838 5035 1070 5100 semita
1147 5055 1676 5118 perseveremus,
1757 5056 2091 5117 nunquam
2157 5035 2229 5100 in

266 5119 452 5183 hanc
497 5119 600 5183 vel
660 5120 732 5184 in
790 5120 970 5185 illam
1017 5132 1272 5203 partem
1332 5121 1743 5199 inclinantes,
1804 5122 1975 5204 quod
2038 5122 2228 5187 Deus

262 5213 525 5269 rectam
560 5205 1025 5270 conscientiam
1050 5207 1382 5289 approbet,
1420 5205 1532 5272 sed
1571 5207 1912 5274 simulatos
1934 5214 2001 5272 et
2023 5209 2229 5293 hypo-

491 5306 713 5362 Galvs‘ni
735 5321 919 5374 opem.
968 5308 1093 5363 Vol.
1116 5307 1313 5365 XXX.

1540 311 1638 378 IN
1685 312 1736 379 1.
1786 313 1959 379 LIB.
2007 311 2409 379 SAMUEL.
2458 311 2657 378 OAP.
2703 311 3040 378 XXVIII.

4186 320 4316 385 642

2345 501 2543 566 critas
2585 500 3011 567 condemnet:
3118 501 3604 584 nandoquidem
3661 522 3795 566 non
3858 521 3939 567 ex
3986 504 4154 572 facie
4195 528 4309 573 ex-

2344 593 2567 651 terna:
2635 585 2749 651 sed
2817 607 2900 650 ex
2958 522 3175 651 corais
3230 586 3500 652 latebris
3557 586 3824 653 indicat.
3934 588 4038 653 Ns
4094 591 4308 676 igitur

2344 670 2489 736 Deo
2534 671 2872 754 imponere
2917 692 3032 737 nos
3077 692 3272 754 posse
3328 671 3744 751 arbitremur,
3806 694 3958 738 nam
4022 676 4077 739 si
4138 677 4307 744 altas

2343 756 2412 821 in
2456 758 2701 823 nostris
2745 757 3050 823 cordibus
3085 758 3335 824 radices
3370 756 3497 823 Dei
3543 757 3741 823 timor
3775 759 4002 842 egerit,
4047 776 4301 827 eertum

2343 852 2445 908 est
2484 863 2604 908 nos
2649 843 2718 907 in
2779 845 2984 926 ipsius
3039 843 3220 909 cultu
3275 852 3410 907 tam
3468 844 3756 909 sinceros
3812 864 3945 908 uno
4002 856 4302 930 tempore

2344 947 2542 1010 quam
2587 927 2793 993 altero
2834 929 3009 994 fore:
3056 940 3124 993 et
3169 928 3548 1012 hypocritas
3592 928 3843 993 similes
3886 950 4034 995 esse
4079 932 4295 998 arbori

2343 1014 2450 1079 cui
2507 1014 2751 1079 eximia
2811 1015 3127 1096 quaedam
3187 1035 3382 1098 poma
3447 1035 3736 1098 appensa
3800 1015 3952 1095 sint,
4020 1017 4101 1081 de
4167 1039 4298 1100 qua

2344 1097 2600 1163 dicatur
2662 1099 2958 1164 arborem
3020 1099 3199 1164 illam
3275 1099 3587 1181 pulchros
3658 1102 3911 1167 fructus
3959 1104 4295 1183 proferre,

2340 1203 2547 1266 quum
2592 1194 2811 1250 tamen
2859 1186 3124 1250 aliunde
3185 1203 3477 1268 appensa
3517 1186 3671 1250 sint.
3764 1186 3901 1251 Nos
3947 1198 4177 1254 contra
4219 1199 4298 1255 ut

2340 1267 2552 1334 bonae
2597 1270 2863 1336 arbores
2883 1271 3087 1336 bonos
3133 1271 3382 1336 fructus
3405 1270 3696 1348 edamus,
3742 1270 4016 1336 radicati
4051 1273 4121 1338 in
4164 1272 4297 1340 Dei

2341 1356 2554 1420 nostri
2624 1356 2921 1421 bonitate
2977 1358 3215 1421 timore
3273 1365 3340 1420 et
3392 1355 3780 1431 obedientia,
3842 1370 3910 1422 et
3967 1359 4036 1422 in
4091 1359 4299 1442 ipsius

2344 1426 2571 1506 schola
2615 1442 2903 1523 quotidie
2948 1462 3334 1525 progressus
3377 1442 3709 1519 faciamus,
3756 1442 3964 1508 donec
4008 1444 4293 1511 stadium

2339 1534 2636 1591 nostrum
2681 1525 3182 1593 decurrerimus.

2513 1611 2829 1694 Sequitur
2888 1612 3193 1696 deinceps
3246 1614 3589 1678 mulierem
3647 1612 3832 1678 illam
3891 1613 4294 1696 respondere

2342 1715 2695 1780 recusasse,
2757 1699 2969 1780 primo
3015 1698 3186 1781 qued
3233 1698 3358 1764 sibi
3418 1709 3757 1779 metueret,
3819 1699 3933 1782 qui
3992 1719 4133 1764 mos
4190 1710 4291 1766 est

2340 1783 2637 1847 omnium
2695 1783 3165 1865 flagitiosorum
3220 1784 3579 1861 hominum,
3638 1795 3715 1849 ut
3768 1784 3938 1866 quod
3999 1784 4292 1852 maxime

2339 1868 2620 1950 cupiunt
2662 1888 2793 1932 nen
2840 1869 3081 1934 audere
3127 1880 3346 1935 tamen
3386 1889 3457 1935 se
3500 1870 3775 1953 fingant,
3821 1880 3899 1933 ut
3940 1889 4093 1934 suas
4129 1890 4298 1936 mer·

2339 1973 2446 2018 ces
2489 1954 2705 2019 carius
2742 1954 3053 2031 vendant,
3115 1964 3182 2020 et
3224 1956 3434 2038 magis
3478 1954 3674 2019 etiam
3736 1954 4108 2020 hominibus
4166 1957 4290 2020 im-

2339 2047 2610 2122 ponant.
2671 2039 2787 2105 Sic
2823 2040 3104 2122 exempli
3130 2041 3344 2124 gratia
3383 2041 3608 2122 siquis
3645 2041 3726 2105 de
3756 2053 3983 2123 stupro
4002 2039 4296 2125 aliquam

2338 2124 2732 2205 interpellet,
2778 2126 3001 2190 statim
3045 2126 3302 2190 obiiciet
3338 2125 3631 2191 iustitiae
3669 2126 3974 2209 rigorem,
4016 2125 4298 2209 ideoque

2338 2209 2790 2275 imminentem
2856 2211 2976 2275 sibi
3036 2231 3336 2293 poenam.
3437 2209 3570 2277 Sed
3631 2231 3948 2293 quorsum
4003 2210 4293 2294 quaeso?

2338 2296 2465 2360 nisi
2501 2295 2673 2377 quod
2697 2296 2764 2359 in
2779 2294 2964 2360 illius
2987 2295 3323 2361 libidinem
3349 2316 3765 2373 consensura,
3804 2305 4051 2360 metum
4072 2296 4296 2362 obiicit

2338 2400 2466 2463 quo
2510 2400 2584 2445 se
2627 2382 2848 2447 carius
2893 2381 3184 2447 vendat?
3245 2380 3356 2448 Sic
3416 2385 3614 2447 etiam
3671 2384 3725 2447 si
3788 2383 3934 2464 quis
3993 2382 4074 2447 de
4133 2380 4296 2447 falso

2339 2466 2713 2532 testimonio
2759 2466 3027 2531 ferendo
3074 2478 3263 2551 roget
3308 2468 3530 2545 alium,
3574 2469 3801 2531 statim
3863 2467 4129 2532 obiiciet
4186 2468 4294 2550 agi

2338 2550 2421 2616 de
2461 2552 2690 2635 capite,
2751 2572 2884 2617 non
2927 2552 3191 2635 quidem
3237 2552 3407 2636 quod
3451 2553 3699 2618 malum
3747 2554 3989 2636 fngiat,
4048 2553 4161 2619 sed
4221 2565 4299 2618 ut

2338 2635 2605 2720 duplam
2670 2636 3036 2704 mercedem
3101 2636 3396 2722 accipiat.
3510 2640 3814 2721 Denique
3895 2638 4124 2704 eadem
4190 2648 4296 2705 est

2338 2723 2633 2787 omnium
2691 2724 3172 2808 flagitiosorum
3233 2725 3437 2804 ratic,
3506 2726 3613 2807 qui
3681 2724 3792 2789 vel
3848 2725 4123 2788 exitium
4182 2724 4291 2789 vel

2337 2809 2675 2873 infamiam
2723 2809 2832 2875 vel
2878 2810 3053 2874 vitae
3098 2811 3460 2892 perieulum
3507 2810 3822 2876 obiiciunt
3865 2821 3938 2874 ut
3975 2809 4290 2877 maiorem

2336 2895 2618 2979 gratiam
2679 2904 2746 2959 et
2802 2897 3395 2976 compensationem
3458 2896 3797 2977 accipiant.
3902 2895 4122 2961 Huius
4195 2898 4292 2960 rei

2337 2978 2712 3062 exemplum
2757 2989 3031 3064 apparet
3073 2980 3143 3044 in
3189 2982 3314 3046 hac
3335 2982 3644 3059 venefica,
3690 2999 3855 3063 quae
3891 2981 4104 3062 primo
4147 2981 4292 3063 qui·

2339 3064 2486 3130 dem
2534 3066 2775 3130 metuit
2833 3075 2901 3130 et
2942 3068 3166 3131 renuit
3224 3068 3291 3131 in
3351 3066 3420 3130 id
3475 3063 3648 3149 quod
3706 3064 4079 3148 postulabat
4122 3065 4288 3132 Saul

2338 3152 2746 3217 consentire:
2792 3151 2905 3216 sed
2954 3149 3191 3220 deinde
3234 3152 3458 3216 audito
3503 3150 3730 3216 Saulis
3774 3152 4176 3231 iuramento,
4218 3173 4292 3218 se

2338 3236 2736 3319 impunitam
2779 3239 2933 3314 fore,
2980 3238 3046 3301 in
3094 3237 3486 3303 maleficium
3533 3237 3883 3302 consensit.
3949 3236 4088 3303 Nos
4134 3259 4292 3304 vero

2338 3321 2669 3388 discamus
2726 3320 2809 3387 ad
2864 3323 3186 3405 flagitium
3244 3321 3500 3405 aliquod
3561 3322 3891 3387 sollicitati
3964 3343 4097 3388 non
4154 3345 4289 3388 me-

2339 3417 2525 3473 tuere
2567 3428 2814 3492 poenas
2859 3409 3326 3495 quaestegibus
3371 3408 3716 3473 hominum
3754 3407 4125 3487 imminent,
4171 3410 4288 3475 sed

2337 3494 2545 3576 ipsius
2589 3494 2808 3576 potius
2852 3494 3009 3558 mali
3056 3504 3359 3558 naturam
3408 3494 3694 3571 horrere,
3738 3491 3908 3575 quod
3944 3502 4288 3575 peccatum

2337 3578 2950 3645 condemnationem
3009 3579 3077 3643 in
3141 3600 3261 3645 nos
3317 3579 3609 3644 divinam
3671 3578 3968 3644 attrahat
4025 3591 4092 3644 et
4150 3581 4294 3647 adi·

2338 3676 2480 3729 tum
2527 3663 2610 3729 ad
2665 3685 2815 3730 eum
2873 3663 3292 3731 intercludat.
3393 3664 3501 3729 Ita
3560 3666 3707 3743 fiet,
3774 3672 3850 3729 ut
3908 3676 4294 3733 constanter

2336 3751 2723 3817 resistamus
2743 3749 3049 3816 omnibus
3075 3750 3545 3815 tentationibus
3590 3758 3657 3815 et
3696 3749 3986 3817 Satanae
4007 3751 4291 3820 flabellis

2338 3836 2573 3919 quibus
2619 3858 2659 3901 a
2700 3848 2876 3902 recto
2921 3856 3039 3901 nos
3085 3835 3405 3902 abducere
3440 3845 3736 3914 conatur,
3783 3844 3850 3900 et
3895 3836 4161 3903 tandem
4208 3838 4290 3904 de

2338 3923 2479 4004 ipso
2524 3922 2778 3988 Satana
2821 3921 3322 4004 triumphemus,
3382 3922 3550 4005 quod
3597 3923 3712 3987 fiet
3772 3942 3974 4004 quum
4034 3924 4102 3989 in
4145 3925 4294 3990 Deo

2338 4009 2872 4091 conquiescentes
2952 4007 3197 4071 malum
3269 4007 3602 4072 oderimus
3689 4016 3755 4072 et
3813 4008 3925 4071 illo
3996 4010 4289 4076 abstinu-

2338 4114 2601 4160 erimus.

2509 4176 2703 4258 Quod
2749 4187 2967 4243 autem
3016 4177 3096 4242 ad
3144 4177 3367 4243 Saulis
3412 4179 3854 4243 iuramentum
3913 4177 4076 4243 illud
4137 4183 4286 4246 atti-

2336 4272 2478 4345 net,
2558 4285 2791 4329 verum
2875 4273 2975 4329 est
3041 4263 3204 4328 illud
3273 4265 3472 4329 etiam
3538 4263 3956 4329 observatum
4025 4263 4106 4329 ab
4172 4267 4288 4333 illo

2335 4351 2570 4429 fuisse,
2639 4350 2754 4415 sed
2813 4371 2942 4415 non
3003 4350 3148 4415 sine
3202 4347 3412 4414 divini
3472 4348 3755 4415 nominis
3813 4348 4286 4430 profanatione.

2336 4436 2529 4516 Nam,
2588 4436 2874 4512 obsecre,
2926 4435 3034 4500 cui
3080 4433 3245 4500 Saul
3307 4433 3598 4500 iuravit?
3660 4436 4004 4501 veneficae.
4107 4435 4288 4518 Quid

2337 4543 2495 4587 vero
2539 4520 2823 4586 iuravit?
2887 4519 2978 4586 Se
3036 4541 3167 4585 non
3228 4521 3553 4586 facturum
3598 4517 3765 4601 quod
3832 4520 4050 4585 facere
4093 4522 4282 4587 illum

2338 4609 2518 4673 Deus
2562 4607 2865 4684 iusserat,
2926 4605 3040 4671 sed
3088 4614 3398 4689 tanquam
3459 4605 3762 4669 lenonem
3823 4605 4280 4673 scortationem

2335 4694 2514 4758 illam
2577 4692 3000 4757 divinationis
3075 4700 3211 4755 tam
3286 4691 3512 4756 stricte
3588 4710 3627 4752 a
3682 4690 3827 4755 Deo
3879 4692 4279 4773 prohibitam

2335 4781 2657 4844 fcturum:
2703 4776 2874 4860 quod
2918 4775 3190 4861 perinde
3234 4784 3334 4840 est
3379 4796 3452 4839 ac
3498 4777 3552 4839 si
3598 4776 3744 4856 quis
3783 4778 4062 4843 maritus
4102 4778 4282 4844 iura·

2334 4876 2435 4929 ret
2478 4884 2548 4929 se
2593 4872 3016 4930 scortatorem
3058 4873 3123 4926 et
3167 4860 3532 4926 adulterum
3580 4862 3749 4923 fore:
3811 4862 3864 4925 si
3910 4864 4053 4944 quis
4098 4874 4289 4948 pater

2335 4954 2582 5015 iuraret
2625 4971 2695 5014 se
2760 4948 2978 5033 gladio
3034 4949 3148 5011 filii
3209 4945 3504 5028 iugulum
3565 4945 3958 5028 petiturum:
4018 4951 4075 5015 si
4134 4952 4282 5034 quis

2334 5034 2634 5102 subditus
2677 5036 2928 5099 inraret
2982 5054 3052 5097 se
3110 5032 3426 5096 adversus
3484 5050 3705 5113 regem
3764 5053 3953 5096 suum
4014 5035 4284 5102 rebella·

2334 5130 2577 5200 turum,
2624 5130 2692 5186 et
2735 5141 2852 5203 pro
2899 5119 3145 5183 viribus
3189 5138 3336 5181 eum
3378 5125 3947 5200 persequuturum,
3983 5123 4115 5187 tale
4158 5124 4286 5188 fuit

2336 5206 2560 5274 Saulis
2602 5204 3072 5271 iusiurandum.
3163 5203 3298 5268 Nos
3345 5221 3501 5267 vero
3547 5212 3777 5267 contra
3819 5202 4150 5274 discamus
4187 5209 4280 5274 ita

3807 5304 3872 5360 41
