5059 6059
836 349 926 419 99

839 541 1042 607 homo
1083 549 1273 605 extra
1317 559 1392 603 se
1429 538 1677 619 positus
1720 536 2045 602 exclamat
2092 537 2214 601 Dei
2261 556 2500 601 nomen
2544 533 2778 601 videns

841 628 912 692 in
955 632 1393 707 contemptum
1440 625 1686 706 venire,
1731 632 1798 687 et
1840 641 2027 689 suam
2072 639 2394 706 quemque
2439 621 2621 704 sequi
2665 641 2777 686 cu-

842 712 1198 797 piditatem,
1258 711 1438 792 quasi
1485 709 1608 774 Dei
1667 708 1915 773 iustitia
1966 709 2215 773 abiecta
2274 707 2502 771 mundi
2549 707 2780 791 guber·-

847 799 1118 862 natione
1165 797 1234 859 in
1292 792 1468 860 coelo
1526 794 1868 860 desideret.
1957 792 2397 874 Quamobrem
2458 792 2778 876 propheta

846 884 990 948 istis
1041 880 1215 946 curis
1267 882 1554 963 agitatus
1617 878 1700 945 ad
1764 891 2133 944 extremum
2195 880 2491 962 ang-itum
2559 890 2624 942 et
2689 881 2781 941 ait

844 967 1206 1032 Dominum
1251 966 1663 1047 compellans,
1714 966 1991 1029 Domine
2037 967 2131 1029 tui
2201 965 2482 1029 nominis
2543 964 2775 1027 menti-

847 1071 1038 1118 onem
1083 1052 1366 1134 amptius
1408 1073 1533 1115 non
1573 1052 1824 1116 faciam.
1893 1051 2190 1115 Profecto
2231 1071 2364 1113 non
2390 1048 2777 1114 abhorrebat

847 1157 886 1201 a
932 1137 1056 1204 Dei
1101 1138 1400 1200 nomine:
1456 1135 1569 1201 sed
1625 1157 1775 1201 suas
1833 1157 2022 1200 curas
2081 1148 2146 1198 et
2189 1135 2422 1199 anxias
2466 1134 2777 1199 sollicitu-

848 1222 1033 1288 dines
1091 1234 1158 1287 et
1211 1241 1500 1286 summos
1552 1221 1805 1286 dolores
1862 1224 1953 1286 ita
2011 1243 2158 1288 eum
2221 1222 2361 1286 Deo
2416 1221 2775 1286 communi-

850 1308 1054 1385 cabat,
1098 1321 1163 1371 et
1206 1309 1441 1389 quibus
1487 1307 1776 1370 maxime
1816 1305 2150 1372 doloribus
2184 1318 2544 1389 angeretur
2566 1306 2772 1388 expli-

850 1397 1058 1471 cabat,
1103 1397 1282 1475 quasi
1329 1392 1540 1458 dieat:
1581 1393 1773 1457 Eheu
1802 1392 2108 1471 Domine,
2155 1412 2277 1477 ego
2322 1412 2467 1456 sum
2492 1394 2775 1456 miseret

852 1497 1057 1563 paene
1081 1479 1159 1542 de
1184 1479 1466 1561 relictus,
1512 1476 1668 1560 quid
1690 1498 1844 1557 ergo
1870 1478 1951 1542 de
1972 1498 2077 1543 me
2104 1480 2397 1555 futurum
2424 1487 2545 1554 est,
2590 1478 2645 1542 si
2670 1497 2777 1541 no-

853 1586 999 1630 men
1028 1578 1214 1628 tuum
1243 1563 1405 1628 sinis
1437 1563 1526 1627 ita
1551 1565 1928 1646 profanari?
1997 1561 2220 1644 Quare
2246 1564 2597 1647 diligenter
2618 1562 2778 1628 haec

853 1650 1050 1715 verba
1095 1660 1248 1713 snut
1284 1648 1672 1727 meditanda,
1719 1645 2012 1714 Samueli
2035 1649 2440 1733 displicuisse
2464 1650 2776 1714 reiectum

854 1733 1142 1816 Saulem,
1189 1744 1254 1798 et
1297 1754 1416 1818 pro
1459 1755 1535 1798 eo
1580 1745 1715 1797 tota
1759 1745 1947 1800 nocte
1991 1736 2073 1799 ad
2114 1737 2327 1799 Deum
2372 1735 2775 1800 clamavisse.

853 1820 998 1886 Hac
1056 1821 1259 1903 igitur
1319 1820 1456 1884 sola
1498 1820 1749 1883 ratione
1789 1820 1856 1884 in
1902 1823 2174 1885 summis
2214 1820 2530 1903 angustiis
2577 1819 2779 1883 animi

851 1918 921 1971 et
963 1904 1462 1971 difficultatibus
1501 1906 1836 1971 constituti
1882 1927 2310 1989 emet-gemus,
2369 1906 2425 1970 si
2485 1906 2781 1987 precibus

854 1991 940 2058 ad
978 1993 1187 2056 Deum
1234 1992 1701 2074 confugiamus.
1773 1989 1927 2057 Sola
1973 2014 2044 2055 er
2090 2014 2127 2057 o
2174 1993 2339 2056 ratio
2372 1992 2783 2056 difficultates

855 2095 1082 2141 omues
1126 2077 1494 2158 superandi,
1540 2086 1606 2138 et
1648 2077 1810 2140 iram
1841 2075 1964 2140 Dei
2010 2097 2052 2159 p
2080 2078 2329 2154 acandi,
2373 2078 2440 2140 in
2489 2078 2783 2141 oratioue

856 2162 938 2228 ad
991 2163 1219 2239 Deum,
1266 2175 1330 2226 et
1374 2163 1442 2225 in
1487 2160 1851 2225 obedientia
1896 2164 2104 2245 ipsius
2149 2163 2464 2227 consistit.
2535 2162 2783 2242 Quam-

853 2250 1072 2312 obrem
1136 2249 1328 2311 etiam
1390 2267 1732 2311 monemur
1791 2248 1858 2311 in
1905 2248 2187 2312 Psalmis
2233 2269 2271 2312 a
2326 2247 2656 2330 propheta,
2714 2249 2781 2310 in

855 2333 984 2397 Dei
1027 2333 1241 2397 sinum
1284 2351 1474 2396 curas
1518 2353 1741 2395 omnes
1788 2347 2046 2398 nostras
2087 2335 2426 2399 coniicere.
2515 2334 2685 2397 Nam
2731 2334 2785 2395 si

857 2438 1044 2482 secus
1101 2416 1462 2493 fecerimus,
1532 2419 1778 2482 frustra
1833 2418 2296 2497 laborabimus,
2359 2431 2425 2483 et
2487 2420 2783 2483 fraenum

856 2514 1151 2567 nostrum
1211 2503 1605 2567 arrodemus.
1696 2504 2014 2585 Exemplo
2071 2517 2207 2568 esto
2260 2506 2468 2570 bonus
2511 2505 2623 2568 ille
2672 2525 2786 2567 rex

858 2589 1187 2660 Ezechias.
1236 2607 1424 2670 quem
1465 2589 1758 2653 videmus
1795 2589 2032 2653 auditis
2054 2590 2450 2672 blasphemis
2474 2591 2544 2653 in
2568 2589 2783 2652 Deum

857 2673 1128 2739 vocibus
1172 2675 1349 2756 impii
1392 2673 1573 2738 illius
1610 2674 1949 2750 Rabsaces,
1991 2687 2201 2742 totum
2248 2676 2674 2750 cohorruisse,
2722 2687 2787 2736 et

858 2761 926 2823 in
986 2759 1256 2823 summis
1315 2760 1632 2842 angustiis
1687 2761 1884 2824 fuisse
1940 2764 2384 2826 constitutum.
2488 2761 2787 2825 Profecto

857 2844 1104 2909 multae
1164 2863 1522 2926 gravesque
1589 2866 1817 2910 causae
1885 2846 2188 2910 videntur
2241 2847 2614 2911 Samuelem
2684 2847 2787 2910 hic

859 2930 1294 3014 perturbasse,
1370 2949 1570 3012 quum
1638 2932 1952 3015 cogitaret
2015 2933 2136 2996 Dei
2205 2952 2438 2996 nomen
2509 2932 2788 2996 dedecus

860 3015 1117 3098 aliquod
1173 3035 1540 3098 passurum,
1608 3027 1672 3079 et
1727 3018 1966 3100 impios
2022 3017 2320 3082 homines
2387 3017 2786 3082 occasionem

859 3100 1174 3166 adversus
1237 3101 1454 3165 Deum
1523 3101 2019 3183 blasphemandi
2097 3113 2507 3185 accepturos,
2590 3101 2807 3169 Saule·

859 3188 1098 3252 reiecto
1157 3197 1225 3251 et
1287 3196 1724 3268 exauctorato.
1814 3187 1982 3251 Nam
2044 3186 2368 3254 Samuelis
2431 3189 2789 3253 ministerio

861 3283 1096 3338 unctus
1141 3272 1375 3352 fuerat,
1421 3283 1488 3336 et
1532 3272 1613 3336 ab
1653 3273 1961 3354 ipsoDeo
2004 3295 2040 3337 e
2085 3289 2218 3337 tota
2264 3274 2446 3357 plebe
2487 3275 2788 3350 selectus,

861 3371 928 3422 et
981 3358 1060 3422 ad
1121 3360 1368 3442 regiam
1426 3356 1812 3440 dignitatem
1877 3369 2171 3424 vocatus:
2231 3381 2430 3442 quare
2488 3361 2620 3423 iam
2680 3360 2791 3423 illo

863 3454 1277 3508 exauctorato
1385 3442 1730 3507 videbatur
1823 3444 2203 3510 tantundem
2285 3446 2364 3509 de
2467 3444 2794 3511 Samuelis

861 3528 1209 3593 autoritate
1253 3540 1315 3592 et
1362 3529 1690 3593 doctrinae
1734 3529 1942 3611 ipsius
1984 3530 2114 3594 fide
2173 3531 2460 3596 detrahi:
2527 3551 2601 3596 ac
2649 3551 2794 3612 pro-

863 3615 1015 3677 inde
1059 3613 1186 3676 Dei
1231 3612 1476 3679 cultum
1533 3616 1737 3677 everti
1800 3636 2062 3680 necesse
2120 3637 2278 3695 esse,
2345 3637 2795 3697 summamque

866 3699 934 3762 in
981 3699 1286 3781 populum
1336 3700 1886 3781 perturbationem
1933 3723 2279 3785 rerumque
2315 3705 2605 3766 omnium
2644 3724 2793 3766 con-

855 3784 1183 3848 ·fusionem
1243 3785 1484 3848 invehi.
1573 3785 1718 3849 Hae
1778 3806 1934 3850 sane
1991 3808 2222 3853 causae
2281 3786 2653 3854 Samuelem
2714 3788 2793 3850 ad

872 3880 1116 3933 tantam
1185 3870 1690 3944 indignationem
1759 3872 2173 3954 impulerunt.
2266 3873 2548 3938 Eaedem
2619 3873 2792 3937 Iere—

869 3957 1070 4018 miam
1118 3956 1406 4040 graviter
1449 3956 1845 4034 afflixerunt,
1885 3979 2084 4040 quum
2124 3968 2382 4023 veretur
2406 3980 2486 4022 ne
2511 3958 2794 4023 oblatam

870 4042 1273 4104 occasionem
1320 4042 1594 4123 populus
1642 4042 1782 4105 Deo
1827 4043 2218 4126 obloquendi
2273 4045 2560 4127 arripiat,
2621 4055 2687 4107 et
2727 4046 2794 4108 in

870 4126 1284 4207 blasphemas
1351 4147 1538 4190 voces
1607 4138 1934 4210 erumpat,
2011 4130 2246 4211 quibus
2311 4143 2792 4195 sacrosanctum

869 4211 994 4275 Dei
1046 4232 1278 4275 nomen
1322 4212 1624 4277 violetur.
1691 4213 1970 4278 Easdem
2020 4231 2293 4297 uterque
2339 4236 2565 4281 causas
2602 4215 2798 4279 habet

868 4296 1372 4380 indignationis:
1418 4296 1529 4361 sed
1580 4296 1842 4363 Samuel
1892 4301 2247 4365 remedium
2293 4302 2613 4366 adversus
2656 4311 2794 4365 ten·

869 4383 1184 4447 tationem
1231 4383 1412 4446 novit
1454 4395 1517 4446 et
1553 4386 1861 4466 sequitur,
1904 4385 2215 4451 Ieremias
2255 4408 2408 4451 vero
2447 4407 2582 4450 non
2615 4387 2794 4465 item,

869 4468 984 4532 sed
1028 4467 1497 4550 quodammodo
1554 4469 2070 4552 subringebatur.
2139 4484 2204 4536 et
2265 4476 2558 4537 fraenum
2620 4492 2794 4536 arro—

873 4553 1086 4626 debat.
1129 4573 1293 4636 qnae
1338 4555 1461 4618 sibi
1506 4556 1884 4637 contigisset
1925 4558 2222 4622 intuitus.
2305 4559 2553 4622 Verum
2601 4558 2799 4641 longe

872 4642 1166 4722 superior
1211 4639 1579 4704 hominibus
1625 4642 1744 4704 fuit
1779 4640 1979 4717 Deus,
2027 4645 2134 4724 qui
2181 4644 2467 4708 bonitate
2513 4665 2633 4708 sua
2677 4646 2796 4707 im-

876 4746 1098 4790 mensa
1154 4733 1405 4788 tantam
1466 4727 1635 4790 servi
1697 4727 1796 4790 sui
1858 4729 2280 4811 fragilitatem
2342 4730 2665 4805 toleravit,
2731 4739 2798 4794 et

869 4809 1190 4876 iacentem
1236 4813 1462 4886 erexit,
1509 4832 1584 4874 ae
1627 4813 1834 4875 veluti
1877 4817 2069 4879 novis
2105 4816 2353 4880 viribus
2391 4817 2595 4879 auxit.
2658 4815 2796 4879 Nos

877 4896 1092 4977 itaque
1148 4899 1474 4960 discamus
1528 4896 1704 4962 hane
1743 4899 2102 4963 doctrinam
2148 4902 2216 4963 in
2266 4921 2452 4964 usum
2501 4911 2796 4965 nostrum

878 4993 1163 5046 vertere:
1226 4996 1290 5046 et
1343 4985 1850 5066 quotiescunque
1907 4987 2116 5049 variis
2152 4986 2544 5069 agitabimur
2588 4995 2793 5050 tenta-

877 5064 1194 5143 tionibus,
1263 5077 1331 5131 et
1410 5069 1483 5131 in·
1545 5087 1835 5134 summas
1900 5069 2315 5135 difficultates
2382 5071 2799 5137 inciderimus

875 5163 1144 5234 propter
1184 5153 1400 5216 varias
1443 5169 1663 5217 rerum
1723 5157 2222 5234 conversiones‚-
2256 5156 2342 5222 ad
2384 5156 2597 5220 Deum
2646 5177 2796 5222 con-

874 5236 1198 5320 fugiamus
1242 5251 1306 5302 et
1349 5241 1470 5302 sub
1513 5240 1718 5322 ipsius
1761 5261 1963 5305 manu
2006 5242 2416 5307 deiiciamur:
2464 5253 2531 5306 et
2565 5243 2641 5307 in·
2674 5244 2799 5325 pri-

2508 343 2918 414 HOMILIA
2962 341 3147 410 LIII.
4658 344 4736 410 1oe

2881 535 3006 600 mis
3062 533 3227 598 nihil
3286 554 3365 598 ex
3426 531 3607 596 nobis
3651 532 3810 615 ipsis
3854 530 4331 615 aggrediamur.
4420 529 4552 595 Sed
4589 537 4742 614 potius

2882 620 3259 685 ardentibus
3297 633 3361 681 et
3402 617 3917 682 indesinentibus
3942 617 4114 682 votis
4140 617 4351 681 Deum
4377 616 4748 698 sollicitemus,

2881 719 2946 770 et
2990 707 3057 769 in
3107 709 3245 787 ipso
3290 704 3426 768 solo
3469 703 3774 768 solatium
3821 722 4242 786 quaeramus:
4286 705 4495 767 ¹donec
4521 703 4666 768 Deus
4698 728 4747 770 rs

2879 793 3021 873 ipsa
3065 789 3329 854 tandem
3377 790 3724 873 patefaciat
3769 809 3889 853 sua
3925 789 4181 863 indicia,
4221 807 4348 852 nou
4390 799 4622 852 tantum
4649 811 4751 857 m

2879 879 3081 957 iusta,
3163 876 3280 940 sed
3342 878 3543 939 etiam
3610 874 3887 940 salutem
3970 886 4037 938 et
4104 873 4455 939 utilitatem
4532 886 4750 941 nostran

2878 974 3194 1045 spectare.

3051 1047 3189 1112 lam
3241 1066 3397 1111 vero
3444 1047 3634 1130 agite,
3680 1051 3783 1111 ete.

3466 1387 3953 1471 HOMILIA
4008 1390 4226 1470 LIII·

3054 1563 3153 1625 12.
3187 1561 3509 1643 Quumque
3541 1560 3616 1625 de
3657 1563 3825 1624 noete
3866 1560 4247 1624 surrexisset
4269 1557 4545 1638 Samuel,
4584 1565 4645 1623 at
4676 1561 4764 1624 ira

2878 1649 2965 1714 ad
3013 1647 3168 1712 Saul
3210 1665 3410 1721 mane,
3471 1646 3835 1709 nunciatum
3892 1650 3981 1710 est
4027 1644 4324 1722 Sanmli,
4384 1667 4453 1710 eo
4510 1645 4655 1727 quod
4698 1665 4765 1710 ve·

2879 1736 3073 1798 nisset
3118 1731 3278 1797 Saul
3331 1733 3403 1796 in
3468 1729 3840 1811 Carmelum,
3895 1736 3950 1795 et
4002 1733 4297 1797 erexisset
4350 1731 4478 1796 sibi
4516 1732 4765 1812 foram

2879 1818 3196 1899 taumpha
3205 1819 3341 1897 lem,
3388 1821 3451 1882 et
3482 1836 3770 1881 reversus
3809 1817 4149 1881 &ausisset
4181 1817 4688 1898 descfltdissetqee
4718 1817 4767 1879 in

2887 1905 3185 1987 Galqata.
3292 1903 3389 1967 13.
3456 1902 3544 1967 Et
3599 1919 3790 1983 quum
3845 1904 4111 1967 ven-ism
4171 1901 4427 1967 Samuel
4496 1903 4578 1967 ad
4632 1901 4765 1978 Suel,

2881 1991 3049 2056 dixit
3091 1992 3147 2054 et*
3173 1988 3362 2054 Saul.-
3407 1987 3785 2053 Benedictus
3826 1993 3899 2052 bn
3937 1987 4231 2070 Domino,
4277 1988 4535 2069 implevi
4570 1986 4769 2051 verbm

2886 2076 3164 2142 Domini.
3248 2074 3348 2138 14.
3384 2074 3692 2155 Diamque
3729 2071 4010 2138 Semel:
4061 2072 4148 2136 Et
4188 2091 4349 2154 quae
4390 2080 4483 2140 est
4523 2073 4660 2137 haec
4686 2091 4771 2134 vox

2881 2181 3134 2244 yreyum
3177 2179 3336 2242 quae
3376 2166 3623 2223 resonat
3664 2160 3736 2222 in
3778 2159 4046 2223 auribus
4078 2161 4253 2237 meis,
4298 2165 4351 2222 et
4396 2164 4775 2223 armenorum

2886 2267 3079 2328 quam
3141 2265 3249 2329 eqo
3313 2244 3560 2309 audio?
3652 2243 3754 2309 15.
3820 2242 3911 2309 Ea
3973 2247 4069 2309 ait
4115 2243 4289 2320 Saul,
4355 2248 4432 2309 de
4480 2242 4772 2308 Hamatoek

2886 2333 3285 2398 adclamarunt
3325 2353 3431 2396 ea:
3461 2332 3743 2413 pepercit
3781 2332 3946 2394 enim
3979 2330 4254 2411 pepuhes
4300 2330 4650 2396 melioribus
4677 2330 4772 2393 ori·

2889 2417 3019 2493 bue,
3079 2422 3135 2480 et
3187 2418 3486 2481 armentis
3541 2420 3611 2480 ut
3669 2415 4142 2480 immolarentur
4184 2415 4464 2481 Domino
4508 2416 4639 2481 Deo
4684 2421 4771 2490 tm,

2887 2504 3135 2583 reliqua
3194 2523 3332 2568 vero
3389 2501 3739 2566 occidimus.
3834 2501 3933 2566 16.
3995 2501 4113 2565 Ait
4168 2509 4371 2566 autem
4432 2500 4673 2566 Samuel
4716 2500 4776 2564 ad

2894 2588 3091 2653 Saul.-
3159 2588 3309 2652 Sive
3349 2609 3462 2663 me,
3529 2593 3584 2650 et
3640 2586 3931 2651 indicabo
3988 2588 4102 2652 tibi
4163 2603 4322 2668 quae
4384 2588 4670 2669 loquutus
4719 2587 4778 2650 sit

2892 2673 3212 2738 Dominus
3256 2674 3340 2737 ed
3381 2693 3480 2737 me
3520 2677 3702 2737 necte.
3771 2671 4076 2754 Dixitque
4120 2676 4198 2756 εἰ,
4243 2673 4519 2754 loquere.
4608 2670 4777 2736 UH

2891 2762 2982 2823 ait
3040 2758 3327 2824 Samuel.-
3398 2759 3616 2822 Nonne
3671 2778 3863 2839 quum
3914 2758 4225 2839 parendus
4280 2778 4450 2823 esses
4508 2761 4578 2823 ia
4629 2757 4779 2823 onds

2892 2847 3036 2922 tuis,
3091 2849 3275 2927 caput
3332 2847 3399 2908 i‘n
3459 2843 3741 2909 tribubus
3787 2844 3997 2908 Israel
4034 2843 4247 2925 faetus
4284 2864 4366 2917 es,
4424 2845 4712 2925 unvitqtoe
4740 2849 4780 2904 te

2892 2930 3207 2996 Dominus
3263 2931 3332 2994 in
3388 2949 3588 3012 reyem
3645 2947 3833 3011 super
3892 2929 4148 2994 Israel?
4238 2931 4337 2995 18.
4398 2929 4493 2994 Ee
4545 2931 4703 2994 misit
4742 2933 4782 2990 le

2893 3015 3206 3080 Domiwws
3249 3016 3315 3079 in
3359 3017 3550 3097 viam,
3594 3021 3649 3080 et
3692 3016 3815 3079 ait.-
3873 3014 4049 3081 Vade
4085 3021 4140 3080 et
4174 3016 4446 3097 interfice
4482 3019 4781 3098 peccatore

2893 3100 3256 3181 Hamalec&
3313 3107 3369 3164 et
3412 3119 3633 3183 puyno
3676 3107 3885 3165 eontra
3930 3121 4048 3184 eos,
4103 3121 4299 3182 usque
4342 3103 4430 3166 ad
4474 3100 4781 3166 mmai&

2891 3184 3490 3251 nemeormn.19.
3547 3185 3755 3266 Quare
3806 3206 3947 3269 erqo
4002 3184 4779 3253 nouandis-avoconem

2892 3274 3069 3352 mini,
3112 3274 3226 3422 3ῧί
3266 3291 3483 3405 veragos
3525 3273 3608 3336 ad
3643 3273 3951 3355 praedam
3995 3292 4077 3354 ee,
4123 3278 4179 3337 ct
4216 3273 4429 3354 fecis-fi
4472 3273 4697 3338 indum
4732 3271 4781 3332 in

2893 3358 3086 3424 oculis
3197 3358 3417 3422 omini.

3064 3528 3395 3593 Hesterna
3440 3528 3746 3593 concione
3781 3528 4151 3593 audivimus
4174 3528 4509 3594 Samuelis
4546 3529 4781 3593 lumem

2895 3625 2960 3678 et
3026 3615 3349 3697 lacrymas
3414 3614 3494 3678 de
3559 3612 3779 3689 Saule,
3843 3626 4189 3697 postquam
4258 3616 4575 3680 reiectum
4634 3612 4780 3676 illum

2897 3700 3251 3765 audivisset
3295 3720 3333 3763 a
3380 3700 3698 3764 Domino:
3740 3701 3870 3764 iam
3916 3719 4075 3764 vero
4116 3711 4340 3764 eontra
4386 3700 4650 3764 videtur
4685 3717 4782 3760 cm·

2898 3806 3046 3850 nem
3095 3787 3352 3850 exuisse
3397 3786 3889 3863 humanitatem,
3927 3797 3991 3850 et
4037 3785 4198 3850 nihil
4241 3787 4366 3850 nisi
4404 3788 4781 3852 severitatem

2898 3872 3166 3953 spirare.
3257 3871 3456 3935 Venit
3515 3874 3688 3935 enim
3749 3872 3827 3935 ad
3884 3869 4153 3937 Saulem
4210 3873 4335 3954 ipsi
4390 3871 4784 3936 nunciaturus

2898 3955 3296 4021 horrendum
3366 3955 3695 4036 nuncium,
3763 3977 3995 4040 nempe
4061 3979 4188 4022 non
4254 3957 4484 4022 haberi
4550 3953 4783 4037 amplius

2895 4043 3106 4125 ipsum
3154 4063 3193 4105 a
3240 4043 3521 4107 Domino
3576 4061 3689 4125 pro
3749 4043 4045 4126 legitimo
4098 4063 4281 4127 reget
4350 4043 4525 4126 quod
4583 4063 4662 4106 ex
4708 4057 4783 4102 ar·

2899 4131 3072 4193 bitrii
3118 4129 3217 4192 sui
3264 4130 3601 4211 sententia,
3648 4150 3778 4192 non
3823 4150 3904 4193 ex
3951 4130 4076 4193 Dei
4121 4128 4450 4204 mandatu,
4502 4150 4632 4192 rem
4669 4143 4781 4208 pe*

2898 4215 3172 4279 fecisset.
3265 4214 3351 4278 Et
3406 4214 3923 4297 quandoquidem
3975 4215 4184 4279 Deum
4244 4216 4633 4297 magistrum
4685 4227 4783 4275 nou

2896 4300 3249 4377 admiserit,
3295 4321 3503 4384 neque
3544 4301 3759 4385 ipsum
3798 4301 4086 4366 vicissim
4124 4321 4163 4364 a
4190 4301 4781 4383 Dominnprosem

2900 4384 3141 4450 haberi.
3235 4383 3413 4451 Sane*
3455 4386 3583 4451 ista
3627 4387 3815 4451 valde
3860 4387 4296 4470 repugnantia
4334 4385 4657 4459 videntur,
4693 4381 4780 4445 Sn-

2898 4471 3175 4535 muelem
3224 4472 3289 4534 in
3349 4491 3602 4536 summe
3649 4473 3824 4538 luctu
3873 4491 4013 4537 esse
4053 4483 4324 4555 propter
4367 4473 4593 4536 Saulis
4642 4485 4779 4532 amo-

2898 4579 3071 4621 rem:
3118 4567 3182 4620 et
3228 4571 3440 4621 tamen
3487 4560 3579 4622 sic
3624 4560 3713 4622 ab*
3751 4558 3867 4622 illo·
3904 4558 4115 4640 excipi
4177 4569 4253 4622 ut
4310 4558 4568 4622 iuratus
4619 4551 4779 4618 hostis

2897 4643 3216 4717 videatur,
3264 4646 3366 4708 eni
3415 4644 3589 4706 nullo
3634 4643 3829 4707 modo
3874 4653 4117 4725 pareat.
4207 4642 4469 4708 Verum
4511 4645 4599 4707 ita
4641 4636 4779 4702 vido-

2897 4749 3044 4793 mus
3091 4728 3438 4810 propbetas
3496 4729 3713 4794 officio
3766 4750 3884 4794 suo
3940 4729 4132 4812 fungi
4192 4729 4440 4793 solitos.
4532 4728 4617 4791 Et
4666 4723 4779 4818 liet*

2898 4816 3201 4897 populum
3251 4833 3505 4877 summa
3550 4816 3894 4879 dilectione
3937 4814 4220 4897 amplexi
4280 4815 4437 4894 sint,
4500 4809 4778 4878 nibilom-

2898 4921 3024 4963 nus
3071 4911 3287 4963 tamen
3324 4900 3393 4963 in
3431 4902 3719 4965 muneris
3754 4898 3873 4965 sibi
3911 4898 4777 4966 commissiadminisnatione

2898 4988 3315 5050 severitatem
3376 5005 3694 5050 summam
3761 4985 4150 5051 adhibuisse.
4250 4986 4343 5050 Et
4402 5003 4567 5051 eane
4625 4983 4777 5060 hug!

2899 5070 3157 5136 diversa
3203 5081 3355 5135 sunt
3399 5072 3541 5136 ista.
3629 5072 3804 5136 Nam
3841 5073 3953 5154 qui
3994 5071 4300 5135 mandata
4356 5072 4617 5135 nemine
4655 5065 4777 5130 alto·

2899 5159 3036 5221 rius
3083 5156 3165 5220 ed
3211 5155 3421 5221 alium·
3452 5159 3701 5240 accepit
3743 5158 4140 5240 perferenda,
4201 5157 4359 5222 dere
4401 5172 4657 5242 operam
4692 5149 4777 5212 ὼ·

2899 5243 3027 5320 bet,
3072 5253 3147 5306 ut
3191 5241 3479 5307 fideliter·
3511 5261 3747 5309 munus
3792 5261 3985 5309 suum
4015 5253 4431 5325 exsequntur,
4478 5245 4777 5323 etp-aeter
