5059 6059
832 322 957 390 351

826 513 1062 579 merito
1118 510 1304 577 Deus
1361 508 1494 575 illis
1546 528 1733 574 suam
1799 507 2344 593 ingratitudinem
2410 508 2780 592 exprobret,

831 602 1091 682 quoties
1149 617 1395 680 poenas
1455 593 1537 659 ab
1580 595 1713 661 illis
1757 616 1795 660 a
1839 595 2074 677 quibus
2119 596 2411 659 offensus
2454 606 2556 660 est
2596 616 2780 676 repe·

831 695 969 751 tere
1036 693 1238 768 parat.
1328 681 1609 764 Reliqua
1664 684 1739 747 in
1794 681 2188 761 crastinum,
2259 691 2594 746 annuente
2645 680 2780 745 Do·

831 772 1029 850 mino,
1076 768 1478 834 differentur.

1000 857 1181 940 Ergo
1225 853 1546 937 supplices
1589 850 1733 917 Deo
1774 851 1952 930 facti,
2002 856 2107 918 etc.

1456 1144 1956 1233 HOMHJA
2001 1144 2152 1229 XI.

1342 1284 1427 1347 v.
1479 1280 1761 1346 27-30.
1811 1278 1980 1366 (vtae
2017 1278 2267 1367 supra).

1008 1457 1335 1522 Hesterna
1395 1452 1703 1518 concione
1758 1470 1989 1517 causas
2031 1453 2362 1534 coepimus
2419 1453 2783 1532 ostendere,

833 1567 951 1613 eur
992 1563 1186 1624 saepe
1236 1542 1417 1606 Deus
1460 1537 1834 1603 homiuibus
1878 1558 1997 1602 sua
2039 1537 2109 1603 in
2153 1560 2262 1603 eos
2308 1538 2616 1604 beneficia
2659 1561 2775 1606 ex-

834 1630 1129 1715 probret:
1211 1626 1378 1709 quod
1458 1624 1771 1705 nimirum
1840 1624 2129 1688 maxima
2194 1644 2346 1707 pars
2415 1625 2777 1704 hominum,

834 1738 966 1782 non
1034 1712 1224 1779 modo
1285 1710 1534 1796 gratias
1590 1708 1688 1774 illi
1747 1707 2018 1773 reddere
2077 1708 2329 1774 debitas
2373 1720 2441 1775 et
2483 1711 2779 1777 datorem

833 1802 1103 1868 laudare
1147 1813 1214 1864 et
1256 1799 1468 1862 colere
1513 1795 1812 1878 negligit,
1855 1793 1967 1859 sed
2016 1796 2301 1860 maxime
2338 1796 2507 1879 quod
2546 1798 2777 1863 iisdem

832 1888 1145 1960 abutitur,
1188 1895 1255 1950 et
1297 1886 1366 1947 in
1412 1881 1552 1945 dies
1585 1875 1671 1945 'ea
1717 1880 2013 1962 profanat
2054 1895 2248 1963 atque
2293 1882 2551 1965 polluit.
2641 1885 2781 1950 An-

830 1995 960 2039 non
1019 1973 1197 2038 enim
1255 1980 1441 2033 tanta
1496 1965 1897 2050 ingratitudo
1946 1981 2250 2045 meretur,
2320 1978 2393 2032 ut
2432 1968 2620 2034 Deus
2664 1991 2770 2036 co-

830 2081 972 2126 ram
1029 2078 1147 2124 suo
1206 2052 1517 2120 tribunali
1562 2053 1736 2116 diem
1783 2052 1985 2117 veluti
2023 2052 2214 2125 dicat.
2285 2063 2352 2118 et
2393 2075 2543 2120 reos
2591 2076 2776 2137 pera-

830 2157 946 2231 gat
988 2151 1210 2208 tantae
1254 2137 1749 2218 ingratitudinis
1793 2136 2130 2203 conscios?
2192 2137 2375 2220 Quas
2423 2162 2577 2206 vero
2622 2162 2777 2223 poe·

833 2253 953 2297 nas
1031 2240 1256 2294 tantae
1321 2225 1447 2290 Dei
1517 2223 1925 2289 liberalitatis
1989 2236 2472 2310 contemptores
2540 2226 2776 2292 mereri

834 2311 1276 2383 arbitramur?
1345 2311 1651 2378 Iacobum
1697 2308 1960 2392 quidem
2006 2311 2212 2375 fateor
2257 2311 2492 2390 dicere,
2565 2313 2776 2378 Deum

834 2403 991 2467 dare
1066 2401 1377 2483 benigne,
1454 2418 1573 2462 nec
1645 2395 1949 2478 cuiquam
2027 2398 2456 2478 exprobrare:
2545 2420 2778 2481 nempe

834 2486 1207 2554 hominibus
1265 2484 1479 2567 longe·
1515 2482 1920 2562 dissimilem,
1978 2483 2086 2563 qui
2138 2482 2193 2547 si
2254 2483 2457 2549 semel
2506 2483 2775 2550 benefici

836 2595 992 2658 erga
1047 2572 1215 2636 ullos
1274 2571 1560 2647 fuerunt,
1638 2569 1877 2633 iterum
1935 2569 2147 2650 rogati
2205 2569 2477 2634 moleste
2534 2571 2775 2649 ferunt,

836 2671 903 2725 et
947 2659 1160 2723 denuo
1204 2655 1588 2722 beneficium
1634 2654 2008 2737 flagitantes
2075 2675 2114 2717 a
2156 2675 2227 2719 se
2273 2652 2534 2735 durius,
2591 2658 2776 2738 quasi

835 2747 1241 2829 importunos
1283 2751 1353 2806 et
1397 2760 1627 2824 parum
1672 2754 1915 2824 gratos,
1959 2739 2309 2822 repellunt.
2377 2740 2471 2806 At
2517 2763 2646 2806 non
2685 2743 2778 2807 ita

838 2832 1041 2905 Deus,
1118 2829 1231 2912 qui
1292 2847 1629 2910 nunquam
1689 2825 2148 2891 benefaciendo
2206 2825 2637 2910 defatigatur:
2713 2840 2780 2894 et

832 2919 1023 2984 cuius
1088 2934 1422 2997 nunquam
1489 2931 1648 2996 opes
1712 2911 2103 2976 liberalitate
2169 2914 2584 2992 minuuntur,
2663 2927 2777 2979 aut

835 3003 1284 3069 munificentia
1369 2998 1868 3064 exhauriuntur.
1958 2997 2136 3062 Fons
2223 2999 2398 3063 enim
2480 3000 2774 3064 omnium

835 3091 1155 3155 bonorum
1222 3086 1528 3168 perennis
1586 3096 1654 3150 et
1711 3095 2064 3166 perpetuus
2124 3084 2324 3162 Deus,
2402 3086 2509 3168 qui
2579 3086 2777 3151 bene·

834 3176 1005 3240 facta
1059 3172 1413 3239 liberaliter
1471 3172 1541 3235 in
1602 3170 1901 3234 homines
1955 3168 2378 3251 profundens,
2441 3192 2773 3253 nunquam

838 3282 917 3326 ea
953 3270 1191 3325 natura
1226 3258 1486 3340 quidem
1531 3277 1647 3322 sua
1683 3255 2071 3337 exprobrat:
2118 3254 2266 3320 licet
2302 3276 2775 3340 nonnunquam

835 3347 918 3411 ad
975 3346 1038 3411 id
1100 3344 1465 3409 faciendum
1512 3342 1855 3406 hominum
1901 3342 2370 3423 ingratitudine
2414 3354 2481 3407 et
2522 3343 2779 3408 malitia

835 3432 1217 3516 impellitur.
1305 3430 1498 3504 Nam,
1547 3439 1623 3492 ut
1665 3429 1800 3492 iam
1846 3428 2054 3510 attigi,
2097 3447 2223 3508 quo
2267 3431 2486 3494 animo
2536 3427 2659 3494 Dei
2705 3431 2776 3494 in

837 3538 960 3583 nos
1007 3517 1341 3580 benefacta
1383 3514 1754 3596 recipimus,
1801 3515 2231 3595 agnoscimus,
2278 3513 2774 3596 praedicamus?

837 3603 978 3668 Nae
1044 3602 1430 3685 plerumque
1492 3602 1590 3664 ita
1653 3601 1869 3663 iacent
1925 3598 2097 3680 apud
2156 3620 2274 3664 nos
2331 3601 2610 3682 sepulta,
2702 3613 2778 3666 ut

835 3709 1100 3772 operam
1147 3698 1214 3752 et
1256 3687 1469 3752 oleum
1509 3684 1866 3768 perdidisse
1904 3685 2219 3750 videatur.
2315 3684 2448 3752 Sed
2483 3700 2552 3751 et
2588 3686 2779 3772 longe

836 3774 1105 3858 gravius
1142 3795 1182 3837 a
1218 3775 1401 3836 nobis
1437 3772 1560 3837 hac
1588 3772 1658 3835 in
1687 3782 1870 3855 parte
1895 3782 2215 3852 peccatur,
2254 3771 2426 3854 quod
2449 3791 2767 3854 quaecun-

837 3881 962 3944 que
1003 3880 1199 3924 mauu
1245 3859 1366 3923 Dei
1403 3859 1686 3938 benigna
1724 3857 2074 3938 recipimus
2098 3856 2428 3935 beneficia,
2455 3860 2776 3925 vertimus

838 3947 909 4011 in
948 3946 1370 4019 contrarium,
1424 3957 1501 4007 ut
1536 3964 1653 4027 pro
1694 3942 1814 4007 Dei
1852 3942 2081 4024 gloria.
2126 3954 2192 4006 et
2230 3944 2509 4025 proximi
2546 3945 2776 4024 salute,

837 4053 1110 4114 quornm
1140 4052 1255 4095 nos
1278 4029 1598 4094 studiosos
1620 4029 1685 4092 in
1706 4028 1934 4110 primis
1950 4048 2093 4093 esse
2108 4030 2466 4112 oportebat,
2492 4031 2644 4095 inde
2660 4052 2776 4096 nos

838 4117 1152 4183 efferendi
1198 4118 1490 4199 capimus
1534 4115 1962 4192 occasionem,
2006 4127 2071 4178 et
2093 4114 2409 4181 adversus
2433 4117 2648 4181 Deum
2672 4117 2775 4181 iu·

837 4201 1177 4280 surgendi,
1247 4217 1311 4265 et
1365 4223 1476 4266 eos
1531 4199 1767 4282 quibus
1811 4197 2101 4265 devincti
2132 4222 2419 4266 eramus
2481 4216 2774 4268 contem·

838 4291 1057 4354 nendi.
1148 4289 1680 4367 Quotiescunque
1749 4286 1928 4351 Deus
1986 4286 2188 4370 igitur
2253 4309 2372 4351 sua
2438 4288 2777 4354 benefacta

837 4385 1211 4456 contempta
1276 4383 1345 4438 et
1407 4375 1648 4437 reiecta
1712 4376 2039 4453 queritur,
2107 4386 2170 4437 et
2236 4374 2774 4456 ingratitudinem

837 4462 1208 4542 exprobrat,
1282 4480 1439 4524 sane
1512 4469 1760 4521 tantam
1830 4478 1971 4522 esse
2044 4459 2382 4523 hominum
2457 4460 2773 4525 malitiam

836 4560 905 4612 et
961 4547 1445 4629 corruptionem
1487 4545 1698 4627 palam
1748 4554 2047 4628 testatur,
2094 4560 2171 4609 ut
2214 4546 2395 4630 digni
2440 4547 2573 4611 sint
2615 4567 2777 4629 quoe

837 4637 969 4697 ima
1030 4646 1203 4696 terra
1258 4632 1602 4695 dehiscens
1660 4630 2014 4695 absorbeat.
2070 4643 2137 4704 et
2190 4632 2315 4696 nisi
2380 4633 2559 4697 Deus
2602 4634 2778 4714 ipsos

840 4722 1117 4800 benigne
1185 4739 1306 4781 sua
1375 4716 1575 4780 veluti
1663 4736 1860 4779 manu
1946 4715 2274 4796 sublevet,
2355 4731 2422 4783 et
2496 4720 2777 4794 gratiam

837 4805 1231 4882 agnoscendi
1293 4817 1553 4884 peccata
1614 4800 1947 4881 largiatur,
2008 4818 2223 4866 actum
2283 4824 2426 4868 esse
2472 4803 2552 4868 de
2597 4804 2775 4886 ipsis,

838 4892 1003 4970 qnod
1052 4909 1278 4955 contra
1332 4891 1447 4953 Dei
1497 4887 1904 4951 voluntatem
1950 4909 2209 4971 semper
2253 4892 2576 4955 nitantur.
2645 4890 2775 4955 Hic

839 4997 1030 5058 porro
1099 4975 1417 5061 propheta
1484 4974 1839 5053 exprobrat
1900 4974 2233 5056 singulare
2292 4976 2413 5040 Dei
2480 4978 2553 5040 in
2620 4975 2772 5041 Heli

838 5063 1143 5126 collatum
1207 5064 1612 5142 beneficium,
1667 5081 1899 5141 nempe
1945 5081 2185 5126 munus
2228 5062 2647 5136 sacerdotale.
2693 5060 2778 5128 ad

838 5146 1007 5225 quod
1075 5148 1383 5229 peculiari
1458 5147 1576 5211 Dei
1645 5147 1868 5210 favore
1929 5147 2142 5211 fuerat
2211 5159 2493 5214 vocatus.
2583 5148 2775 5223 Nam,

836 5239 1120 5316 obsecro,
1184 5255 1308 5317 quo
1365 5248 1655 5315 tempore
1716 5233 1896 5300 Deus
1956 5235 2288 5309 Aaronem
2346 5235 2538 5300 fratri
2604 5234 2777 5300 Mosi

2532 316 2945 387 HOMILIA
2988 316 3116 384 XI.

4655 322 4747 389 352

2888 507 3135 572 socium
3202 514 3270 572 et
3334 507 3651 592 collegam
3718 508 4041 584 adiunxit,
4114 520 4184 574 et
4247 509 4546 593 deinceps
4597 512 4753 581 eidem

2886 577 3215 675 praeffiulit,
3296 593 3506 676 qualis
3580 605 3721 659 erat
3786 595 3992 678 ipsius
4064 593 4397 662 conditio?
4477 595 4552 661 ln
4610 598 4751 670 domo

2885 677 3255 743 Pharaonis
3307 679 3608 762 captivus
3667 691 3828 761 erat,
3893 682 4139 746 misera
4194 683 4512 747 servitute
4559 704 4753 765 preme-

2886 763 3097 843 batur,
3143 766 3278 846 pari
3324 786 3474 830 cum
3511 768 3786 832 caeteris
3831 765 3991 849 lege,
4036 767 4147 850 qui
4187 788 4564 833 miserarum
4601 771 4755 840 instar

2886 851 3111 914 ovium
3156 852 3298 916 sine
3344 862 3605 932 pastore
3650 850 3946 933 palantes
3991 851 4301 917 errabant
4356 853 4627 934 desolati,
4664 860 4758 925 nisi

2888 936 3073 1001 Deus
3133 939 3385 1019 paterni
3446 938 3546 1001 sui
3613 937 3857 1002 favoris
3924 940 4186 1023 signum
4244 938 4503 1021 aliquod
4557 940 4757 1025 insigne

2888 1022 3217 1089 edidisset.
3285 1021 3465 1086 Nihil
3510 1023 3734 1105 itaque
3753 1035 3908 1088 tunc
3954 1029 4282 1090 Aaronem
4312 1024 4454 1089 Deo
4496 1044 4760 1094 commen-

2891 1107 3108 1187 dabat,
3153 1107 3337 1173 nulla
3380 1110 3451 1173 in
3494 1129 3571 1172 eo
3616 1109 3901 1191 dignitas
3949 1132 4103 1192 prae
4159 1112 4437 1176 caeteris
4477 1113 4758 1181 eminebat

2891 1196 2981 1259 Et
3024 1194 3148 1260 hoc
3190 1193 3520 1259 indicatur
3562 1214 3603 1257 a
3646 1195 3961 1277 propheta
4022 1197 4125 1263 his
4181 1197 4431 1263 verbis:
4489 1197 4762 1281 Numquid

2893 1300 3026 1345 non
3072 1291 3295 1363 aperte
3351 1281 3681 1346 revelatus
3736 1301 3883 1346 sum
3943 1283 4165 1348 domui
4222 1283 4430 1365 patris
4465 1283 4576 1360 tui,
4614 1305 4763 1367 quum

2889 1367 2958 1430 in
3009 1369 3311 1451 Aegypto
3368 1366 3436 1430 in
3493 1365 3683 1431 domo
3733 1367 4119 1448 Pharaonis,
4178 1388 4312 1433 non
4372 1368 4622 1451 quidem
4668 1373 4765 1454 pri·

2855 1455 3164 1518 »mariam
3232 1452 3512 1534 aliquam
3581 1453 3968 1535 dignitatem
4027 1469 4202 1520 esset
4259 1469 4649 1537 assequutus,
4682 1457 4766 1522 sed

2890 1537 3123 1603 duram
3192 1538 3577 1603 servitutem
3655 1537 4031 1620 pateretur?
4121 1540 4338 1620 Quam
4413 1540 4495 1605 ob
4555 1562 4765 1606 causam

2887 1626 3168 1690 carceris
3227 1624 3492 1688 nomine
3552 1635 3691 1689 tota
3748 1624 3860 1689 illa
3918 1646 4109 1707 quam
4155 1625 4498 1692 Israelitae
4550 1647 4767 1709 occupa·

2888 1711 3047 1775 bant
3087 1711 3269 1793 regio
3313 1723 3762 1791 nuncupatur:
3809 1732 4002 1793 quam
4047 1712 4195 1777 ideo
4231 1713 4450 1778 Moses
4493 1711 4767 1779 fornacem

2884 1797 3163 1861 ferream
3209 1796 3513 1879 appellat,
3561 1795 3730 1878 quod
3778 1795 4009 1862 duram
4057 1798 4125 1861 in
4170 1818 4249 1863 ea
4292 1800 4678 1874 servitutem,
4710 1819 4768 1863 ex

2884 1903 3012 1963 qua
3059 1881 3240 1947 nulla
3284 1901 3433 1965 spes
3477 1882 3695 1945 exitus
3742 1885 4114 1965 apparebat,
4161 1893 4562 1965 paterentur,
4605 1896 4665 1948 et
4698 1885 4768 1947 ni·

2886 1968 2980 2033 hil
3026 1969 3154 2033 nisi
3203 1969 3484 2050 undique
3542 1970 3887 2050 angustiae
3938 1969 4142 2034 oculis
4184 1970 4478 2051 ipsorum
4524 1968 4770 2034 obversa·

2885 2068 3131 2119 rentur.
3224 2054 3326 2118 En
3387 2073 3581 2135 quam
3647 2055 3899 2120 abiecta
3957 2068 4111 2120 tunc
4175 2056 4465 2121 Aaronis
4522 2056 4771 2129 conditio,

2882 2139 3053 2222 quod
3109 2160 3244 2204 non
3304 2140 3498 2203 modo
3559 2140 3800 2204 misera
3863 2143 4190 2207 servitute
4251 2153 4665 2225 premeretur,
4712 2141 4769 2204 ad

2883 2246 3078 2308 quam
3124 2227 3322 2290 etiam
3373 2224 3915 2292 contumeliarum
3963 2248 4157 2292 omne
4218 2243 4428 2310 genus
4472 2227 4771 2302 accederet,

2882 2311 2998 2376 sed
3043 2312 3168 2394 ipsi
3216 2312 3413 2375 morti
3471 2309 3791 2389 addictus,
3851 2322 3918 2377 et
3962 2313 4328 2378 Pharaonis
4373 2313 4636 2378 arbitrio
4672 2325 4771 2376 tra·

2884 2398 3060 2463 ditus
3105 2396 3454 2475 videretur,
3500 2397 3582 2461 ab
3626 2417 3705 2461 eo
3749 2398 4010 2480 penitus
4053 2419 4204 2464 cum
4249 2410 4385 2463 toto
4431 2399 4666 2479 reliquo
4693 2418 4773 2480 po-

2885 2484 3041 2566 pulo
3099 2483 3594 2548 consumendus.
3685 2481 3928 2563 Quare,
3991 2483 4113 2551 hac
4170 2485 4486 2568 temporis
4542 2484 4775 2549 illiuset

2882 2568 3273 2635 conditionis
3318 2570 3824 2645 circumstantia,
3873 2570 3999 2635 Dei
4041 2570 4256 2653 gratia
4295 2581 4365 2636 et
4401 2569 4775 2636 beneficentia

2882 2657 2961 2723 fit
3013 2655 3354 2734 illustrior,
3407 2654 3577 2738 quod
3630 2660 3975 2731 Aaronem,
4036 2657 4117 2721 ab
4160 2656 4322 2739 ipsis
4372 2654 4774 2721 velut-inferit

2883 2754 3282 2818 revocatum,
3343 2742 3411 2805 in
3471 2752 3727 2805 tantum
3789 2740 4127 2826 dignitatis
4180 2742 4517 2822 fastigium
4561 2739 4774 2816 extulit,

2883 2839 2959 2893 ut
3015 2829 3192 2892 inter
3244 2828 3452 2891 Deum
3514 2836 3581 2890 et
3632 2825 3927 2892 homiues
3972 2841 4145 2893 esset
4190 2828 4534 2907 mediator,
4575 2839 4637 2892 et
4673 2824 4774 2889 Do-

2884 2914 3049 2979 mini
3073 2911 3505 2979 sacerdotium
3530 2933 3844 2978 exercens
3867 2913 4135 2979 Domini
4166 2915 4374 2979 nostri
4399 2913 4551 2979 Iesu
4573 2911 4776 2979 Christi

2882 3019 3227 3083 personam
3286 2997 3765 3081 quodammodo
3824 3000 4155 3082 figuraret,
4202 3001 4476 3083 eiusque
4517 3003 4583 3065 in
4623 2996 4776 3062 terrie

2881 3085 3167 3168 legatum
3213 3094 3277 3148 et
3326 3086 3638 3149 vicarium
3681 3096 3925 3168 ageret.
3995 3084 4247 3167 Qualis,
4292 3089 4575 3164 obsecro,
4617 3102 4774 3166 quan·

2882 3183 3078 3252 taque
3128 3170 3250 3235 Dei
3307 3170 3471 3235 haec
3537 3181 3641 3235 est
3711 3171 3970 3237 bonitas
4024 3185 4090 3236 et
4143 3171 4444 3236 iustitia?
4535 3171 4621 3236 Et
4656 3187 4775 3233 eane

2881 3259 2942 3323 si
2988 3257 3142 3321 Heli
3203 3259 3307 3322 sui
3364 3257 3656 3321 muneris
3716 3257 4010 3338 partibus
4064 3257 4265 3340 probe
4322 3259 4590 3325 functus
4628 3263 4774 3332 esset,

2878 3344 2945 3408 in
3017 3343 3188 3407 hanc
3258 3363 3339 3407 ex
3392 3341 3825 3408 robratiouem
3902 3364 4029 3409 non
4113 3344 4524 3409 incurrisset.
4607 3342 4778 3407 Tanta

2879 3431 3056 3494 enim
3107 3428 3284 3493 Deus
3425 3427 3630 3493 nitate
3688 3442 3756 3494 et
3814 3427 4204 3494 liberalitate
4248 3431 4434 3495 dotes
4479 3450 4626 3495 suas
4661 3445 4775 3508 pro-

2879 3514 3101 3580 fundit
3143 3515 3211 3579 in
3260 3514 3576 3592 homines,
3622 3525 3699 3578 ut
3739 3536 3881 3580 esse
3926 3517 4086 3580 velit
4131 3535 4476 3598 perennes,
4521 3513 4640 3579 nisi
4667 3528 4775 3577 seeo

2876 3601 3105 3666 iisdem
3173 3599 3483 3683 indignos
3562 3601 3999 3684 praebuerint.
4103 3601 4269 3666 Nam
4339 3601 4776 3666 benefactorum

2878 3688 3207 3771 poenitere
3251 3686 3465 3767 ipsum
3509 3686 3839 3768 scriptura
3882 3687 4345 3771 docet,·neque
4389 3708 4553 3753 sane
4590 3687 4775 3779 immej

2878 3774 3020 3839 rito.
3089 3771 3528 3853 Quamobrem
3557 3772 3711 3837 Heli
3735 3793 3867 3838 non
3899 3773 4178 3838 fideliter
4222 3773 4514 3838 officium
4557 3770 4774 3836 facienti

2880 3860 3114 3924 merito
3138 3857 3319 3923 Deus
3363 3858 3764 3942 indignatur,
3810 3858 4166 3941 eidemque,
4210 3859 4379 3941 quod
4427 3855 4774 3943 plurisfiliot

2878 3967 3070 4028 quam
3134 3943 3349 4008 Deum
3418 3944 3632 4026 ipsum
3700 3945 3942 4026 fecerit,
4009 3945 4291 4010 dedecus
4350 3955 4422 4010 et
4480 3941 4773 4010 infamiam

2878 4032 3192 4097 minatur.
3295 4027 3803 4095 Observandum
3889 4052 4082 4114 porro
4146 4040 4249 4095 est
4313 4030 4382 4097 id
4449 4028 4616 4114 quod
4671 4043 4778 4091 sete

2880 4119 3063 4183 Deus
3125 4115 3404 4181 Aaronis
3462 4114 3750 4180 familiae
3809 4126 3877 4181 et
3941 4117 4140 4183 tribui
4203 4116 4373 4182 Levi
4441 4113 4780 4200 patefecisse

2879 4203 3242 4284 profitetur.
3302 4202 3603 4282 qnoniam
3649 4201 3804 4267 inde
3848 4202 4172 4282 docemur,
4220 4224 4340 4268 nos
4383 4224 4518 4285 quo
4561 4196 4777 4266 maiori·

2879 4290 3001 4354 bus
3047 4287 3380 4355 beneficiis
3413 4307 3456 4351 a
3485 4288 3620 4351 Deo
3664 4288 4095 4362 cumulemur.
4141 4309 4220 4354 eo
4267 4291 4538 4373 propius
4579 4285 4654 4351 ad
4691 4302 4779 4348 not

2878 4375 3095 4440 Deum
3142 4372 3467 4445 accedere.
3513 4389 3581 4436 et
3603 4373 3724 4438 sibi
3751 4396 3868 4440 nos
3915 4374 4257 4452 devincire,
4303 4388 4372 4440 ut
4397 4397 4528 4456 quo
4573 4370 4777 4437 maiora

2877 4474 3037 4527 sunt
3080 4461 3220 4526 eius
3262 4462 3328 4523 in
3355 4480 3474 4524 nos
3519 4460 3850 4536 beneficia,
3896 4481 3973 4526 eo
4018 4461 4326 4525 maiorem
4368 4460 4497 4544 ipsi
4541 4457 4775 4543 gratim

2879 4547 3059 4613 omni
3141 4545 3405 4629 obsequi
3473 4544 3869 4626 referamus,
3926 4548 4172 4629 totique
4236 4547 4316 4610 ab
4383 4547 4604 4630 ipsius·
4646 4549 4775 4637 nutu

2878 4632 3293 4716 pendeamus.
3343 4629 3533 4711 Nam,
3577 4633 3864 4710 obsecro,
3911 4632 4230 4714 quomodo
4274 4631 4498 4697 Deum
4542 4639 4777 4698 caseum

2876 4722 3259 4800 incorporea
3344 4716 3739 4782 invisibilem
3825 4718 4459 4802 contemplabimur?
4569 4717 4774 4793 Nempe

2876 4805 3179 4888 quoniam
3250 4806 3315 4867 in
3388 4806 3578 4868 huius
3642 4805 3816 4871 orbis
3890 4804 4275 4870 excellentia
4340 4804 4552 4888 gloria
4609 4798 4773 4883 ipsius

2879 4889 3269 4971 resplendet,
3333 4889 3499 4971 quod
3548 4891 3616 4952 in
3662 4910 3739 4952 eo
3796 4891 4121 4956 iustitiam
4179 4911 4385 4969 suam,
4445 4890 4772 4958 bonitatem,

2882 4981 3189 5042 virtutem
3234 4975 3511 5057 denique
3556 4975 3921 5058 patefaciat.
3985 4974 4115 5044 Sed
4161 4998 4362 5058 quum
4406 4977 4478 5040 in
4523 4968 4772 5067 singulae

2879 5077 3216 5146 praeterea
3275 5061 3601 5126 beneficus
3655 5072 3775 5138 est,
3832 5075 3897 5126 et
3958 5063 4143 5146 larg-a
4200 5083 4324 5127 sua
4378 5083 4580 5128 manu
4622 5061 4772 5120 dome

2879 5169 3201 5233 quemque
3245 5148 3551 5232 privatim
3594 5149 3904 5222 cumulat,
3951 5170 4071 5214 nae
4118 5161 4258 5214 tum
4303 5170 4448 5214 sese
4493 5144 4664 5210 nobis
4698 5141 4770 5204 ft·

2881 5235 3200 5301 miliarius
3256 5233 3714 5312 communicat,
3762 5245 3830 5299 et
3868 5236 4136 5320 propius
4179 5236 4378 5301 etiam
4420 5232 4508 5299 ad
4547 5252 4654 5297 nos
4689 5246 4772 5292 ae·
