5059 6059
818 279 951 347 611
2434 284 2848 353 HOMILIA
2889 285 3226 353 XXXIV.
3899 316 3903 320 <
4652 289 4747 355 612

837 474 1170 541 dentiores
1237 474 1304 539 in
1372 473 1514 539 Deo
1592 471 1960 540 invocando
2025 475 2249 542 simus.
2357 475 2557 541 Multi
2621 494 2780 541 sane

838 560 1110 626 fanatici
1155 559 1453 625 homines
1512 558 1592 625 de
1637 560 1763 626 Dei
1822 559 2067 625 auxilio
2122 561 2274 628 facti
2324 561 2636 629 certiores
2679 582 2779 626 se·

841 646 1064 713 curius
1107 654 1345 730 agunt:
1405 645 1609 729 quasi,
1670 645 2189 730 quandoquidem
2235 647 2420 713 Deus
2477 647 2782 729 loquutus

841 741 964 811 est,
1008 753 1138 797 non
1183 731 1269 796 sit
1314 731 1593 813 amplius
1651 731 1810 816 ipsis
1869 731 1950 797 de
2008 755 2079 800 re
2138 733 2274 799 ulla
2329 732 2779 799 laborandum.

842 817 982 884 Alii
1025 817 1250 883 ludere
1294 839 1366 882 se
1409 837 1674 899 operam
1720 817 2117 898 existimant,
2161 819 2220 885 si
2244 818 2462 886 Deum
2507 839 2780 902 precen-

843 910 974 985 tur,
1018 912 1084 968 et
1127 924 1203 968 ea
1248 923 1412 986 quae
1456 903 1587 968 iam
1634 904 1804 987 apud
1850 924 1920 970 se
1956 905 2023 968 in
2068 925 2304 971 arcano
2345 926 2464 971 suo
2506 903 2779 971 consilio

843 988 1134 1056 decrevit
1175 990 1472 1072 precibus
1498 985 1896 1073 efflagitent:
1942 1001 2007 1055 et
2049 1012 2168 1057 nos
2203 989 2503 1075 precibus
2551 989 2780 1056 existi-

830 1082 1027 1141 mant
1067 1094 1280 1158 neque
1324 1075 1536 1140 iuvari
1594 1096 1805 1158 neque
1864 1075 2177 1142 damnum
2231 1077 2522 1162 effugere
2566 1096 2776 1161 posse.

837 1159 991 1243 Quo
1027 1160 1240 1245 magis
1284 1161 1443 1227 haec
1488 1161 1784 1227 doctrina
1807 1170 1909 1227 est
1953 1161 2378 1244 observanda,
2422 1172 2497 1228 ut
2542 1162 2622 1228 de
2650 1159 2780 1226 Dei

836 1247 1181 1314 voluntate
1224 1246 1376 1312 facti
1423 1247 1745 1323 certiores,
1791 1268 1919 1313 non
1956 1246 2100 1314 ideo
2136 1258 2358 1314 tamen
2393 1269 2462 1314 se
2511 1266 2777 1315 nescen-

844 1330 1003 1398 dum
1049 1330 1459 1410 arbitremur,
1514 1340 1578 1397 et
1621 1353 1704 1398 ne
1747 1332 1908 1399 fides
1951 1343 2177 1399 nostra
2218 1334 2447 1420 langui
2494 1335 2593 1401 ior
2637 1333 2776 1397 effi-

841 1419 1094 1485 ciatur:
1137 1417 1251 1483 sed
1295 1419 1512 1501 potius
1557 1420 1770 1502 magis
1814 1439 1889 1485 ac
1933 1422 2145 1502 magis
2187 1419 2268 1485 ad
2314 1441 2539 1506 preces
2582 1439 2776 1485 acua-

837 1523 995 1570 mur
1036 1515 1104 1570 et
1143 1502 1520 1570 excitemur.
1611 1503 1835 1586 Quare
1878 1503 2033 1571 licet
2067 1506 2196 1573 Dei
2241 1503 2777 1590 promissionibus

839 1590 1155 1667 nitamur,
1201 1611 1332 1657 non
1379 1589 1524 1655 ideo
1564 1598 1784 1655 tamen
1829 1591 2046 1656 minus
2089 1592 2276 1657 illum
2312 1592 2777 1670 invocabimus,

838 1675 956 1742 sed
1003 1677 1221 1760 potius
1266 1675 1346 1740 de
1388 1676 1593 1758 ipsius
1620 1697 1778 1760 erga
1821 1695 1941 1742 nos
1966 1677 2304 1744 voluntate
2348 1686 2415 1742 et
2456 1686 2778 1761 potestate

835 1762 1153 1845 persuasi,
1187 1761 1592 1845 sperabimus
1613 1762 1827 1845 ipsum
1848 1763 2315 1845 promissiones
2336 1764 2776 1847 impleturum,

838 1847 1028 1914 nobis
1106 1847 1295 1912 illum
1359 1847 1665 1931 precibus
1742 1847 2175 1914 nihilominus
2254 1848 2774 1916 sollicitantibus.

832 1931 1008 1999 Nam
1033 1933 1378 2000 individuo
1402 1954 1578 2000 nexu
1623 1934 1750 1999 ista
1782 1933 2150 2013 cohaerent,
2194 1955 2421 2018 preces
2462 1934 2773 2002 nimirum

834 2017 1152 2097 fidelium,
1199 2027 1266 2083 et
1306 2019 1438 2083 Dei
1482 2020 1932 2099 beneficentia,
1993 2041 2124 2103 qua
2179 2043 2266 2085 ex
2323 2041 2506 2087 mera
2563 2022 2776 2106 gratia

835 2113 907 2170 et
946 2104 1336 2171 liberalitate
1379 2104 1569 2172 nobis
1614 2126 2036 2189 quaecunque
2093 2105 2409 2174 habemus
2462 2106 2777 2173 beneficia

834 2189 1145 2276 largitur,
1190 2189 1373 2255 nulla
1423 2190 1761 2275 dignitatis
1806 2190 2003 2256 ullius
2046 2201 2308 2258 nostrae
2361 2193 2616 2259 ratione
2660 2191 2773 2258 ha-

833 2274 1009 2358 bita,
1069 2275 1182 2343 sed
1228 2298 1312 2341 ex
1363 2276 1682 2361 singulari
1729 2277 1938 2359 ipsius
1995 2297 2153 2362 erga
2210 2299 2332 2343 nos
2389 2296 2644 2345 amore:
2707 2289 2773 2344 et

833 2361 1102 2427 tandem
1165 2362 1361 2427 etiam
1422 2362 1547 2428 sibi
1603 2361 1959 2448 coniungit,
2024 2374 2103 2429 ut
2158 2384 2364 2429 unum
2422 2385 2573 2433 cum
2631 2364 2771 2448 ipso

825 2448 1088 2513 fiamus.
1176 2444 1429 2513 Idcirco
1486 2447 1806 2530 propheta
1867 2447 2022 2513 dicit
2074 2449 2145 2515 in
2203 2449 2499 2516 Psalmo:
2558 2448 2770 2517 Deum

831 2552 1050 2599 eorum
1089 2532 1391 2599 voluntati
1446 2533 1854 2617 obtemperare
1905 2534 2019 2618 qui
2074 2536 2288 2617 ipsum
2339 2538 2571 2603 timent.
2659 2536 2766 2601 Ex

829 2639 962 2702 quo
1003 2620 1361 2685 immensus
1398 2620 1526 2685 Dei
1569 2639 1725 2703 erga
1765 2640 1883 2686 uos
1926 2641 2108 2686 amor
2150 2633 2441 2705 apparet,
2485 2641 2618 2687 non
2663 2642 2765 2687 so-

826 2703 975 2769 lum
1020 2724 1440 2788 quaecunque
1483 2703 1562 2772 ad
1609 2706 1890 2772 salutem
1914 2715 2236 2773 nostram·
2335 2709 2588 2773 rtinont
2627 2707 2766 2774 effi-

826 2790 1082 2867 cientis,
1128 2789 1241 2855 sed
1286 2790 1484 2855 etiam
1528 2811 1667 2857 sese
1710 2791 1791 2856 ad
1833 2801 2126 2857 nostram
2172 2814 2251 2857 vo
2281 2803 2574 2860 untatem
2618 2813 2768 2860 con-

826 2874 1196 2942 formantis.
1285 2875 1602 2954 Petiistis,
1646 2877 1859 2959 iuquit
1904 2874 2249 2956 Dominus,
2307 2881 2525 2963 itaque
2579 2878 2766 2946 vobis

821 2962 964 3028 fiet.
1043 2961 1181 3028 Nos
1224 2982 1378 3028 vero
1423 2972 1673 3028 tantam
1718 2963 1845 3028 Dei
1890 2962 2399 3030 familiaritatem
2444 2986 2605 3049 erga
2647 2984 2768 3030 nos

828 3047 1104 3130 experti,
1152 3047 1377 3131 quales
1420 3068 1562 3114 esse
1605 3048 1905 3131 oportet?
1975 3070 2103 3133 quo
2160 3071 2279 3117 nos
2321 3049 2539 3118 studio
2583 3048 2768 3116 decet

826 3131 1276 3200 inflammari?
1324 3153 1518 3216 quam
1566 3132 1946 3202 ardentibus
1990 3135 2159 3202 votis
2217 3156 2367 3202 eum
2409 3133 2762 3202 invocare?

997 3219 1217 3302 Atque
1260 3219 1584 3286 hacteuus
1629 3219 1708 3286 de
1753 3221 2072 3287 sacrificio
2131 3221 2245 3288 illo
2305 3221 2547 3288 dictum
2605 3228 2765 3299 esto,

823 3304 999 3387 quod
1057 3303 1326 3371 Samuel
1401 3303 1743 3371 oblaturus
1800 3312 1943 3371 erat
1996 3305 2283 3373 Iehovae
2337 3308 2406 3372 in
2465 3306 2767 3392 Galgala,

828 3397 910 3457 ut
950 3390 1106 3458 licet
1145 3390 1228 3456 de
1271 3391 1478 3474 ipsius
1515 3391 1849 3457 voluntate
1882 3393 2015 3457 iam
2052 3401 2225 3459 esset
2259 3394 2494 3460 certior
2539 3394 2769 3473 factus,

828 3481 1053 3542 tamen
1098 3477 1401 3559 precibus
1443 3477 1627 3543 Deus
1684 3477 1766 3542 ad
1820 3479 2266 3560 promissionis
2321 3478 2769 3562 impletionem

828 3561 1229 3644 sollicitaret,
1288 3571 1629 3646 totumque
1673 3563 1848 3628 istud
1893 3564 2228 3648 negotium
2285 3565 2366 3630 ab
2409 3567 2612 3648 ipsius
2656 3585 2770 3631 vo·

829 3645 1089 3713 luntate
1134 3648 1419 3730 pendere
1464 3648 1675 3733 palam
1723 3650 2158 3733 profiteretur.
2230 3650 2505 3716 Interim
2554 3651 2772 3717 obser-

828 3751 1070 3800 ‘vemns
1112 3744 1489 3799 sauctorum
1538 3734 1831 3800 omnium
1877 3754 2104 3819 preces
2148 3735 2272 3801 Dei
2319 3736 2770 3819 promissioni-

830 3816 957 3884 bus
1000 3819 1261 3885 innixas
1313 3820 1541 3885 fuisse:
1602 3818 2123 3904 quandoquidem
2177 3821 2365 3888 nobis
2424 3822 2506 3888 ad
2554 3822 2768 3887 Deum

828 3902 1059 3969 nullus
1096 3913 1344 3986 pateret
1380 3905 1613 3986 aditus,
1659 3906 1783 3970 nisi
1807 3906 1989 3990 prior
2011 3907 2152 3991 ipse
2188 3929 2305 3974 nos
2342 3909 2771 3991 praeveniens

830 3989 1014 4056 viam
1060 3990 1363 4073 aperiret,
1408 3999 1472 4057 et
1515 3991 1596 4056 ad
1642 4013 1711 4057 se
1739 3991 1939 4058 veluti
1985 4013 2186 4059 manu
2211 3994 2575 4059 deduceret.
2645 3994 2768 4059 At-

828 4091 960 4157 que
1003 4073 1128 4142 hoc
1171 4075 1498 4142 mentibus
1539 4079 1780 4144 nostris
1823 4077 2020 4144 altius
2067 4089 2168 4145 est
2209 4078 2652 4163 infigendum,
2698 4086 2771 4144 ut

828 4159 1053 4227 Deum
1096 4162 1446 4244 precaturi,
1493 4184 1622 4228 non
1667 4162 1795 4228 alia
1839 4163 2090 4230 ratione
2144 4187 2264 4231 nos
2308 4187 2501 4249 quam
2560 4166 2770 4250 ipsius

828 4246 1372 4330 promissionibus
1421 4247 1623 4313 fretos
1691 4248 1940 4313 aditum
1998 4251 2079 4315 ad
2153 4252 2371 4334 ipsum
2429 4251 2769 4317 habituros

826 4331 1133 4399 sciamus.
1225 4331 1570 4416 Sequitur:
1627 4333 1979 4400 Samuelem
2037 4335 2225 4403 Sauli
2279 4341 2412 4402 tum
2466 4337 2770 4403 indicatu-

827 4437 977 4483 mm
1019 4419 1174 4500 quid
1215 4424 1368 4486 esset
1416 4420 1545 4501 ipsi
1581 4419 1971 4501 faciendum.-
2028 4421 2285 4504 Quibus
2328 4422 2550 4489 verbis
2591 4424 2766 4506 quod

827 4506 1167 4588 superiore
1232 4506 1542 4572 concione
1609 4503 1948 4572 docuimus
2014 4509 2467 4587 confirmatur,
2535 4528 2769 4592 nempe

826 4586 1212 4657 Samuelem
1260 4611 1464 4674 quum
1525 4590 1768 4656 diceret
1812 4589 1999 4658 Sauli
2057 4600 2126 4659 ut
2173 4595 2406 4677 faceret
2457 4596 2624 4677 quod
2673 4594 2770 4662 ob-

828 4677 1109 4742 venirent
1165 4678 1390 4742 manui
1452 4696 1635 4756 suae,
1688 4698 1816 4742 non
1890 4678 2120 4746 fecisse
2193 4682 2320 4764 ipsi
2377 4688 2765 4765 potestatem

831 4760 1147 4845 quidquid
1195 4762 1394 4828 vellet
1439 4784 1522 4828 ex
1568 4783 1685 4828 suo
1728 4763 2002 4830 arbitrio
2045 4766 2347 4846 faciendi,
2408 4777 2522 4832 aut
2580 4766 2766 4851 quid-

831 4847 934 4913 vis
979 4855 1227 4913 temere
1270 4848 1697 4931 suscipiendi:
1758 4847 1871 4914 sed
1930 4854 2279 4931 monuisse,
2346 4862 2425 4918 ut
2479 4851 2769 4937 quando-

826 4931 1094 5015 quidem
1143 4935 1361 5000 Deum
1405 4943 1699 5000 autorem
1759 4934 2029 5001 haberet
2085 4937 2338 5005 oblatas
2395 4940 2767 5005 occasiones

826 5037 971 5082 rem
1018 5019 1284 5104 gerendi
1341 5041 1566 5087 secure
1619 5031 1686 5086 et
1739 5021 2068 5106 intrepide
2124 5025 2472 5107 arriperet:
2535 5024 2767 5107 Itaque

830 5100 990 5201 licet
1032 5126 1179 5171 eum
1226 5107 1409 5173 iubet
1453 5106 1664 5173 facere
1710 5109 1878 5191 quod
1934 5110 2162 5175 manui
2219 5110 2573 5187 obvenerit,
2634 5131 2765 5176 non

822 5185 981 5255 ideo
1020 5197 1243 5258 tamen
1302 5192 1587 5260 habenas
1648 5193 1827 5260 laxat
1883 5193 2166 5263 faciendi
2229 5217 2313 5262 ex
2370 5194 2642 5262 arbitrio
2701 5204 2768 5262 et

2879 475 3149 542 libidine
3192 475 3429 542 omnia.
3493 475 3669 542 Nam
3711 475 3819 542 hic
3840 474 4143 541 videmus
4186 472 4506 542 contineri
4537 473 4751 544 Saulem

2879 584 2966 628 ne
3009 560 3164 644 quid
3209 561 3338 626 nisi
3381 560 3677 645 pluribus
3718 561 3990 629 edoctus
4032 581 4072 626 a
4117 559 4426 628 Samuele
4483 564 4753 645 suscipiat.

2881 648 3071 714 Licet
3113 648 3351 729 itaque,
3397 648 3588 714 sicuti
3630 667 3829 731 supra
3872 648 4231 727 docuimus,
4289 645 4371 712 de
4414 644 4536 712 Dei
4572 648 4751 714 volun·

2882 743 3018 798 tate
3063 734 3274 800 factus
3316 733 3548 799 fuisset
3589 734 3847 811 certior,
3894 741 4111 799 tamen
4148 754 4233 799 ex
4266 742 4454 817 parte
4489 731 4754 800 duntaxat

2880 818 3149 886 edoctus
3191 828 3353 903 erat,
3397 819 3571 885 unde
3614 820 3832 902 ipsum
3876 819 4157 902 amplius
4213 817 4465 884 edoceri
4507 823 4752 901 oportuit,

2879 925 2955 971 ac
2998 905 3211 990 magis
3254 914 3448 988 atque
3484 906 3694 988 magis
3731 906 3801 971 in
3824 926 3903 971 ea
3937 905 4266 988 proficere.
4330 902 4575 970 Idcirco
4604 907 4755 973 etim

2880 992 2902 1056 i
2952 1013 3097 1057 sum
3157 991 3263 1058 hic
3322 990 3594 1058 Saulem
3658 991 4107 1074 conspicimus,
4177 990 4333 1057 licet
4402 991 4531 1055 iam
4579 1011 4754 1076 regem

2926 1077 3311 1161 esignatum,
3356 1087 3423 1142 et
3465 1075 3662 1143 certis
3705 1075 3967 1142 indiciis
4011 1074 4094 1143 de
4147 1094 4352 1160 regno
4405 1075 4753 1159 assequendo

2879 1183 3283 1247 persuasum,
3336 1182 3478 1228 sese
3523 1170 3738 1228 tamen
3784 1162 4120 1228 autoritati
4159 1171 4229 1228 et
4287 1161 4609 1228 doctrinae
4643 1184 4754 1244 pro·

2879 1248 3117 1333 phetae
3173 1248 3580 1315 submittere.
3665 1246 3860 1314 Unde
3923 1247 4293 1332 colligimus
4347 1246 4480 1313 Dei
4531 1248 4754 1314 verbum

2880 1356 3007 1400 non
3033 1343 3288 1400 tautum
3312 1332 3395 1398 ad
3417 1334 3683 1399 infimae
3719 1332 4109 1401 conditionis
4131 1332 4430 1400 homines
4454 1334 4756 1416 pertinere:

2877 1419 2994 1486 sed
3035 1420 3136 1486 illi
3193 1429 3491 1503 oportere
3550 1419 3746 1486 etiam
3791 1440 4047 1486 summo
4103 1419 4245 1485 loco
4295 1429 4364 1484 et
4405 1418 4608 1503 gradu
4642 1439 4757 1485 con-

2881 1506 3146 1571 stitutus
3188 1505 3453 1589 subiici:
3512 1520 3586 1570 ut
3642 1525 3834 1571 nemo
3877 1527 4022 1572 sese
4063 1503 4452 1571 subtrahere
4506 1505 4632 1571 eius
4665 1507 4757 1571 im·

2877 1593 3056 1674 perio
3098 1592 3335 1675 possit:
3383 1589 3648 1658 Saulem
3685 1590 3949 1674 quidem
3992 1591 4201 1657 fateor
4243 1589 4537 1657 noudum
4590 1593 4650 1656 in
4683 1612 4758 1658 re-

2877 1679 3050 1761 giam
3095 1676 3313 1743 sedem
3359 1685 3656 1742 evectum
3700 1675 3932 1742 fuisse:
3989 1674 4248 1759 Deique
4306 1676 4387 1743 de
4429 1676 4542 1741 illo
4582 1676 4758 1743 decre-

2878 1775 3017 1830 tum
3063 1762 3352 1829 nondum
3379 1762 3528 1828 evul
3577 1772 3758 1826 atum
3782 1762 4016 1828 fuisse:
4061 1771 4520 1829 verumtamen
4563 1761 4635 1827 de
4669 1784 4758 1828 sus

2877 1850 3188 1917 electione
3222 1849 3467 1915 factum
3516 1849 3530 1863 ⁹
3590 1869 3697 1912 um
3744 1848 4087 1914 certiorem
4131 1855 4322 1913 extra
4365 1846 4627 1914 dubium
4660 1861 4756 1914 est:

2876 1947 2943 2001 et
2997 1946 3217 2002 tamen
3276 1934 3462 1999 iubet
3518 1955 3668 2000 eum
3718 1932 3991 1999 Samuel
4058 1945 4442 2017 exspectare
4498 1934 4762 2017 tantisper

2877 2021 3033 2086 dum
3076 2029 3307 2086 notum
3352 2020 3414 2086 ei
3457 2019 3578 2085 fiat
3618 2018 3775 2102 quid
3819 2018 4115 2086 facturus
4157 2019 4266 2085 sit.
4353 2019 4536 2086 Hinc
4587 2020 4762 2103 itaque

2874 2106 3200 2173 discamus
3241 2105 3491 2171 nemini
3534 2104 3729 2171 licere
3770 2126 3915 2171 sese
3965 2123 4005 2169 a
4047 2105 4317 2171 Domini
4375 2104 4598 2171 schola
4645 2104 4763 2171 sub·

2872 2192 3146 2259 ducere:
3191 2191 3305 2257 sed
3350 2192 3793 2273 cuiuscunque
3834 2190 4081 2257 ordinis
4122 2199 4191 2256 et
4226 2190 4571 2276 dignitatis
4604 2191 4765 2256 homi-

2873 2298 2991 2343 nes
3035 2286 3332 2361 oportere
3376 2296 3519 2343 sese
3561 2275 3660 2342 illi
3703 2284 3938 2360 sponte
3980 2275 4319 2354 subiicere,
4375 2284 4450 2342 et
4490 2277 4560 2342 in
4598 2276 4761 2360 ipsius

2873 2362 3097 2429 schola
3161 2364 3448 2429 reficere.
3515 2361 3913 2428 Praesertim
3949 2382 4104 2428 vero
4145 2362 4213 2427 in
4249 2362 4456 2429 rebus
4489 2361 4689 2427 arduis
4713 2370 4762 2427 et

2874 2448 3122 2516 difficili
3166 2469 3262 2527 us,
3307 2448 3437 2514 Dei
3482 2446 3756 2515 verbum
3793 2457 4051 2531 oportet
4085 2456 4397 2531 tanquam
4449 2449 4646 2514 facem
4680 2447 4762 2513 sli-

2872 2555 3068 2618 quam
3113 2533 3491 2618 praelucere
3533 2533 3603 2599 in
3639 2533 3943 2613 tenebris,
3988 2542 4062 2600 ut
4103 2533 4270 2599 nihil
4313 2534 4451 2600 nisi
4493 2533 4603 2600 illo
4643 2533 4764 2599 duco

2873 2621 3324 2705 suscipiamus.
3403 2617 3860 2700 Quamobrem·
3889 2618 3973 2685 de
4013 2620 4222 2686 nostri
4263 2620 4521 2705 ingenii
4563 2618 4764 2686 viribus

2872 2726 3007 2772 non
3053 2715 3319 2805 tantum
3357 2704 3666 2804 polliceri·
3692 2704 3882 2771 uobis
3939 2704 4264 2784 debemus,
4324 2717 4399 2770 ut
4457 2704 4766 2790 quidquam

2870 2813 3000 2944 :¹:3¹
3029 2792 3359 2944 :32:2¹1ss
3380 2790 4076 2961 mmm&
4123 2792 4763 2962 ξῗὲῒῧέἔᾞὲἒ

2870 2972 2946 3030 ut
2987 2964 3294 3030 admonet
3348 2962 3671 3047 propheta
3712 2961 3891 3029 Psal.
3938 2962 4083 3043 119,
4143 2972 4211 3029 et
4268 2961 4658 3042 ductoribus,
4709 2971 4763 3027 ut

2871 3049 2954 3116 ab
2995 3051 3079 3115 iis
3124 3049 3244 3115 toti
3288 3047 3706 3132 pendeamus.

3041 3134 3372 3219 Deinceps
3417 3133 3654 3201 dicitur
3702 3131 3866 3200 Saul
3918 3132 4209 3201 limum-os
4263 3154 4465 3216 quum
4515 3135 4764 3211 emsa,

2869 3220 2938 3287 id
2981 3233 3099 3300 est,
3158 3239 3359 3304 quum
3419 3241 3459 3285 a
3503 3216 3809 3286 Samuele
3859 3222 4253 3300 recessisset,
4306 3241 4352 3286 a
4379 3219 4538 3287 Deo
4582 3221 4763 3286 &nns-

2868 3304 3794 3374 tatusdcoreiusinaziud
3849 3309 4187 3371 meddam:
4246 3307 4764 3391 animosam-

2869 3394 3041 3460 nisse
3102 3411 3264 3476 quae
3310 3391 3643 3474 praedicta
3701 3390 3999 3473 fuerant:
4071 3390 4190 3457 sed
4254 3393 4646 3458 nominatim
4704 3386 4764 3453 ds

2869 3489 3197 3563 postremo
3240 3478 3318 3542 fit
3356 3477 3641 3543 mentio:
3685 3477 3861 3561 quod
3904 3477 4190 3543 maxime
4231 3476 4520 3543 faciebat
4549 3476 4627 3544 ad
4655 3496 4766 3541 cou-

2871 3564 3311 3630 firmationem
3352 3563 3435 3629 de
3476 3582 3679 3647 regno
3710 3562 4034 3647 promisso
4057 3561 4514 3646 adipiscendo:
4556 3573 4624 3630 nt
4652 3571 4765 3628 ante

2871 3651 3237 3719 docuimus.
3305 3647 3500 3731 Quod
3543 3647 3623 3713 ad
3667 3648 3849 3713 illam
3892 3648 4443 3727 immutationem,
4488 3651 4614 3715 iam
4650 3657 4768 3714 ante

2873 3736 3159 3803 diximus
3217 3736 3310 3802 ita
3349 3735 3554 3800 fuisse
3598 3733 4111 3801 demonstratum
4157 3732 4442 3801 Saulem
4500 3756 4624 3801 non
4659 3750 4769 3797 esse

2871 3822 3178 3896 idoneum
3223 3843 3305 3888 ex
3349 3842 3419 3886 se
3460 3819 3545 3886 ad
3587 3840 3865 3903 regnum
3910 3819 4527 3900 administrandum,
4568 3829 4628 3886 et
4663 3827 4773 3884 tan-

2872 3918 3013 3974 tum
3059 3928 3245 3985 onus,
3291 3906 3600 3972 nimirum
3638 3904 3862 3989 populi
3883 3905 4456 3988 gubernationem,
4491 3907 4772 3974 sustinen-

2872 3995 3048 4074 dum,
3093 3994 3219 4060 nisi
3263 3994 3448 4059 Deus
3495 3992 3634 4075 ipse
3683 4012 3950 4057 manum
3994 3990 4391 4058 admoveret.
4483 3990 4664 4074 Quod
4706 3988 4765 4054 ab

2869 4080 3059 4145 initio
3105 4079 3435 4144 Dominus
3477 4077 3604 4160 ipsi
3625 4074 3816 4143 Sauli
3861 4075 4069 4145 voluit
4111 4078 4528 4159 patefactum,
4571 4087 4637 4144 ut
4671 4073 4765 4143 Sa·

2869 4165 3150 4231 muelem
3210 4171 3593 4248 agnosceret
3666 4181 3809 4229 esse
3875 4182 4111 4228 revera
4166 4162 4293 4228 Dei
4375 4183 4663 4250 organon
4715 4167 4765 4224 st

2869 4252 3244 4317 ministrum
3302 4247 3510 4315 sancti
3572 4247 3862 4332 spiritus,
3920 4249 4065 4314 sine
4121 4249 4307 4316 cuius
4363 4249 4672 4317 instinctu
4716 4253 4764 4311 et

2868 4336 3177 4403 mandato
3197 4334 3366 4399 nihil
3400 4343 3571 4400 esset
3611 4354 4057 4419 aggressurus,
4103 4334 4622 4418 quandoquidem
4659 4345 4760 4397 tm

2871 4423 3069 4490 certis
3112 4431 3180 4488 et
3221 4418 3609 4487 indubitatis
3652 4420 3858 4504 signis
3899 4419 4106 4504 ipsius
4163 4420 4512 4505 prophetia
4567 4418 4762 4514 coufit7

2869 4508 3189 4575 mabatur.
3254 4507 3320 4573 N
3323 4506 3661 4572 ominatim
3688 4527 3843 4574 vero
3885 4525 3997 4572 cor
4038 4506 4181 4572 eius
4213 4507 4629 4572 immutatum
4667 4503 4760 4568 diu

2868 4593 3346 4661 observandum
3413 4600 3541 4669 est,
3621 4590 3794 4675 quod
3859 4591 4130 4675 spiritus
4193 4603 4464 4659 sanctus
4521 4594 4593 4658 in
4647 4608 4761 4655 eum

2868 4681 3155 4746 irruerit.
3245 4677 3501 4760 Quibus
3552 4676 3769 4744 verbis
3825 4677 4254 4763 significatur,
4310 4679 4561 4744 virtute
4611 4675 4758 4742 illum

2868 4763 3388 4833 extraordinaria
3431 4762 3631 4829 fuisse
3674 4762 4005 4831 donatum.
4096 4762 4209 4832 Sic
4250 4762 4576 4831 Davidem
4620 4759 4758 4828 vids·

2868 4874 3016 4919 mus
3071 4852 3373 4933 spiritum
3432 4869 3673 4917 novum
3738 4858 3994 4933 petere,
4054 4869 4247 4932 quem
4305 4871 4430 4916 sua
4482 4850 4664 4933 culpa
4705 4864 4756 4940 sq

2865 4940 3109 5004 fatetur
3150 4935 3414 5002 Psalmo
3458 4935 3564 5001 51.
3612 4936 3792 5002 velut
3832 4935 4145 5015 amisisse,
4186 4956 4262 5002 ac
4283 4933 4505 5001 Deum
4547 4950 4756 5019 presan

2868 5035 2941 5090 ut
3005 5044 3152 5091 eum
3220 5022 3530 5106 spiritum
3609 5040 3733 5105 quo
3798 5020 4154 5104 spoliatum
4231 5040 4303 5087 se
4384 5021 4470 5086 ad
4543 5033 4757 5101 tempus

2868 5110 3159 5194 agnoscit
3225 5107 3550 5174 restituat.
3660 5106 3891 5189 Itaque
3955 5106 4174 5173 Deum
4243 5106 4540 5173 norimus
4598 5119 4754 5172 suum

2868 5196 3173 5279 spiritum
3219 5215 3423 5279 quum
3465 5213 3575 5259 res
3605 5192 3704 5257 ita
3744 5191 4040 5275 postulat
4081 5192 4331 5278 largiri,
4392 5191 4752 5274 eundemque
