5059 6059
833 325 965 391 503

1283 517 1776 599 HOMILIA
1828 516 2338 601 LXXXVII.

1012 689 1089 753 17
1107 687 1170 776 ὕ)
1216 689 1419 771 Quum
1462 693 1666 754 autem
1707 689 2066 768 complesset
2099 688 2320 756 David
2656 708 2788 754 ser-

837 795 1051 842 mones
1092 775 1516 841 huiuscemodi
1569 775 1656 839 ad
1713 772 1895 855 Saul,
1967 772 2142 857 ‘S'auk¹
2183 776 2382 841 dioeit:
2454 775 2785 857 Numquid

836 882 954 928 vox
989 867 1101 927 tua
1144 860 1291 927 haec
1334 865 1423 928 est
1463 861 1556 924 mi
1593 859 1692 941 fili
1713 859 1990 926 David?
2032 865 2087 926 et
2109 861 2335 927 levavit
2380 858 2544 927 Saul
2585 881 2785 928 vocem

836 968 1022 1014 suam
1066 952 1123 1012 et
1159 947 1346 1027 flevit.
1438 946 1540 1012 18.
1586 945 1678 1010 Et
1718 946 1884 1011 dizit
1914 946 2000 1011 ad
2038 947 2293 1014 David:
2337 946 2581 1012 Iustior
2608 953 2678 1012 tu
2722 968 2786 1013 es

836 1205 999 1272 mihi
1040 1207 1214 1284 bona,
1260 1206 1555 1286 quomodo
1575 1203 1908 1268 tradiderit
1948 1223 2046 1268 me
2069 1204 2388 1270 Dominus
2422 1205 2490 1269 in
2523 1225 2784 1270 manum

836 1298 1032 1372 tuam,
1078 1297 1136 1357 et
1175 1309 1301 1355 non
1342 1288 1637 1357 occideris
1679 1310 1790 1353 me.
1880 1289 1985 1354 20.
2038 1291 2197 1371 Quis
2237 1291 2402 1356 enim
2443 1311 2638 1372 quum
2680 1292 2781 1356 in-

837 1379 1072 1444 venerit
1113 1377 1444 1443 inimicum
1490 1396 1677 1440 suum
1719 1375 1981 1440 dimittet
2036 1377 2218 1441 illum
2275 1377 2347 1441 in
2402 1378 2512 1441 via
2571 1376 2780 1443 bom?

842 1464 967 1530 Sed
1012 1463 1329 1530 Dominus
1369 1462 1589 1527 reddat
1631 1460 1744 1525 tibi
1786 1461 2279 1527 vicissitudinem
2335 1461 2495 1528 hanc
2544 1482 2659 1546 pro
2715 1482 2783 1528 eo

837 1550 1002 1633 quod
1043 1549 1224 1614 hodie
1264 1554 1558 1630 operatus
1601 1567 1666 1611 es
1706 1547 1778 1610 iu
1820 1567 1932 1612 me.

1016 1721 1347 1787 Hesterna
1404 1719 1715 1784 concione
1776 1718 2146 1785 audivimus
2224 1728 2298 1785 ut
2354 1719 2540 1786 Deus
2594 1718 2780 1784 nobis

834 1809 1136 1874 fraenum
1204 1805 1452 1871 iniiciat
1517 1825 1600 1869 ne
1680 1804 1941 1868 iniuriis
2008 1806 2286 1871 lacessiti
2370 1803 2781 1889 passionibus

836 1895 1080 1962 nostris
1150 1890 1744 1957 vehementioribus
1825 1889 2269 1973 abripiamur‚
2350 1903 2416 1955 et
2495 1891 2780 1956 diximus

839 2002 1066 2047 verum
1134 1976 1214 2044 ad
1294 1977 1676 2061 patientiam
1745 1976 2107 2042 remedium
2189 1998 2329 2042 esse
2407 1977 2486 2042 ad
2561 1976 2778 2042 Deum

836 2085 1201 2148 assurgere,
1248 2063 1363 2145 qui
1424 2062 1548 2126 sibi
1604 2061 1726 2128 hoc
1786 2070 2098 2144 tanquam
2157 2064 2490 2147 proprium
2551 2063 2781 2128 tribuit

833 2152 1163 2235 improbos
1209 2149 1521 2224 homines,
1570 2158 1634 2212 et
1673 2148 2022 2213 iniuriosos
2057 2150 2129 2213 in
2152 2149 2485 2231 proximos
2520 2149 2779 2215 ulcisci:

834 2259 910 2305 ac
956 2235 1232 2320 proinde
1278 2231 1643 2299 cavendum
1690 2255 1833 2299 esse
1877 2234 2233 2311 docuimus,
2297 2255 2381 2298 ne
2426 2233 2597 2317 quod
2644 2256 2778 2299 non

835 2323 988 2390 licet
1037 2342 1451 2404 usurpemus,
1509 2319 2029 2402 quandoquidem
2077 2320 2197 2385 hoc
2242 2329 2415 2385 esset
2457 2322 2527 2385 in
2573 2321 2777 2403 ipsius

833 2409 963 2474 Dei
1008 2408 1296 2471 officium
1343 2406 1657 2480 involare,
1725 2419 1789 2469 et
1834 2418 2059 2469 contra
2119 2406 2642 2491 cognoscendum
2702 2427 2777 2472 eo

834 2495 1046 2578 magis
1105 2494 1430 2576 patienter
1500 2491 1802 2555 ferendas
1859 2491 2278 2568 afflictiones,
2344 2506 2410 2556 ct
2479 2492 2773 2570 iniurias,

834 2601 960 2663 quo
1024 2580 1203 2643 Deus
1263 2578 1519 2660 saepius
1581 2587 1857 2641 testatus
1914 2588 2013 2642 est
2071 2578 2191 2644 hoc
2252 2578 2372 2643 sibi
2438 2580 2771 2661 proprium

835 2687 995 2741 esse,
1044 2664 1262 2730 ulcisci
1311 2662 1597 2738 iniurias,
1659 2676 1725 2727 et
1766 2661 2044 2747 vigilare
2091 2666 2304 2747 ipsum
2365 2665 2432 2728 in
2482 2674 2772 2729 nostram

834 2752 1111 2817 salutem
1205 2750 1572 2830 iustamque
1653 2769 1921 2813 suorum
2017 2750 2298 2815 salutem
2379 2750 2566 2815 tueri.
2683 2750 2775 2814 Et

832 2837 1076 2904 idcirco
1121 2836 1205 2901 D.
1251 2834 1522 2917 Paulus,
1576 2833 1804 2898 fideles
1864 2833 1944 2899 ad
2004 2835 2383 2918 patientiam
2443 2835 2773 2903 cohortari

831 2922 1092 2998 volens,
1153 2942 1277 2985 non
1343 2919 1456 2984 abs
1514 2941 1587 2985 re
1643 2922 1784 2986 istis
1845 2920 2063 2987 verbis
2125 2923 2364 2986 utitur:
2424 2922 2571 2988 Non
2633 2942 2773 2987 esse

830 3009 1043 3076 locum
1092 3006 1381 3071 dandum
1420 3006 1577 3087 irae,
1622 3008 1806 3088 quasi
1845 3006 2110 3085 diceret,
2157 3006 2588 3074 moderandos
2633 3029 2774 3073 esse

829 3095 1103 3160 affectus
1150 3106 1424 3175 nostros,
1470 3102 1538 3157 et
1581 3093 1882 3158 fraenum
1916 3092 2287 3158 iracundiae
2324 3093 2772 3171 iniiciendum,

830 3194 895 3246 et
960 3181 1040 3245 ab
1107 3179 1284 3245 omni
1355 3176 1644 3243 vindicta
1709 3179 2166 3244 abstinendum
2236 3189 2302 3245 et
2362 3181 2503 3245 Deo
2565 3179 2770 3245 locum

829 3266 1139 3344 dandum,
1183 3265 1293 3348 qui
1339 3268 1396 3329 si
1440 3265 1866 3348 obsequentes
1917 3265 2120 3348 ipsius
2180 3266 2507 3331 mandatis
2572 3265 2771 3330 fueri-

829 3374 975 3419 mus
1019 3361 1232 3435 potest
1274 3371 1393 3415 nos
1437 3350 1519 3414 ab
1562 3351 1866 3415 omnibus
1922 3350 2177 3414 iniuriis
2223 3354 2411 3416 tueri.
2499 3351 2671 3416 Nam
2717 3352 2772 3416 si

830 3439 1076 3504 terreni
1120 3436 1368 3502 iudices
1413 3447 1658 3501 temere
1702 3458 1772 3501 se
1817 3436 2041 3502 ulcisci
2063 3455 2278 3501 coram
2325 3438 2484 3521 ipsis
2531 3458 2773 3504 conan-

829 3537 946 3601 tes,
994 3535 1107 3588 aut
1150 3531 1470 3600 coercent,
1518 3522 1688 3606 quod
1737 3534 1983 3588 temere
2019 3523 2308 3587 alienum
2347 3524 2633 3589 officium
2680 3524 2774 3587 in-

830 3609 1143 3690 vaserint,
1191 3620 1305 3673 aut
1341 3610 1609 3674 omnino
1635 3607 1968 3683 deserunt,
2015 3607 2170 3691 quid
2193 3607 2407 3673 Deum
2444 3609 2773 3674 facturum

830 3695 1287 3762 existimamus
1330 3694 1534 3778 ipsius
1577 3694 1859 3760 officium
1905 3693 2380 3762 involantibus.
2471 3695 2573 3759 Ac
2617 3716 2775 3761 sane

828 3802 1023 3863 saepe
1104 3802 1177 3845 re
1246 3780 1389 3863 ipsa
1469 3781 1844 3863 experimur
1909 3779 1990 3844 de
2065 3778 2368 3845 fidelibus
2447 3781 2776 3863 improbos

831 3865 1280 3950 triumphare,
1352 3865 1495 3931 Deo
1563 3868 2017 3950 permittente,
2096 3866 2280 3932 cuius
2349 3868 2443 3933 rei
2509 3886 2771 3932 causam

835 3954 1311 4036 investigamus
1355 3952 1635 4034 quidem,
1697 3963 1762 4016 et
1803 3951 2125 4016 miramur
2168 3973 2368 4034 quare
2411 3952 2596 4018 Deus
2657 3953 2775 4016 im-

885 4038 1073 4105 robos
1137 4047 1272 4102 tam
1356 4040 1679 4120 patienter
1742 4038 1977 4103 toleret
2057 4050 2123 4102 et
2204 4039 2388 4103 nobis
2454 4037 2775 4103 auxilium

864 4145 1010 4190 erre
1082 4123 1529 4188 laborantibus
1586 4123 1864 4188 differat.
1973 4121 2107 4190 Sed
2177 4145 2307 4188 non
2376 4125 2775 4189 attendimus

835 4231 956 4275 nos
1001 4209 1416 4292 impatientia
1461 4218 1680 4274 nostra
1701 4229 1949 4274 moram
1997 4209 2120 4291 ipsi
2144 4210 2424 4284 iniicere,
2472 4218 2541 4274 et
2574 4210 2775 4275 nimio

834 4298 1083 4372 ardore,
1123 4294 1444 4360 vindictae
1467 4305 1722 4378 tempus
1757 4304 2194 4378 opportunum
2222 4317 2350 4360 non
2375 4307 2773 4378 exspectare.

837 4381 1403 4466 Quemadmodum
1431 4381 1607 4445 enim
1620 4379 1839 4445 David
1869 4403 1985 4446 nos
2010 4381 2199 4447 docet
2214 4380 2433 4446 Deum
2457 4383 2773 4447 iustitiam

837 4489 1024 4535 suam
1069 4466 1385 4532 adversus
1433 4468 1652 4532 hostes
1698 4467 1810 4549 qui
1855 4467 2070 4549 ip'sum
2095 4469 2471 4550 persequuti
2515 4468 2778 4533 fuerant

834 4555 1337 4638 patefacturum,
1393 4550 1566 4637 quod
1625 4552 1692 4616 in
1754 4551 1971 4635 quiete
2030 4565 2098 4616 et
2156 4553 2415 4619 silentio
2475 4553 2773 4619 divinum

836 4640 1154 4706 auxilium
1227 4639 1723 4721 expectavisset,
1826 4640 1920 4702 sic
2000 4639 2195 4704 etiam
2266 4647 2497 4705 contra
2557 4649 2779 4704 monet

838 4748 956 4791 nos
1000 4726 1409 4807 impatientia
1454 4734 1681 4789 nostra
1720 4730 1981 4806 tempus
2037 4735 2475 4807 opportunum
2522 4725 2777 4791 vindic·

839 4824 944 4876 tae
967 4810 1481 4894 praeveniente3‚
1517 4829 1847 4875 accersere
1870 4809 1939 4873 in
1965 4812 2283 4894 nosipsos
2307 4811 2435 4876 Dei
2461 4812 2774 4875 iudicium

838 4898 981 4962 Deo
1027 4918 1146 4961 nos
1172 4896 1518 4975 deferente,
1557 4907 1621 4961 et
1659 4895 1957 4962 hostibus
1981 4900 2401 4979 permittente
2426 4906 2499 4962 ut
2520 4897 2781 4962 miseris

837 4982 1171 5060 insultent,
1219 4992 1285 5045 et
1328 4982 1465 5048 suis
1498 4981 1824 5066 unguibus
1870 4981 2260 5065 discerpant.
2329 4983 2560 5066 Neque
2606 4984 2780 5049 enim

837 5068 1019 5152 digni
1074 5088 1305 5133 sumus
1365 5068 1599 5150 quibus
1649 5067 1834 5134 Deus
1877 5090 1947 5135 re
1987 5069 2132 5152 ipsa
2175 5091 2398 5135 curam
2445 5090 2639 5153 quam
2702 5068 2781 5135 de

978 5257 1035 5326 ¹⁸¹)
1059 5257 1256 5312 Versus
1276 5255 1484 5310 14-16
1507 5259 1569 5312 iu
1590 5257 1826 5313 editione
1846 5259 2096 5326 principe
2121 5273 2231 5313 uon
2253 5257 2610 5326 transeat-ipa·
2636 5265 2779 5314 suut.

2406 327 2818 394 HOMILIA
2863 328 3296 395 LXXXVII.
4645 330 4733 394 504

2893 518 3077 584 nobis
3120 520 3290 602 gerit
3334 529 3635 586 testatam
3681 517 3892 597 faciat,
3953 516 4477 601 quandoquidem
4526 517 4737 585 iustitiae

2889 605 3096 689 ipsius
3139 615 3207 671 et
3252 605 3480 670 ultioni
3536 605 3749 673 locum
3796 625 3930 669 non
4004 602 4253 685 damus,
4338 604 4451 669 sed
4513 603 4736 673 volumus

2887 689 3059 773 quod
3104 691 3244 774 ipse
3288 692 3406 756 soli
3438 692 3583 776 ‚sibi
3644 692 3875 757 tribuit
3932 709 4267 773 usurpare.
4366 690 4571 756 Habet
4616 694 4741 757 enim

2886 776 2956 841 in
3002 797 3120 842 sua
3162 787 3481 859 potestate
3524 777 3893 844 occasiones
3952 786 4018 841 et
4077 784 4371 859 tempora
4430 797 4577 859 quae
4624 799 4744 841 nun·

2886 882 3080 945 quam
3128 861 3294 928 elabi
3340 863 3515 939 sinit,
3575 863 3735 928 adeo
3793 862 4073 946 quidem,
4141 875 4216 926 ut
4273 861 4746 945 quemadmodum

2887 970 3013 1013 non
3062 949 3328 1014 festinat
3364 950 3447 1012 ad
3491 949 3802 1015 ultionem
3848 947 4315 1029 improborum,
4360 950 4454 1013 sic
4496 949 4659 1013 etiam
4691 970 4749 1013 nc

2886 1034 2968 1100 ad
3029 1047 3430 1100 momentum
3493 1035 3753 1117 quidem
3828 1033 4155 1100 auxilium
4229 1033 4451 1099 differt
4513 1033 4751 1100 fidelibus

2886 1121 3025 1190 suis
3068 1122 3461 1204 promissum
3510 1130 3575 1185 et
3618 1121 4080 1196 necessarium,
4125 1120 4646 1203 quemadmodum
4672 1142 4751 1203 per

2884 1206 3271 1290 prophetam
3294 1207 3386 1271 ait
3420 1228 3489 1271 se
3516 1204 4049 1288 promissionibus
4084 1207 4221 1271 suis
4254 1206 4470 1271 locum
4498 1204 4753 1282 daturum,

2885 1314 3047 1376 quas
3092 1293 3256 1358 nihil
3303 1293 3513 1376 possit
3555 1292 3912 1357 retardare.
4004 1291 4268 1372 Quanto
4327 1292 4532 1375 igitur
4580 1305 4755 1357 natura

2885 1379 3306 1462 procliviores
3350 1400 3579 1444 sumus
3624 1378 3704 1443 ad
3767 1377 4202 1462 appetendam
4260 1377 4625 1452 vindictam,
4668 1399 4755 1460 quo

2883 1466 2958 1529 fit
3018 1475 3094 1530 ut
3146 1464 3331 1529 Deus
3388 1484 3428 1528 a
3483 1464 3672 1528 nobis
3738 1460 4019 1543 recedat,
4085 1464 4189 1530 cui
4254 1462 4525 1543 aditum,
4583 1477 4649 1527 ut
4696 1465 4758 1528 ita

2885 1550 3114 1629 dicam,
3175 1551 3664 1633 praeclusimus,
3721 1570 3798 1613 eo
3858 1548 4235 1634 diligentius
4292 1547 4649 1614 meditanda
4692 1561 4757 1614 cst

2885 1636 3181 1704 doctrina
3226 1656 3392 1719 quae
3440 1637 3544 1701 hic
3589 1635 3775 1700 nobis
3834 1638 4240 1719 proponitur,
4301 1634 4761 1717 quandoquidem

2882 1723 3124 1788 scimus
3170 1720 3386 1786 Deum
3432 1721 3572 1786 fore
3627 1721 3927 1795 iudicem,
3990 1733 4057 1785 et
4117 1722 4197 1786 de
4253 1722 4472 1787 causis
4522 1721 4762 1786 omnibus

2883 1809 3320 1892 cogniturum,
3367 1807 3744 1890 nullamque
3780 1807 4193 1889 iniquitatem
4229 1807 4615 1891 impunitam
4649 1805 4765 1884 iore,

2883 1895 3396 1976 miserorumque
3453 1894 3844 1959 afflictorum
3906 1894 4123 1976 ipsum
4180 1894 4602 1958 miserturum
4649 1914 4767 1968 esse,

2881 1991 3057 2045 certo
3127 1990 3495 2045 statuamus
3566 2000 3699 2044 non
3767 2000 3909 2044 esse
3968 1978 4324 2044 movendas
4380 2000 4626 2058 manus,
4671 1998 4765 2043 uon

2881 2064 3337 2152 stringendum
3383 2064 3694 2149 gladium,
3756 2086 3889 2129 non
3948 2064 4301 2148 petendum
4361 2065 4612 2130 hostem
4668 2068 4767 2128 sine

2882 2151 3065 2216 iussu
3112 2152 3354 2216 divino,

3057 2236 3405 2302 Caeterum
3440 2237 3566 2301 ista
3601 2235 3772 2301 dicta
3794 2245 3990 2302 sunto
4028 2234 4108 2301 de
4133 2238 4395 2320 privata
4437 2236 4769 2301 iniuriarum

2882 2322 3149 2402 ultione,
3193 2343 3348 2387 nam
3394 2322 3523 2388 alia
3551 2323 4057 2406 magistratuum
4097 2324 4265 2387 ratio
4291 2334 4413 2401 est,
4458 2343 4616 2404 quos
4636 2322 4768 2386 Deus

2880 2407 3095 2493 gladio
3141 2410 3443 2486 armavit,
3504 2426 3578 2472 ac
3625 2407 3894 2490 proinde
3938 2408 4175 2490 quibus
4233 2408 4390 2473 licet
4449 2409 4519 2472 in
4578 2406 4771 2473 scelera

2881 2505 2946 2559 et
2997 2495 3248 2577 flagitia
3304 2494 3520 2578 gladio
3579 2494 4122 2575 animadvertere,
4196 2496 4403 2559 immo
4468 2495 4577 2576 qui
4628 2495 4687 2557 ni
4726 2491 4771 2555 id

2880 2581 3154 2646 fecerint
3198 2581 3516 2645 rationem
3554 2601 3771 2645 coram
3809 2581 3951 2645 Deo
3995 2579 4315 2645 reddituri
4350 2593 4537 2645 sunt.
4606 2581 4773 2660 Atque

2879 2666 3005 2732 hoc
3047 2667 3264 2748 ipsum
3312 2665 3504 2731 docet
3550 2664 3811 2732 Salomo
3856 2687 4053 2748 quum
4101 2667 4211 2743 ait,
4258 2687 4413 2730 eum
4463 2666 4572 2749 qui
4614 2665 4773 2749 parcit

2878 2752 3193 2818 scelerato
3238 2773 3365 2816 non
3412 2752 3631 2817 minus
3690 2773 3873 2817 reum
3932 2772 4075 2816 esse
4132 2772 4352 2817 coram
4403 2751 4571 2832 Deo,
4621 2769 4773 2833 quam

2878 2838 2989 2922 qui
3038 2836 3248 2903 scelus
3307 2836 3595 2920 admisit,
3650 2838 3822 2921 quod
3886 2836 4387 2921 intelligendum
4448 2849 4551 2903 est
4604 2836 4674 2901 de
4718 2836 4775 2898 iis

2879 2921 3112 3006 quibus
3158 2923 3282 2989 hoc
3326 2943 3572 2988 munus
3628 2943 3667 2987 a
3709 2922 3854 2989 Deo
3915 2922 4387 2989 demandatum
4450 2935 4569 2989 est.
4648 2921 4774 2987 Nam

2878 3010 2933 3075 si
3002 3009 3148 3093 quis
3210 3009 3505 3093 privatus
3570 3009 3874 3074 iniuriam
3956 3018 4073 3075 aut
4137 3009 4462 3074 damnum
4544 3006 4623 3074 ab
4687 3007 4776 3071 alio

2878 3116 3108 3179 passus
3166 3104 3300 3171 est,
3373 3095 3701 3178 patienter
3757 3095 3928 3160 ferre
3987 3094 4278 3174 iubetur,
4350 3097 4683 3178 vitamque
4726 3093 4774 3154 in

2878 3182 3137 3246 silentio
3200 3181 3550 3264 possidere,
3608 3197 3674 3246 et
3734 3180 3971 3246 bonum
4019 3202 4135 3264 pro
4195 3181 4369 3245 malo
4436 3180 4777 3264 rependere:

2879 3267 3226 3349 Deumque
3262 3265 3539 3332 iudicem
3566 3277 3632 3331 et
3653 3276 4084 3350 protectorem
4110 3277 4521 3350 exspectare.
4578 3265 4777 3331 Idcirco

2878 3353 3076 3418 etiam
3137 3350 3351 3420 David
3424 3353 3841 3435 proverbium
3915 3354 4253 3436 antiquum
4330 3352 4673 3436 usurpavit
4730 3363 4781 3412 ut

2878 3437 3179 3516 vidimus,
3240 3437 3322 3503 ab
3381 3438 3599 3522 impiis
3656 3439 4059 3521 impietatem
4115 3437 4360 3523 egredi,
4422 3460 4500 3505 ac
4560 3433 4779 3522 proinde

2877 3544 3141 3589 manum
3186 3544 3371 3590 suam
3435 3544 3566 3588 non
3627 3524 3762 3589 fore
3819 3523 4135 3590 adversus
4180 3523 4483 3590 Saulem.
4570 3523 4779 3605 Quibus

2880 3610 3093 3675 verbis
3116 3608 3339 3674 David
3387 3610 3616 3675 testari
3643 3610 3849 3675 voluit
3891 3631 3962 3676 se
4006 3631 4137 3676 non
4163 3610 4366 3675 talem
4393 3633 4543 3678 esse
4564 3608 4775 3693 qualem

2878 3697 3072 3762 aulici
3117 3697 3333 3778 ipsum
3379 3695 3968 3762 calumniabantur.
4058 3696 4227 3762 Nam
4275 3697 4610 3779 quomodo
4657 3689 4778 3758 mali

2876 3804 2915 3847 a
2959 3782 3148 3848 bonis
3193 3780 3646 3847 discernentur
3687 3782 3815 3847 nisi
3858 3780 4208 3866 operibus?
4254 3783 4435 3847 Nam
4474 3805 4556 3848 ex
4598 3777 4779 3846 fructi·

2878 3869 2999 3933 bus
3065 3868 3259 3932 arbor
3339 3867 3774 3951 dignoscitur,
3854 3880 3928 3933 ut
4006 3867 4163 3934 dicit
4230 3869 4568 3936 Dominus
4630 3866 4778 3932 Iesus

2877 3953 3181 4021 Christus
3245 3953 3484 4019 Matth.
3553 3953 3610 4018 7.
3717 3953 3913 4020 Solus
3977 3956 4152 4021 enim
4225 3955 4413 4019 Deus
4484 3955 4780 4019 hominum

2877 4039 3074 4128 corda
3117 4048 3477 4105 scrutatur:
3545 4060 3676 4122 quo
3735 4060 3866 4105 non
3927 4052 4200 4123 possunt
4248 4039 4601 4105 hominum
4650 4033 4779 4101 oculi

2878 4139 3255 4209 penetrare,
3324 4122 3437 4191 sed
3506 4146 3586 4190 ex
3657 4125 3795 4191 vita
3859 4135 3926 4191 et
3993 4126 4286 4192 moribus
4355 4125 4671 4192 iudicium
4724 4120 4783 4184 dc

2878 4211 3154 4295 singulis
3198 4211 3437 4276 ferunt.
3531 4209 3604 4277 Si
3649 4212 3797 4294 quis
3841 4213 4046 4297 igitur
4089 4211 4218 4277 Dei
4273 4212 4585 4277 timorem
4628 4207 4781 4274 habet

2880 4320 2951 4363 re
2997 4300 3139 4381 ipsa
3181 4306 3247 4361 et
3290 4296 3595 4379 operibus
3639 4298 3781 4363 suis
3805 4297 4227 4378 demonstrat,
4271 4291 4779 4381 quemadmodum

2878 4383 3114 4449 bonam
3161 4381 3460 4448 arborem
3509 4381 3785 4449 dicimus
3830 4406 3996 4467 quae
4037 4385 4283 4450 bonum
4332 4382 4629 4449 fructum
4665 4397 4778 4464 pro·

2879 4470 3022 4536 fert.
3113 4467 3365 4535 Contra
3411 4488 3572 4532 vero
3617 4470 3673 4535 si
3720 4471 3865 4553 quis
3912 4469 3991 4535 ad
4035 4468 4285 4536 malum
4328 4469 4648 4553 proclivis
4694 4473 4781 4538 cst.

2881 4576 3031 4620 eum
3076 4566 3301 4620 nostra
3351 4556 3680 4619 sententia
3725 4568 4029 4641 tanquam
4076 4557 4453 4640 improbum
4504 4567 4572 4621 et
4612 4552 4779 4618 inimi·

2880 4663 3029 4707 cum
3090 4638 3631 4707 condemnamus:
3706 4643 3879 4725 quod
3939 4663 4008 4707 se
4065 4642 4265 4708 talem
4325 4644 4477 4707 suis
4525 4635 4778 4724 operibus

2881 4726 3250 4793 declararit.
3324 4723 3437 4793 Sic
3480 4726 3553 4789 in
3597 4728 3965 4810 praesentia
4009 4726 4228 4793 David
4273 4749 4473 4794 suam
4518 4728 4777 4792 innocen·

2881 4814 3038 4878 tiam
3084 4833 3167 4877 ex
3210 4812 3380 4878 facto
3425 4832 3541 4877 suo
3586 4815 3981 4898 comprobat,
4043 4835 4255 4897 neque
4313 4815 4500 4878 enim
4556 4809 4777 4876 dubium

2882 4912 2981 4964 est
3038 4898 3194 4982 quin
3257 4898 3309 4962 si
3355 4896 3691 4982 improbus
3749 4900 3982 4966 fuisset
4027 4899 4231 4977 Sauli,
4290 4899 4409 4983 qui
4472 4901 4539 4964 in
4596 4913 4779 4962 manus

2881 4984 3084 5068 ipsius
3128 4982 3466 5062 inciderat,
3514 4984 3715 5050 vitam
3763 4987 3905 5051 sine
3945 4987 4081 5053 ulla
4124 4985 4538 5065 difficultate,
4580 4997 4643 5047 et
4674 4981 4777 5044 sine

2883 5072 3015 5137 ullo
3061 5068 3348 5154 periculo
3383 5071 3770 5137 sustulisset.
3861 5071 4041 5139 Satis
4099 5072 4305 5156 igitur
4364 5083 4637 5157 apparet
4684 5081 4777 5158 qm?

2882 5158 3098 5223 animo
3167 5155 3367 5222 fuerit
3425 5176 3582 5241 erga
3648 5157 3916 5223 Saulem
3985 5159 4277 5240 affectus,
4344 5179 4555 5241 quum
4618 5152 4773 5220 velun

2884 5243 3125 5309 vinctis
3170 5240 3470 5308 manibus
3512 5262 3756 5328 regem,
3803 5255 3870 5310 et
3912 5243 4250 5311 dominum
4271 5265 4474 5311 suum
4501 5239 4775 5311 offendero
