5059 6059
299 338 386 406 261

1468 338 1564 403 IN
1610 340 1665 406 I.
1711 337 1889 404 LIB.
1934 338 2331 408 SAMUEL.
2377 338 2578 407 CAP.
2621 338 2880 406 XVIII.

4026 342 4176 408 262

297 532 447 597 nstim
499 528 642 592 fieri
705 527 1095 593 mentionem
1160 526 1460 592 audimus
1526 528 1889 605 mulierum,
1964 549 2129 611 quae
2234 527 2342 610 qui
2382 526 2491 592 vix
2527 548 2815 627 unquam
2851 526 3138 611 gladium
3172 534 3560 613 gestaverat,
3607 549 3736 594 non
3773 528 3970 595 modo
4007 551 4169 598 cum

293 633 535 699 tympana
612 622 676 678 et
748 613 877 677 alia
953 613 1200 678 musica
1277 614 1712 678 instrumenta
1777 613 2130 696 pulsarant,

295 703 488 767 obviam
539 696 723 763 Sauli
785 699 1134 777 venientes,
1207 710 1586 782 parcamque
1641 698 1739 763 illi
1797 699 2132 764 victoriam

291 785 648 872 gratulantes.
735 784 825 848 Et
888 796 1223 868 praeterea
1287 796 1418 849 tam
1477 805 1561 848 ex
1623 784 1743 850 hoc
1801 803 1997 866 quam
2052 806 2134 850 ex

293 875 374 938 illo
414 870 525 936 loco
584 868 662 934 de
718 869 928 933 Maria
973 870 1173 934 Mosis
1215 890 1450 951 sorore,
1508 868 1874 953 colligimus
1917 868 2135 934 Deum

294 980 390 1023 non
425 964 655 1020 tantum
699 976 739 1018 a
785 955 958 1031 viris,
1002 954 1114 1019 sed
1158 955 1355 1020 etiam
1399 975 1438 1018 a
1473 955 1850 1020 mulieribus
1884 953 2136 1020 laudari

292 1043 441 1111 velle:
490 1062 562 1105 ne
619 1040 1067 1105 insolentiores
1119 1040 1242 1105 viri
1287 1039 1596 1105 mulieres
1638 1040 1718 1106 ab
1765 1040 1885 1106 boc
1927 1040 2138 1125 digni-

293 1131 407 1193 tatis
434 1124 613 1210 gradu
652 1123 973 1203 deiiciant,
1019 1146 1268 1207 nempe,
1309 1147 1533 1192 omnes
1567 1137 1699 1190 tam
1736 1125 1911 1191 viros
1945 1146 2138 1210 qnam

289 1213 534 1280 mulieres
592 1211 819 1274 venire
884 1211 952 1274 in
1017 1224 1266 1292 partem
1336 1212 1459 1276 Dei
1511 1210 2006 1277 beneficiorum:
2073 1221 2139 1276 et

291 1321 392 1364 non
428 1297 618 1361 minus
661 1294 783 1377 ipsi
821 1305 1041 1378 gratas
1075 1307 1141 1359 et
1174 1307 1469 1379 acceptas
1504 1317 1644 1362 esse
1681 1318 1720 1362 a
1758 1296 2138 1362 mulieribus

286 1386 487 1450 oblatas
524 1382 874 1465 gratiarum
919 1383 1220 1460 actiones,
1266 1401 1461 1464 quam
1506 1402 1669 1464 quae
1713 1404 1753 1446 a
1787 1383 1947 1447 viris
1981 1382 2139 1447 offe-

288 1482 492 1534 runtur.
567 1465 816 1531 Idcirco
887 1468 1080 1531 etiam
1145 1466 1404 1532 Psalmo
1465 1467 1585 1532 148
1645 1468 1954 1550 propbeta
2012 1469 2142 1532 sin·

285 1555 433 1639 gulos
463 1553 759 1628 hortatur,
805 1572 1009 1631 senes,
1053 1553 1334 1629 iuvenes,
1381 1552 1701 1629 mulieres,
1739 1554 2022 1636 virgines
2057 1551 2139 1617 ad

285 1639 464 1704 laudes
521 1635 656 1701 Deo
719 1636 912 1702 simul
977 1636 1313 1716 canendas,
1380 1639 1644 1720 eiusque
1702 1658 1938 1702 nomen
1982 1638 2142 1703 cele-

285 1724 567 1790 brandum.
651 1721 799 1786 Non
846 1721 1074 1787 debere
1117 1722 1316 1805 igitur
1360 1725 1565 1788 arceri
1607 1744 1838 1789 sexum
1880 1722 2064 1788 illum
2101 1744 2141 1787 a

282 1810 599 1874 divinarum
666 1806 929 1872 laudum
990 1808 1461 1889 praedicatione
1514 1830 1597 1873 ex
1654 1808 1798 1874 istis
1858 1819 2140 1891 apparet,

163 1914 166 1949 2
283 1894 435 1959 modo
471 1894 550 1958 sit
586 1914 934 1958 consensus
979 1892 1267 1957 omnium
1304 1902 1594 1958 aetatum
1630 1903 1698 1958 et
1730 1915 2022 1971 sexuum,
2066 1902 2142 1958 ut

163 2002 164 2005 ¹
280 2000 434 2045 senes
471 1999 605 2043 cum
650 1978 1011 2054 iuvenibus,
1055 1978 1180 2042 viri
1225 1998 1370 2043 cum
1419 1978 1792 2046 mulieribus
1836 1990 1902 2043 et
1937 1980 2139 2062 virgi-

281 2067 442 2129 nibus
491 2084 611 2128 uno
646 2084 871 2127 omnes
908 2083 1019 2127 ore
1061 2061 1276 2127 Deum
1322 2064 1587 2129 laudent
1630 2078 1697 2129 et
1740 2064 2138 2147 praedicent:

276 2162 330 2214 et
376 2169 476 2230 pro
514 2148 720 2213 stultis
763 2160 829 2212 et
870 2146 1133 2213 ludicris
1179 2150 1448 2226 naeniis,
1507 2149 1589 2215 ad
1632 2170 1790 2232 quas
1834 2150 2139 2216 iuvenilis

278 2249 429 2298 setas
482 2235 876 2315 potissimum
933 2232 1226 2316 impellit,
1289 2234 1512 2299 laetari
1568 2235 1638 2299 in
1684 2234 1967 2300 Domino
2008 2234 2138 2301 dis-

276 2330 414 2397 cant,
456 2328 514 2382 et
553 2338 739 2383 omne
772 2340 966 2384 suum
998 2319 1284 2384 studium
1321 2319 1388 2384 in
1430 2321 1690 2384 nomine
1727 2320 1932 2404 ipsius
1969 2340 2143 2405 mag·

275 2403 599 2469 nifaciendo
639 2404 985 2468 collocent:
1043 2403 1373 2488 solamque
1427 2406 1551 2470 Dei
1609 2404 1883 2488 gloriam
1943 2427 2142 2488 quae·

273 2498 416 2566 rant,
466 2499 528 2552 et
574 2509 685 2572 pro
744 2490 993 2555 viribus
1035 2503 1473 2570 promoveant.
1561 2489 1909 2557 Caeterum
1952 2501 2142 2574 prout

272 2573 571 2638 bominum
625 2575 885 2657 ingenia
926 2582 1081 2639 sunt
1122 2575 1292 2640 levia
1333 2588 1401 2639 et
1444 2597 1627 2652 vana,
1687 2577 1802 2641 vix
1846 2578 1984 2641 fieri
2029 2599 2142 2661 po-

273 2668 380 2722 test
431 2669 497 2723 ut
550 2659 805 2724 divinae
865 2659 1083 2724 laudes
1126 2661 1283 2730 adeo
1327 2681 1527 2742 purae
1570 2665 1701 2726 sint
1746 2675 1810 2725 et
1852 2664 2143 2728 sincerae

268 2744 404 2824 quin
456 2744 665 2827 aliqua
720 2744 861 2810 laus
903 2744 1267 2809 hominibus
1311 2746 1634 2811 tribuatur
1676 2748 1744 2811 in
1788 2747 1870 2811 iis
1912 2754 2143 2814 carmi-

269 2829 431 2892 nibus
501 2831 730 2911 quibus
808 2830 979 2895 facta
1035 2831 1319 2913 ipsorum
1376 2833 1639 2916 egregia
1697 2831 2142 2900 decantantur.

267 2911 459 2994 Neque
505 2935 654 2977 vero
700 2937 867 2999 nego
903 2916 1042 2980 fieri
1079 2936 1261 2999 posse
1299 2918 1686 2981 mentionem
1722 2917 2142 2985 honorificam

265 3017 477 3074 eorum,
530 3018 804 3081 quorum
866 3021 1060 3083 opera
1117 3002 1294 3066 Deus
1341 3024 1496 3067 usus
1540 3003 1695 3067 erit:
1750 3003 1864 3069 sed
1911 3005 2144 3070 vitium

264 3085 653 3163 reprebendo,
708 3086 878 3169 quod
938 3086 1069 3150 illis
1111 3107 1274 3169 quae
1319 3088 1455 3152 Deo
1497 3085 1819 3153 debentur
1862 3091 2143 3170 ascribit,

265 3181 610 3252 tantumque
683 3170 763 3235 de
828 3169 956 3235 Dei
1029 3169 1233 3254 gloria
1301 3171 1604 3238 detrahit.
1707 3173 2143 3255 Quamobrem

263 3250 447 3316 danda
488 3254 668 3319 nobis
712 3277 910 3338 opera
954 3269 1071 3336 est,
1114 3266 1188 3321 ut
1230 3278 1431 3339 quum
1474 3257 1601 3323 Dei
1640 3259 1858 3325 laudes
1893 3261 2143 3343 praedi-

259 3355 471 3413 camus,
536 3351 601 3403 et
668 3340 1007 3405 bominum
1077 3346 1467 3407 mentionem
1525 3343 1806 3426 aliquam
1853 3346 2143 3425 facimus,

261 3440 329 3480 ne
368 3424 452 3485 sic
491 3444 595 3488 eos
639 3426 1017 3503 evehamus,
1065 3437 1139 3491 ut
1180 3426 1260 3491 de
1301 3426 1428 3492 Dei
1472 3428 1679 3511 gloria
1723 3443 1980 3497 tantum
2026 3435 2147 3496 mi-

258 3524 508 3571 nuamus
567 3525 887 3591 quantum
934 3511 1060 3576 illis
1103 3513 1482 3578 tribuimus:
1543 3513 1658 3578 sed
1705 3515 1848 3579 Deo
1893 3538 2148 3601 semper

258 3586 515 3684 debitum
551 3593 866 3661 honorem
904 3597 1268 3673 reddamus,
1307 3610 1371 3662 et
1393 3598 1727 3664 hominum
1753 3605 2144 3669 mentionem

253 3671 433 3738 obiter
468 3690 530 3740 et
575 3681 785 3744 veluti
829 3703 945 3763 per
985 3696 1401 3747 transennam
1447 3685 1777 3750 faciamus.

398 3758 596 3826 Porro
663 3766 974 3847 quiddam
1038 3769 1301 3832 humani
1377 3789 1605 3849 passae
1673 3772 1793 3836 hoc
1852 3773 1991 3838 loco
2050 3775 2147 3838 vi-

253 3837 464 3934 dentur
540 3850 866 3928 mulieres,
950 3872 1112 3934 quae
1189 3852 1516 3919 dicebant:
1604 3854 1918 3923 Percussit
1991 3857 2151 3923 Saul

247 3924 409 4022 mlh,
448 3934 500 3993 et
541 3932 766 4000 David
808 3937 1010 4002 decem
1050 3937 1270 4003 millia.
1358 3939 1529 4004 Nam
1564 3943 1658 4005 ita
1692 3942 2149 4024 praedicantur

251 4020 557 4104 utriusque
615 4020 924 4105 virtutes,
981 4035 1047 4087 et
1103 4026 1284 4105 quasi
1343 4026 1624 4108 insignia
1679 4033 1746 4091 et
1803 4038 2147 4095 stemmata

248 4112 510 4189 lpsorum
565 4104 939 4186 eriguntur.
1029 4108 1413 4191 Quanquam
1474 4111 1630 4177 haec
1689 4114 1885 4178 verba
1938 4112 2146 4197 dupli-

247 4186 388 4241 clter
468 4203 910 4266 exponuntur.
997 4194 1166 4257 Nam
1245 4194 1354 4258 alii
1433 4196 1813 4262 existimant
1885 4198 2148 4268 Saulem

245 4257 440 4362 hostes
475 4273 884 4360 profligasse,
931 4280 1111 4361 quasi
1147 4279 1325 4344 mille
1360 4281 1653 4347 homines
1691 4284 2147 4352 interfecisset:

245 4355 342 4439 ³9¹1
396 4369 524 4430 lpse
574 4376 726 4421 cum
788 4363 932 4428 suis
986 4363 1299 4430 militibus
1371 4367 1551 4432 mille
1625 4368 1917 4436 homines
1982 4373 2147 4437 ceci-

246 4425 436 4507 dlsset,
503 4436 722 4505 David
770 4458 994 4513 autem
1040 4451 1214 4514 solus
1260 4451 1478 4517 decem
1526 4453 1701 4518 mille
1745 4456 2145 4523 trucidasset.

245 4506 472 4582 Sensus
547 4539 772 4622 autem
855 4534 1375 4616 simplicissimus
1442 4540 1603 4603 mihi
1671 4541 1929 4606 videtur
1994 4544 2146 4608 iste:

245 4591 482 4665 Saulem
539 4614 861 4681 nimirum
926 4621 1322 4687 interfecisse
1379 4644 1497 4689 sua
1540 4626 1761 4703 millia,
1828 4627 2145 4694 Davidem

247 4697 377 4745 ”³¹⁵0
436 4709 554 4789 sup·
617 4695 849 4765 decem
913 4706 1150 4770 millia:
1217 4707 1328 4772 sed
1387 4708 1545 4774 haec
1603 4733 1736 4777 non
1782 4727 1940 4778 sunt
1983 4717 2148 4781 tanti

246 4780 524 4871 moment}
571 4791 645 4841 ut
689 4784 761 4847 in
809 4787 949 4853 illis
992 4793 1078 4855 sit
1120 4792 1594 4859 immorandum
1642 4797 1904 4876 diutius,
1959 4823 2148 4884 prae·

247 4860 442 4939 {emm
498 4871 715 4960 lta-que
775 4877 1225 4955 expendamus
1278 4879 1554 4944 istarum
1601 4883 1947 4949 mulierum
1994 4908 2145 4953 can·

249 4938 446 5032 tiones,
487 4949 725 5045 quibus
764 4955 1052 5026 Davidis
1075 4962 1294 5027 laudes
1317 4967 1599 5031 maxime
1621 4969 2147 5038 decantabantur.

249 5008 422 5095 Atqm
477 5025 692 5121 David
752 5053 961 5110 antea
1017 5047 1167 5113 vilis
1222 5060 1288 5113 et
1344 5050 1633 5120 abiectus
1674 5055 1871 5139 opilio
1914 5060 2148 5142 fuerat,

247 5112 423 5172 ‘³⁰⁰⁴OE
475 5110 620 5214 ¹¹18?
686 5141 860 5203 quae
906 5130 1030 5213 ipsi
1076 5134 1529 5202 tribuebantur
1572 5139 1798 5206 laudes
1841 5164 1982 5209 esse
2027 5146 2148 5211 im·

253 5197 482 5255 mflmfl
533 5199 954 5280 vldebantur.
1043 5217 1134 5283 Et
1178 5222 1319 5302 quis
1364 5222 1532 5289 ferat
1574 5237 1872 5311 tyronem
1917 5230 2148 5311 adhuc,

2234 633 2388 696 rege
2444 632 2823 694 comparan,
2882 612 2995 677 sed
3038 612 3249 680 eidem
3290 613 3648 698 praeferri?
3721 621 3793 680 ut
3851 616 4002 699 regi
4048 636 4170 682 sua

2236 696 2457 776 millia,
2534 697 2777 762 Davidi
2854 720 3003 764 vero
3078 720 3196 764 sua
3261 699 3483 766 decem
3546 698 3756 764 millia
3819 700 4166 767 tribuant?

2239 782 2502 848 Novum
2564 791 2631 848 et
2692 781 2981 849 insolens
3043 783 3218 849 istud
3282 797 3440 862 erat,
3510 795 3583 849 ut
3648 806 3782 849 non
3826 788 4170 853 immerito

2240 866 2400 934 Saul
2471 865 2852 952 indignatus
2910 868 3115 934 videri
3171 872 3385 954 possit.
3471 869 3673 953 Atqui
3730 869 3913 936 nullo
3982 874 4174 939 modo

2239 953 2648 1020 excusandus
2704 961 2804 1019 est
2860 954 3054 1019 Saul:
3121 959 3242 1022 etsi
3298 957 3471 1021 enim
3528 966 3763 1020 natura
3804 956 3875 1019 in
3933 959 4173 1024 animis

2240 1039 2577 1105 bominum
2650 1040 3002 1106 vehemens
3074 1041 3184 1106 illa
3240 1042 3458 1123 passio
3514 1040 3733 1107 locum
3790 1044 4171 1129 occupavit,

2239 1145 2422 1191 sacra
2485 1135 2705 1189 tamen
2771 1126 3090 1208 scriptura
3151 1126 3458 1203 malitiae,
3538 1126 4040 1207 ingratitudinis
4106 1140 4173 1194 et

2239 1210 2683 1276 contumaciae
2736 1231 2919 1274 reum
2975 1210 3239 1277 Saulem
3285 1212 3469 1276 facit:
3525 1221 3592 1277 et
3630 1211 3946 1293 deinceps
3989 1212 4170 1278 vide-

2245 1294 2455 1360 bimus
2498 1315 2826 1379 quousque
2869 1294 3085 1360 odium
3129 1295 3294 1361 illud
3337 1296 3551 1379 ipsum
3595 1295 3943 1378 impulerit
3985 1318 4171 1382 prae-

2242 1380 2628 1463 cipitemque
2670 1380 2937 1446 dederit.
3027 1383 3213 1448 Licet
3253 1382 3457 1465 igitur
3491 1402 3730 1447 novum
3766 1394 3831 1446 et
3866 1383 4174 1451 insolens

2242 1476 2384 1531 erat
2445 1464 2765 1531 Davidem
2826 1466 3157 1549 privatum
3201 1466 3528 1532 hominem
3574 1467 3720 1532 vilis
3763 1479 3831 1532 et
3876 1466 4175 1535 abiectae

2242 1550 2630 1617 conditionis
2683 1551 2821 1635 regi
2885 1552 3211 1634 praeferri,
3282 1550 3545 1618 Saulem
3601 1562 3823 1617 tamen
3866 1554 4173 1635 oportuit

2243 1637 2349 1703 hic
2405 1657 2547 1701 sese
2602 1638 2935 1702 continere
2993 1649 3058 1701 et
3115 1658 3330 1702 coram
3386 1638 3528 1702 Deo
3571 1636 3862 1717 deiicere,
3932 1660 4170 1722 agnos·

2240 1731 2489 1787 centem
2536 1741 2605 1786 se
2648 1743 2859 1804 neque
2893 1742 3097 1804 posse,
3143 1745 3186 1787 n
3270 1744 3349 1787 ue
3385 1722 3615 1788 debere
3649 1720 3793 1788 Deo
3831 1725 4167 1804 resistere,

2241 1808 2424 1873 cuius
2480 1806 2561 1871 ad
2620 1809 2831 1890 ipsum
2874 1806 3177 1874 mandata
3274 1808 3486 1873 amuel
3528 1807 3610 1872 de
3654 1809 4009 1874 reiectione
4056 1809 4168 1874 de-

2241 1891 2497 1957 tulerat.
2606 1893 2821 1958 Reum
2926 1906 2994 1957 et
3064 1896 3432 1960 convictum
3508 1893 3778 1958 alicuius
3857 1894 4170 1960 facinoris

2241 1988 2494 2059 oportet
2557 1997 2774 2044 coram
2838 1999 2953 2043 suo
3014 1978 3242 2056 iudice,
3309 1979 3416 2060 qui
3483 1979 3711 2043 mortis
3765 1980 4172 2047 sententiam

2243 2062 2414 2139 tulit,
2496 2062 2705 2138 deiici,
2785 2062 3012 2129 iudicis
3076 2065 3491 2129 autoritatem
3556 2074 4016 2145 agnoscentem
4085 2065 4171 2131 ad

2241 2148 2632 2212 sententiam
2686 2147 2997 2214 adversus
3049 2149 3269 2231 ipsum
3325 2148 3676 2213 ferendam.
3768 2149 3947 2215 Deus
4007 2172 4167 2216 vero

2240 2233 2371 2298 iam
2425 2254 2540 2314 per
2598 2231 2970 2300 Samuelem
3042 2233 3369 2300 decretum
3440 2232 3522 2298 de
3566 2235 3767 2317 ipsius
3808 2236 4167 2302 reiectione

2245 2318 2738 2401 pronunciarat:
2793 2334 2857 2383 et
2915 2329 3066 2384 sunt
3124 2320 3248 2385 Dei
3307 2319 3576 2385 consilia
3615 2329 3681 2383 et
3722 2319 3966 2385 iudicia
4007 2322 4171 2386 irre-

2248 2404 2537 2470 vocabila
2593 2423 2757 2486 quae
2810 2403 3118 2470 adversus
3176 2426 3278 2470 res
3335 2415 3583 2470 creatas
3626 2404 3935 2479 decernit,
3993 2406 4170 2488 quod

2247 2510 2544 2554 summus
2601 2487 2793 2554 iudex
2838 2490 2922 2555 sit
2966 2499 3034 2553 et
3077 2491 3483 2556 iustissimus.
3572 2489 3748 2571 Quid
3783 2510 3940 2573 ergo
3980 2489 4169 2557 Sauli

2246 2586 2582 2657 supererat
2631 2575 2753 2639 nisi
2801 2585 2874 2640 ut
2915 2596 3056 2640 sese
3097 2597 3313 2641 coram
3357 2574 3578 2640 divina
3621 2576 3961 2640 maiestate
4009 2577 4172 2641 deii·

2245 2668 2437 2734 ceret,
2501 2680 2771 2742 eamque
2813 2661 3085 2743 supplex
3129 2660 3467 2726 adoraret?
3529 2670 3594 2726 et
3638 2660 4173 2745 quandoquidem

2246 2754 2442 2810 autea
2503 2746 2967 2812 contumaciter
3022 2767 3163 2812 sese
3222 2747 3531 2812 adversus
3592 2747 3808 2810 Deum
3854 2761 4174 2830 gesserat,

2248 2850 2523 2913 poenam
2580 2832 2776 2895 etiam
2834 2852 2873 2896 a
2930 2830 3071 2898 Deo
3128 2829 3449 2896 decretam
3495 2830 3830 2895 humiliter
3872 2831 4171 2897 subiret?

2253 2916 2500 2981 Verum
2566 2915 2676 2981 ille
2740 2916 2901 2982 nihil
2967 2918 3182 2982 minus
3246 2937 3444 2999 quam
3496 2916 3670 2981 istud
3727 2916 3901 2993 facit,
3967 2937 4174 2998 quare

2247 3001 2706 3067 inexcusabilis
2790 3010 2892 3068 est
2950 3001 3150 3084 ipsius
3215 3000 3478 3066 rebellio
3544 3000 3857 3066 adversus
3921 3000 4172 3079 Deum,

2248 3097 2313 3151 et
2409 3088 2476 3151 in
2578 3086 2899 3152 Davidem
2974 3084 3388 3171 ingratitudo.
3488 3085 3657 3150 Nam
3735 3086 3859 3150 etsi
3945 3087 4171 3151 David

2247 3172 2532 3238 abiectae
2575 3171 2962 3238 conditionis
3004 3182 3160 3251 erat,
3207 3192 3420 3236 nonne
3464 3181 3680 3235 tamen
3726 3170 3865 3252 ipse
3904 3169 4064 3236 Saul
4107 3180 4175 3236 et

2249 3258 2596 3323 universus
2638 3278 2785 3323 cum
2830 3258 2939 3323 illo
2983 3258 3257 3342 populus
3301 3255 3587 3321 devincti
3630 3257 4020 3320 tenebantur
4069 3257 4169 3321 illi

2247 3362 2434 3425 quem
2481 3342 2664 3408 Deus
2708 3344 2863 3425 ipsis
2907 3341 3239 3409 servandis
3281 3341 3380 3406 ele
3425 3338 3611 3406 erat?
3664 3339 3843 3406 Sane
3889 3342 4165 3407 victoria

2249 3428 2373 3493 Dei
2416 3428 2617 3494 solius
2662 3428 3014 3494 debebatur
3047 3427 3370 3513 gratuitae
3429 3425 3807 3492 iberalitati:
3852 3424 3967 3491 sed
4004 3448 4162 3492 eum

2248 3515 2431 3578 cuius
2486 3514 2697 3578 utitur
2752 3535 2946 3595 opera
3003 3524 3067 3579 et
3110 3512 3471 3578 ministerio
3515 3532 3644 3576 non
3689 3510 3832 3575 vult
3876 3512 4057 3577 reiici
4107 3526 4175 3578 et

2248 3599 2592 3673 contemni,
2671 3621 2784 3664 seu
2865 3598 3010 3663 odio
3078 3597 3322 3664 haberi.
3406 3595 3627 3677 Quare
3691 3595 4006 3662 videntur
4076 3598 4174 3664 illi

2249 3683 2513 3749 fanatici
2572 3684 2868 3749 homines
2922 3684 3200 3748 maxime
3256 3681 3584 3765 culpandi,
3640 3682 3748 3763 qui
3806 3703 3876 3746 se
3924 3682 4173 3765 pudore

2249 3769 2527 3853 quodam
2574 3768 2742 3852 apud
2790 3769 3083 3834 homines
3128 3768 3391 3834 retineri
3437 3766 3768 3844 simulant,
3816 3777 3892 3831 ut
3929 3769 3985 3832 si
4021 3769 4172 3851 quis

2250 3877 2364 3938 pro
2407 3866 2668 3937 accepto
2712 3854 3020 3919 beneficio
3061 3855 3306 3938 gratias
3349 3862 3517 3935 agat,
3575 3851 3655 3916 ad
3702 3853 4170 3936 perfectionem

2249 3939 2608 4021 angelicam
2645 3939 3117 4018 ostentandam,
3161 3939 3509 4021 excipiant,
3555 3958 3624 4001 se
3660 3936 3839 4002 nullo
3875 3959 4168 4021 unquam

2252 4025 2559 4091 beneficio
2593 4025 2835 4090 iuvisse
2868 4046 3018 4091 eum
3056 4024 3165 4106 qui
3202 4022 3444 4107 gratias
3482 4033 3653 4106 agat,
3690 4021 3909 4088 Deum
3949 4024 4172 4088 omnia

2248 4113 2456 4179 solum
2503 4111 2824 4175 effecisse:
2889 4118 2955 4175 et
2996 4117 3213 4174 tamen
3258 4128 3437 4172 mera
3480 4108 3809 4191 hypocrisi
3854 4108 4169 4185 laborent,

2250 4198 2519 4281 gloriam
2601 4194 2772 4278 apud
2836 4194 3130 4260 homines
3195 4191 3477 4258 maxime
3545 4204 3876 4259 venantes.
3988 4191 4166 4260 Sane

2251 4306 2286 4347 a
2335 4280 2726 4347 noscendum
2771 4302 2810 4345 a
2852 4280 2993 4345 Deo
3035 4299 3295 4344 manare
3335 4279 3572 4354 omnia,
3631 4290 3697 4342 et
3740 4299 3855 4343 nos
3900 4278 4166 4344 inutiles

2250 4306 2333 4433 a}
2376 4366 2582 4432 ullum
2628 4367 2861 4432 bonum
2905 4387 3081 4447 opus,
3126 4364 3251 4429 nisi
3293 4364 3569 4444 ipsemet
3610 4364 3692 4428 ad
3728 4362 3889 4428 illud
3926 4364 4165 4428 excitet

2249 4464 2315 4519 et
2365 4452 2685 4535 impellat:
2752 4452 3163 4534 quamobrem
3221 4448 3402 4514 Deus
3457 4470 3711 4531 semper
3753 4470 3793 4512 a
3834 4449 4019 4513 nobis
4063 4460 4164 4514 est

2249 4536 2663 4615 invocandus,
2717 4546 2784 4601 et
2824 4535 3031 4601 eidem
3077 4535 3363 4619 agendae
3405 4535 3682 4617 gratiae:
3740 4532 3853 4599 sed
3896 4535 4159 4599 interim

2249 4648 2375 4690 non
2421 4623 2767 4689 reiicienda
2799 4624 3226 4687 instrumenta
3258 4620 3492 4703 quibus
3527 4619 3608 4684 ad
3645 4634 3941 4684 nostrum
3981 4640 4158 4685 com-

2250 4710 2510 4776 modum
2568 4723 2631 4771 et
2688 4707 3038 4773 utilitatem
3092 4707 3315 4771 utitur.
3404 4704 3842 4785 Quamobrem
3891 4702 4157 4771 Saulem

2248 4795 2585 4880 oportebat
2619 4814 2981 4876 agnoscere,
3028 4802 3339 4876 quantum
3380 4790 3635 4865 Davidi,
3681 4811 3799 4855 suo
3833 4805 3896 4855 et
3933 4791 4158 4873 populi

2248 4883 2528 4959 nomine,
2594 4879 2869 4945 deberet.
2956 4878 3122 4943 Nam
3191 4876 3376 4956 unde,
3453 4895 3707 4958 quaeso,
3788 4875 3964 4941 salus
4030 4876 4157 4959 ipsi

2250 4968 2493 5050 totique
2576 4964 2811 5048 populo
2887 4963 3215 5029 emanavit
3290 4962 3412 5026 nisi
3463 4983 3500 5026 a
3555 4960 3681 5026 Dei
3739 4963 3966 5046 gratia,
4042 4963 4153 5046 qui

2249 5064 2504 5139 praeter
2599 5051 2890 5114 omnium
2987 5071 3164 5131 spem
3250 5061 3314 5113 et
3400 5048 3948 5130 exspectationem
4014 5069 4155 5114 sese

2249 5140 2421 5205 ultro
2465 5137 2622 5220 ipsis
2665 5135 2914 5214 obtulit,
2972 5146 3037 5199 et
3078 5133 3487 5199 admirandas
3545 5153 3697 5198 suas
3752 5133 4026 5199 virtutes
4082 5133 4155 5198 iu

2250 5223 2526 5292 Davidis
2579 5243 2856 5306 persona
2911 5219 3123 5287 facere
3164 5220 3541 5302 conspicuas
3585 5216 3833 5284 voluit?
3890 5217 4157 5301 Quanta

3652 5319 3752 5375 ΓΡ
