5059 6059
291 315 399 387 585

289 507 415 576 viri.
513 505 678 589 Quis
740 525 897 592 ergo
954 506 1267 574 iuvenem
1325 507 1624 594 ignotum
1693 519 1760 576 et
1824 508 2199 595 ignobilem,

294 595 489 661 asinas
528 593 730 677 patris
774 604 1216 676 quaerentem,
1263 596 1447 662 cuius
1482 616 1612 661 non
1657 597 1961 681 cognitus
1995 605 2200 681 pater,

295 701 411 746 non
463 678 724 757 familia,
783 698 914 744 non
977 679 1229 759 domus,
1297 702 1429 746 non
1486 679 1763 748 miretur
1806 704 1846 749 a
1890 681 2199 749 Samuele

292 765 435 832 viris
472 764 599 830 illis
641 764 972 847 primariis
1017 764 1371 850 anteponi?
1415 767 1683 833 Novum
1726 789 1884 835 sane
1919 778 1987 835 et
2026 769 2199 835 inso-

292 851 419 919 lens
476 850 648 917 istud
706 851 942 916 merito
1007 852 1374 918 videbatur.
1464 852 1697 938 Itaque
1759 864 2012 920 tantam
2077 854 2198 921 sibi

291 935 636 1004 Samuelem
684 937 1102 1003 autoritatem
1137 938 1312 1023 apud
1347 959 1503 1006 suos
1542 940 1921 1008 conciliasse
1954 961 2037 1006 ex
2073 939 2199 1005 hoc

289 1024 437 1089 sacto
479 1022 861 1107 colligimus,
907 1030 984 1088 ut
1027 1023 1340 1108 quidquid
1386 1026 1646 1104 faceret,
1814 1035 1950 1092 tum
1997 1035 2065 1092 et
2097 1048 2199 1093 ac-

289 1117 521 1210 ceptum
556 1118 745 1183 esset,
781 1109 953 1193 quod
990 1109 1274 1195 insignis
1307 1110 1662 1179 haberetur
1763 1113 1824 1179 ei
1858 1111 2195 1197 propheta,

287 1216 385 1279 qm
423 1192 583 1259 nihil
628 1204 893 1274 temere,
947 1217 1068 1263 nec
1113 1216 1197 1262 ex
1242 1197 1445 1262 animi
1489 1196 1760 1264 libidine
1802 1208 2195 1284 susceperat,

286 1280 385 1348 sed
422 1280 590 1345 intra
631 1301 791 1347 suae
840 1281 1199 1349 vocationis
1245 1282 1484 1350 limites
1527 1304 1670 1351 sese
1722 1283 2003 1351 fideliter
2041 1304 2194 1351 con-

284 1366 558 1433 tinuerat.
652 1363 843 1447 Quod
888 1367 1019 1434 nisi
1063 1388 1448 1453 persuasum
1505 1369 1734 1438 fuisset
1776 1370 1895 1437 toti
1938 1369 2192 1455 populo,

283 1471 421 1518 sane
472 1471 600 1518 non
654 1455 798 1518 sine
852 1472 1195 1520 murmure
1254 1454 1502 1521 factum
1558 1454 1626 1521 id
1687 1456 1939 1524 fuisset.
2041 1454 2190 1538 Quo

280 1538 434 1603 enim
475 1538 711 1619 animo,
754 1537 991 1622 quibus
1033 1539 1238 1607 oculis
1282 1541 1573 1609 seniores
1615 1540 1716 1608 illi
1750 1552 1817 1608 et
1849 1551 2188 1626 praestan-

278 1630 363 1689 tes
402 1622 714 1707 dignitate
757 1624 885 1691 viri
919 1645 1198 1709 puerum
1236 1626 1538 1711 ignotum
1574 1634 1641 1694 et
1673 1627 2030 1713 ignobilem
2064 1626 2185 1695 sibi

277 1710 559 1793 praeponi
606 1710 1123 1793 conspexissent,
1167 1711 1489 1794 quomodo
1534 1712 1603 1780 id
1647 1716 1822 1798 passi
1865 1713 2184 1780 fuissent?

276 1795 492 1860 Annon
535 1815 685 1861 cum
728 1797 873 1879 ipso
917 1795 1229 1863 Samuele
1273 1800 1826 1882 expostulassent:
1867 1798 2044 1882 Quid
2079 1800 2187 1867 hic

277 1902 423 1964 puer
458 1880 535 1946 ad
580 1880 750 1947 nos?
796 1880 975 1963 Quid
1018 1883 1142 1950 hoc
1187 1885 1281 1949 rei
1326 1884 1472 1951 est?
1537 1884 1611 1954 Si
1656 1886 1758 1953 vis
1800 1885 1983 1952 illum
2029 1886 2185 1954 huic

274 1967 559 2033 interesse
617 1968 946 2048 convivio,
1009 1969 1154 2035 loco
1217 1971 1526 2038 inferiore
1589 1971 1830 2038 sedete.
1932 1972 2184 2038 Verum

280 2051 427 2118 nihil
467 2052 592 2118 tale
630 2052 939 2134 audituri,
976 2075 1109 2120 non
1146 2054 1292 2122 ideo
1316 2058 1608 2125 seniores
1642 2057 1741 2124 illi
1774 2078 2187 2125 commoven-

280 2147 393 2218 tur,
429 2138 552 2204 etsi
593 2137 843 2206 factum
888 2140 1063 2207 istud
1119 2139 1445 2210 Samuelis
1487 2144 1778 2211 insolens
1821 2142 2033 2211 videri
2073 2165 2184 2229 po-

277 2231 455 2289 terat:
509 2231 577 2290 et
620 2224 796 2292 levia
837 2235 996 2292 sunt
1038 2225 1381 2295 hominum
1425 2230 1708 2314 ingenia,
1751 2239 1948 2315 atque
1988 2251 2185 2315 appe-

277 2310 416 2375 titus
453 2308 897 2391 vehementes,
943 2320 1019 2377 ut
1061 2312 1254 2379 facile
1295 2316 1689 2382 commoveri
1732 2316 2065 2401 potuerint
2103 2316 2186 2381 ad

276 2396 645 2463 sacrificium
688 2396 869 2462 istud
911 2396 1178 2465 invitati
1235 2401 1526 2467 seniores
1570 2410 1635 2467 et
1692 2402 1997 2469 honorati
2040 2402 2185 2483 viri,

276 2480 561 2549 adversus
605 2481 1007 2568 Samuelem,
1065 2493 1135 2551 et
1188 2487 1374 2569 quasi
1432 2487 1515 2555 de
1566 2486 1808 2555 iniuria
1849 2489 1973 2555 sibi
2016 2489 2186 2556 facta

272 2586 684 2648 murmurare,
743 2578 811 2634 et
869 2568 949 2636 de
1004 2591 1083 2636 ea
1135 2573 1489 2655 conqueri.·
1542 2573 1817 2654 Verum,
1884 2582 1962 2640 ut
2013 2575 2184 2640 dixi:

277 2649 545 2719 Samueli
588 2675 665 2719 se
708 2653 1324 2739 obsequentissimos
1363 2658 1699 2743 praebent,
1756 2668 1824 2726 et
1864 2658 1989 2726 sibi
2032 2660 2186 2726 ado-

272 2736 602 2806 lescentem
663 2743 976 2825 praeponi
1030 2763 1164 2807 non
1221 2743 1447 2828 iniquo
1491 2746 1708 2811 animo
1749 2745 1990 2812 ferunt.
2075 2747 2188 2813 Ex

274 2823 485 2906 quibus
525 2833 723 2893 tanto
765 2826 975 2910 magis
1016 2849 1138 2893 nos
1179 2829 1249 2894 in
1293 2830 1377 2897 iis
1420 2850 1587 2915 quae
1644 2851 1844 2916 supra
1899 2831 2187 2900 diximus

273 2919 503 2993 oportet
543 2911 959 2979 confirmari:
1006 2914 1319 2980 nimirum
1355 2937 1557 3001 quum
1601 2916 1843 3001 aliquid
1867 2916 2011 2983 Deo
2045 2937 2190 3003 gra-

276 3003 399 3061 tum
424 3018 580 3097 ‘esse
626 3018 764 3064 non
810 2997 1026 3066 dubiis
1069 2999 1277 3085 signis
1320 3002 1773 3087 conspicimus,
1807 3002 2058 3088 placide
2091 3002 2191 3070 illi

274 3082 795 3166 acquiescendum
840 3105 1002 3170 esee,
1046 3085 1201 3153 licet
1244 3108 1362 3154 nos
1400 3089 1672 3172 quilibet
1713 3089 2008 3157 mortalis
2050 3091 2190 3157 eius

273 3168 510 3266 nomine
547 3168 965 3253 alloquatur:
1009 3190 1087 3237 ac
1128 3171 1281 3239 lieet
1325 3173 1770 3260 deprimamur
1812 3183 1878 3243 et
1923 3173 2005 3241 de
2048 3176 2190 3262 dig·

274 3261 457 3320 mtate
499 3255 884 3323 deiiciamur
899 3306 917 3337 ,
976 3257 1287 3343 Deusque
1329 3261 1717 3345 patientiam
1758 3260 1853 3328 ita
1894 3271 2189 3329 nostram

270 3338 558 3424 exploret,
623 3342 952 3427 patienter
1009 3344 1352 3412 ferendum
1408 3366 1569 3428 esse,
1621 3367 1838 3432 neque
1892 3347 1976 3413 iis
2033 3369 2191 3431 quos

270 3422 434 3492 Deus
493 3427 810 3494 extulerit
873 3428 1189 3514 nobisque
1309 3432 1649 3499 raetulerit
1725 3432 2189 3501 invidendum:

270 3507 406 3577 licet
445 3512 735 3598 alioquin
778 3515 1071 3598 ipsorum
1114 3536 1239 3583 con
1285 3518 1400 3585 itio
1436 3537 1572 3585 non
1612 3539 1691 3585 ea
1723 3520 1812 3587 sit
1853 3526 1929 3586 ut
1969 3528 2192 3587 tantus

270 3593 455 3696 honor
497 3599 555 3665 ei
602 3599 936 3667 debeatur.
1006 3599 1229 3682 Quare
1271 3602 1415 3670 Deo
1457 3604 1721 3672 facienti
1763 3613 1996 3689 sponte
2039 3606 2190 3673 sub-

270 3682 561 3766 nciamur,
607 3695 678 3751 et
718 3706 968 3751 morem
1013 3687 1082 3752 in
1127 3689 1428 3756 omnibus
1462 3711 1784 3775 geramus.
1850 3688 2190 3772 Quantum

270 3764 634 3837 beneficium
681 3771 764 3837 ab
808 3771 921 3838 illo
965 3791 1460 3858 consequamur,
1497 3796 1701 3859 quum
1738 3778 1810 3842 in
1845 3798 2188 3844 numerum

273 3851 530 3922 filiorum
578 3857 833 3941 recipit,
878 3859 1357 3943 expendamus:
1403 3882 1479 3928 ao
1513 3862 1585 3928 in
1607 3862 1738 3928 Dei
1772 3861 1965 3929 domo
2000 3864 2191 3930 deiici

271 3957 337 4036 ac
375 3940 670 4040 deprimi,
716 3950 784 4008 et
825 3944 1032 4028 ipsius
1076 3946 1522 4013 misericordia
1575 3948 1724 4028 frui,
1784 3968 1983 4031 quam
2039 3971 2190 4016 cum

272 4028 470 4109 impiis
512 4028 749 4095 laetari
795 4040 864 4095 et
905 4032 1163 4114 magnis
1206 4032 1565 4099 honoribus
1621 4055 1770 4101 cum
1815 4033 1943 4100 Dei
1987 4035 2191 4101 male·

270 4106 533 4181 dictione
576 4115 962 4196 coniunctis,
1007 4118 1256 4199 perfrui
1299 4118 1623 4186 malimus.

423 4197 761 4285 Superest,
806 4200 1059 4279 fratres,
1104 4212 1181 4269 ut
1222 4223 1439 4271 coram
1486 4206 1609 4271 Dei
1656 4209 1760 4272 etc.

2020 4482 2057 4511 δ

728 4515 1271 4630 ἨωΜΠᾸΑ
1318 4545 1672 4630 xxxn.

417 4713 520 4780 26.
588 4714 918 4798 Quumque
959 4736 1145 4784 mane
1185 4719 1628 4798 surrexissent,
1685 4722 1743 4783 et
1782 4718 1914 4783 iam
1955 4718 2180 4784 eluces·

266 4802 426 4882 cerel,
466 4801 703 4867 vocavit
727 4800 987 4867 Samuel
1006 4800 1259 4870 Saulem
1286 4805 1359 4869 in
1391 4805 1640 4884 solaria,
1673 4804 1913 4870 dicens:
1954 4803 2182 4888 Surqe,

266 4887 317 4943 et
373 4884 682 4952 duniacum
735 4892 809 4953 te.
900 4886 989 4953 Et
1041 4891 1321 4956 surrexit
1380 4889 1576 4956 Saul.-
1639 4890 1987 4973 cyressique
2036 4895 2185 4957 sunt

270 4967 446 5051 ambo,
504 4973 639 5056 ipse
693 4971 975 5040 videlicet
1042 4980 1098 5040 et
1170 4975 1441 5043 Samuel.
1527 4975 1634 5041 27.
1703 4975 2025 5059 Quumque
2078 4976 2180 5043 de-

271 5058 603 5125 scenderent
625 5059 695 5124 iu
737 5062 1008 5126 extrema
1044 5067 1232 5142 parte
1266 5062 1559 5143 civitatis,
1605 5060 1863 5128 Samuel
1895 5062 2063 5128 dixit
2097 5063 2184 5128 ad

266 5135 445 5207 Saul.-
505 5144 634 5211 Dic
685 5165 886 5228 puero
949 5151 1020 5212 ut
1082 5149 1395 5215 antecedat
1447 5167 1580 5229 nos,
1636 5153 1693 5213 et
1742 5153 2051 5215 transeat:
2111 5152 2181 5213 bu

266 5230 457 5294 andem
496 5229 759 5297 subsiste
788 5231 1142 5315 paulisper,
1184 5239 1255 5300 ut
1296 5234 1563 5303 iudicem
1604 5232 1719 5300 tibi
1758 5233 2008 5300 verbum
2027 5233 2181 5302 Dei.

1619 320 1718 386 IN
1760 318 1814 385 1.
1860 320 2041 388 LIB.
2091 319 2488 389 SAMUEL.
2536 319 2733 388 OAP.
2778 319 2867 385 X.

4112 324 4241 390 586

3103 596 3303 662 OAP.
3348 596 3436 662 X.

2475 769 2535 831 1.
2582 767 2762 833 Tulit
2793 771 2998 834 autem
3033 766 3297 835 Samuel
3337 767 3694 835 lentieuhm
3735 768 3874 849 olei,
3919 774 3976 834 et
4016 769 4236 851 effudit

2297 873 2486 936 super
2525 858 2712 936 eaput
2753 854 2908 932 eius,
2953 859 3008 919 et
3049 853 3439 921 deosculatus
3479 860 3566 920 est
3608 875 3766 934 eum,
3806 860 3864 920 et
3906 856 4032 920 ait.-
4074 854 4236 922 Ecce

2296 940 2486 1005 unxit
2526 943 2583 1005 te
2624 938 2945 1005 Dominus
2999 960 3191 1023 super
3242 939 3678 1007 haereditatem
3718 960 3905 1007 suam
3948 940 4018 1005 in
4042 943 4231 1022 prin-

2296 1027 2517 1107 cipem.
2606 1025 2669 1091 2.
2723 1025 2928 1108 Quum
2971 1026 3203 1092 abieris
3259 1024 3440 1092 hodie
3481 1047 3523 1092 a
3564 1047 3678 1104 me,
3736 1027 4017 1093 iuvenies
4073 1029 4233 1093 duos

2294 1114 2472 1177 viros
2528 1112 2716 1176 ἱππέα
2766 1110 3119 1193 sepulcrum
3177 1110 3417 1178 Rachel
3475 1113 3547 1177 in
3585 1111 3819 1193 finibus
3859 1112 4229 1197 Beniamin,

2294 1198 2366 1263 in
2407 1196 2687 1276 meridie,
2744 1197 3062 1280 dicantque
3116 1195 3263 1263 tibi.-
3319 1197 3618 1264 Inventae
3670 1204 3819 1263 sunt
3880 1200 4106 1265 asinae
4146 1200 4234 1265 ad

2292 1282 3368 1452 mea-{Quaem
3285 1288 3342 1383 4
3392 1282 4232 1452 mrtem

2291 1456 2368 1521 <ze
2422 1417 2559 1534 filio
2622 1454 2802 1521 meo?
2905 1454 2967 1519 3.
3366 1420 3652 1521 'abia-is
3704 1456 3870 1533 inae,
3935 1460 3990 1521 a
4053 1456 4227 1522 ultra

2288 1539 2642 1620 transieris,
2686 1545 2741 1605 et
2780 1539 3027 1607 veneris
3067 1541 3154 1606 ad
3185 1560 3479 1624 quercum
3524 1539 3793 1616 Thabor,
3827 1541 4138 1607 invenient
4170 1546 4225 1608 te

2286 1625 2381 1692 ibi
2434 1630 2564 1692 tres
2618 1625 2749 1691 viri
2800 1625 3186 1693 ascendentes
3239 1626 3326 1693 ad
3380 1625 3588 1694 Deum
3640 1627 3711 1691 in
3756 1626 3996 1708 Bethel,
4057 1648 4226 1694 unus

2274 1715 2550 1794 portans
2581 1715 2708 1778 tres
2747 1710 2986 1792 hoedos,
3028 1718 3083 1778 et
3115 1711 3288 1779 alius
3320 1716 3445 1779 tres
3475 1718 3669 1780 tortas
3698 1714 3921 1794 panis,
3956 1718 4013 1779 et
4049 1713 4224 1779 alius

2275 1802 2548 1881 portans
2606 1797 2891 1881 layenam
2947 1798 3097 1864 viui.
3182 1798 3244 1863 4.
3308 1798 3628 1881 Quumqw
3678 1803 3736 1863 te
3790 1797 4222 1877 solidaverint,

2285 1882 2521 1951 dabunt
2561 1883 2676 1949 tibi
2719 1883 2876 1950 duos
2910 1902 3131 1970 panes,
3165 1889 3220 1949 et
3260 1885 3527 1968 accipies
3566 1884 3642 1950 de
3683 1904 3878 1950 mauu
3910 1904 4140 1951 eorum.

2455 2054 2793 2121 Hesterna
2849 2055 3158 2122 concione
3210 2054 3500 2123 vidimus
3562 2055 3897 2121 seniorum
3955 2054 4222 2121 illorum

2287 2140 2405 2225 qui
2444 2138 2528 2206 ad
2573 2140 2841 2206 solenne
2899 2140 3061 2207 illud
3106 2142 3479 2209 convivium
3522 2141 3780 2207 invitati
3819 2140 4101 2220 fuerant,
4146 2150 4221 2207 ut

2286 2228 2459 2293 inter
2500 2247 2654 2293 suos
2691 2227 2994 2294 concives
3028 2225 3534 2306 honoratissimi,
3571 2225 3973 2305 modestiam,
4015 2247 4217 2310 quum

2287 2311 2560 2379 Samuel
2617 2313 3205 2380 eminentissimum
3275 2313 3490 2380 locum
3554 2312 3956 2396 assignasset
4012 2312 4219 2388 Sauli,

2287 2399 2512 2484 ignoto
2547 2409 2614 2464 et
2636 2399 2909 2483 ignobili
2946 2399 3189 2479 iuveni,
3224 2419 3432 2483 neque
3468 2406 3692 2464 tamen
3726 2418 3991 2464 causam
4015 2398 4219 2464 ullam

2289 2485 2450 2553 facti
2483 2483 2889 2552 reddidisset.
2956 2487 3174 2569 Atque
3210 2484 3307 2551 illi
3345 2483 3606 2569 quidem
3651 2503 3890 2550 arcana
3934 2482 4218 2567 quadam

2288 2569 2357 2637 id
2418 2572 2633 2655 ipsum
2696 2571 2910 2637 facere
2974 2570 3372 2637 revelatione
3445 2569 3761 2653 suspicari
3839 2578 4219 2653 potuerunt.

2288 2657 2463 2723 Nam
2504 2665 2855 2740 autequam
2894 2655 3164 2723 Samuel
3208 2656 3435 2723 fuisset
3457 2653 3726 2723 Saulem
3767 2655 4065 2734 intuitus,
4108 2676 4216 2723 co-

2290 2764 2493 2827 quum
2525 2744 2806 2809 iusserat
2839 2763 3095 2809 armum
3129 2762 3281 2810 cum
3316 2739 3832 2826 dependentibus
3866 2762 4219 2819 reservare,

2293 2829 2462 2912 quod
2506 2848 2667 2894 sane
2710 2828 2853 2895 sine
2895 2828 3132 2913 spiritu
3166 2826 3544 2912 prophetico
3579 2827 3722 2893 fieri
3757 2844 3896 2893 non
3931 2837 4218 2912 poterat:

2294 2914 2468 3000 quod
2513 2922 2732 2980 tamen
2777 2913 3110 2980 adstantes
3149 2913 3316 2981 scire
3358 2935 3489 2981 uon
3534 2920 3849 2997 poterant,
3917 2934 4038 2979 nec
4079 2933 4219 2980 sus·

2293 3000 2501 3085 picari
2544 3018 2782 3067 novam
2829 3000 2937 3066 hic
2983 3020 3122 3067 esse
3155 2997 3584 3085 prophetiam.
3651 2997 4011 3082 Oportebat
4043 2997 4219 3064 enim

2293 3086 2378 3153 ad
2419 3096 2680 3186 tempus
2721 3105 2862 3151 rem
2906 3085 3103 3153 istam
3145 3085 3463 3153 occultam
3506 3105 3666 3152 esse.
3751 3083 3932 3151 Hinc
3974 3083 4221 3151 discen·

2296 3171 2473 3252 dum,
2530 3171 2687 3238 hcet
2740 3192 2962 3238 rerum
3007 3191 3174 3255 quae
3214 3171 3287 3237 in
3328 3168 3573 3237 mundo
3615 3169 4011 3255 contingunt
4049 3168 4218 3235 ratio

2293 3259 2483 3325 nobis
2527 3259 2617 3324 sit
2655 3257 3009 3341 incognita,
3064 3278 3198 3324 non
3241 3266 3461 3324 tamen
3504 3263 3693 3322 extra
3734 3266 3993 3322 nostrae
4033 3275 4218 3321 men·

2292 3364 2484 3412 surae
2527 3342 2842 3410 terminos
2884 3342 3275 3423 exeundum,
3332 3341 3448 3411 sed
3489 3362 3719 3410 sensns
3764 3351 4025 3408 nostros
4066 3360 4217 3425 cap-

2291 3430 2612 3498 tivandos.
2733 3429 3222 3514 Nonnunquam
3298 3429 3475 3495 enim
3553 3427 3739 3494 Deus
3812 3427 4217 3495 voluntatem

2292 3537 2478 3584 suam
2534 3521 2757 3599 aperte
2812 3515 2999 3582 nobis
3057 3514 3389 3583 declarare
3447 3535 3579 3580 non
3638 3513 3806 3593 vult,
3864 3523 3940 3579 ut
3982 3532 4104 3579 nos
4146 3513 4218 3578 in

2291 3604 2525 3668 timore
2569 3606 2638 3667 et
2678 3600 3116 3667 sollicitudine
3157 3600 3469 3666 retineat:
3513 3598 3776 3666 interim
3821 3606 4042 3665 tamen
4084 3599 4218 3683 sig·

2291 3710 2448 3756 num
2494 3687 2756 3771 aliquod
2801 3687 2990 3753 nobis
3032 3684 3320 3752 ostendit
3370 3704 3457 3750 ex
3499 3705 3626 3769 quo
3669 3684 4038 3752 faciendum
4081 3705 4225 3751 esse

2291 3773 2546 3841 docebit
2608 3772 3156 3857 quemadmodum
3223 3771 3527 3838 decrevit.
3625 3769 3846 3855 Atque
3909 3770 4006 3837 ita
4069 3792 4221 3838 con-

2293 3868 2507 3927 tentos
2565 3879 2707 3925 esse
2771 3878 2891 3924 nos
2930 3864 3185 3941 oportet
3228 3856 3287 3923 si
3328 3858 3399 3922 in
3441 3856 3551 3923 via
3592 3854 4037 3924 demonstrata
4078 3877 4218 3922 am-

2290 3944 2752 4023 bulaverimus,
2796 3943 2948 4011 licet
2990 3963 3202 4027 neque
3242 3943 3611 4028 ingressum
3643 3963 3853 4027 neque
3880 3962 4216 4027 egressum

2289 4031 2626 4117 cognitum
2666 4029 3041 4097 habeamus.
3129 4026 3373 4110 Quare,
3431 4027 3604 4111 quod
3646 4029 3858 4095 maius
3902 4037 4019 4106 est,
4066 4037 4216 4093 tan-

2289 4139 2483 4200 quam
2527 4136 2752 4184 caecos
2793 4135 2936 4183 esse
2989 4135 3110 4181 nos
3151 4120 3409 4198 oportet
3462 4116 3532 4179 in
3580 4115 3775 4181 rebus
3833 4134 4001 4198 quae
4055 4112 4215 4180 offe·

2288 4213 2544 4280 runtur,
2609 4209 2676 4268 et
2737 4200 2958 4269 oculos
3020 4201 3261 4268 mentis
3323 4200 3397 4265 in
3450 4220 3528 4267 ea
3584 4220 3749 4284 quae
3789 4198 3977 4266 Deus
4033 4197 4216 4264 iubet

2287 4291 2579 4355 intentos
2622 4287 2881 4368 habere,
2917 4294 2994 4352 ut
3027 4308 3146 4356 nos
3180 4285 3264 4352 ad
3296 4285 3500 4370 ipsius
3536 4285 3916 4369 obsequium
3953 4291 4210 4350 tantum

2286 4394 2674 4458 componere
2715 4371 3113 4454 studeamus,
3155 4371 3453 4457 persuasi
3493 4392 3643 4438 eum
3678 4370 4094 4455 provisurum
4129 4368 4212 4436 iis

2287 4482 2451 4547 quae
2492 4458 2677 4526 nobis
2719 4459 2971 4526 occulta
3011 4466 3195 4538 sunt,
3240 4458 3363 4524 etsi
3404 4456 3659 4525 viarum
3702 4476 3969 4523 suarum
4013 4454 4213 4521 ratio-

2286 4568 2437 4614 nem
2480 4546 2754 4611 minime
2795 4565 2916 4611 nos
2960 4542 3205 4612 doceat.
3269 4543 3579 4610 Nostram
3620 4544 3837 4625 itaque
3879 4541 4074 4608 fidem
4117 4541 4215 4606 ita

2284 4634 2468 4700 Deus
2510 4651 2817 4698 exercere
2860 4630 3022 4708 vult,
3077 4639 3156 4696 ut
3207 4631 3277 4696 in
3331 4636 3648 4715 perpetuo
3706 4630 3937 4693 timore
3979 4646 4212 4692 sensus

2284 4729 2542 4786 nostros
2584 4717 3055 4796 contineamus,
3112 4722 3179 4783 et
3235 4736 3426 4782 omne
3469 4721 3766 4780 nostrum
3809 4712 4096 4778 studium
4140 4712 4208 4777 in

2282 4804 2487 4888 ipsius
2527 4800 2802 4869 verbum
2844 4804 3112 4883 feratur,
3153 4802 3260 4869 cui
3304 4820 3424 4866 nos
3464 4799 3639 4865 ultro
3679 4797 4099 4865 subiiciamus
4142 4807 4209 4864 et

2281 4889 2665 4974 simpliciter
2729 4888 3243 4972 acquiescamus,
3307 4905 3519 4969 neque
3583 4884 3857 4951 ulterius
3920 4883 4003 4948 ab
4065 4884 4209 4968 ipso

2282 4997 2483 5060 quare
2514 4976 2611 5040 ita
2644 4975 2886 5041 factum
2924 4974 3085 5041 velit
3118 4972 3542 5057 inquiramus.
3610 4970 3797 5051 Quae
3834 4989 3993 5035 sane
4027 4971 4210 5055 igno·

2281 5064 2496 5128 rantia
2538 5070 2804 5145 superat
2845 5080 3106 5125 omnem
3142 5059 3500 5124 humanam
3535 5056 3943 5139 sapientiam,
3977 5076 4206 5122 eorum

2283 5149 2393 5232 qui
2448 5157 2681 5231 argute
2738 5157 2807 5213 et
2862 5144 3183 5211 subtiliter
3248 5141 3471 5209 omnia
3519 5143 3859 5209 rimantur.
3958 5141 4206 5209 Multos

2284 5235 2460 5302 enim
2504 5232 2730 5300 videas
2772 5230 3010 5316 quibus
3052 5229 3213 5297 haec
3253 5226 3632 5312 simplicitas
3677 5247 3809 5294 non
3867 5228 4204 5309 satisfacit,
