5059 6059
766 1638 1262 1827 HOMlldlss
1309 1641 1691 1824 lI³RIMA.

431 1902 485 1964 1.
527 1899 703 1967 Erat
735 1905 938 1966 autem
983 1901 1088 1965 vir
1135 1900 1395 1982 quidam
1445 1921 1478 1965 c
1510 1899 1751 1985 duplici
1790 1900 2004 1967 Rama
2052 1903 2207 1969 Tzo-

275 1985 596 2068 plucoorum
649 1987 726 2052 in
775 1991 975 2052 monte
1022 1984 1421 2066 Ephraiimi:
1461 1989 1648 2053 cuius
1686 2007 1907 2052 nomen
1952 1987 2207 2055 Etcum

280 2070 438 2151 filiae
461 2072 823 2154 Ierochamss
843 2072 969 2154 filii
990 2071 1212 2152 Elihu,
1233 2071 1359 2152 ficii
1388 2072 1612 2149 Tochu,
1632 2073 1763 2153 filii
1789 2073 2053 2155 Tsupki,
2068 2074 2207 2139 Eu-

269 2156 607 2239 phrataeus.
639 2159 707 2223 2.
732 2157 821 2223 Et
840 2164 1017 2224 erant
1038 2159 1523 2235 eiduaeuxorcs,
1539 2178 1760 2224 nomen
1779 2161 1976 2226 unius
1989 2161 2203 2242 Anna,

278 2263 474 2308 nomen
505 2265 647 2310 vero
684 2245 946 2309 alterius
968 2243 1297 2308 Panium.-
1339 2249 1635 2327 erantque
1660 2244 1987 2311 Peninnae
2026 2248 2204 2312 nati.-

275 2326 479 2396 Annae
496 2351 640 2395 vcro
660 2350 791 2396 non
810 2335 987 2395 erant
1005 2330 1161 2394 nati.
1185 2329 1247 2393 3.
1283 2328 1666 2396 Asccndcbat
1701 2336 1906 2395 autem
1924 2333 2027 2397 vir
2045 2332 2152 2397 ille
2170 2354 2204 2399 s

275 2415 498 2482 eivitate
555 2437 688 2482 sua
744 2416 819 2481 de
860 2435 1028 2481 anno
1070 2415 1138 2480 in
1181 2435 1441 2486 annum.
1498 2417 1583 2481 ad
1638 2417 2094 2484 incurvandam
2136 2439 2204 2484 sc

277 2504 326 2563 d
360 2502 442 2566 aa
479 2502 973 2583 sacrificandum
1018 2500 1280 2566 Iehovae
1321 2501 1718 2581 sxercitm,
1780 2500 2201 2570 &bilantemt

271 2586 366 2651 ubi
403 2587 522 2652 duo
559 2588 697 2670 filii
722 2586 887 2667 Heli,
937 2584 1187 2669 Cophni
1228 2592 1285 2652 et
1326 2586 1622 2667 Phineas,
1665 2588 2011 2654 sacerdotio
2049 2590 2199 2672 fun-

269 2671 545 2754 9ebantur
572 2673 859 2739 [elnonae.
925 2672 985 2738 4.
1032 2673 1315 2754 Eratque
1347 2693 1467 2755 quo
1506 2673 1612 2739 die
1656 2673 2046 2755 sacrificabat
2086 2675 2203 2741 Ez-

270 2777 442 2824 oana:
482 2765 552 2825 αἱ
592 2760 781 2826 claret
819 2758 1140 2824 Peninnae
1180 2760 1367 2823 uxori
1406 2778 1580 2843 cuae,
1624 2764 1679 2824 ct
1718 2758 2003 2827 omnibus
2039 2762 2202 2843 filiis

271 2845 390 2908 eius
441 2865 515 2909 ac
562 2845 837 2927 filiabus
886 2845 1024 2910 eius
1070 2849 1308 2926 partes.
1426 2843 1487 2909 5.
1546 2844 1774 2911 Annae
1828 2865 1971 2913 vcro
2024 2848 2203 2913 dard

263 2935 493 3010 partem
548 2951 753 2996 unam
805 2931 1006 2996 tristis
1062 2930 1283 2995 valde.-
1356 2949 1423 2995 co
1480 2932 1646 3013 quod
1712 2930 1972 2997 Annam
2040 2932 2198 2999 dizi-

265 3022 426 3098 qen-d,
471 3023 526 3082 et
570 3016 816 3082 Iehova
857 3017 1206 3084 occlusisset
1247 3016 1495 3082 vulvam
1537 3017 1689 3084 eius.

420 3187 500 3252 In
561 3189 842 3255 caeteris
901 3186 1201 3253 omnibus
1245 3208 1329 3252 ex
1388 3187 1622 3270 quibus
1666 3188 2025 3255 maximam
2068 3191 2197 3255 uti·

266 3269 495 3342 litatem
556 3274 903 3359 percipere
954 3293 1320 3355 possumus,
1378 3272 1555 3338 istud
1604 3273 1835 3339 ultimo
1878 3275 2019 3341 loco
2063 3297 2196 3341 non

262 3367 353 3422 est
391 3360 795 3435 babendum,
841 3362 898 3424 si
927 3361 1137 3424 Deum
1184 3359 1462 3442 singulis
1506 3360 1829 3425 aetatibus
1870 3382 2054 3426 suam
2092 3383 2196 3427 ec-

267 3443 509 3510 clesiam
570 3447 829 3512 rexisse
884 3454 952 3511 et
1006 3446 1411 3528 gubernasse
1466 3465 1951 3529 cognoscamus.
2051 3447 2197 3512 Nisi

265 3530 423 3596 enim
468 3533 807 3599 mentibus
852 3532 1092 3597 nostris
1133 3530 1414 3596 infixum
1454 3530 1755 3609 haeserit,
1801 3552 1952 3597 eum
1987 3535 2195 3599 nostri

265 3636 472 3683 curam
514 3639 773 3703 gerere,
818 3638 1064 3700 nosque
1108 3635 1226 3681 suo
1272 3616 1546 3700 imperio
1589 3637 1836 3700 regere,
1881 3629 2197 3702 perpetua

259 3721 366 3768 nos
406 3706 786 3770 animorum
831 3703 1255 3770 fluctuatione
1299 3704 1633 3769 turbatum
1679 3704 1780 3780 iri,
1835 3713 2030 3787 atque
2074 3705 2194 3770 mi-

259 3789 585 3855 serrimam
625 3791 924 3855 omnium
963 3807 1258 3853 nostrum
1298 3789 1433 3853 fore
1468 3787 1904 3855 conditionem
1942 3798 2194 3856 certum

257 3883 370 3939 est.
454 3876 783 3960 Equidem
836 3876 1126 3940 divinam
1172 3874 1651 3957 providentiam
1696 3876 1766 3939 in
1809 3876 2194 3942 universum

259 3980 453 4041 genus
494 3962 867 4029 humanum
916 3962 1070 4025 ferri
1116 3960 1327 4025 libens
1369 3979 1667 4044 agnowo,
1730 3960 1889 4026 adeo
1932 3961 2193 4045 quidem

258 4056 329 4110 ut
362 4046 537 4130 ipsas
591 4048 972 4113 animantes
1023 4056 1346 4129 quatenus
1407 4048 1488 4112 ab
1543 4046 1689 4129 ipso
1739 4057 1994 4112 creatae
2035 4056 2197 4113 sunt

255 4135 592 4218 pertingat,
642 4153 963 4215 suamque
1007 4132 1497 4197 beneficentiam
1534 4132 1602 4196 in
1641 4131 2021 4216 quotidiano
2053 4133 2196 4199 illa-

255 4239 391 4283 rum
448 4230 653 4305 pastu
717 4227 1010 4284 exserat:
1075 4219 1188 4283 sed
1247 4237 1390 4282 eam
1437 4217 1867 4284 nihilominus
1926 4220 2194 4302 speciali

254 4305 523 4386 quadam
570 4306 835 4370 ratione
879 4324 1039 4389 erga
1079 4324 1264 4368 suam
1310 4304 1667 4382 ecclesiam,
1711 4324 1877 4388 quae
1913 4305 2038 4369 Dei
2082 4305 2195 4371 do-

255 4410 393 4455 mus
411 4402 535 4469 est,
580 4391 1002 4472 conspicuam
1051 4410 1193 4455 esse
1238 4388 1400 4455 dice.
1446 4387 1674 4471 Quare
1696 4411 1776 4455 ex
1815 4410 1891 4455 ea
1928 4391 2192 4474 speciali

251 4497 371 4557 qua
426 4500 550 4544 nos
606 4479 910 4542 intuetur
965 4494 1121 4541 cura
1166 4476 1407 4541 nostris
1450 4476 1690 4541 animis
1732 4475 1907 4541 istud
1953 4491 2053 4542 est
2094 4478 2192 4541 in-

252 4561 606 4645 figendum,
657 4583 791 4627 non
838 4571 1093 4626 tantum
1137 4562 1453 4628 creatoris
1495 4561 1680 4626 illum
1715 4562 2001 4628 officium
2037 4584 2197 4647 erga

251 4667 380 4725 nos,
439 4659 519 4715 ut
580 4669 900 4714 manuum
961 4668 1229 4712 suarum
1288 4667 1450 4730 opus
1507 4647 1749 4726 facere,
1816 4647 1928 4712 sed
1989 4649 2194 4730 patris

252 4753 402 4817 erga
444 4736 619 4800 filios
674 4754 957 4799 amorem
1017 4731 1416 4814 quibuslibet
1473 4735 1731 4798 testari:
1792 4754 1868 4799 ac
1919 4734 2194 4817 proinde

253 4817 316 4883 in
374 4821 709 4906 angustiis
765 4829 832 4884 et
889 4817 1380 4884 difficultatibus
1434 4820 1621 4884 nobis
1676 4818 1756 4882 ad
1814 4820 1997 4884 illum
2050 4841 2193 4885 esse

249 4906 783 4991 confugiendum.
882 4904 1264 4969 Necessaria
1317 4925 1475 4969 sane
1534 4906 1847 4985 doctrina,
1906 4914 1970 4969 et
2025 4926 2194 4988 quae

248 4990 609 5072 plurimum
674 4991 752 5054 ad
817 5003 1103 5057 nostram
1166 4991 1594 5055 eruditionem
1657 4992 1826 5065 facit,
1886 4992 1941 5054 si
1996 4990 2194 5074 probe

249 5080 629 5144 noverimus
669 5077 877 5141 Deum
925 5077 1004 5143 ab
1050 5077 1228 5140 omni
1273 5097 1435 5140 aevo
1480 5097 1665 5142 suam
1712 5077 2045 5142 ecclesiam
2090 5099 2197 5142 ve-

252 5160 347 5226 lut
390 5175 671 5228 extento
713 5162 979 5228 brachio
1025 5173 1329 5228 tutatum.
1422 5165 1518 5228 Ac
1562 5161 1716 5227 licet
1759 5163 2040 5245 peccatis
2080 5162 2195 5227 ho-

250 5250 499 5314 miuum
542 5261 936 5332 provocatus
973 5269 1455 5328 nonnumquam
1497 5249 1682 5313 velut
1714 5248 1944 5315 faciem
1987 5248 2197 5315 occul-

421 5348 657 5406 &alvim‘
690 5363 879 5419 opera.
951 5349 1070 5406 Vol.
1103 5347 1337 5405 XXIX.

2317 1649 2508 1717 tasse,
2567 1644 2698 1709 imo
2756 1644 2956 1709 etiam
3016 1645 3328 1711 abiecisse
3383 1648 3600 1731 populi
3660 1650 3763 1715 sui
3805 1670 4031 1716 curam
4077 1653 4262 1719 visus

2316 1736 2449 1793 est:
2491 1750 2649 1795 suae
2694 1739 2912 1796 tamen
2959 1731 3443 1799 misericordiae
3486 1754 3561 1799 ac
3604 1736 3987 1801 clementiae
4044 1736 4256 1804 locum

2315 1813 2511 1893 dedit,
2572 1816 2895 1899 tantisper
2953 1816 3108 1880 dum
3156 1825 3417 1900 tempus
3462 1839 3589 1901 quo
3632 1841 3701 1885 se
3744 1842 3782 1886 a
3830 1823 4031 1888 ertius
4075 1835 4254 1906 pate·

2311 1900 2552 1965 faceret
2595 1901 2980 1967 advenisset.
3024 1902 3365 1969 Hactenus
3407 1903 3691 1972 vidimus
3734 1927 3774 1971 a
3866 1928 3942 1973 eo
3977 1907 4256 1975 subinde

2312 1988 2656 2053 suscitatos
2716 1986 3120 2053 difficillimis
3178 1989 3577 2072 temporibus
3631 1990 3902 2075 iudices,
3976 1995 4084 2076 qui
4141 2016 4256 2077 po·

2310 2071 2446 2155 puli
2488 2093 2715 2139 curam
2759 2081 3085 2156 gererent,
3132 2094 3207 2139 ac
3251 2076 3322 2138 in
3362 2096 3522 2158 pace
3565 2076 3891 2158 foverent,
3938 2099 4084 2145 ecce
4119 2080 4252 2145 iam

2311 2156 2503 2222 aliam
2551 2160 3043 2243 gubernationis
3100 2160 3398 2242 formam,
3460 2160 3837 2228 Samuelem
3892 2174 4048 2248 puta
4104 2186 4254 2249 pro-

2307 2242 2573 2325 phetam
2618 2245 3062 2316 constitutum.
3108 2244 3315 2313 donec
3339 2247 3581 2313 Saulus
3626 2249 3696 2313 in
3743 2271 3963 2333 regem
4008 2250 4254 2319 electus

2306 2331 2411 2395 sit.
2499 2329 2647 2396 Hoc
2707 2329 2981 2414 pulchre
3039 2330 3289 2397 Paulus
3346 2335 3762 2416 persequitur
3807 2338 3950 2401 Act.
4000 2336 4101 2415 13,
4149 2339 4251 2406 17.

2307 2413 2548 2482 docens
2602 2413 2822 2481 Deum
2876 2425 3023 2500 post
3077 2417 3349 2482 electam
3409 2418 3770 2485 Abrahami
3825 2422 4112 2488 sobolem
4175 2426 4250 2490 in

2305 2501 2635 2584 peculium
2680 2523 2894 2579 suum,
2950 2522 3134 2567 suam
3192 2502 3683 2570 beneficentiam
3732 2526 3891 2591 erga
3933 2509 4252 2593 populum

2303 2586 2490 2652 illum
2553 2587 2782 2652 testari
2840 2607 2971 2652 non
3019 2587 3287 2654 desiisse
3330 2591 3522 2654 novis
3566 2591 3852 2673 quotidie
3898 2594 4249 2675 beneficiis,

2304 2682 2373 2737 et
2415 2672 2737 2757 singulari
2773 2693 2952 2754 cura,
2995 2673 3156 2739 adeo
3192 2683 3269 2738 ut
3303 2695 3523 2740 amore
3558 2686 3831 2757 paterno
3866 2680 4249 2763 complexus
4302 2698 4305 2701 ’

2303 2758 2471 2836 illos,
2534 2769 2785 2825 tutatus
2843 2759 2932 2824 sit
2974 2780 3250 2844 regnum
3295 2760 3367 2823 in
3412 2760 3658 2826 familia
3702 2762 3999 2840 Davidis,
4046 2766 4250 2833 donec

2303 2845 2614 2912 liberator
2635 2844 2746 2909 ille
2766 2845 3124 2928 promissus
3151 2846 3476 2911 Dominus
3499 2857 3717 2913 noster
3738 2849 3927 2915 Iesus
3941 2850 4251 2917 Ohristus

2305 2931 2669 2996 adveniret.
2777 2928 2969 3012 Quae
3034 2940 3330 3013 tempora
3392 2930 3642 2998 Paulus
3708 2945 3912 3014 notat,
3979 2945 4058 3001 ut
4116 2936 4245 3002 Dei

2304 3017 2679 3100 praesentia
2735 3025 2800 3081 et
2856 3019 3208 3081 continuus
3258 3017 3448 3082 favor
3503 3037 3660 3101 erga
3715 3019 3893 3086 hunc
3935 3021 4245 3104 populum

2302 3102 2607 3168 omnibus
2660 3102 2902 3169 clarius
2961 3110 3285 3185 appareat,
3352 3103 3464 3185 qui
3517 3105 3798 3187 primum
3856 3106 4114 3189 quidem
4171 3109 4245 3174 in

2309 3188 2669 3254 Abrahami
2693 3187 2946 3253 familia
2974 3209 3093 3271 per
3123 3187 3383 3269 singula
3417 3190 3675 3255 saecula
3710 3192 3886 3258 viros
3921 3194 4243 3259 maximos

2304 3274 2666 3350 suscitavit,
2710 3273 2823 3357 qui
2867 3273 3053 3339 bonis
3097 3273 3349 3358 legibus
3392 3273 3574 3339 illam
3617 3287 3919 3360 regerent
3961 3289 4027 3343 et
4071 3288 4244 3345 tuta·

2304 3370 2554 3440 rentur,
2599 3359 2834 3425 deinde
2875 3358 3124 3425 iudices
3165 3359 3308 3424 sive
3351 3359 3745 3442 liberatores,
3792 3372 3859 3426 et
3885 3373 4245 3431 assertores

2302 3445 2617 3512 excitavit
2679 3445 2881 3511 donec
2959 3446 3155 3529 longe
3220 3453 3377 3509 ante
3455 3448 3847 3528 promissum
3914 3450 4240 3517 Davidem

2302 3551 2521 3617 regsm
2548 3532 2667 3596 toti
2691 3531 2927 3615 populo
2962 3530 3289 3614 praefecit,
3335 3538 3401 3594 et
3434 3530 3505 3595 in
3543 3534 3729 3617 regni
3765 3535 4237 3617 possessionem

2303 3616 2516 3683 misit:
2562 3638 2640 3682 ac
2682 3616 2946 3682 tandem
2991 3626 3332 3700 postquam
3369 3616 3647 3700 populus
3684 3628 3947 3703 propter
3981 3642 4239 3688 morum

2299 3704 2784 3786 corruptionem
2828 3703 2902 3766 in
2945 3701 3384 3785 captivitatem
3423 3701 3872 3787 babylonicam
3911 3707 4239 3792 relegatus

2301 3798 2489 3866 esset,
2548 3797 2617 3853 et
2674 3788 2826 3854 licet
2878 3796 3029 3871 post
3084 3807 3294 3852 annos
3346 3791 3762 3873 septuaginta
3824 3792 3891 3856 iu
3958 3795 4236 3876 patriam

2299 3873 2529 3953 redux,
2588 3885 2806 3940 tamen
2863 3893 3131 3956 prorsus
3188 3872 3482 3938 devictus
3535 3874 3793 3956 iaceret,
3852 3887 3920 3942 et
3974 3883 4234 3963 magnis

2299 3959 2778 4027 calamitatibus
2819 3966 3291 4038 concuteretur,
3347 3961 3742 4040 promissum
3779 3974 3937 4028 ante
3979 3968 4239 4035 saecula

2300 4046 2715 4113 liberatorem
2795 4046 3152 4110 Dominum
3236 4057 3530 4109 nostrum
3595 4046 3818 4113 Iesum
3893 4049 4237 4122 Christum

2300 4132 2497 4198 dedit.
2603 4132 2753 4213 Quo
2809 4135 3102 4214 tempore
3158 4150 3228 4195 se
3284 4129 3503 4212 populi
3563 4133 3834 4201 iacentis
3885 4157 4017 4202 non
4078 4139 4240 4205 obli-

2298 4227 2464 4298 tum,
2509 4217 2622 4284 sed
2660 4217 3129 4301 promissorum
3166 4234 3519 4281 memorem
3556 4218 3773 4297 fuisse,
3819 4231 3887 4285 et
3930 4224 4240 4291 ecclesiae

2300 4323 2421 4369 suo
2479 4312 2773 4386 tempore
2829 4302 3258 4380 liberatorem,
3318 4311 3593 4368 testatus
3652 4313 3772 4371 est.
3861 4307 3991 4375 Hic
4033 4310 4238 4394 igitur

2302 4390 2486 4456 nobis
2567 4410 2737 4454 nnus
2796 4408 2882 4453 ex
2954 4388 3231 4453 statibus
3266 4386 3575 4453 ecclesiae
3639 4393 3954 4457 memoria
4017 4395 4237 4480 dignis

2299 4474 2694 4558 spectandus
2734 4474 3135 4557 proponitur,
3194 4472 3507 4537 nimirum
3555 4486 3809 4557 tempus
3853 4479 4013 4544 illud
4058 4481 4233 4563 quod

2298 4560 2597 4628 Indicum
2665 4569 2962 4644 tempora
3026 4559 3299 4641 excepit,
3366 4558 3625 4640 quando
3688 4563 3869 4630 Deus
3934 4586 4050 4648 pro
4114 4588 4235 4633 sua

2297 4645 2737 4713 misericordia
2817 4645 2924 4711 sui
2998 4644 3215 4711 cultus
3272 4645 3341 4707 in
3402 4646 3639 4727 populo
3709 4649 4230 4719 reformationem

2299 4733 2604 4798 restituit.
2664 4732 2833 4795 Nam
2880 4732 3000 4797 sub
3040 4732 3234 4795 finem
3280 4728 3586 4796 historiae
3608 4731 3910 4800 Indicum
3950 4736 4231 4806 vidimus

2298 4818 2625 4902 quandam
2672 4816 2882 4882 divini
2928 4816 3144 4882 cultus
3179 4816 3726 4898 interruptionem
3772 4820 3990 4901 fuisse,
4034 4843 4232 4906 quam

2300 4904 2927 4968 administrationem
2972 4900 3258 4967 iudicum
3307 4910 3645 4983 propterea
3668 4903 3949 4969 Paulum
4003 4928 4230 4977 vocare

2302 4991 2423 5054 Dei
2460 4988 2933 5071 praefecturam
2973 5000 3222 5053 certum
3261 4995 3383 5069 est,
3428 4985 3598 5069 quod
3635 4988 3740 5053 his
3774 4991 3877 5053 vel
3921 4992 4053 5057 illis
4089 4985 4230 5061 sus-

2298 5075 2513 5142 citatis
2575 5074 2916 5152 iudicibus,
2983 5075 3166 5138 Deus
3244 5072 3552 5154 populum
3634 5075 3799 5139 scire
3876 5077 4090 5145 voluit
4163 5089 4233 5148 et

2300 5181 2671 5244 agnoscere,
2729 5181 2801 5225 se
2855 5181 2985 5224 non
3054 5160 3245 5242 plane
3302 5153 3705 5234 destitutum,
3772 5170 3849 5226 ut
3904 5163 3974 5228 in
4018 5166 4233 5235 officio

2301 5250 2394 5315 sic
2450 5247 2860 5313 retineretur.
2963 5246 3214 5308 Verum
3282 5255 3497 5308 tamen
3561 5244 3988 5316 nihilominus
4046 5252 4228 5322 Deus

3744 5347 3811 5403 16
