5059 6059
819 320 946 386 567

2473 326 2885 393 HOMILIA
2931 325 3162 392 XXX.

4641 329 4737 395 568

818 508 1021 593 digna
1058 521 1175 586 est,
1223 523 1772 593 quantoanostro
1808 533 2002 577 sensu
2040 514 2311 579 alienior
2346 527 2464 592 est,
2502 535 2757 598 nempe,
2866 514 3131 595 speciali
3212 514 3626 593 revelatione,
3707 513 3978 581 Saulem
4057 514 4379 596 elegisset,
4454 515 4744 581 fortuitum

816 615 989 679 quae
1053 598 1338 661 maxime
1404 596 1672 661 fortuita
1737 600 1924 662 nobis
1994 601 2316 679 videntur,
2383 601 2513 664 Dei
2560 621 2758 665 manu
2866 602 3097 665 merito
3164 601 3530 685 videretur;
3596 600 3709 665 sed
3771 599 3954 666 Deus
4012 599 4250 664 dicitur
4313 599 4414 663 illi
4477 600 4746 667 revelasse

820 684 964 765 regi
987 692 1053 747 et
1074 685 1448 766 gubernari,
1496 684 1646 747 licet
1680 698 1908 748 contra
1939 707 2169 751 sensus
2207 688 2409 751 nostri
2458 687 2760 764 iudicent,

822 769 896 832 in
943 768 1167 834 multis
1213 770 1408 834 rebus
1464 790 1623 851 quas
1680 769 1954 833 subinde
2013 774 2389 855 contingere
2443 774 2760 836 videmus.

824 852 1003 934 Quin
1052 855 1268 930 etiam,
1316 854 1612 939 agedum,
1662 856 1767 919 vel
1815 857 1881 919 in
1928 856 2177 922 infante
2224 860 2287 922 id
2335 859 2760 942 conspicuum

821 940 974 1004 fiat:
1039 942 1143 1006 cui
1213 943 1266 1004 si
1336 955 1663 1005 monetam
1734 942 2006 1018 dederis,
2075 965 2267 1026 quam
2335 946 2405 1008 in
2470 944 2762 1009 sacculos

816 1023 1183 1091 immissam
1228 1027 1475 1091 viritim
1523 1026 1885 1104 distribuat,
1948 1030 2233 1095 maxime
2293 1031 2634 1095 fortuitum
2696 1029 2760 1093 id

816 1130 962 1177 esse
1019 1110 1307 1190 dicetur;
1363 1134 1495 1177 non
1554 1113 1775 1177 minus
1832 1134 2028 1196 quam
2087 1128 2295 1182 sortes
2338 1137 2498 1199 quas
2542 1136 2762 1182 caecas

816 1217 980 1274 esse,
1049 1208 1113 1263 et
1177 1199 1441 1264 fortuito
1505 1199 1794 1264 accidere
1852 1201 1987 1264 fere
2048 1222 2273 1266 omnes
2339 1202 2759 1277 arbitrantur,

820 1305 1028 1368 quum
1077 1293 1292 1350 tamen
1337 1287 1735 1350 contrarium
1780 1285 2037 1367 sapiens
2084 1287 2329 1368 doceat,
2373 1288 2478 1354 his
2509 1289 2760 1354 verbis:

820 1372 905 1437 In
965 1372 1286 1454 gremium
1348 1372 1688 1434 coniicitur
1746 1393 1918 1435 sors:
1989 1393 2029 1437 a
2070 1372 2321 1439 Iehova
2378 1388 2598 1440 autem
2659 1382 2762 1438 est

822 1464 968 1522 tota
1032 1458 1198 1523 ratio
1265 1457 1421 1522 eius.
1521 1456 1746 1536 Quare
1805 1478 2003 1538 quum
2072 1458 2377 1524 docemur
2434 1481 2472 1524 a
2529 1471 2757 1526 sancto

820 1544 1058 1626 spiritu
1115 1543 1195 1607 de
1254 1542 1477 1609 divina
1540 1563 1758 1606 rerum
1805 1544 2098 1607 omnium
2144 1545 2211 1608 in
2256 1546 2359 1610 his
2405 1548 2598 1611 terris
2642 1546 2757 1610 ad-

819 1630 1323 1708 ministratione,
1368 1639 1432 1692 et
1477 1649 1713 1693 arcano
1759 1628 1886 1693 Dei
1931 1629 2221 1709 consilio,
2283 1632 2755 1713 providentiam

820 1715 1037 1799 ipsius
1123 1715 1527 1779 admiremur
1612 1723 1676 1777 et
1765 1715 1836 1777 in
1918 1736 2106 1779 usum
2191 1724 2259 1780 et
2322 1718 2756 1782 eruditionem

820 1808 1109 1866 nostram
1157 1821 1562 1884 usurpemus.
1621 1800 1816 1864 Multi
1864 1801 2038 1864 enim
2078 1798 2157 1865 de
2182 1800 2309 1866 Dei
2343 1803 2756 1887 providentia

814 1892 1064 1952 temere
1129 1886 1483 1967 loquuntur
1547 1896 1612 1950 et
1676 1885 1996 1965 iudicant;
2065 1908 2296 1951 verum
2345 1910 2464 1955 nos
2523 1889 2756 1954 melius

812 1972 1071 2039 edoctos
1128 1981 1386 2054 oportet
1428 1972 1756 2053 prosperis
1800 1981 1864 2035 et
1908 1972 2211 2037 secundis
2249 1974 2443 2040 rebus
2479 1985 2756 2055 utentes,

813 2057 947 2123 Dei
1012 2056 1493 2124 misericordiae
1550 2069 1613 2122 et
1671 2057 2160 2122 benevolentiae
2220 2081 2377 2143 erga
2437 2083 2552 2126 nos
2609 2061 2756 2125 illas

816 2144 1171 2210 attribuere
1209 2155 1276 2209 et
1310 2155 1604 2225 acceptas
1629 2142 1816 2219 ferre,
1863 2145 2236 2226 gratiasque
2272 2146 2371 2209 illi
2408 2146 2486 2212 de
2521 2147 2752 2211 iisdem

817 2250 1032 2314 agere.
1140 2229 1260 2295 Sin
1318 2250 1471 2294 vero
1528 2228 1819 2293 adversis
1878 2231 2278 2309 infestemur,
2345 2232 2498 2297 inde
2558 2234 2750 2297 etiam

814 2335 929 2381 eas
972 2315 1292 2400 proficisci
1332 2337 1460 2380 non
1506 2314 1830 2397 ignorare.
1896 2315 2004 2391 At,
2052 2336 2307 2397 quaese,
2353 2338 2548 2400 quam
2586 2318 2750 2383 mul-

813 2403 903 2467 tis
985 2400 1194 2466 modis
1274 2401 1443 2466 hanc
1526 2401 1884 2465 doctrinam
1966 2401 2209 2466 ethnici
2279 2403 2749 2486 profanarum?

816 2487 1000 2568 Quas
1057 2485 1164 2551 hic
1221 2485 1482 2551 fraudes
1542 2485 1833 2551 diabolus
1889 2488 2136 2566 nexuit,
2202 2496 2279 2554 ut
2337 2490 2583 2572 ignaris
2626 2490 2752 2555 illis

818 2593 1079 2640 omnem
1125 2572 1315 2637 istius
1359 2572 1810 2654 providentiae
1855 2573 2297 2655 cognitionem
2344 2575 2645 2658 eriperet,
2689 2588 2754 2641 et

820 2677 1242 2743 quaecunque
1267 2656 1345 2722 de
1365 2679 1441 2722 ea
1464 2678 1685 2722 sacrae
1719 2658 2079 2740 scripturae
2103 2659 2463 2741 loquuntur
2486 2662 2753 2742 pedibus

815 2745 981 2828 ipsis
1040 2742 1348 2808 calcanda
1404 2742 1792 2809 subiiceret?
1884 2742 2127 2809 Omnia
2180 2746 2440 2810 fortuita
2484 2746 2751 2824 faciunt,

815 2828 1178 2898 cuiusmodi
1245 2829 1612 2912 exemplum
1681 2829 1854 2893 istud
1921 2829 2402 2912 expendamus:
2468 2832 2751 2914 Quidam

817 2917 1203 2982 thesaurum
1249 2935 1438 2979 suum
1487 2915 1608 2979 sub
1654 2913 1884 2979 arbore
1929 2917 2207 2999 quadam
2256 2916 2531 2982 defodit:
2585 2919 2753 2985 alius

816 3002 1084 3087 quidam
1131 3000 1359 3065 infelix
1404 3001 1485 3064 ad
1532 3001 1801 3065 eandem
1850 3002 2033 3065 venit
2074 3001 2604 3085 desperabundus
2655 3005 2754 3069 vi-

815 3095 1083 3170 tamque
1138 3085 1490 3170 suspendio
1550 3085 1671 3151 sibi
1731 3084 2190 3168 adempturus:
2260 3108 2591 3171 quumque
2656 3088 2751 3154 la-

815 3194 1052 3258 queum
1123 3184 1412 3238 necteret
1476 3172 1544 3235 in
1615 3181 1855 3235 terram
1921 3173 2315 3254 despiciens,
2397 3187 2464 3239 et
2525 3196 2752 3241 recens

817 3260 1115 3325 effossam
1177 3258 1475 3336 intuitus,
1535 3257 1773 3340 aliquid
1822 3258 2215 3324 occultatum
2260 3258 2498 3325 ibidem
2545 3263 2753 3346 suspi-

813 3353 1001 3412 catus
1047 3351 1164 3409 est.
1255 3343 1477 3424 Quare
1536 3343 1775 3408 effossa
1827 3353 2020 3419 terra,
2081 3363 2272 3425 quem
2330 3366 2459 3410 non
2505 3347 2757 3430 quaesi-

820 3439 1008 3497 verat
1052 3430 1433 3494 thesaurum
1490 3429 1732 3512 reperit
1788 3438 1852 3493 et
1912 3429 1999 3493 ibi
2046 3430 2272 3495 relicto
2316 3431 2563 3514 laqueo,
2609 3434 2756 3499 abs·

818 3517 992 3582 tulit.
1079 3514 1289 3580 Paulo
1351 3523 1498 3599 post
1553 3536 1744 3584 vero,
1806 3515 1915 3597 qui
1973 3515 2352 3581 thesaurum
2421 3518 2756 3584 defoderat

816 3620 1139 3678 reversus,
1185 3611 1250 3664 et
1294 3621 1368 3665 eo
1414 3621 1545 3665 non
1591 3610 1848 3684 reperto
1891 3613 2182 3666 moestus
2217 3601 2518 3687 laqueum
2562 3625 2753 3687 quem

813 3685 1070 3753 invenit
1134 3683 1297 3750 collo
1364 3687 1626 3766 nexuit,
1708 3696 1775 3750 et
1837 3687 2188 3768 suspendio
2255 3690 2457 3754 vitam
2518 3692 2755 3756 finivit.

816 3773 968 3839 Hoc
1009 3772 1382 3854 exemplum
1428 3773 1690 3848 ethnici,
1752 3771 1893 3837 sive
1937 3793 2042 3837 res
2086 3781 2272 3856 gesta
2315 3774 2422 3851 sit,
2467 3776 2606 3841 sive
2659 3779 2750 3841 fa-

817 3857 993 3935 bula,
1039 3877 1256 3920 rerum
1302 3859 1589 3922 maxime
1632 3859 2046 3923 fortuitarum
2093 3879 2235 3924 esse
2281 3860 2528 3942 volunt,
2575 3864 2757 3943 quasi

815 3943 984 4008 duce
1028 3942 1289 4006 fortuna
1332 3943 1550 4009 omnia
1592 3943 1698 4008 hic
1742 3954 2077 4027 gerantur,
2142 3957 2207 4009 et
2262 3944 2370 4012 hic
2414 3947 2676 4030 quidem
2722 3971 2757 4013 e

816 4029 1023 4095 divite
1088 4048 1353 4112 pauper,
1419 4028 1528 4093 ille
1587 4052 1667 4095 ex
1727 4050 2015 4113 paupere
2074 4030 2260 4096 dives
2304 4033 2576 4098 fortuito
2617 4033 2756 4114 fiat,

818 4118 930 4199 qui
997 4112 1180 4178 nullo
1244 4112 1417 4196 apud
1483 4113 1763 4180 hominis
1830 4125 1974 4181 erat
2037 4116 2209 4195 loco,
2278 4117 2360 4181 ad
2426 4140 2756 4184 summum

822 4198 1165 4286 dignitatis
1247 4200 1520 4284 gradum
1589 4203 1956 4283 perveniat;
2037 4204 2149 4286 qui
2217 4224 2373 4269 vero
2438 4205 2758 4290 dignitate

814 4285 1096 4371 insignis
1162 4295 1335 4366 erat,
1402 4285 1595 4367 paulo
1653 4297 1801 4371 post
1864 4289 1932 4352 in
2000 4298 2450 4373 contemptum
2511 4294 2756 4358 veniat.

817 4374 1042 4456 Atque
1121 4370 1244 4435 hac
1321 4372 1577 4436 ratione
1655 4374 1908 4439 miseris
1975 4375 2358 4441 mortalibus
2421 4377 2759 4461 imponere

822 4457 1031 4527 Satan
1089 4477 1347 4541 semper
1405 4469 1504 4523 est
1562 4472 1851 4539 conatus,
1910 4469 1984 4525 ut
2036 4465 2103 4524 in
2164 4462 2484 4527 mundum
2542 4465 2752 4530 confu-

818 4545 1070 4610 sionem
1136 4564 1396 4608 omnem
1463 4545 1836 4624 inveheret,
1901 4557 1965 4609 et
2022 4545 2103 4611 ad
2170 4546 2501 4614 libidinem
2571 4572 2757 4616 suam

816 4630 1120 4697 homines
1198 4640 1508 4695 versaret.
1620 4633 1834 4697 Tanto
1908 4630 2127 4714 itaque
2193 4633 2574 4717 diligentius
2640 4657 2758 4702 nos

819 4723 1076 4801 oportet
1142 4715 1533 4799 principium
1607 4716 1781 4782 istud
1848 4717 2126 4783 retinere
2194 4731 2258 4782 et
2323 4720 2546 4786 eodem
2614 4722 2757 4805 niti,

814 4823 942 4888 quo
1001 4801 1312 4867 discimus
1370 4802 1588 4867 omnia
1634 4805 1855 4869 divina
1897 4804 2308 4884 providentia
2355 4809 2514 4891 regi,
2561 4808 2757 4872 nihil-

817 4908 943 4970 que
982 4887 1251 4952 omnino
1296 4908 1448 4954 casu
1496 4888 1562 4953 in
1611 4901 1745 4955 toto
1792 4902 2114 4956 terrarum
2161 4891 2316 4956 orbe
2359 4896 2756 4977 contingere.

816 4974 1213 5056 Exemplum
1274 4983 1430 5050 estc,
1492 4995 1812 5056 quaerens
1870 4974 2033 5040 Saul
2093 4976 2298 5059 patris
2338 4979 2572 5056 asinas,
2649 4980 2761 5062 qui

817 5059 888 5123 in
956 5080 1249 5141 regnum,
1318 5061 1489 5144 quod
1559 5083 1686 5127 non
1747 5061 2087 5146 quaesivit,
2155 5063 2400 5128 incidit.
2491 5068 2582 5130 At
2627 5087 2757 5130 non

816 5153 1064 5209 temere
1142 5159 1209 5209 et
1280 5146 1549 5212 fortuito
1618 5147 1885 5214 Samuel
1953 5168 2102 5211 eum
2172 5170 2375 5232 regno
2449 5150 2756 5217 idoneum

812 5249 959 5296 esse
1000 5227 1335 5299 iudicavit.
1406 5232 1549 5298 Nae
1593 5235 1647 5300 si
1677 5232 1945 5301 Samuel
1991 5235 2128 5317 ipse
2161 5255 2282 5300 suo
2316 5234 2571 5319 iudicio,
2616 5237 2761 5302 sine

2863 695 3124 751 tantum
3186 707 3515 752 arcanum.
3604 686 3825 768 Quare
3888 686 4157 750 amissas
4202 686 4435 764 asinas,
4495 685 4624 750 Deo
4662 687 4746 752 de-

2865 786 3187 852 cernente,
3230 774 3533 849 sciamus,
3567 785 3639 837 ut
3683 792 4003 854 quaerens
4028 769 4189 836 Saul
4222 772 4440 835 asinas
4481 773 4662 853 patris
4695 773 4747 837 in

2865 857 3237 924 Samuelem
3299 859 3653 924 incideret:
3712 867 3907 940 atque
3962 866 4211 939 patrem
4256 855 4478 922 Saulis
4521 858 4751 923 eundem

2867 945 2948 1008 ad
3008 943 3410 1027 quaerendas
3470 946 3689 1009 asinas
3747 943 4020 1023 misisse,
4066 941 4211 1007 Deo
4255 943 4546 1027 linguam
4586 944 4750 1025 ipsius

2865 1041 3161 1113 regente:
3232 1051 3307 1095 ac
3373 1028 3635 1094 tandem
3682 1029 3950 1095 Saulem
4008 1049 4156 1094 cum
4217 1049 4406 1094 servo
4449 1029 4596 1093 licet
4634 1030 4753 1095 hinc

2865 1115 3017 1180 inde
3061 1117 3471 1194 cursitantes,
3530 1125 3749 1180 tamen
3797 1117 3918 1180 Dei
3977 1115 4389 1198 providentia
4430 1135 4647 1198 passus
4681 1118 4752 1197 ip·

2864 1222 3084 1266 sorum
3146 1202 3486 1284 dirigente,
3547 1199 3630 1265 ad
3689 1200 4065 1266 Samuelem
4123 1199 4489 1282 perductos.
4572 1201 4753 1280 Quum

2862 1289 3064 1371 igitur
3129 1288 3511 1352 nominatim
3571 1285 3753 1352 Deus
3813 1288 3881 1351 in
3932 1285 4199 1352 consilio
4257 1306 4377 1351 suo
4438 1284 4754 1351 decrevisse

2864 1374 3104 1439 dicitur
3146 1373 3317 1456 quod
3368 1372 3552 1438 Sauli
3594 1373 3832 1450 evenit,
3891 1372 4224 1437 sciendum
4284 1391 4514 1436 omnes
4566 1371 4756 1436 deiude

2861 1460 3006 1524 illas
3057 1458 3504 1524 revolutiones
3561 1471 3626 1522 et
3669 1458 3973 1542 ambages
4015 1458 4216 1521 fuisse
4257 1466 4565 1540 tanquam
4609 1478 4756 1539 prse-

2860 1546 3229 1628 parationes
3274 1555 3341 1610 et
3384 1565 3612 1610 causas
3656 1544 3902 1608 medias
3943 1542 4176 1626 quibus
4201 1543 4383 1608 Deus
4421 1543 4503 1609 ad
4545 1544 4752 1607 exitum

2860 1652 3049 1696 suum
3097 1630 3439 1696 consilium
3485 1629 3882 1712 perduceret.
3951 1629 4130 1694 Hinc
4172 1629 4594 1714 conspicuum
4632 1649 4754 1711 qua·

2860 1718 2954 1782 les
2998 1717 3133 1781 sint
3176 1717 3321 1780 viae
3364 1716 3655 1789 Domini,
3715 1734 4041 1797 quamque
4083 1714 4403 1797 obliquae,
4464 1725 4543 1779 ut
4582 1715 4753 1779 incer·

2860 1811 2966 1868 tus
3010 1801 3139 1865 huc
3183 1802 3340 1866 illuc
3384 1802 3611 1884 vagari
3656 1801 3796 1865 sine
3843 1800 3978 1864 ulla
4021 1801 4415 1865 certitudine
4467 1800 4755 1866 videatur:

2860 1889 2971 1954 sed
3028 1889 3122 1952 ita
3183 1900 3400 1952 tamen
3460 1899 3535 1950 ut
3589 1886 3759 1969 apud
3821 1907 3890 1950 se
3942 1886 4150 1951 lucem
4198 1887 4487 1951 retineat
4528 1887 4755 1950 immen-

2858 1995 3015 2053 sam,
3078 1983 3144 2037 et
3210 1972 3371 2036 nihil
3435 1974 3523 2036 sit
3574 1971 3748 2054 apud
3804 1972 4019 2054 ipsum
4075 1972 4439 2049 confusum,
4508 1971 4756 2053 nihilque

2858 2070 3104 2124 temere
3147 2069 3214 2123 et
3259 2059 3519 2123 fortuito
3562 2079 3715 2123 casu
3762 2058 4122 2141 contingat.
4188 2057 4369 2121 Hinc
4407 2077 4563 2122 vero
4597 2059 4754 2121 etiam

2856 2146 2982 2210 alia
3007 2165 3135 2209 non
3171 2144 3390 2209 minus
3425 2144 3604 2209 utilis
3644 2143 3937 2208 doctrina
3972 2142 4158 2208 nobis
4196 2142 4512 2223 eruenda,
4545 2163 4755 2226 nempe,

2858 2231 3074 2296 Deum
3143 2251 3263 2294 nos
3328 2249 3527 2294 manu
3591 2250 3713 2294 sua
3777 2239 4085 2311 tanquam
4154 2248 4379 2294 caecos
4449 2228 4754 2294 deducere:

2857 2339 2941 2382 ne
2971 2315 3125 2398 quid
3173 2327 3433 2380 nostrae
3477 2314 3863 2396 prudentiae
3914 2326 3979 2379 et
4022 2314 4386 2381 industriae
4431 2314 4755 2379 tribuamus

2858 2403 2914 2467 si
2958 2402 3112 2484 quid
3171 2401 3322 2468 boni
3370 2401 3732 2483 contigerit..
3822 2401 3914 2465 Et
3957 2397 4214 2484 quidem
4261 2399 4480 2465 libens
4521 2420 4756 2485 agnosco

2859 2489 3076 2554 Deum
3135 2486 3340 2551 multa
3398 2488 3707 2570 perficere
3762 2484 3950 2550 nobis
4009 2486 4488 2570 intelligentiae
4535 2497 4598 2550 et
4636 2506 4755 2568 pru·

2858 2574 3117 2639 dentiae
3180 2573 3481 2655 spiritum
3536 2572 3961 2655 largientem:
4029 2571 4142 2636 sed
4201 2581 4424 2636 tamen
4488 2591 4672 2654 saepe
4701 2571 4756 2634 fit

2858 2668 2932 2726 ut
2990 2668 3249 2724 nostrae
3306 2657 3733 2742 cogitationes
3791 2657 3872 2723 ab
3932 2656 4185 2722 eventis
4244 2678 4380 2721 non
4426 2657 4618 2722 modo
4655 2657 4756 2721 sint

2858 2746 3313 2822 alienissimae,
3380 2743 3496 2810 sed
3561 2763 3827 2826 prorsus
3893 2743 4091 2807 etiam
4143 2743 4518 2808 contrariae
4575 2749 4636 2807 et
4680 2762 4758 2806 re-

2858 2841 3261 2916 pugnantes:
3338 2837 3411 2894 ut
3475 2831 3580 2894 cui
3640 2827 4073 2893 attribuamus
4130 2837 4366 2893 eventa
4421 2831 4758 2912 ignoremus

2858 2935 3079 2983 eorum
3126 2935 3293 2999 quae
3337 2916 3612 2981 incautis
3656 2913 3843 2979 nobis
3886 2914 4294 2978 acciderunt:
4363 2921 4435 2980 et
4478 2915 4760 2997 perspiea-

2858 3004 3096 3068 cissimi
3143 3001 3628 3083 acutissimique
3672 2999 3739 3063 in
3785 3000 3928 3064 istis
3971 3000 4238 3064 omnino
4281 3001 4664 3076 caecutiant,
4705 3007 4760 3062 ut

2859 3088 3063 3153 multa
3106 3087 3464 3168 suscipiant
3506 3104 3780 3167 quorum
3824 3097 4132 3150 eventum
4177 3087 4507 3169 ignorent,
4554 3087 4671 3150 imo
4697 3103 4758 3147 ue

2861 3173 3110 3257 possint
3168 3172 3429 3254 quidem
3490 3171 3828 3255 suspicari.
3920 3169 4104 3236 Dens
4164 3171 4371 3253 igitur
4429 3192 4510 3236 ea
4552 3171 4759 3236 ratione

2860 3260 3005 3324 vult
3070 3259 3322 3322 animos
3389 3267 3647 3322 nostros
3712 3257 4005 3332 deiicere,
4075 3275 4394 3340 suamque
4466 3277 4620 3341 erga
4670 3275 4759 3318 nos

2858 3345 3208 3410 bonitatem
3255 3352 3438 3408 tanto
3480 3342 3902 3407 illustriorem
3949 3340 4239 3421 reddere,
4283 3364 4494 3426 quum
4531 3365 4607 3408 eo
4635 3341 4761 3406 duce

2856 3431 3165 3515 regimur,
3210 3429 3362 3494 licet
3403 3429 3529 3512 ipsi
3573 3450 3657 3493 ex
3700 3429 3885 3493 nobis
3928 3448 4138 3511 neque
4185 3429 4352 3494 viam
4404 3438 4645 3495 rectam
4674 3447 4762 3490 ne-

2856 3538 2982 3599 que
3026 3516 3344 3594 semitam,
3399 3514 3800 3579 insistamus.
3890 3513 4275 3578 Tenendum
4336 3515 4549 3598 igitur
4593 3521 4654 3579 et
4687 3513 4761 3576 ia·

2857 3601 3190 3686 figendum
3280 3600 3516 3668 animis
3601 3599 3775 3665 istud
3863 3601 4302 3665 certissimum
4382 3598 4761 3683 principium,

2857 3688 2985 3754 Dei
3031 3685 3506 3771 providentiam
3550 3686 3619 3751 in
3664 3705 3771 3750 res
3808 3706 4051 3763 omnes,
4096 3685 4295 3750 etiam
4331 3684 4763 3753 abiectissimae

2858 3784 2923 3839 et
2966 3772 3557 3856 contemptissimas
3598 3772 3775 3855 ferri,
3833 3780 3908 3836 ut
3967 3772 4360 3855 principium
4425 3782 4496 3838 et
4558 3789 4762 3842 causas,

2859 3880 3241 3944 progressus
3317 3858 3595 3940 denique
3677 3870 3740 3922 et
3819 3869 4054 3923 eventa
4125 3858 4197 3921 in
4273 3877 4481 3923 manu
4548 3858 4763 3924 habeat

2858 3944 3170 4028 quidquid
3215 3955 3443 4010 contra
3487 3942 3844 4026 cogitemus
3890 3952 4000 4009 aut
4044 3942 4413 4023 moliamur,
4468 3943 4632 4027 quod
4671 3941 4764 4004 hoo

2860 4033 3026 4097 facto
3085 4030 3369 4094 maxime
3421 4031 3499 4093 fit
3557 4031 3995 4111 conspicuum.
4099 4028 4331 4112 Neque
4387 4030 4570 4094 enim
4623 4027 4763 4111 qnis-

2860 4137 3052 4200 quam
3098 4115 3205 4181 hic
3243 4137 3280 4180 a
3317 4115 3519 4181 Saule
3564 4116 3930 4198 quaesitum
3973 4116 4174 4181 fuisse
4218 4135 4504 4198 regnum
4542 4112 4762 4184 dixerit,

2862 4203 3033 4285 quod
3104 4201 3300 4267 sciret
3364 4222 3433 4266 se
3501 4220 3539 4264 a
3608 4199 3913 4267 Samuele
3978 4201 4048 4265 in
4114 4220 4337 4284 regem
4404 4197 4761 4284 eligendum.

2859 4288 3030 4354 Nam
3097 4307 3182 4351 ne
3249 4285 3327 4351 de
3389 4285 3698 4352 Samuele
3762 4284 4027 4368 quidem
4092 4286 4440 4370 cogitabat,
4507 4304 4692 4368 quum
4735 4299 4763 4341 8

2861 4393 3050 4440 servo
3109 4373 3497 4438 admonetur
3553 4372 3634 4437 de
3678 4370 4000 4456 propheta
4045 4370 4364 4450 adeundo,
4427 4372 4615 4438 cuius
4663 4386 4760 4432 non

2862 4459 3038 4525 aliud
3105 4469 3248 4524 erat
3302 4459 3662 4536 consilium,
3730 4478 3922 4541 quam
3977 4458 4133 4541 quid
4190 4456 4506 4524 asinabus
4560 4456 4760 4521 factum

2860 4556 3032 4612 esset
3055 4545 3403 4628 inquirere.
3450 4544 3671 4626 Quare
3705 4543 4136 4626 conspicimus
4162 4542 4433 4610 Saulem
4481 4545 4762 4608 incertum

2860 4653 3132 4711 errasse,
3178 4642 3246 4696 et
3289 4632 3368 4695 de
3412 4631 3568 4696 solis
3610 4630 3915 4695 asinabus
3950 4627 4431 4713 investigandis
4467 4627 4761 4713 cogitasse·

2864 4721 2954 4783 At
2993 4739 3126 4782 non
3170 4716 3435 4782 interim
3483 4717 3704 4781 divina
3749 4715 4158 4799 providentia
4197 4714 4585 4794 dormiebat,
4633 4725 4762 4795 quae

2862 4805 2988 4902 ipm
3035 4803 3190 4885 quid
3235 4803 3482 4867 factum
3529 4801 3724 4867 vellet
3769 4800 4166 4880 decreverat,
4214 4822 4289 4868 ac
4337 4798 4631 4868 Samueli
4665 4790 4758 4880 ipsi

2859 4891 3266 4974 patefecerat.
3356 4889 3609 4952 Verum
3678 4888 4012 4953 enimvero
4068 4890 4273 4953 fateor
4328 4886 4596 4953 divinae
4644 4899 4762 4967 pro-

2863 4975 3186 5040 videntiae
3243 4974 3510 5041 consilia
3567 4975 3751 5039 nobis
3810 4995 3952 5040 esse
4008 4972 4381 5040 abscondita
4440 4980 4509 5037 et
4549 4971 4758 5035 incom-

2863 5061 3345 5145 prehensibilia‚
3391 5073 3584 5143 atque
3609 5059 4175 5142 profundissimam
4200 5060 4530 5143 abyssum,
4562 5075 4641 5120 ex
4659 5070 4758 5151 qua

2863 5149 3145 5231 penitius
3209 5147 3388 5211 illam
3456 5147 3855 5229 investigare
3919 5146 4208 5212 nitentes
4271 5162 4604 5227 nunquam
4654 5143 4756 5234 siut

2864 5233 3213 5299 emersuri:
3266 5230 3380 5299 sed
3418 5241 3733 5317 quatenus
3768 5232 3952 5298 Deus
4005 5232 4143 5316 ipse
4195 5252 4316 5299 sua
4360 5229 4548 5296 nobis
4582 5229 4754 5309 apem
