5059 6059
290 329 405 396 513

1554 323 1654 390 IN
1695 323 1751 389 1.
1797 323 1977 390 LIB.
2024 319 2427 392 SAMUEL.
2473 322 2674 391 OAP.
2719 323 2982 390 XXIV.

4132 322 4269 391 514

288 521 451 589 enim
507 539 612 583 me
668 516 741 580 in
801 533 1038 581 manus
1095 522 1246 579 tuas
1289 511 1671 591 tradiderat,
1734 524 1804 577 tu
1849 533 1955 578 me
1997 521 2213 578 autem
2317 511 2607 579 conditio
2626 512 2683 579 si
2717 510 2909 579 modo
2951 513 3115 580 recti
3158 533 3381 580 amore
3425 512 3830 593 duceremur,
3874 519 3944 580 et
3983 514 4054 579 in
4206 514 4260 565 '-

288 606 666 675 incolumem
719 600 1043 678 dimisisti,
1109 607 1186 664 tu
1221 619 1327 662 me
1364 597 1556 663 hodie
1592 597 1822 663 multis
1867 597 2216 664 benefactis
2320 608 2523 664 tatem
2547 619 2703 683 prae
2726 598 2915 665 nobis
2957 598 3249 682 aliquam
3290 601 3634 678 ferremus,
3678 601 3872 667 modo
3919 620 4077 666 vero

734 689 841 753 Ex
899 685 1133 769 quibus
1191 683 1412 750 verbis
1454 683 1723 769 colligas
1767 685 2035 749 Saulem
2081 705 2214 749 non
2317 683 2448 750 boli
2506 683 2737 750 fraude
2793 686 3151 751 transversi
3196 706 3560 771 ageremur,
3615 695 3683 751 et
3724 706 3765 751 a
3808 695 3988 752 recta
4028 687 4264 752 semita

287 691 644 846 3313ss
664 792 1056 840 conversum
1096 770 1316 850 fuisse,
1361 781 1425 835 et
1470 769 1627 835 facti
1670 769 1773 836 sui
1818 770 2220 853 poenitentia

289 866 562 939 ductum,
607 860 722 926 sed
745 859 944 924 etiam
981 854 1173 923 valde
1217 855 1618 940 religiosum,
1663 862 1732 920 et
1774 854 1988 921 studio
2026 874 2217 922 verae

286 948 714 1035 poenitentiae
764 944 1014 1021 ardere,
1072 952 1266 1024 atque
1302 941 1482 1006 intus
1525 941 1596 1005 in
1639 941 1859 1006 animo
1902 941 2075 1007 affici
2119 941 2221 1005 in·

288 1037 446 1102 iuria
510 1053 709 1116 quam
761 1028 1007 1095 Davidi
1066 1027 1416 1106 intulerat,
1490 1047 1693 1109 quum
1752 1047 1823 1092 se
1880 1047 1958 1091 eo
2015 1048 2218 1111 usque

290 1119 565 1187 demittit
615 1131 682 1183 et
723 1118 972 1199 regiam
1019 1113 1404 1197 dignitatem
1449 1110 1925 1195 quodammodo
1969 1112 2219 1180 Davidi

288 1206 558 1287 subiicit,
600 1204 793 1287 longe
830 1199 1165 1266 dissimilis
1208 1199 1290 1263 iis
1334 1200 1444 1281 qui
1490 1210 1747 1263 tantum
1792 1220 1876 1264 ex
1921 1209 2107 1281 parte
2151 1208 2220 1264 et

285 1314 390 1359 ore
447 1301 711 1375 peccata
762 1289 1090 1363 fatentur,
1164 1293 1230 1349 et
1284 1286 1353 1348 in
1416 1294 1678 1367 pectore
1735 1282 1915 1349 aliud
1973 1285 2215 1351 fovent.

286 1378 643 1444 Videbatur
702 1373 877 1440 enim
926 1371 1088 1439 Saul
1144 1373 1335 1454 posse
1378 1369 1697 1435 adversus
1738 1368 2057 1435 Davidem
2103 1392 2219 1435 ex·

284 1466 524 1548 cipere:
570 1463 748 1540 Esto,
792 1479 899 1523 me
921 1456 1314 1522 incolumem
1353 1453 1622 1533 dimisit,
1668 1453 1781 1523 sed
1829 1455 2216 1541 dignitatem

283 1570 488 1615 meam
549 1546 871 1613 reveritus
924 1563 1116 1628 quam
1177 1542 1424 1606 sciebat
1480 1562 1550 1607 se
1608 1542 1663 1607 si
1723 1541 2029 1608 violasset
2086 1563 2217 1607 non

283 1638 544 1719 impune
580 1633 890 1698 laturum.
955 1629 1077 1692 Vel
1123 1627 1440 1710 potuisset
1483 1625 1701 1692 verbis
1744 1628 1985 1711 populo
2029 1628 2220 1693 satis·

283 1721 511 1805 facere,
574 1730 644 1785 et
698 1736 885 1784 suam
944 1716 1367 1781 autoritatem
1428 1712 1598 1796 apud
1655 1714 1874 1798 ipsum
1919 1713 2219 1793 retinere,

254 1805 693 1873 dissimulata
723 1813 940 1868 tamen
987 1799 1251 1876 iniuria,
1298 1819 1492 1881 quam
1540 1800 1872 1878 intulerat,
1913 1809 1981 1865 et
2024 1799 2219 1865 bene-

283 1896 438 1959 ficiis
492 1911 661 1976 quae
718 1896 1057 1970 acceperat
1112 1893 1188 1950 ut
1241 1884 1454 1949 solent
1511 1905 1699 1967 reges
1758 1906 1834 1951 ac
1890 1885 2221 1969 principes

285 1977 692 2045 dissimulare
758 1974 1072 2038 beneficia
1135 1990 1300 2052 quae
1364 1981 1757 2053 acceperunt
1816 1992 1857 2036 a
1921 1971 2218 2048 subditis,

288 2065 448 2149 quod
484 2062 732 2148 pudeat
777 2062 951 2144 ipsos
993 2056 1312 2136 confiteri,
1360 2055 1512 2122 licet
1556 2067 1913 2140 agnoscant
1957 2055 2221 2139 quidem

284 2152 563 2234 aliquem
608 2147 814 2213 fidum
859 2142 1214 2224 subditum,
1270 2138 1385 2207 sed
1429 2155 1647 2208 tamen
1692 2142 1907 2207 nolint
1950 2143 2140 2207 fateri
2184 2161 2225 2205 a

282 2258 350 2304 se
391 2235 636 2301 iniuria
680 2233 1007 2298 affectum.
1053 2225 1189 2293 Sed
1232 2237 1461 2293 contra
1501 2226 1670 2293 Saul
1717 2228 1824 2295 hic
1868 2237 2111 2309 aperte,
2157 2238 2225 2293 et

283 2323 601 2409 ingenue,
662 2340 790 2384 non
850 2324 1109 2380 tantum
1168 2313 1443 2378 iniurias
1501 2332 1544 2378 a
1599 2334 1670 2378 se
1713 2313 1962 2380 Davidi
2016 2314 2223 2379 factas

280 2409 643 2483 confitetur,
689 2403 803 2469 sed
830 2404 1030 2466 etiam
1065 2399 1401 2465 benefacta
1443 2400 1525 2464 ab
1570 2400 1710 2481 ipso
1753 2399 1826 2464 in
1871 2419 1942 2464 se
1986 2399 2225 2465 collata

281 2494 597 2579 agnoscit,
657 2502 725 2555 et
778 2487 1091 2555 adversus
1146 2506 1217 2550 se
1258 2487 1477 2568 ipsum
1520 2487 1912 2551 sententiam
1958 2486 2222 2569 profert,

280 2580 575 2662 nihilque
632 2594 862 2642 eorum
916 2571 1325 2638 obliviscitur
1369 2592 1535 2654 quae
1580 2570 1663 2637 ad
1708 2570 1989 2637 Davidis
2031 2571 2222 2636 inno·

280 2667 565 2731 centiam
621 2661 956 2727 faciebant.
1046 2656 1226 2738 Quin
1273 2655 1473 2721 etiam
1520 2660 1647 2741 ipsi
1693 2657 1856 2722 bene
1900 2667 2223 2740 precatur,

280 2763 356 2816 ut
398 2751 580 2817 dicas
620 2747 791 2813 nihil
836 2746 908 2810 in
944 2743 1145 2809 Saule
1189 2744 1435 2825 requiri
1483 2744 1566 2808 ad
1614 2763 1837 2808 veram
1882 2744 2221 2826 poeniten-

279 2837 456 2916 tiam,
519 2845 591 2901 et
635 2831 808 2918 quod
851 2830 1060 2913 magis
1105 2838 1208 2895 est
1252 2829 1379 2894 Dei
1423 2831 1629 2913 ipsius
1672 2829 1909 2912 spiritu
1952 2851 2004 2895 s.
2052 2828 2220 2910 regi:

282 2945 429 2988 nam
488 2940 616 3006 pro
672 2940 747 2984 eo
806 2913 981 2999 quod
1027 2923 1226 2980 antea
1267 2913 1433 2979 nihil
1479 2916 1605 2980 nisi
1649 2914 1996 2980 maledicta
2039 2914 2222 2999 inge-

281 3009 608 3091 minabat,
673 3014 738 3070 et
807 3021 1079 3066 suorum
1148 3001 1467 3067 adversus
1518 2999 1842 3065 Davidem
1909 3020 2096 3083 opem
2156 3010 2225 3065 et

279 3094 604 3161 auxilium
665 3086 1091 3172 implorabat,
1158 3106 1334 3151 nunc
1391 3087 1557 3151 bene
1619 3085 1862 3152 Davidi
1921 3093 2223 3169 precatus

278 3180 494 3246 Deum
544 3189 707 3253 orat,
755 3185 827 3240 ut
870 3172 1191 3238 beneficia
1233 3193 1400 3255 quae
1446 3193 1484 3237 a
1521 3172 1777 3237 Davide
1820 3173 2066 3255 accepit
2108 3192 2221 3238 cu-

279 3265 530 3331 mulate
574 3264 701 3346 ipsi
744 3259 994 3324 reddat.
1048 3256 1235 3337 Quae
1278 3258 1500 3323 omnia
1544 3255 1750 3323 bonae
1795 3260 2034 3324 mentis
2076 3278 2221 3340 spe-

277 3353 443 3419 ciem
503 3349 770 3434 quidem
838 3344 1114 3409 habent:
1178 3352 1255 3410 ut
1309 3343 1504 3408 multi
1561 3343 1779 3409 solent
1834 3344 2221 3426 quibusdam

280 3438 486 3522 signis
524 3436 820 3500 externis
857 3431 1169 3513 pietatem
1192 3430 1537 3495 simulare:
1583 3429 1695 3494 sed
1732 3439 1976 3508 tamen,
2019 3449 2219 3511 quum

281 3525 464 3588 nulla
522 3523 613 3587 sit
662 3517 1155 3602 perseverantia
1198 3536 1408 3597 neque
1449 3515 1836 3592 constantia,
1895 3536 2029 3579 non
2073 3532 2221 3597 pos-

280 3617 436 3674 sunt
490 3604 723 3671 haberi
776 3624 893 3687 pro
949 3622 1107 3667 vera
1164 3601 1601 3685 poenitentia,
1661 3609 1727 3665 et
1782 3600 1934 3666 licet
1976 3599 2223 3666 multae

277 3696 411 3760 sint
445 3695 798 3778 lacrymae,
845 3687 1164 3770 multique
1200 3689 1483 3772 gemitus
1527 3687 1638 3769 qui
1682 3695 1906 3751 tamen
1950 3686 2078 3751 nisi
2123 3686 2220 3753 vi·

277 3801 393 3846 vae
450 3780 637 3845 illius
695 3775 930 3840 radicis
983 3773 1240 3838 fructus
1298 3781 1645 3855 appareat,
1715 3771 1888 3836 irriti
1943 3783 2100 3837 sunt
2156 3782 2223 3837 et

275 3867 519 3931 inanes,
568 3859 1012 3945 Quamobrem
1051 3860 1224 3924 serio
1264 3860 1342 3924 de
1379 3858 1564 3924 nobis
1609 3877 1753 3922 esse
1797 3856 2220 3940 cogitandum

274 3950 537 4031 discite3
615 3959 681 4014 et
746 3946 1032 4012 dandam
1091 3965 1356 4026 operam
1414 3955 1491 4008 ut
1544 3945 1817 4027 quisque
1875 3964 1946 4008 se
2001 3944 2218 4027 ipsum

275 4048 654 4119 suspectum
707 4032 967 4112 habeat,
1026 4052 1109 4095 ne
1153 4030 1209 4094 si
1256 4030 1474 4112 aliquo
1517 4050 1742 4094 morsu
1786 4029 2220 4094 conscientiae

275 4133 663 4208 tangamur,
720 4128 789 4183 et
847 4118 1066 4200 aliqua
1129 4115 1396 4181 tristitia
1452 4115 1850 4190 afficiamur,
1911 4126 2218 4196 putemus

273 4229 394 4274 nos
453 4208 538 4273 ad
599 4204 952 4289 perfectam
996 4201 1488 4267 conversionem
1531 4201 1943 4284 pervenisse:
2003 4199 2116 4265 sed
2163 4202 2218 4265 si

271 4316 401 4379 qua
444 4296 518 4358 in
563 4291 755 4357 nobis
799 4288 1089 4355 scintilla
1132 4287 1328 4352 fuerit
1372 4287 1816 4353 conversionis
1860 4284 2066 4350 aDeo
2104 4307 2216 4351 ex·

271 4381 508 4459 citata,
570 4380 788 4462 ignem
850 4374 1041 4439 illum
1099 4373 1362 4439 accendi
1416 4373 1840 4456 postulemus,
1899 4382 1965 4435 et
2007 4372 2218 4456 magis

273 4487 349 4532 ac
390 4466 611 4549 magis
655 4470 919 4546 peccata
963 4470 1188 4524 nostra
1228 4456 1756 4532 condemnemus,
1815 4466 1884 4522 et
1923 4468 2219 4540 peccato-

269 4574 420 4618 rum
476 4557 852 4616 nostrorum
897 4545 1158 4611 veniam
1203 4543 1661 4627 deprecemur:
1723 4544 2069 4626 Deumque
2112 4564 2219 4608 ar-

275 4637 684 4703 dentioribus
704 4633 878 4700 votis
901 4632 1317 4710 solicitemus,
1362 4640 1436 4696 ut
1470 4630 1659 4695 nobis
1693 4629 1911 4694 oculos
1947 4631 2217 4711 aperiat,

274 4731 346 4789 ut
381 4730 655 4807 peccata
676 4728 901 4785 nostra
944 4732 1014 4782 et
1057 4718 1354 4784 miserias
1398 4726 1844 4800 agnoscentes,
1888 4735 1967 4779 ea
2011 4715 2218 4781 disca·

184 4835 200 4848 ·
271 4830 421 4875 mus
479 4808 731 4888 odisse,
787 4806 919 4869 imo
978 4812 1046 4868 et
1104 4824 1219 4868 nos
1281 4804 1490 4886 ipsos,
1552 4802 1757 4867 donec
1814 4821 2043 4867 verum
2090 4801 2222 4868 Dei

275 4896 584 4960 timorem
643 4894 714 4957 in
759 4890 1002 4955 nostris
1044 4889 1348 4954 cordibus
1391 4889 1796 4970 insculptum
1841 4888 2219 4969 sentiamus,

272 4982 464 5048 cuius
508 4981 580 5045 vi
631 4989 699 5043 et
740 4977 1028 5043 efficacia
1069 4976 1143 5038 in
1180 4974 1415 5039 melius
1460 4972 1746 5056 quotidie
1791 4974 2222 5057 proficiamus,

272 5066 438 5132 adeo
457 5063 727 5149 quidem
770 5075 846 5127 ut
887 5062 944 5127 si
978 5081 1106 5144 qua
1150 5082 1268 5125 nos
1310 5060 1576 5125 afflictio
1621 5059 2003 5140 exercuerit,
2049 5081 2222 5125 nun·

275 5173 476 5236 quam
554 5150 1004 5234 desperemus,
1073 5154 1139 5209 et
1211 5146 1580 5229 quicunque
1645 5166 1838 5210 casus
1895 5144 2220 5223 ceciderit,

271 5256 625 5321 nunquam
647 5233 1048 5299 vacillemus.
1094 5231 1264 5297 Nam
1289 5252 1483 5313 quam
1510 5233 1748 5296 misera
1783 5241 1957 5295 esset
1996 5243 2221 5297 nostra

473 5336 700 5394 Caluini
728 5350 919 5406 opera.
991 5332 1117 5390 Vol.
1141 5331 1340 5389 XXX.

4167 602 4261 666 ia·

2321 768 2823 850 deduceremur,
2881 780 2951 836 et
3006 779 3321 855 tanquam
3376 771 3617 838 iniecta
3675 771 3741 838 in
3802 792 3995 838 nares
4060 772 4264 839 fibula

2320 855 2766 934 traheremur,
2824 854 2994 940 quod
3054 857 3341 941 profecto
3398 859 3806 942 contingeret
3862 857 3921 925 si
3963 859 4261 925 conversi

2320 942 2403 1008 ad
2448 943 2668 1007 Deum
2726 943 2799 1007 in
2855 942 3116 1026 incepto
3161 965 3286 1009 non
3334 963 3925 1026 perseveraremus.
4010 943 4262 1025 Quam-

2320 1027 2544 1094 obrem
2600 1029 2672 1094 in
2724 1026 2926 1094 Saule
2996 1039 3330 1112 tamquam
3390 1029 3458 1094 in
3512 1028 3775 1112 speculo
3832 1051 3951 1096 nos
4005 1037 4263 1114 oportet

2320 1114 2561 1180 intueri
2620 1121 2865 1197 quanta
2917 1114 3005 1179 sit
3048 1115 3118 1179 in
3164 1113 3538 1180 hominibus
3582 1115 3970 1199 hypocrisis,
4015 1123 4264 1198 quanta

2321 1199 2651 1278 vitiorum,
2692 1212 2938 1283 quanta
2980 1198 3514 1283 blasphemarum
3557 1222 3813 1278 vocum,
3868 1210 4114 1284 quanta
4157 1200 4264 1266 de-

2322 1286 2519 1369 nique
2563 1285 2982 1351 affectionum
3026 1285 3468 1351 humanarum
3517 1286 3636 1366 vis,
3681 1297 3758 1352 ut
3802 1308 3878 1352 eo
3922 1285 4265 1354 ardentius

2323 1370 2539 1436 Deum
2600 1372 2849 1453 precari
2909 1371 3252 1450 discamus,
3312 1379 3390 1436 ut
3447 1391 3566 1438 nos
3610 1372 3791 1437 omni
3835 1373 4040 1437 animi
4083 1392 4266 1438 arro·

2323 1459 2548 1542 gantia
2580 1468 2799 1536 exuat,
2843 1466 2910 1522 et
2953 1457 3193 1523 bonam
3235 1467 3527 1522 mentem
3571 1456 3894 1543 largiatur
3936 1478 4103 1541 quae
4147 1478 4267 1523 nos

2322 1563 2541 1610 coram
2589 1543 2732 1607 Deo
2775 1543 2919 1609 sine
2959 1542 3113 1608 fuco
3154 1542 3491 1609 ambulare
3537 1542 3782 1610 doceat.

2496 1628 2846 1696 Caeterum
2882 1630 3004 1693 etsi
3044 1628 3267 1693 Saulis
3309 1630 3440 1694 ista
3483 1629 3804 1695 confessio
3850 1627 4112 1697 videtur
4154 1629 4268 1696 ho-

2323 1713 2576 1779 minum
2622 1715 2927 1797 opinione
2970 1713 3298 1780 Davidem
3342 1713 3509 1779 nihil
3554 1715 3820 1797 iuvisse,
3862 1736 3997 1780 non
4040 1724 4265 1782 tamen

2322 1799 2605 1866 omnino‘
2652 1799 2778 1864 fuit
2835 1799 3107 1866 inutilis.
3195 1800 3366 1865 Nam
3430 1807 3568 1866 esto
3614 1799 3839 1867 David
3890 1799 4141 1866 nullam
4188 1823 4271 1866 ex

2324 1906 2400 1950 ea
2441 1886 2809 1969 perceperit
2850 1886 3221 1965 utilitatem,
3266 1885 3476 1952 voluit
3520 1897 3740 1952 tamen
3776 1887 3963 1952 Deus
3995 1885 4272 1953 Saulem

2323 1993 2400 2037 ea
2421 1971 2823 2038 confessione
2844 1971 3283 2051 condemnari,
3328 1979 3394 2036 et
3428 1973 3635 2055 ipsius
3670 1992 3784 2038 ore
3827 1993 3902 2038 ac
3944 1974 4273 2038 sententia

2323 2058 2601 2207 gravius
2656 2055 2972 2123 iudicium
3029 2057 3095 2122 in
3140 2057 3343 2141 ipsius
3386 2066 3604 2142 caput,
3649 2067 3987 2141 tamquam
4031 2058 4271 2143 fulgur,

2371 2143 2632 2208 erivari.
2679 2143 2874 2208 Hanc
2917 2144 2999 2209 ob
3045 2163 3304 2209 causam
3342 2143 3590 2209 Paulus
3635 2144 4036 2210 sententiam
4081 2144 4269 2211 Salo·

2325 2229 2539 2293 monis
2612 2228 2913 2307 adducit,
2974 2250 3211 2312 nempe
3268 2229 3572 2296 hostibus
3626 2230 4139 2308 benefacientes,
4204 2239 4271 2295 et

2327 2315 2575 2380 malum
2630 2315 2800 2380 bono
2858 2321 3374 2398 compensantes,
3433 2315 3752 2381 carbones
3795 2315 3970 2399 ignis
4013 2335 4271 2382 coacer-

2329 2421 2482 2466 vare
2554 2401 2625 2464 in
2685 2401 2976 2484 ipsorum
3036 2402 3273 2485 capita.
3375 2399 3548 2465 Nam
3607 2401 3752 2467 istis
3806 2400 4025 2466 verbis
4084 2400 4271 2468 docet

2328 2485 2662 2570 apostolus
2705 2487 2927 2552 hostes
2984 2483 3313 2553 beneflciis
3371 2496 3485 2551 aut
3528 2485 3762 2553 adduci
3806 2486 3888 2552 ad
3933 2486 4270 2553 meliorem

2327 2581 2635 2650 mentem,
2696 2581 2764 2638 et
2819 2571 3298 2655 quodammodo
3354 2572 3578 2653 leniri,
3632 2572 3745 2656 qui
3804 2579 3999 2637 antea
4054 2574 4271 2638 furere

2328 2658 2729 2738 viderentur,
2789 2669 2903 2723 aut
2960 2657 3170 2741 magis
3224 2656 3554 2742 indurari,
3613 2657 3760 2723 Deo
3816 2658 3992 2741 ipsos
4048 2679 4274 2725 excae-

2326 2752 2537 2822 cante,
2598 2754 2665 2810 et
2707 2744 3088 2811 confusione
3132 2742 3381 2808 maiore
3422 2743 3447 2807 i
3495 2765 3601 2810 sos
3646 2743 3998 2809 abruente:
4045 2763 4271 2827 quem-

2327 2828 2678 2896 admodum
2723 2828 2910 2896 Sauli
2970 2828 3322 2912 contigisse
3367 2830 3435 2893 vi
3485 2850 3668 2895 emus
3712 2829 3932 2894 Deum
3977 2829 4271 2912 precanti

2327 2924 2404 2981 ut
2425 2914 2674 2982 Davidi
2712 2912 2941 2981 reddat
2974 2914 3288 2981 beneficia
3331 2915 3563 2997 quibus
3606 2935 3678 2980 se
3723 2915 4052 2981 affecerat.
4095 2916 4272 2981 Nam

2327 3022 2487 3068 sane
2548 3000 2818 3067 dubium
2873 3020 3007 3064 non
3052 3012 3152 3066 est
3194 3000 3355 3083 quin
3404 2999 3621 3065 Deum
3668 2999 3951 3066 iudicem
3994 3000 4118 3065 sibi
4161 3010 4269 3066 tu-

2326 3087 2479 3153 lerit
2534 3088 2603 3152 in
2662 3085 2942 3152 Davidis
2999 3106 3212 3164 causa,
3273 3094 3339 3151 et
3397 3106 3467 3150 se
3526 3086 3733 3152 veluti
3787 3085 4083 3169 spoliarit
4139 3084 4270 3152 Dei

2326 3172 2777 3239 misericordia
2830 3179 2897 3237 et
2938 3172 3199 3257 favore,
3260 3181 3331 3237 ut
3376 3169 3622 3237 Davidi
3677 3192 3860 3254 spem
3902 3170 4091 3253 regni
4137 3181 4270 3237 tra-

2328 3260 2534 3338 deret,
2579 3280 2639 3341 q.
2688 3258 2746 3322 d.
2792 3256 2978 3323 Deus
3022 3258 3186 3322 mihi
3230 3277 3569 3340 nunqnam
3614 3266 3861 3341 parcat,
3930 3278 4268 3341 nunquam

2327 3346 2413 3409 sit
2454 3345 2791 3429 propitius,
2847 3365 2956 3409 me
3001 3341 3305 3409 omnibus
3359 3342 3720 3410 maledictis
3763 3351 4099 3426 tamquam
4142 3343 4269 3408 ful-

2325 3452 2490 3518 gure
2546 3431 2762 3508 feriat,
2819 3439 2888 3520 et
2929 3429 3254 3495 Davidem
3311 3437 3543 3494 contra
3597 3448 3716 3494 suo
3774 3428 3962 3495 iuvet
4018 3429 4270 3495 auxilio

2328 3526 2395 3581 et
2451 3516 2901 3601 integritatem
2943 3515 3151 3598 ipsius
3196 3525 3509 3598 perpetuo
3556 3521 3836 3580 tueatur.
3896 3513 4091 3580 Hanc
4134 3515 4270 3582 vim

2327 3599 2704 3667 habuerunt
2745 3600 2860 3666 illa
2904 3600 3126 3667 Saulis
3169 3601 3393 3684 verba,
3437 3599 3675 3682 quibus
3722 3599 3849 3665 sibi
3894 3600 4020 3683 ipsi
4049 3598 4271 3666 Deum

2326 3687 2608 3754 iudicem
2668 3686 2842 3767 tulit,
2900 3696 2969 3751 et
3027 3697 3336 3771 tanquam
3385 3685 3837 3751 adversarium
3884 3686 4007 3751 sibi
4052 3688 4108 3752 si
4153 3686 4274 3752 fal-

2326 3773 2492 3839 leret
2534 3774 2886 3839 constituit.
2933 3772 3112 3838 Hinc
3135 3773 3459 3837 discamus
3493 3771 3709 3836 Deum
3756 3773 4082 3856 precaturi
4127 3773 4271 3840 sive

2326 3880 2444 3943 pro
2489 3859 2789 3938 inimicis,
2835 3858 2977 3924 sive
3022 3878 3138 3941 pro
3180 3858 3263 3923 iis
3308 3879 3348 3922 a
3390 3858 3625 3941 quibus
3669 3856 4002 3923 beneficiis
4046 3857 4263 3926 affecti

2324 3946 2659 4023 fuerimus,
2719 3964 2955 4011 cavere
2996 3966 3080 4010 ne
3124 3943 3472 4009 adversum
3518 3964 3637 4008 nos
3681 3944 3858 4027 ipsos
3900 3965 4263 4028 precemur.

2324 4029 2406 4095 Id
2438 4040 2558 4109 est,
2597 4030 2824 4097 demus
2859 4050 3117 4095 omnem
3143 4049 3430 4113 operam,
3473 4037 3550 4095 ut
3591 4049 3668 4095 ea
3711 4031 3914 4094 animi
3959 4050 4262 4096 mansue-

2325 4117 2573 4194 tudine,
2639 4137 2717 4182 ea
2778 4116 3129 4199 patientia,
3195 4136 3272 4180 ea
3329 4117 3685 4200 aequitate,
3750 4136 3830 4180 ea
3884 4115 4263 4199 integritate

2323 4223 2543 4268 coram
2602 4203 2743 4284 ipso
2801 4200 3230 4278 ambulemus,
3289 4210 3355 4266 et
3397 4221 3547 4269 cum
3583 4200 3900 4285 proximis
3947 4201 4263 4285 vivamus,

2322 4309 2406 4353 ne
2441 4287 2659 4371 ipsum
2695 4286 2778 4351 ad
2821 4288 3250 4367 iracundiam,
3293 4287 3418 4353 hoc
3463 4287 3564 4352 vel
3611 4286 3722 4351 illo
3766 4285 4021 4351 iniuriis
4061 4285 4261 4354 laces-

2323 4375 2466 4453 sit0,
2520 4393 2965 4456 provocemus.
3054 4371 3239 4438 Deus
3282 4373 3461 4438 enim
3507 4393 3767 4456 semper
3810 4372 4264 4439 innocentium

2323 4479 2590 4525 causam
2648 4469 2903 4538 tuetur,
2962 4467 3031 4523 et
3087 4460 3361 4526 afflictos
3420 4459 3722 4543 protegit.
3811 4457 4260 4539 Quamobrem

2322 4545 2546 4610 Deum
2601 4543 3016 4611 invocaturos
3069 4556 3326 4629 oportet
3380 4565 3607 4610 omnes
3650 4543 4048 4624 inimicitias,
4095 4544 4262 4628 odia,

2323 4631 2586 4698 fraudes
2646 4639 2715 4696 et
2758 4651 2966 4696 noxas
3012 4629 3353 4716 deponere,
3399 4638 3467 4696 et
3510 4649 3749 4713 pravas
3793 4650 4021 4695 omnes
4064 4631 4261 4698 affec-

2326 4717 2535 4782 tiones
2600 4737 2868 4797 exuere,
2927 4727 3002 4782 ut
3058 4718 3186 4782 Dei
3233 4718 3523 4782 favorem
3575 4716 3647 4780 in
3706 4736 3823 4780 nos
3877 4715 4258 4787 sentiamus.

2323 4803 2492 4868 Nam
2540 4804 2619 4869 iis
2671 4803 2836 4868 solet
2857 4805 3040 4868 Deus
3093 4801 3490 4878 benefacere,
3535 4810 3602 4865 et
3643 4801 3708 4865 in
3751 4821 3939 4866 suam
3983 4803 4258 4869 tutelam

2323 4890 2614 4972 recipere
2653 4889 2766 4971 qui
2803 4889 3077 4954 iniurias
3115 4899 3409 4971 acceptas
3446 4888 3518 4950 in
3558 4884 3856 4951 hostibus
3890 4908 4021 4953 non
4068 4889 4262 4955 modo

2322 4995 2457 5040 non
2516 4986 3014 5058 persequuntur,
3058 4972 3170 5038 sed
3213 4993 3329 5056 pro
3372 4972 3630 5038 iniuriis
3673 4972 3986 5038 beneficia
4028 4995 4259 5058 repen-

2322 5061 2510 5141 dunt,
2572 5071 2638 5125 et
2695 5080 2922 5125 eorum
2985 5079 3147 5141 quos
3195 5060 3374 5123 Deus
3433 5055 3515 5121 ad
3574 5057 3858 5141 aliquem
3921 5056 4259 5143 dignitatis

2323 5147 2604 5232 gradum
2647 5147 2888 5225 evexit,
2933 5147 3344 5210 autoritatem
3389 5142 3771 5209 inviolatam
3818 5145 4124 5212 retinent.

2488 5232 2634 5297 Iam
2682 5252 2840 5298 vero
2884 5231 3077 5315 agite,
3122 5234 3225 5297 etc.
