5059 6059
896 323 1024 389 287

888 509 1330 578 occasionibus
1373 507 1455 572 ad
1493 510 1806 574 ultionem
1839 510 2151 579 irritaret.
2195 511 2322 573 Dei
2349 519 2567 574 tamen
2593 511 2822 573 timore

893 611 961 661 et
1015 596 1219 695 ipsius
1283 594 1494 659 cultus
1537 614 1756 659 amore
1800 605 2077 672 tenetur,
2145 606 2210 659 et
2254 595 2429 659 intra
2471 596 2824 678 patientiae

893 682 1204 746 terminos
1247 681 1584 745 retinetur.
1673 679 1814 744 Nae
1851 678 2070 746 Saulis
2107 680 2506 763 ingratitudo
2544 681 2823 745 nimium

890 779 1028 832 erat
1085 766 1314 848 turpis,
1378 781 1437 830 et
1503 767 1736 830 merito
1780 775 2035 848 poterat
2082 764 2317 844 David,
2376 765 2499 831 sibi
2549 767 2822 831 nimium

889 852 1067 917 inuri
1126 851 1404 917 dedecus
1449 860 1517 915 et
1557 850 1976 927 intolerabile,
2038 852 2256 915 verbis
2301 853 2439 917 istis
2484 863 2599 915 aut
2642 853 2820 916 simi·

890 937 1059 1002 libus
1118 938 1444 1018 conqueri.
1532 937 1728 1002 Mene
1789 957 1942 1000 vero
2000 947 2133 1001 tam
2194 936 2486 1021 indignis
2534 938 2741 1002 modis
2786 957 2826 1002 a

890 1022 1095 1090 Saule
1137 1024 1369 1106 excipi,
1424 1035 1676 1087 tantum
1724 1021 2001 1087 dedecus
2044 1042 2166 1105 ego
2212 1022 2510 1105 paterer?
2601 1022 2823 1104 Quare

887 1110 1093 1174 filiam
1155 1106 1498 1191 despondit
1557 1121 1629 1172 ut
1671 1128 1746 1172 ea
1789 1129 1894 1172 me
1941 1109 2221 1190 turpiter
2265 1108 2641 1174 fraudaret?
2704 1131 2823 1189 ego

891 1199 1064 1279 regis
1122 1195 1352 1259 filiam
1382 1215 1593 1277 neque
1652 1196 1953 1277 prensavi
2016 1215 2222 1277 neque
2269 1196 2454 1277 petii:
2513 1216 2634 1279 ego
2677 1216 2820 1260 sum

890 1294 1163 1364 paratus
1218 1280 1297 1344 ad
1358 1279 1615 1344 stabula
1672 1282 1888 1345 ovium
1946 1281 2152 1363 patris
2211 1281 2336 1344 mei
2399 1280 2629 1353 redire
2686 1282 2824 1345 vita

890 1368 1051 1431 mihi
1111 1365 1364 1448 privata
1424 1366 1666 1448 placet:
1726 1386 1924 1448 quare
1983 1385 2140 1450 ergo
2199 1366 2308 1429 ille
2365 1387 2466 1431 me
2512 1366 2822 1433 dedecore

890 1453 1215 1529 affectum,
1253 1449 1591 1515 ridendum
1630 1450 1932 1515 omnibus
1972 1450 2316 1534 propinat?
2361 1472 2562 1532 quare
2584 1453 2821 1536 populo

890 1535 1156 1620 praebet
1211 1538 1608 1602 occasionem
1669 1558 1815 1602 cum
1878 1538 2014 1600 risu
2076 1537 2446 1619 quaerendi,
2505 1538 2822 1620 quomodo

888 1624 998 1688 illc
1058 1644 1258 1707 gener
1303 1625 1476 1707 regis
1521 1623 1844 1706 repulsam
1893 1644 2123 1705 passus
2166 1622 2309 1687 est?
2400 1624 2577 1688 Sane
2620 1646 2818 1707 quum

888 1709 1029 1775 istis
1073 1708 1376 1773 omnibus
1427 1708 1639 1772 David
1686 1707 1989 1787 abstinet,
2034 1720 2098 1772 et
2133 1708 2260 1772 ista
2297 1730 2424 1773 non
2462 1728 2821 1776 commotus

886 1795 1126 1859 iniuria
1175 1792 1598 1858 nihilominus
1643 1797 1855 1878 pergit
1899 1796 1965 1857 in
2016 1794 2139 1859 Dei
2185 1795 2541 1871 vocatione,
2587 1810 2655 1861 et
2690 1817 2817 1860 non

888 1880 1127 1945 desinit
1173 1878 1355 1946 Sauli
1404 1893 1538 1944 tam
1583 1882 1859 1962 ingrato,
1908 1889 2040 1943 tam
2089 1880 2333 1961 perfido
2381 1880 2636 1945 fidelem
2671 1903 2821 1965 ope·

884 1985 1024 2030 ram
1089 1986 1350 2037 navare,
1411 1967 1570 2031 satis
1626 1986 1950 2048 superque
1997 1974 2272 2029 testatur
2317 1987 2385 2029 se
2431 1969 2820 2050 principium

889 2051 1052 2116 illud
1100 2051 1485 2134 cognovisse
1531 2052 1610 2115 de
1655 2072 1781 2133 quo
1830 2073 2059 2134 parum
2107 2053 2492 2135 cogitamus,
2540 2065 2603 2116 et
2648 2052 2820 2136 quod

886 2153 1107 2201 tamen
1153 2139 1489 2201 obversari
1533 2137 1737 2203 oculis
1777 2150 2099 2219 oporteret
2137 2136 2416 2221 singulis
2455 2142 2819 2217 momentis,

886 2244 1119 2304 nempe
1182 2244 1303 2287 nos
1367 2223 1567 2286 etiam
1629 2222 1922 2287 hostibus
1984 2224 2217 2286 nostris
2278 2244 2417 2286 esso
2463 2222 2819 2304 devinctos,

885 2321 951 2372 et
1006 2310 1290 2375 officium
1353 2319 1645 2373 nostrum
1707 2329 1848 2372 esse
1909 2320 1981 2371 ut
2026 2307 2092 2371 in
2139 2309 2474 2374 vocatione
2519 2331 2821 2392 perseve-

888 2416 1126 2473 remus,
1189 2394 1310 2458 etsi
1379 2415 1494 2460 nos
1560 2394 1655 2458 illi
1723 2394 1946 2458 multis
2013 2394 2219 2457 modis
2285 2394 2625 2470 lacessant,
2696 2417 2821 2478 quo

893 2481 1074 2544 Deus
1133 2500 1252 2545 nos
1295 2501 1444 2545 cum
1489 2480 1618 2545 illis
1662 2480 1909 2544 versari
1956 2480 2139 2560 velit,
2204 2492 2270 2545 et
2313 2501 2502 2562 quam
2551 2482 2822 2564 quisque

890 2567 1289 2630 vocationem
1337 2566 1583 2649 accepit
1624 2586 1942 2631 exercere.

1063 2651 1152 2715 Et
1208 2651 1531 2716 hactenus
1586 2649 1665 2714 de
1727 2651 1981 2716 Davide
2025 2650 2270 2716 dictum
2316 2665 2456 2717 esto
2503 2652 2601 2716 bis
2645 2652 2818 2717 frau-

892 2737 1062 2813 dato,
1130 2748 1197 2800 et
1255 2748 1472 2801 tamen
1534 2737 1834 2801 iniuriam
1881 2734 2329 2801 dissimulante
2373 2738 2822 2821 patienterque

890 2823 1177 2887 ferente:
1223 2822 1446 2887 Saulis
1490 2843 1643 2887 vero
1686 2824 1925 2887 factum
1964 2822 2425 2904 expendamus,
2469 2844 2596 2906 quo
2633 2844 2818 2889 suam

890 2930 1016 2973 non
1059 2906 1249 2972 modo
1286 2907 1842 2991 ingratitudinem,
1879 2906 1992 2973 sed
2029 2928 2068 2970 a
2104 2921 2320 2972 mente
2356 2909 2819 2975 alienationem

888 2993 1196 3080 prodidit.
1286 2993 1455 3059 Nam
1516 2992 1685 3077 apud
1744 3014 1967 3058 omnes
2025 2993 2320 3059 homines
2377 3004 2634 3078 oportet
2674 3017 2821 3061 con·

889 3092 1136 3145 tractus
1172 3100 1313 3145 esse
1351 3083 1557 3145 bonae
1593 3079 1776 3144 fidei:
1821 3093 1888 3144 et
1910 3081 2127 3144 virum
2152 3080 2509 3164 principem
2535 3082 2822 3147 maxime

887 3165 1089 3244 decet,
1145 3164 1692 3266 quemadmodum
1749 3165 1894 3230 aliis
1948 3165 2265 3248 dignitate
2321 3176 2389 3231 et
2431 3167 2822 3232 excellentia

889 3250 1142 3335 praeire
1187 3250 1353 3330 vult,
1410 3252 1504 3318 sic
1549 3253 1746 3315 etiam
1793 3251 1860 3314 in
1906 3252 2133 3333 primis
2178 3251 2397 3315 datam
2443 3252 2640 3317 fidem
2684 3275 2820 3319 ser·

889 3358 1063 3402 vare.
1153 3336 1360 3401 Porro
1428 3337 1637 3420 qualis
1694 3347 2067 3402 contractus
2122 3353 2223 3401 est
2282 3337 2818 3403 matrimonium?

889 3422 1170 3507 Sapiens
1216 3421 1521 3489 Salomon
1570 3436 1758 3487 vocat
1799 3422 2092 3486 divinum
2137 3433 2538 3489 contractum
2585 3438 2647 3488 et
2697 3427 2822 3490 foe-

891 3508 1048 3573 dus:
1123 3523 1196 3572 ut
1263 3508 1486 3573 doceat
1549 3507 2013 3573 inviolabiliter
2075 3519 2374 3591 oportere
2417 3510 2687 3589 servari,
2753 3523 2822 3575 et

886 3594 1148 3676 quidem
1206 3597 1495 3660 sanctius
1556 3616 1748 3677 quam
1811 3596 2096 3677 reliquos
2150 3614 2376 3659 omues
2420 3606 2817 3661 contractus.

887 3681 978 3745 Et
1043 3693 1259 3743 tamen
1322 3679 1533 3746 nullos
1589 3680 1843 3745 facilius
1904 3681 2134 3764 frangi,
2207 3681 2589 3764 praesertim
2649 3682 2818 3747 inter

888 3767 1214 3848 principes
1253 3767 1426 3829 viros
1468 3777 1716 3830 certum
1753 3778 1873 3842 est,
1911 3766 2024 3829 sed
2063 3768 2129 3829 in
2167 3786 2490 3831 summam
2526 3769 2814 3850 ipsorum

893 3850 1524 3916 condemnationem.
1607 3851 2049 3916 Nihilominus
2087 3850 2305 3916 Saulis
2337 3852 2610 3936 perfidia
2633 3853 2818 3918 nobis

891 3938 998 4002 hic
1040 3938 1445 4020 proponitur,
1510 3957 1639 4019 qua
1679 3940 2063 4020 promissam
2108 3936 2349 4001 Davidi
2389 3938 2591 4003 filiam
2631 3960 2817 4004 snam

884 4022 1074 4087 alteri
1136 4035 1351 4087 tamen
1411 4023 1671 4105 repulso
1728 4022 1987 4088 Davide
2035 4021 2317 4093 tradidit,
2380 4037 2453 4088 ut
2494 4025 2817 4108 flagitium

882 4108 1045 4172 illud
1085 4120 1271 4171 tanto
1308 4110 1517 4191 magis
1552 4109 1914 4173 abominari
1956 4109 2298 4174 discamus.
2391 4110 2558 4175 Nam
2603 4130 2818 4174 nonne

882 4198 1022 4276 ipse
1083 4205 1269 4276 pater
1314 4194 1664 4259 videbatur
1694 4195 1896 4259 filiam
1935 4196 2208 4258 amatori
2248 4195 2529 4260 vendere
2566 4206 2631 4259 et
2666 4216 2818 4278 pro-

887 4281 1189 4346 stituere:
1238 4278 1758 4364 quandoquidem
1786 4279 2030 4344 Davidi
2056 4282 2370 4361 promissa
2395 4303 2526 4346 non
2565 4290 2819 4363 poterat

887 4366 1078 4431 alteri
1131 4365 1314 4430 dari?
1403 4366 1635 4449 Neque
1688 4367 1864 4430 enim
1912 4366 2146 4431 licebat
2189 4364 2372 4432 Sauli
2419 4367 2589 4449 quod
2636 4365 2818 4432 Deus

883 4452 1316 4517 coniunxerat·
1361 4452 1752 4517 dissolvere:
1798 4472 1999 4534 quare
2039 4452 2226 4516 alteri
2264 4451 2528 4516 tradens
2573 4450 2816 4517 Davidi

884 4536 1336 4619 desponsatam
1378 4537 1716 4602 videbatur
1750 4549 2060 4619 tanquam
2097 4539 2164 4602 in
2200 4557 2404 4621 ganeo
2431 4538 2818 4619 producere:

885 4622 1408 4704 quandoquidem
1453 4622 1578 4686 Dei
1624 4625 1926 4688 instituto
1973 4624 2206 4686 mulier
2250 4645 2382 4687 non
2427 4634 2643 4706 potest
2677 4644 2817 4688 esse

886 4711 1162 4772 duorum
1225 4711 1518 4772 virorum
1579 4729 1780 4773 uxor:
1848 4708 2388 4790 quemadmodum
2451 4730 2660 4790 neque
2716 4710 2818 4773 vir

887 4814 1059 4858 unus
1113 4794 1388 4858 duarum
1450 4793 1815 4858 mulierum.
1907 4793 2128 4875 Quare
2188 4794 2340 4861 hinc
2393 4805 2666 4876 apparet
2708 4817 2817 4861 eos

883 4881 995 4962 qui
1077 4882 1143 4942 in
1210 4881 1564 4944 rebellione
1626 4900 1746 4944 sua
1810 4879 2220 4955 indurantur,
2303 4894 2483 4945 tanto
2549 4890 2816 4962 stupore

885 4967 1071 5040 affici,
1119 4978 1192 5029 ut
1236 4968 1480 5030 malum
1528 4987 1567 5030 a
1604 4965 1770 5031 bono
1804 4967 2171 5031 discernere
2209 4977 2553 5065 nequeant,
2600 4966 2816 5048 parvi-

886 5069 1013 5132 que
1077 5052 1318 5116 faciant
1381 5051 1462 5115 de
1527 5074 1597 5116 se
1666 5053 2003 5117 hominum
2070 5053 2463 5135 opinionem,
2532 5064 2600 5115 et
2665 5050 2814 5116 licet

887 5134 1244 5202 maledictis
1302 5137 1653 5202 multorum
1701 5150 2022 5220 petantur,
2080 5139 2145 5201 id
2191 5139 2524 5221 negligere
2570 5148 2810 5209 tamen,

881 5221 1074 5286 modo
1129 5243 1334 5305 prava
1390 5245 1509 5288 sua
1551 5224 1820 5289 consilia
1863 5224 2220 5307 perducant
2263 5222 2347 5287 ad
2390 5225 2591 5289 finem
2633 5234 2810 5306 opta-

2496 320 2903 386 HOMILIA
2947 320 3272 386 LXVIII.
4694 326 4781 393 288

2927 518 3091 573 tum.
3178 509 3315 574 Nos
3373 531 3528 575 vero
3583 512 4023 583 observemus,
4079 529 4268 592 posse
4312 511 4572 593 quidem
4607 514 4672 576 ab
4706 514 4787 577 ho·

2925 593 3212 659 minibus
3279 596 3512 661 violari
3579 596 4104 660 matrimonium.
4171 594 4340 678 quod
4398 608 4609 661 tamen
4655 597 4788 664 Deus

2926 690 3026 745 est
3084 679 3560 759 vindicaturus,
3622 681 4145 764 quandoquidem
4205 681 4346 745 eius
4390 691 4575 747 autor
4610 692 4706 765 est,
4744 700 4791 750 et

2928 763 3188 842 vindex,
3242 786 3318 834 ac
3363 765 3637 851 proinde
3684 768 3828 832 vult
3868 787 4125 832 summa
4168 766 4295 832 fide
4336 767 4658 832 observari
4689 770 4790 832 sine

2926 851 3158 916 frande
3213 865 3280 916 et
3322 853 3503 917 dolo:
3563 850 3725 917 adeo
3770 864 3842 917 ut
3885 872 4014 917 non
4061 865 4317 917 tantum
4364 851 4679 918 hominum
4714 874 4793 919 sut

2926 958 3143 1002 rerum
3204 953 3591 1015 creatarum,
3654 939 3765 1003 sed
3806 940 4156 1021 praecipue
4200 939 4446 1021 gloriae
4492 950 4559 1003 et
4595 939 4794 1005 honoris

2926 1021 3055 1087 Dei
3103 1024 3421 1089 rationem
3459 1023 3835 1102 habeamus,
3881 1024 4049 1107 qnod
4087 1044 4312 1088 omnes
4348 1022 4496 1089 Deo
4533 1025 4796 1092 debemus.

3096 1107 3426 1208 Deinceps
3460 1110 3783 1194 sequitur:
3819 1074 4071 1176 ’nichol
4109 1110 4379 1175 alteram
4412 1108 4627 1177 Saulis
4647 1112 4797 1176 filiam

2927 1196 3247 1260 amavisse
3305 1194 3660 1260 Davidem.
3721 1192 4112 1277 Saulemque
4168 1217 4240 1260 re
4283 1196 4511 1260 audita
4553 1196 4799 1262 laetatum

2925 1300 3090 1355 esse,
3135 1292 3206 1343 ut
3251 1302 3485 1346 novam
3530 1282 3934 1347 occasionem
3980 1281 4245 1346 haberet
4289 1280 4613 1346 Davidem
4653 1284 4801 1346 iuter-

2925 1365 3203 1431 ficiendi.
3294 1368 3512 1431 Etiam
3593 1378 3748 1430 ante
3828 1378 4105 1431 mortem
4186 1366 4365 1431 illius
4428 1369 4801 1449 quaesiverat,

2927 1453 3244 1533 promissa
3302 1453 3456 1528 filia,
3530 1452 3643 1516 sed
3702 1452 3830 1516 alia
3885 1449 4162 1534 quadam
4224 1453 4484 1516 ratione
4544 1452 4804 1518 abductus

2927 1536 3114 1600 alteri
3173 1539 3373 1602 filiam
3435 1536 3885 1620 desponderat.
3975 1536 4194 1601 David
4238 1540 4508 1602 interim
4554 1540 4802 1603 iniuriam

2926 1621 3349 1688 dissimulans
3415 1624 3672 1706 quietus
3738 1634 3896 1700 erat,
3977 1637 4043 1685 et
4107 1625 4203 1688 ita
4269 1624 4477 1688 veluti
4545 1626 4805 1706 quaedam

2927 1729 3183 1772 remora
3217 1710 3455 1774 iniecta
3484 1722 3585 1773 est
3608 1708 3832 1775 Saulis
3857 1709 4148 1774 consiliis
4172 1710 4253 1774 de
4275 1709 4564 1775 tollendo
4590 1709 4806 1774 Davide.

2923 1793 3093 1858 Nam
3155 1795 3371 1859 animo
3430 1815 3546 1860 suo
3602 1796 4029 1860 constituerat
4083 1793 4246 1862 Saul
4308 1796 4496 1860 illum
4557 1795 4809 1879 perdere:

2925 1890 2990 1944 et
3033 1891 3253 1943 tamen
3311 1893 3567 1964 praeter
3606 1881 3974 1963 opinionem
4020 1882 4224 1964 ipsius
4269 1881 4465 1946 saluti
4514 1882 4809 1946 consuluit.

2927 1965 3014 2029 Et
3073 1964 3196 2032 hoc
3255 1986 3448 2048 saepe
3492 1988 3615 2032 usu
3660 1970 3844 2031 venit
3889 1976 3961 2030 ut
4003 1967 4277 2031 consilia
4318 1982 4386 2032 et
4428 1966 4687 2031 fraudes
4720 1967 4812 2030 im·

2926 2052 3273 2133 proborum
3321 2052 3656 2116 homiuum
3703 2053 3939 2135 quibus
3981 2067 4254 2117 mortem
4296 2052 4600 2117 fidelibus
4632 2073 4813 2136 procu·

2928 2137 3181 2212 rabant,
3227 2137 3293 2200 in
3333 2137 3619 2218 ipsorum
3661 2139 3897 2202 bonum
3939 2147 4007 2201 et
4041 2139 4316 2203 salutem
4354 2139 4612 2203 cedant.
4670 2139 4813 2202 Licet

2928 2221 3100 2287 istud
3147 2224 3217 2286 in
3266 2221 3484 2288 Saulis
3521 2223 3687 2288 facto
3723 2222 4173 2305 contemplari.
4264 2224 4430 2287 Nam
4472 2238 4617 2288 erat
4646 2223 4817 2288 oblata

2927 2329 3102 2372 nova
3165 2308 3407 2372 Davidi
3470 2330 3611 2373 sese
3672 2309 4029 2374 ulciscendi
4097 2308 4365 2384 occasio,
4432 2330 4636 2391 quum
4690 2309 4811 2374 Saul

2928 2394 3254 2477 ingratum
3317 2415 3506 2458 suum
3566 2394 3855 2458 animum
3901 2405 3966 2458 et
4011 2396 4323 2459 malitiam
4373 2395 4591 2478 magis
4632 2396 4818 2478 magis-

2928 2500 3055 2562 que
3100 2479 3535 2560 patefecisset3
3580 2478 3693 2544 sed
3739 2490 3958 2544 tamen
3998 2501 4249 2545 memor
4282 2480 4483 2545 officii
4522 2481 4683 2563 quod
4716 2499 4816 2543 tam

2926 2565 3052 2647 ipsi
3079 2566 3219 2629 Deo
3256 2587 3446 2647 quam
3486 2566 3623 2650 regi
3649 2565 3894 2648 totique
3929 2566 4166 2648 populo
4203 2565 4503 2644 debebat,
4550 2567 4821 2649 patienter

2926 2650 3101 2715 ferre
3161 2651 3391 2715 maluit
3445 2651 3739 2730 iniurias,
3811 2661 3878 2715 et
3932 2650 4224 2717 oblivisci
4280 2673 4515 2717 eorum
4573 2658 4816 2716 omnium

2926 2739 3157 2819 quibus
3222 2758 3260 2800 a
3304 2738 3446 2801 Deo
3490 2737 3760 2801 alienari
3810 2738 4125 2821 potuisset
4166 2737 4498 2820 privatam
4547 2758 4819 2820 quaemus

2927 2822 3313 2887 vindictam:
3361 2835 3427 2885 et
3469 2821 3735 2905 quidem
3777 2824 3847 2886 in
3896 2824 4123 2906 primis
4166 2823 4450 2887 dedecus
4494 2837 4564 2888 et
4599 2825 4821 2906 ignomi-

2928 2910 3102 2972 niam
3141 2929 3180 2971 a
3217 2906 3414 2973 Saule
3450 2907 3572 2972 sibi
3609 2910 3916 2974 inustam.
3998 2906 4176 2975 Sane
4210 2909 4266 2972 si
4302 2908 4537 2973 David
4572 2911 4821 2973 omnium

2926 2994 3265 3059 homiuum
3338 2995 3934 3077 contemptissimus
3979 3006 4047 3059 et
4088 2994 4577 3060 abiectissimus
4620 2996 4822 3065 fuisset,

2926 3079 3109 3144 nulla
3152 3090 3371 3145 tamen
3416 3079 3603 3145 Sauli
3649 3091 3991 3162 supererat
4034 3081 4387 3155 excusatio,
4436 3083 4625 3163 quasi
4666 3081 4821 3145 rebus

2926 3167 3223 3249 angustis
3280 3166 3483 3230 filiam
3541 3168 3978 3249 promisisset:
4032 3166 4201 3249 quod
4246 3164 4433 3230 nulla
4484 3167 4822 3232 necessitate

2923 3267 3182 3316 coactus
3262 3252 3503 3316 Davidi
3583 3251 3784 3315 filiam
3853 3249 4301 3335 desponderat,
4384 3273 4591 3333 quam
4655 3272 4821 3333 neque
4920 3294 4921 3355 1

2924 3337 3306 3412 ambiverat,
3373 3358 3579 3420 neque
3635 3337 3929 3420 petierat.
4019 3336 4153 3403 Sed
4197 3337 4374 3401 ultro
4421 3338 4821 3403 conditionem
4920 3368 4921 3373 1

2924 3424 3316 3506 propositam
3363 3443 3403 3488 a
3446 3421 3647 3489 Saule
3692 3422 3771 3486 de
3814 3421 4273 3505 consequenda
4304 3424 4446 3488 filia
4483 3426 4557 3488 in
4593 3443 4820 3488 uxorem

2923 3507 3142 3573 David
3189 3509 3623 3574 obliviscitur:
3674 3528 3886 3589 neque
3929 3508 4124 3574 etiam
4171 3520 4446 3591 propter
4493 3509 4823 3591 ademptam

2924 3595 3238 3658 ultionem
3278 3594 3550 3677 quaerit.
3641 3593 3790 3674 Qua
3825 3615 3981 3676 ergo
4015 3606 4231 3659 mente
4278 3592 4441 3660 Saul
4502 3617 4639 3660 non
4674 3593 4823 3659 modo

2921 3680 3227 3744 iniuriam
3276 3677 3513 3745 Davidi
3552 3700 3686 3743 non
3724 3678 3936 3744 levem
3973 3680 4145 3757 facit,
4190 3678 4304 3745 sed
4341 3682 4553 3745 etiam
4591 3694 4825 3746 mortem
4918 3730 4919 3741 ,

2924 3767 3128 3847 ipsius
3172 3766 3379 3831 modis
3423 3764 3727 3830 omnibus
3771 3764 4064 3847 quaerit?
4154 3766 4412 3848 Nempe
4459 3767 4652 3832 illum
4685 3767 4825 3831 furor

2923 3866 2990 3915 et
3046 3853 3300 3916 insania
3361 3871 3630 3934 prorsus
3688 3850 4108 3917 excaecabat·
4166 3864 4632 3918 verumtamen
4675 3850 4823 3935 quid-

2923 3938 3078 4019 quid
3158 3936 3470 4001 moliatur
3545 3950 3610 4001 et
3675 3948 3954 4015 moveat,
4028 3937 4307 4003 Davidis
4371 3939 4731 4003 commodis
4778 3952 4823 3998 et

2924 4023 3193 4088 utilitati
3227 4024 3414 4088 cedat
3451 4035 3725 4105 oportet.
3774 4022 3969 4100 Hinc,
4014 4023 4300 4104 inquam,
4345 4038 4633 4108 apparet
4668 4041 4821 4106 quam

2923 4108 3324 4173 admirandis
3381 4108 3591 4173 modis
3648 4107 3834 4173 Deus
3878 4130 4069 4173 suum
4113 4129 4279 4191 opus
4322 4122 4727 4192 promoveat,
4778 4122 4825 4169 et

2921 4215 3116 4276 quam
3178 4193 3559 4259 mirabiliter
3615 4214 3780 4293 quae
3837 4194 4142 4260 ecclesiae
4195 4193 4321 4259 Dei
4366 4196 4683 4260 ultimum
4720 4192 4822 4256 exi·

2922 4285 3085 4345 tium
3129 4278 3569 4351 minabantur,
3627 4281 3693 4343 in
3738 4280 4028 4363 ipsorum
4075 4280 4360 4345 hostium
4408 4281 4822 4347 confusionem

2921 4376 2989 4430 et
3032 4366 3287 4430 ruinam
3333 4376 3689 4441 convertat,
3733 4380 3798 4430 et
3843 4365 4089 4449 laqueis
4131 4386 4293 4448 quos
4329 4366 4623 4449 improbi
4657 4378 4822 4429 tetm-

2921 4452 3171 4524 derant.
3227 4452 3297 4516 in
3354 4452 3645 4533 ipsorum
3701 4451 4147 4517 confusionem
4205 4463 4444 4516 nectat.
4542 4452 4660 4518 Sic
4696 4448 4820 4518 Saul

2920 4538 3045 4602 sibi
3086 4537 3330 4601 malum
3368 4538 3726 4616 accersivit,
3770 4536 4087 4618 siquidem
4128 4537 4435 4603 omuibus
4474 4558 4745 4620 pravum
4774 4548 4819 4596 et

2920 4624 3209 4687 dolosum
3259 4623 3595 4706 ingenium
3640 4643 3829 4686 suum
3880 4623 4201 4705 patefecit,
4246 4634 4314 4688 et
4347 4644 4423 4687 se
4462 4624 4682 4706 ipsum
4714 4640 4821 4705 per·

2919 4722 3113 4791 petua
3176 4710 3548 4773 confusione
3593 4720 3660 4772 et
3702 4708 4063 4789 ignominia
4103 4709 4336 4774 obruit.
4429 4709 4663 4791 Quum
4702 4726 4818 4785 ergo

2917 4793 3193 4859 Davidis
3253 4793 3560 4877 adspectu
3605 4797 3894 4871 territus,
3958 4815 4107 4860 eum
4153 4816 4193 4858 a
4235 4816 4307 4860 se
4349 4797 4591 4877 procul
4634 4813 4816 4858 aman·

2917 4881 3115 4955 davit,
3172 4900 3373 4964 quum
3420 4884 3750 4962 prosperis
3793 4880 3997 4961 ipsius
4038 4891 4400 4945 commotus
4448 4882 4816 4946 successibus

2917 4965 3197 5030 eundem
3256 4966 3602 5043 revocavit,
3657 4986 3854 5047 quum
3914 4964 4223 5029 honorem
4284 4978 4352 5030 et
4394 4969 4683 5049 gratiam
4718 4981 4815 5045 qus

2916 5051 3203 5133 pollebat
3254 5051 3377 5134 ipsi
3421 5015 3661 5115 invidit
3706 5064 3772 5114 et
3816 5050 4126 5134 perdendi
4170 5052 4467 5116 rationes
4514 5052 4813 5134 quaesivit.

2916 5136 3072 5220 quid
3131 5137 3317 5203 illum
3361 5138 3487 5201 ista
3530 5155 3769 5219 quaeso
3811 5135 4166 5202 iuverunt?
4249 5137 4356 5201 En
4400 5159 4611 5220 quam
4650 5136 4811 5201 adni-

2915 5222 3156 5289 randae
3214 5225 3357 5288 viae
3400 5222 3689 5302 Domini,
3751 5222 3863 5305 qui
3921 5223 4289 5288 occasiones
4348 5223 4549 5289 nobis
4602 5225 4811 5308 ὶςιιοιυ
