<?xml version="1.0" encoding="UTF-8"?>
<!DOCTYPE html PUBLIC "-//W3C//DTD XHTML 1.0 Transitional//EN"
    "http://www.w3.org/TR/xhtml1/DTD/xhtml1-transitional.dtd">
<html xmlns="http://www.w3.org/1999/xhtml" xml:lang="en" lang="en">
 <head>
  <title>
</title>
<meta http-equiv="Content-Type" content="text/html;charset=utf-8" />
  <meta name='ocr-system' content='tesseract 3.04.00' />
  <meta name='ocr-capabilities' content='ocr_page ocr_carea ocr_par ocr_line ocrx_word'/>
</head>
<body>
  <div class='ocr_page' id='page_1' title='image "./ioanniscalvinio07unkngoog_0815.png"; bbox 0 0 5059 6059; ppageno 0'>
   <div class='ocr_carea' id='block_1_1' title="bbox 309 314 437 379">
    <p class='ocr_par' dir='ltr' id='par_1_1' title="bbox 309 314 437 379">
     <span class='ocr_line' id='line_1_1' title="bbox 309 314 437 379; baseline -0.016 0"><span class='ocrx_word' id='word_1_1' title='bbox 309 314 437 379; x_wconf 82' lang='lat'><strong><em>661</em></strong></span> 
     </span>
    </p>
   </div>
   <div class='ocr_carea' id='block_1_2' title="bbox 945 502 1636 584">
    <p class='ocr_par' dir='ltr' id='par_1_2' title="bbox 945 502 1636 584">
     <span class='ocr_line' id='line_1_2' title="bbox 945 502 1636 584; baseline 0 -1"><span class='ocrx_word' id='word_1_2' title='bbox 945 502 1449 584; x_wconf 80' lang='lat' dir='ltr'><strong>HOMILIA</strong></span> <span class='ocrx_word' id='word_1_3' title='bbox 1507 504 1636 584; x_wconf 75' lang='lat' dir='ltr'><strong><em>cl·</em></strong></span> 
     </span>
    </p>
   </div>
   <div class='ocr_carea' id='block_1_3' title="bbox 299 669 2274 2461">
    <p class='ocr_par' dir='ltr' id='par_1_3' title="bbox 299 669 2274 2461">
     <span class='ocr_line' id='line_1_3' title="bbox 487 669 2270 741; baseline 0.002 -6"><span class='ocrx_word' id='word_1_4' title='bbox 487 670 593 737; x_wconf 80' lang='lat'><strong><em>19.</em></strong></span> <span class='ocrx_word' id='word_1_5' title='bbox 637 669 728 737; x_wconf 75' lang='lat' dir='ltr'><strong><em>Et</em></strong></span> <span class='ocrx_word' id='word_1_6' title='bbox 783 670 957 736; x_wconf 78' lang='lat' dir='ltr'><strong><em>dabit</em></strong></span> <span class='ocrx_word' id='word_1_7' title='bbox 1016 669 1336 737; x_wconf 76' lang='lat' dir='ltr'><strong><em>Dominus</em></strong></span> <span class='ocrx_word' id='word_1_8' title='bbox 1402 673 1592 738; x_wconf 79' lang='lat' dir='ltr'><strong><em>etiam</em></strong></span> <span class='ocrx_word' id='word_1_9' title='bbox 1656 674 1870 740; x_wconf 67' lang='lat' dir='ltr'><strong><em>Israel</em></strong></span> <span class='ocrx_word' id='word_1_10' title='bbox 1924 679 2122 741; x_wconf 82' lang='lat' dir='ltr'><strong><em>tecum</em></strong></span> <span class='ocrx_word' id='word_1_11' title='bbox 2198 674 2270 738; x_wconf 77' lang='lat' dir='ltr'><strong><em>iu</em></strong></span> 
     </span>
     <span class='ocr_line' id='line_1_4' title="bbox 308 755 2271 840; baseline -0.001 -16"><span class='ocrx_word' id='word_1_12' title='bbox 308 776 543 824; x_wconf 82' lang='lat' dir='ltr'><strong><em>manus</em></strong></span> <span class='ocrx_word' id='word_1_13' title='bbox 589 755 979 821; x_wconf 69' lang='lat' dir='ltr'><strong><em>Philistum.-</em></strong></span> <span class='ocrx_word' id='word_1_14' title='bbox 1030 775 1176 822; x_wconf 82' lang='lat' dir='ltr'><strong><em>cras</em></strong></span> <span class='ocrx_word' id='word_1_15' title='bbox 1235 760 1405 822; x_wconf 75' lang='lat' dir='ltr'><strong><em>euim</em></strong></span> <span class='ocrx_word' id='word_1_16' title='bbox 1459 764 1531 823; x_wconf 88' lang='lat' dir='ltr'><strong><em>tu</em></strong></span> <span class='ocrx_word' id='word_1_17' title='bbox 1591 763 1649 825; x_wconf 83' lang='lat' dir='ltr'><strong><em>et</em></strong></span> <span class='ocrx_word' id='word_1_18' title='bbox 1697 760 1828 840; x_wconf 78' lang='lat' dir='ltr'><strong><em>filii</em></strong></span> <span class='ocrx_word' id='word_1_19' title='bbox 1884 761 1981 824; x_wconf 80' lang='lat' dir='ltr'><strong><em>tui</em></strong></span> <span class='ocrx_word' id='word_1_20' title='bbox 2036 778 2271 824; x_wconf 88' lang='lat' dir='ltr'><strong><em>mecum</em></strong></span> 
     </span>
     <span class='ocr_line' id='line_1_5' title="bbox 309 840 2272 927; baseline 0.001 -19"><span class='ocrx_word' id='word_1_21' title='bbox 309 844 495 908; x_wconf 76' lang='lat' dir='ltr'><strong><em>eritis</em></strong></span> <span class='ocrx_word' id='word_1_22' title='bbox 511 866 531 906; x_wconf 83' lang='lat'><strong><em>.-</em></strong></span> <span class='ocrx_word' id='word_1_23' title='bbox 572 841 687 907; x_wconf 83' lang='lat' dir='ltr'><strong><em>sed</em></strong></span> <span class='ocrx_word' id='word_1_24' title='bbox 728 849 787 906; x_wconf 86' lang='lat' dir='ltr'><strong><em>et</em></strong></span> <span class='ocrx_word' id='word_1_25' title='bbox 826 847 1039 907; x_wconf 81' lang='lat' dir='ltr'><strong><em>castra</em></strong></span> <span class='ocrx_word' id='word_1_26' title='bbox 1063 840 1273 907; x_wconf 72' lang='lat' dir='ltr'><strong><em>Israel</em></strong></span> <span class='ocrx_word' id='word_1_27' title='bbox 1306 844 1507 909; x_wconf 75' lang='lat' dir='ltr'><strong><em>tradet</em></strong></span> <span class='ocrx_word' id='word_1_28' title='bbox 1527 843 1848 910; x_wconf 79' lang='lat' dir='ltr'><strong><em>Dominus</em></strong></span> <span class='ocrx_word' id='word_1_29' title='bbox 1890 845 1963 910; x_wconf 79' lang='lat' dir='ltr'><strong><em>in</em></strong></span> <span class='ocrx_word' id='word_1_30' title='bbox 2004 864 2272 927; x_wconf 75' lang='lat' dir='ltr'><strong><em>maquus</em></strong></span> 
     </span>
     <span class='ocr_line' id='line_1_6' title="bbox 312 926 2269 1011; baseline -0.001 -17"><span class='ocrx_word' id='word_1_31' title='bbox 312 927 702 994; x_wconf 74' lang='lat' dir='ltr'><strong><em>Philistiim.</em></strong></span> <span class='ocrx_word' id='word_1_32' title='bbox 791 927 896 993; x_wconf 89' lang='grc'><strong><em>20.</em></strong></span> <span class='ocrx_word' id='word_1_33' title='bbox 944 926 1296 1008; x_wconf 72' lang='lat' dir='ltr'><strong><em>Statimque</em></strong></span> <span class='ocrx_word' id='word_1_34' title='bbox 1343 927 1504 995; x_wconf 88' lang='lat' dir='ltr'><strong><em>Saul</em></strong></span> <span class='ocrx_word' id='word_1_35' title='bbox 1562 931 1781 995; x_wconf 80' lang='lat' dir='ltr'><strong><em>cecidit</em></strong></span> <span class='ocrx_word' id='word_1_36' title='bbox 1827 935 2155 1011; x_wconf 72' lang='lat' dir='ltr'><strong><em>porrectus</em></strong></span> <span class='ocrx_word' id='word_1_37' title='bbox 2195 930 2269 994; x_wconf 78' lang='lat' dir='ltr'><strong><em>iu</em></strong></span> 
     </span>
     <span class='ocr_line' id='line_1_7' title="bbox 307 1014 2267 1095; baseline 0.001 -16"><span class='ocrx_word' id='word_1_38' title='bbox 307 1019 547 1079; x_wconf 78' lang='lat' dir='ltr'><strong><em>terram</em></strong></span> <span class='ocrx_word' id='word_1_39' title='bbox 561 1036 581 1077; x_wconf 92' lang='lat'><strong><em>.·</em></strong></span> <span class='ocrx_word' id='word_1_40' title='bbox 622 1014 996 1079; x_wconf 72' lang='lat' dir='ltr'><strong><em>extimuerat</em></strong></span> <span class='ocrx_word' id='word_1_41' title='bbox 1038 1014 1204 1078; x_wconf 83' lang='lat' dir='ltr'><strong><em>euim</em></strong></span> <span class='ocrx_word' id='word_1_42' title='bbox 1237 1014 1421 1079; x_wconf 78' lang='lat' dir='ltr'><strong><em>valde</em></strong></span> <span class='ocrx_word' id='word_1_43' title='bbox 1461 1015 1648 1079; x_wconf 80' lang='lat' dir='ltr'><strong><em>verba</em></strong></span> <span class='ocrx_word' id='word_1_44' title='bbox 1692 1014 2025 1095; x_wconf 75' lang='lat' dir='ltr'><strong><em>Samuelis,</em></strong></span> <span class='ocrx_word' id='word_1_45' title='bbox 2070 1020 2127 1079; x_wconf 90' lang='lat' dir='ltr'><strong><em>et</em></strong></span> <span class='ocrx_word' id='word_1_46' title='bbox 2162 1035 2267 1080; x_wconf 80' lang='lat' dir='ltr'><strong><em>ro-</em></strong></span> 
     </span>
     <span class='ocr_line' id='line_1_8' title="bbox 310 1099 2267 1182; baseline 0 -17"><span class='ocrx_word' id='word_1_47' title='bbox 310 1100 429 1166; x_wconf 78' lang='lat' dir='ltr'><strong><em>bur</em></strong></span> <span class='ocrx_word' id='word_1_48' title='bbox 488 1117 613 1163; x_wconf 77' lang='lat' dir='ltr'><strong><em>nou</em></strong></span> <span class='ocrx_word' id='word_1_49' title='bbox 662 1104 795 1162; x_wconf 82' lang='lat' dir='ltr'><strong><em>erat</em></strong></span> <span class='ocrx_word' id='word_1_50' title='bbox 853 1099 924 1163; x_wconf 77' lang='lat' dir='ltr'><strong><em>iu</em></strong></span> <span class='ocrx_word' id='word_1_51' title='bbox 982 1119 1066 1174; x_wconf 88' lang='lat' dir='ltr'><strong><em>eo,</em></strong></span> <span class='ocrx_word' id='word_1_52' title='bbox 1119 1100 1274 1180; x_wconf 79' lang='lat' dir='ltr'><strong><em>quia</em></strong></span> <span class='ocrx_word' id='word_1_53' title='bbox 1314 1120 1445 1164; x_wconf 80' lang='lat' dir='ltr'><strong><em>nou</em></strong></span> <span class='ocrx_word' id='word_1_54' title='bbox 1482 1102 1834 1167; x_wconf 79' lang='lat' dir='ltr'><strong><em>comederat</em></strong></span> <span class='ocrx_word' id='word_1_55' title='bbox 1862 1121 2100 1182; x_wconf 76' lang='lat' dir='ltr'><strong><em>panem</em></strong></span> <span class='ocrx_word' id='word_1_56' title='bbox 2143 1105 2267 1165; x_wconf 84' lang='lat' dir='ltr'><strong><em>tota</em></strong></span> 
     </span>
     <span class='ocr_line' id='line_1_9' title="bbox 308 1183 2265 1269; baseline -0.002 -17"><span class='ocrx_word' id='word_1_57' title='bbox 308 1186 414 1252; x_wconf 79' lang='lat' dir='ltr'><strong><em>die</em></strong></span> <span class='ocrx_word' id='word_1_58' title='bbox 455 1184 595 1248; x_wconf 84' lang='lat' dir='ltr'><strong><em>illa.</em></strong></span> <span class='ocrx_word' id='word_1_59' title='bbox 637 1183 742 1249; x_wconf 84' lang='lat'><strong><em>21.</em></strong></span> <span class='ocrx_word' id='word_1_60' title='bbox 792 1184 1095 1267; x_wconf 65' lang='lat' dir='ltr'><strong><em>Inpressa</em></strong></span> <span class='ocrx_word' id='word_1_61' title='bbox 1137 1190 1229 1249; x_wconf 84' lang='lat' dir='ltr'><strong><em>est</em></strong></span> <span class='ocrx_word' id='word_1_62' title='bbox 1268 1185 1477 1267; x_wconf 79' lang='lat' dir='ltr'><strong><em>itaque</em></strong></span> <span class='ocrx_word' id='word_1_63' title='bbox 1517 1186 1751 1250; x_wconf 75' lang='lat' dir='ltr'><strong><em>mulier</em></strong></span> <span class='ocrx_word' id='word_1_64' title='bbox 1794 1186 1912 1251; x_wconf 84' lang='lat' dir='ltr'><strong><em>illa</em></strong></span> <span class='ocrx_word' id='word_1_65' title='bbox 1951 1186 2038 1251; x_wconf 80' lang='lat' dir='ltr'><strong><em>ad</em></strong></span> <span class='ocrx_word' id='word_1_66' title='bbox 2083 1186 2265 1269; x_wconf 84' lang='lat' dir='ltr'><strong><em>Saul,</em></strong></span> 
     </span>
     <span class='ocr_line' id='line_1_10' title="bbox 309 1267 2268 1358; baseline 0 -21"><span class='ocrx_word' id='word_1_67' title='bbox 309 1276 368 1337; x_wconf 85' lang='lat' dir='ltr'><strong><em>et</em></strong></span> <span class='ocrx_word' id='word_1_68' title='bbox 424 1269 617 1345; x_wconf 69' lang='lat' dir='ltr'><strong><em>vidit,</em></strong></span> <span class='ocrx_word' id='word_1_69' title='bbox 679 1267 1113 1354; x_wconf 77' lang='lat' dir='ltr'><strong><em>(conturbatus</em></strong></span> <span class='ocrx_word' id='word_1_70' title='bbox 1169 1270 1339 1334; x_wconf 81' lang='lat' dir='ltr'><strong><em>enim</em></strong></span> <span class='ocrx_word' id='word_1_71' title='bbox 1393 1277 1529 1337; x_wconf 78' lang='lat' dir='ltr'><strong><em>erat</em></strong></span> <span class='ocrx_word' id='word_1_72' title='bbox 1583 1269 1795 1358; x_wconf 80' lang='lat' dir='ltr'><strong><em>valde)</em></strong></span> <span class='ocrx_word' id='word_1_73' title='bbox 1848 1272 2138 1354; x_wconf 60' lang='lat' dir='ltr'><strong><em>dixitque</em></strong></span> <span class='ocrx_word' id='word_1_74' title='bbox 2180 1272 2268 1337; x_wconf 78' lang='lat' dir='ltr'><strong><em>ad</em></strong></span> 
     </span>
     <span class='ocr_line' id='line_1_11' title="bbox 305 1353 2268 1438; baseline 0 -16"><span class='ocrx_word' id='word_1_75' title='bbox 305 1374 483 1422; x_wconf 79' lang='lat' dir='ltr'><strong><em>eum.-</em></strong></span> <span class='ocrx_word' id='word_1_76' title='bbox 543 1353 702 1421; x_wconf 86' lang='lat' dir='ltr'><strong><em>Ecce</em></strong></span> <span class='ocrx_word' id='word_1_77' title='bbox 757 1355 1021 1421; x_wconf 71' lang='lat' dir='ltr'><strong><em>obedivit</em></strong></span> <span class='ocrx_word' id='word_1_78' title='bbox 1072 1356 1309 1421; x_wconf 75' lang='lat' dir='ltr'><strong><em>ancilla</em></strong></span> <span class='ocrx_word' id='word_1_79' title='bbox 1366 1361 1478 1422; x_wconf 83' lang='lat' dir='ltr'><strong><em>tua</em></strong></span> <span class='ocrx_word' id='word_1_80' title='bbox 1534 1358 1667 1422; x_wconf 82' lang='lat' dir='ltr'><strong><em>voci</em></strong></span> <span class='ocrx_word' id='word_1_81' title='bbox 1728 1362 1907 1436; x_wconf 72' lang='lat' dir='ltr'><strong><em>tuae,</em></strong></span> <span class='ocrx_word' id='word_1_82' title='bbox 1963 1363 2018 1422; x_wconf 82' lang='lat' dir='ltr'><strong><em>et</em></strong></span> <span class='ocrx_word' id='word_1_83' title='bbox 2074 1357 2268 1438; x_wconf 76' lang='lat' dir='ltr'><strong><em>posui</em></strong></span> 
     </span>
     <span class='ocr_line' id='line_1_12' title="bbox 313 1441 2266 1522; baseline 0.001 -16"><span class='ocrx_word' id='word_1_84' title='bbox 313 1441 599 1507; x_wconf 75' lang='lat' dir='ltr'><strong><em>animam</em></strong></span> <span class='ocrx_word' id='word_1_85' title='bbox 619 1460 824 1505; x_wconf 90' lang='lat' dir='ltr'><strong><em>meam</em></strong></span> <span class='ocrx_word' id='word_1_86' title='bbox 858 1443 927 1504; x_wconf 80' lang='lat' dir='ltr'><strong><em>iu</em></strong></span> <span class='ocrx_word' id='word_1_87' title='bbox 959 1461 1157 1504; x_wconf 80' lang='lat' dir='ltr'><strong><em>manu</em></strong></span> <span class='ocrx_word' id='word_1_88' title='bbox 1188 1461 1349 1518; x_wconf 88' lang='lat' dir='ltr'><strong><em>mea,</em></strong></span> <span class='ocrx_word' id='word_1_89' title='bbox 1395 1447 1453 1507; x_wconf 83' lang='lat' dir='ltr'><strong><em>et</em></strong></span> <span class='ocrx_word' id='word_1_90' title='bbox 1492 1443 1717 1507; x_wconf 79' lang='lat' dir='ltr'><strong><em>audivi</em></strong></span> <span class='ocrx_word' id='word_1_91' title='bbox 1757 1462 2073 1508; x_wconf 78' lang='lat' dir='ltr'><strong><em>sermones</em></strong></span> <span class='ocrx_word' id='word_1_92' title='bbox 2106 1446 2266 1522; x_wconf 87' lang='lat' dir='ltr'><strong><em>tuos,</em></strong></span> 
     </span>
     <span class='ocr_line' id='line_1_13' title="bbox 312 1525 2269 1610; baseline 0.002 -21"><span class='ocrx_word' id='word_1_93' title='bbox 312 1545 469 1610; x_wconf 73' lang='lat' dir='ltr'><strong><em>quos</em></strong></span> <span class='ocrx_word' id='word_1_94' title='bbox 510 1525 802 1607; x_wconf 75' lang='lat' dir='ltr'><strong><em>loquutus</em></strong></span> <span class='ocrx_word' id='word_1_95' title='bbox 843 1546 907 1590; x_wconf 88' lang='lat' dir='ltr'><strong><em>es</em></strong></span> <span class='ocrx_word' id='word_1_96' title='bbox 949 1527 1036 1591; x_wconf 82' lang='lat' dir='ltr'><strong><em>ad</em></strong></span> <span class='ocrx_word' id='word_1_97' title='bbox 1078 1545 1195 1591; x_wconf 88' lang='lat' dir='ltr'><strong><em>me.</em></strong></span> <span class='ocrx_word' id='word_1_98' title='bbox 1277 1526 1381 1592; x_wconf 83' lang='lat'><strong><em>22.</em></strong></span> <span class='ocrx_word' id='word_1_99' title='bbox 1431 1527 1622 1592; x_wconf 74' lang='lat' dir='ltr'><strong><em>Nunc</em></strong></span> <span class='ocrx_word' id='word_1_100' title='bbox 1662 1528 1861 1610; x_wconf 73' lang='lat' dir='ltr'><strong><em>iyitur</em></strong></span> <span class='ocrx_word' id='word_1_101' title='bbox 1900 1528 2060 1593; x_wconf 79' lang='lat' dir='ltr'><strong><em>audi</em></strong></span> <span class='ocrx_word' id='word_1_102' title='bbox 2102 1533 2161 1592; x_wconf 85' lang='lat' dir='ltr'><strong><em>et</em></strong></span> <span class='ocrx_word' id='word_1_103' title='bbox 2198 1532 2269 1593; x_wconf 84' lang='lat' dir='ltr'><strong><em>tu</em></strong></span> 
     </span>
     <span class='ocr_line' id='line_1_14' title="bbox 308 1611 2268 1694; baseline -0.001 -16"><span class='ocrx_word' id='word_1_104' title='bbox 308 1631 519 1678; x_wconf 86' lang='lat' dir='ltr'><strong><em>vocem</em></strong></span> <span class='ocrx_word' id='word_1_105' title='bbox 582 1611 853 1677; x_wconf 80' lang='lat' dir='ltr'><strong><em>ancillae</em></strong></span> <span class='ocrx_word' id='word_1_106' title='bbox 915 1617 1087 1691; x_wconf 88' lang='lat' dir='ltr'><strong><em>tuae,</em></strong></span> <span class='ocrx_word' id='word_1_107' title='bbox 1153 1618 1208 1676; x_wconf 87' lang='lat' dir='ltr'><strong><em>et</em></strong></span> <span class='ocrx_word' id='word_1_108' title='bbox 1254 1632 1498 1694; x_wconf 78' lang='lat' dir='ltr'><strong><em>ponam</em></strong></span> <span class='ocrx_word' id='word_1_109' title='bbox 1561 1633 1771 1679; x_wconf 83' lang='lat' dir='ltr'><strong><em>coram</em></strong></span> <span class='ocrx_word' id='word_1_110' title='bbox 1822 1617 1881 1679; x_wconf 89' lang='lat' dir='ltr'><strong><em>te</em></strong></span> <span class='ocrx_word' id='word_1_111' title='bbox 1937 1612 2268 1679; x_wconf 74' lang='lat' dir='ltr'><strong><em>buccellam</em></strong></span> 
     </span>
     <span class='ocr_line' id='line_1_15' title="bbox 299 1696 2269 1781; baseline 0.001 -20"><span class='ocrx_word' id='word_1_112' title='bbox 299 1696 524 1779; x_wconf 74' lang='lat' dir='ltr'><strong><em>panis,</em></strong></span> <span class='ocrx_word' id='word_1_113' title='bbox 580 1701 653 1760; x_wconf 89' lang='lat' dir='ltr'><strong><em>ut</em></strong></span> <span class='ocrx_word' id='word_1_114' title='bbox 707 1697 1022 1762; x_wconf 78' lang='lat' dir='ltr'><strong><em>comedens</em></strong></span> <span class='ocrx_word' id='word_1_115' title='bbox 1064 1697 1456 1764; x_wconf 71' lang='lat' dir='ltr'><strong><em>convalescas</em></strong></span> <span class='ocrx_word' id='word_1_116' title='bbox 1513 1704 1568 1762; x_wconf 88' lang='lat' dir='ltr'><strong><em>et</em></strong></span> <span class='ocrx_word' id='word_1_117' title='bbox 1612 1699 1834 1779; x_wconf 78' lang='lat' dir='ltr'><strong><em>possis</em></strong></span> <span class='ocrx_word' id='word_1_118' title='bbox 1887 1699 2009 1763; x_wconf 76' lang='lat' dir='ltr'><strong><em>iter</em></strong></span> <span class='ocrx_word' id='word_1_119' title='bbox 2066 1718 2269 1781; x_wconf 64' lang='lat' dir='ltr'><strong><em>apere.</em></strong></span> 
     </span>
     <span class='ocr_line' id='line_1_16' title="bbox 309 1781 2272 1867; baseline -0.001 -19"><span class='ocrx_word' id='word_1_120' title='bbox 309 1782 419 1848; x_wconf 82' lang='lat'><strong><em>23.</em></strong></span> <span class='ocrx_word' id='word_1_121' title='bbox 503 1781 629 1862; x_wconf 74' lang='lat' dir='ltr'><strong><em>Qui</em></strong></span> <span class='ocrx_word' id='word_1_122' title='bbox 681 1783 910 1860; x_wconf 78' lang='lat' dir='ltr'><strong><em>renuit,</em></strong></span> <span class='ocrx_word' id='word_1_123' title='bbox 977 1787 1034 1845; x_wconf 80' lang='lat' dir='ltr'><strong><em>et</em></strong></span> <span class='ocrx_word' id='word_1_124' title='bbox 1097 1783 1222 1846; x_wconf 81' lang='lat' dir='ltr'><strong><em>ait.-</em></strong></span> <span class='ocrx_word' id='word_1_125' title='bbox 1292 1783 1439 1849; x_wconf 81' lang='lat' dir='ltr'><strong><em>Non</em></strong></span> <span class='ocrx_word' id='word_1_126' title='bbox 1491 1784 1824 1849; x_wconf 80' lang='lat' dir='ltr'><strong><em>comedam.</em></strong></span> <span class='ocrx_word' id='word_1_127' title='bbox 1927 1783 2272 1867; x_wconf 68' lang='lat' dir='ltr'><strong><em>Goeqerum</em></strong></span> 
     </span>
     <span class='ocr_line' id='line_1_17' title="bbox 309 1867 2271 1952; baseline 0.001 -18"><span class='ocrx_word' id='word_1_128' title='bbox 309 1873 520 1934; x_wconf 86' lang='lat' dir='ltr'><strong><em>autem</em></strong></span> <span class='ocrx_word' id='word_1_129' title='bbox 558 1886 701 1931; x_wconf 89' lang='lat' dir='ltr'><strong><em>eum</em></strong></span> <span class='ocrx_word' id='word_1_130' title='bbox 738 1868 911 1933; x_wconf 78' lang='lat' dir='ltr'><strong><em>servi</em></strong></span> <span class='ocrx_word' id='word_1_131' title='bbox 951 1867 1060 1932; x_wconf 82' lang='lat' dir='ltr'><strong><em>sui</em></strong></span> <span class='ocrx_word' id='word_1_132' title='bbox 1100 1873 1159 1931; x_wconf 90' lang='lat' dir='ltr'><strong><em>et</em></strong></span> <span class='ocrx_word' id='word_1_133' title='bbox 1197 1867 1449 1952; x_wconf 79' lang='lat' dir='ltr'><strong><em>mulier,</em></strong></span> <span class='ocrx_word' id='word_1_134' title='bbox 1492 1874 1547 1933; x_wconf 82' lang='lat' dir='ltr'><strong><em>et</em></strong></span> <span class='ocrx_word' id='word_1_135' title='bbox 1587 1870 1833 1934; x_wconf 79' lang='lat' dir='ltr'><strong><em>tandem</em></strong></span> <span class='ocrx_word' id='word_1_136' title='bbox 1876 1870 2102 1935; x_wconf 74' lang='lat' dir='ltr'><strong><em>audita</em></strong></span> <span class='ocrx_word' id='word_1_137' title='bbox 2134 1888 2271 1935; x_wconf 86' lang='lat' dir='ltr'><strong><em>voce</em></strong></span> 
     </span>
     <span class='ocr_line' id='line_1_18' title="bbox 306 1953 2268 2036; baseline -0.001 -16"><span class='ocrx_word' id='word_1_138' title='bbox 306 1973 520 2020; x_wconf 83' lang='lat' dir='ltr'><strong><em>eorum</em></strong></span> <span class='ocrx_word' id='word_1_139' title='bbox 543 1954 824 2018; x_wconf 72' lang='lat' dir='ltr'><strong><em>surrexit</em></strong></span> <span class='ocrx_word' id='word_1_140' title='bbox 848 1953 927 2018; x_wconf 83' lang='lat' dir='ltr'><strong><em>de</em></strong></span> <span class='ocrx_word' id='word_1_141' title='bbox 946 1958 1139 2035; x_wconf 77' lang='lat' dir='ltr'><strong><em>terra,</em></strong></span> <span class='ocrx_word' id='word_1_142' title='bbox 1184 1959 1243 2018; x_wconf 81' lang='lat' dir='ltr'><strong><em>et</em></strong></span> <span class='ocrx_word' id='word_1_143' title='bbox 1271 1954 1434 2018; x_wconf 84' lang='lat' dir='ltr'><strong><em>sedit</em></strong></span> <span class='ocrx_word' id='word_1_144' title='bbox 1465 1973 1664 2036; x_wconf 79' lang='lat' dir='ltr'><strong><em>super</em></strong></span> <span class='ocrx_word' id='word_1_145' title='bbox 1703 1955 1939 2020; x_wconf 72' lang='lat' dir='ltr'><strong><em>lectum</em></strong></span> <span class='ocrx_word' id='word_1_146' title='bbox 1986 1955 2091 2019; x_wconf 87' lang='grc'><strong><em>24.</em></strong></span> <span class='ocrx_word' id='word_1_147' title='bbox 2120 1954 2268 2018; x_wconf 87' lang='lat' dir='ltr'><strong><em>Mu·</em></strong></span> 
     </span>
     <span class='ocr_line' id='line_1_19' title="bbox 308 2037 2268 2122; baseline 0 -17"><span class='ocrx_word' id='word_1_148' title='bbox 308 2038 433 2105; x_wconf 82' lang='lat' dir='ltr'><strong><em>lier</em></strong></span> <span class='ocrx_word' id='word_1_149' title='bbox 492 2045 703 2103; x_wconf 84' lang='lat' dir='ltr'><strong><em>autem</em></strong></span> <span class='ocrx_word' id='word_1_150' title='bbox 762 2038 881 2103; x_wconf 78' lang='lat' dir='ltr'><strong><em>illa</em></strong></span> <span class='ocrx_word' id='word_1_151' title='bbox 937 2037 1197 2103; x_wconf 74' lang='lat' dir='ltr'><strong><em>habebat</em></strong></span> <span class='ocrx_word' id='word_1_152' title='bbox 1246 2038 1516 2104; x_wconf 81' lang='lat' dir='ltr'><strong><em>vitulum</em></strong></span> <span class='ocrx_word' id='word_1_153' title='bbox 1552 2040 1916 2122; x_wconf 74' lang='lat' dir='ltr'><strong><em>pascualem</em></strong></span> <span class='ocrx_word' id='word_1_154' title='bbox 1959 2041 2032 2105; x_wconf 78' lang='lat' dir='ltr'><strong><em>iu</em></strong></span> <span class='ocrx_word' id='word_1_155' title='bbox 2072 2040 2268 2113; x_wconf 83' lang='lat' dir='ltr'><strong><em>domo.</em></strong></span> 
     </span>
     <span class='ocr_line' id='line_1_20' title="bbox 306 2124 2274 2207; baseline 0 -16"><span class='ocrx_word' id='word_1_156' title='bbox 306 2128 367 2191; x_wconf 75' lang='lat' dir='ltr'><strong><em>et</em></strong></span> <span class='ocrx_word' id='word_1_157' title='bbox 382 2124 728 2205; x_wconf 76' lang='lat' dir='ltr'><strong><em>festinavit,</em></strong></span> <span class='ocrx_word' id='word_1_158' title='bbox 772 2129 827 2188; x_wconf 81' lang='lat' dir='ltr'><strong><em>et</em></strong></span> <span class='ocrx_word' id='word_1_159' title='bbox 847 2124 1069 2188; x_wconf 77' lang='lat' dir='ltr'><strong><em>occidit</em></strong></span> <span class='ocrx_word' id='word_1_160' title='bbox 1102 2143 1276 2189; x_wconf 81' lang='lat' dir='ltr'><strong><em>eum.-</em></strong></span> <span class='ocrx_word' id='word_1_161' title='bbox 1316 2124 1649 2207; x_wconf 74' lang='lat' dir='ltr'><strong><em>tollensque</em></strong></span> <span class='ocrx_word' id='word_1_162' title='bbox 1676 2127 1987 2207; x_wconf 76' lang='lat' dir='ltr'><strong><em>farinam,</em></strong></span> <span class='ocrx_word' id='word_1_163' title='bbox 2022 2125 2274 2191; x_wconf 80' lang='lat' dir='ltr'><strong><em>miscuit</em></strong></span> 
     </span>
     <span class='ocr_line' id='line_1_21' title="bbox 307 2207 2273 2291; baseline 0 -16"><span class='ocrx_word' id='word_1_164' title='bbox 307 2229 452 2275; x_wconf 89' lang='lat' dir='ltr'><strong><em>eam</em></strong></span> <span class='ocrx_word' id='word_1_165' title='bbox 493 2216 552 2273; x_wconf 86' lang='lat' dir='ltr'><strong><em>et</em></strong></span> <span class='ocrx_word' id='word_1_166' title='bbox 591 2210 754 2274; x_wconf 75' lang='lat' dir='ltr'><strong><em>coxit</em></strong></span> <span class='ocrx_word' id='word_1_167' title='bbox 796 2229 1040 2291; x_wconf 71' lang='lat' dir='ltr'><strong><em>asyma.</em></strong></span> <span class='ocrx_word' id='word_1_168' title='bbox 1085 2207 1191 2273; x_wconf 86' lang='lat'><strong><em>25.</em></strong></span> <span class='ocrx_word' id='word_1_169' title='bbox 1239 2208 1327 2274; x_wconf 87' lang='lat' dir='ltr'><strong><em>Et</em></strong></span> <span class='ocrx_word' id='word_1_170' title='bbox 1357 2212 1578 2291; x_wconf 77' lang='lat' dir='ltr'><strong><em>posuit</em></strong></span> <span class='ocrx_word' id='word_1_171' title='bbox 1618 2218 1762 2277; x_wconf 79' lang='lat' dir='ltr'><strong><em>ante</em></strong></span> <span class='ocrx_word' id='word_1_172' title='bbox 1808 2211 1986 2290; x_wconf 87' lang='lat' dir='ltr'><strong><em>Saul,</em></strong></span> <span class='ocrx_word' id='word_1_173' title='bbox 2033 2215 2089 2276; x_wconf 87' lang='lat' dir='ltr'><strong><em>et</em></strong></span> <span class='ocrx_word' id='word_1_174' title='bbox 2131 2215 2273 2275; x_wconf 77' lang='lat' dir='ltr'><strong><em>aute</em></strong></span> 
     </span>
     <span class='ocr_line' id='line_1_22' title="bbox 302 2296 2273 2447; baseline 0.001 -86"><span class='ocrx_word' id='word_1_175' title='bbox 302 2296 791 2445; x_wconf 38' lang='lat' dir='ltr'><strong><em>sermvaeslaeiuszt</em></strong></span> <span class='ocrx_word' id='word_1_176' title='bbox 809 2297 922 2377; x_wconf 77' lang='lat' dir='ltr'><strong><em>qui</em></strong></span> <span class='ocrx_word' id='word_1_177' title='bbox 973 2314 1171 2444; x_wconf 52' lang='lat' dir='ltr'><strong><em>{gigni</em></strong></span> <span class='ocrx_word' id='word_1_178' title='bbox 1212 2297 1615 2447; x_wconf 47' lang='lat' dir='ltr'><strong><em>cortcttedisilezit</em></strong></span> <span class='ocrx_word' id='word_1_179' title='bbox 1628 2346 1644 2376; x_wconf 90' lang='lat'>‚</span> <span class='ocrx_word' id='word_1_180' title='bbox 1702 2301 2113 2362; x_wconf 74' lang='lat' dir='ltr'><strong><em>surrexerunt</em></strong></span> <span class='ocrx_word' id='word_1_181' title='bbox 2129 2344 2147 2380; x_wconf 93' lang='lat'><strong><em>,</em></strong></span> <span class='ocrx_word' id='word_1_182' title='bbox 2213 2301 2273 2361; x_wconf 81' lang='lat' dir='ltr'><strong><em>et</em></strong></span> 
     </span>
     <span class='ocr_line' id='line_1_23' title="bbox 308 2399 1695 2461; baseline 0.001 -15"><span class='ocrx_word' id='word_1_183' title='bbox 308 2402 352 2446; x_wconf 90' lang='lat' dir='ltr'><strong><em>a</em></strong></span> <span class='ocrx_word' id='word_1_184' title='bbox 572 2399 722 2444; x_wconf 80' lang='lat' dir='ltr'><strong><em>veru</em></strong></span> <span class='ocrx_word' id='word_1_185' title='bbox 822 2400 945 2461; x_wconf 78' lang='lat' dir='ltr'><strong><em>per</em></strong></span> <span class='ocrx_word' id='word_1_186' title='bbox 1112 2400 1175 2442; x_wconf 91' lang='lat' dir='ltr'><strong><em>m</em></strong></span> <span class='ocrx_word' id='word_1_187' title='bbox 1219 2400 1300 2446; x_wconf 82' lang='lat' dir='ltr'><strong><em>uo</em></strong></span> <span class='ocrx_word' id='word_1_188' title='bbox 1361 2401 1459 2445; x_wconf 87' lang='lat' dir='ltr'><strong><em>em</em></strong></span> <span class='ocrx_word' id='word_1_189' title='bbox 1571 2402 1695 2447; x_wconf 90' lang='lat' dir='ltr'><strong><em>am.</em></strong></span> 
     </span>
    </p>
   </div>
   <div class='ocr_carea' id='block_1_4' title="bbox 300 2549 2274 5112">
    <p class='ocr_par' dir='ltr' id='par_1_4' title="bbox 300 2549 2272 4943">
     <span class='ocr_line' id='line_1_24' title="bbox 493 2549 2269 2618; baseline 0.001 -3"><span class='ocrx_word' id='word_1_190' title='bbox 493 2550 831 2615; x_wconf 83' lang='lat' dir='ltr'><strong><em>Hesterna</em></strong></span> <span class='ocrx_word' id='word_1_191' title='bbox 888 2549 1202 2616; x_wconf 79' lang='lat' dir='ltr'><strong><em>concione</em></strong></span> <span class='ocrx_word' id='word_1_192' title='bbox 1253 2550 1630 2618; x_wconf 89' lang='lat' dir='ltr'><strong><em>audivimus</em></strong></span> <span class='ocrx_word' id='word_1_193' title='bbox 1674 2550 1945 2618; x_wconf 77' lang='lat' dir='ltr'><strong><em>Saulem</em></strong></span> <span class='ocrx_word' id='word_1_194' title='bbox 1991 2552 2269 2617; x_wconf 89' lang='lat' dir='ltr'><strong><em>nimium</em></strong></span> 
     </span>
     <span class='ocr_line' id='line_1_25' title="bbox 310 2634 2272 2722; baseline -0.001 -19"><span class='ocrx_word' id='word_1_195' title='bbox 310 2634 811 2703; x_wconf 79' lang='lat' dir='ltr'><strong><em>misericordem</em></strong></span> <span class='ocrx_word' id='word_1_196' title='bbox 872 2648 1103 2699; x_wconf 86' lang='lat' dir='ltr'><strong><em>contra</em></strong></span> <span class='ocrx_word' id='word_1_197' title='bbox 1146 2638 1275 2703; x_wconf 91' lang='lat' dir='ltr'><strong><em>Dei</em></strong></span> <span class='ocrx_word' id='word_1_198' title='bbox 1322 2651 1740 2722; x_wconf 85' lang='lat' dir='ltr'><strong><em>praeceptum</em></strong></span> <span class='ocrx_word' id='word_1_199' title='bbox 1786 2637 2090 2703; x_wconf 89' lang='lat' dir='ltr'><strong><em>ultimum</em></strong></span> <span class='ocrx_word' id='word_1_200' title='bbox 2137 2638 2272 2702; x_wconf 84' lang='lat' dir='ltr'><strong><em>exi-</em></strong></span> 
     </span>
     <span class='ocr_line' id='line_1_26' title="bbox 311 2721 2268 2807; baseline -0.002 -18"><span class='ocrx_word' id='word_1_201' title='bbox 311 2723 482 2789; x_wconf 83' lang='lat' dir='ltr'><strong><em>tium</em></strong></span> <span class='ocrx_word' id='word_1_202' title='bbox 530 2721 598 2786; x_wconf 92' lang='lat' dir='ltr'><strong><em>in</em></strong></span> <span class='ocrx_word' id='word_1_203' title='bbox 645 2742 837 2785; x_wconf 90' lang='lat' dir='ltr'><strong><em>suum</em></strong></span> <span class='ocrx_word' id='word_1_204' title='bbox 884 2734 1086 2803; x_wconf 84' lang='lat' dir='ltr'><strong><em>caput</em></strong></span> <span class='ocrx_word' id='word_1_205' title='bbox 1128 2724 1562 2800; x_wconf 87' lang='lat' dir='ltr'><strong><em>accersivisse,</em></strong></span> <span class='ocrx_word' id='word_1_206' title='bbox 1614 2721 1791 2807; x_wconf 89' lang='lat' dir='ltr'><strong><em>qued</em></strong></span> <span class='ocrx_word' id='word_1_207' title='bbox 1835 2723 1915 2788; x_wconf 91' lang='lat' dir='ltr'><strong><em>de</em></strong></span> <span class='ocrx_word' id='word_1_208' title='bbox 1953 2723 2268 2789; x_wconf 87' lang='lat' dir='ltr'><strong><em>Hamale·</em></strong></span> 
     </span>
     <span class='ocr_line' id='line_1_27' title="bbox 302 2808 2267 2891; baseline -0.001 -17"><span class='ocrx_word' id='word_1_209' title='bbox 302 2808 459 2875; x_wconf 88' lang='lat' dir='ltr'><strong><em>citis</em></strong></span> <span class='ocrx_word' id='word_1_210' title='bbox 530 2827 663 2870; x_wconf 93' lang='lat' dir='ltr'><strong><em>non</em></strong></span> <span class='ocrx_word' id='word_1_211' title='bbox 729 2809 1121 2889; x_wconf 76' lang='lat' dir='ltr'><strong><em>sumpsisset</em></strong></span> <span class='ocrx_word' id='word_1_212' title='bbox 1177 2828 1342 2891; x_wconf 89' lang='lat' dir='ltr'><strong><em>quas</em></strong></span> <span class='ocrx_word' id='word_1_213' title='bbox 1400 2808 1588 2874; x_wconf 88' lang='lat' dir='ltr'><strong><em>Deus</em></strong></span> <span class='ocrx_word' id='word_1_214' title='bbox 1647 2828 1894 2890; x_wconf 90' lang='lat' dir='ltr'><strong><em>poenas</em></strong></span> <span class='ocrx_word' id='word_1_215' title='bbox 1955 2811 2267 2875; x_wconf 85' lang='lat' dir='ltr'><strong><em>iusserat:</em></strong></span> 
     </span>
     <span class='ocr_line' id='line_1_28' title="bbox 304 2893 2266 2977; baseline -0.002 -17"><span class='ocrx_word' id='word_1_216' title='bbox 304 2895 446 2960; x_wconf 85' lang='lat' dir='ltr'><strong><em>iam</em></strong></span> <span class='ocrx_word' id='word_1_217' title='bbox 506 2894 806 2974; x_wconf 87' lang='lat' dir='ltr'><strong><em>sequitur</em></strong></span> <span class='ocrx_word' id='word_1_218' title='bbox 863 2893 1371 2976; x_wconf 82' lang='lat' dir='ltr'><strong><em>expendendum</em></strong></span> <span class='ocrx_word' id='word_1_219' title='bbox 1416 2894 1589 2977; x_wconf 89' lang='lat' dir='ltr'><strong><em>quod</em></strong></span> <span class='ocrx_word' id='word_1_220' title='bbox 1637 2895 1942 2959; x_wconf 85' lang='lat' dir='ltr'><strong><em>adiicitur</em></strong></span> <span class='ocrx_word' id='word_1_221' title='bbox 1985 2915 2117 2959; x_wconf 90' lang='lat' dir='ltr'><strong><em>non</em></strong></span> <span class='ocrx_word' id='word_1_222' title='bbox 2162 2916 2266 2958; x_wconf 88' lang='lat' dir='ltr'><strong><em>so·</em></strong></span> 
     </span>
     <span class='ocr_line' id='line_1_29' title="bbox 303 2977 2264 3060; baseline 0 -16"><span class='ocrx_word' id='word_1_223' title='bbox 303 2979 447 3044; x_wconf 89' lang='lat' dir='ltr'><strong><em>lum</em></strong></span> <span class='ocrx_word' id='word_1_224' title='bbox 508 2978 533 3041; x_wconf 91' lang='lat' dir='ltr'><strong><em>i</em></strong></span> <span class='ocrx_word' id='word_1_225' title='bbox 580 2999 726 3042; x_wconf 90' lang='lat' dir='ltr'><strong><em>sum</em></strong></span> <span class='ocrx_word' id='word_1_226' title='bbox 790 2997 1037 3060; x_wconf 83' lang='lat' dir='ltr'><strong><em>poenas</em></strong></span> <span class='ocrx_word' id='word_1_227' title='bbox 1102 2977 1466 3056; x_wconf 88' lang='lat' dir='ltr'><strong><em>luiturum,</em></strong></span> <span class='ocrx_word' id='word_1_228' title='bbox 1520 2978 1637 3045; x_wconf 90' lang='lat' dir='ltr'><strong><em>sed</em></strong></span> <span class='ocrx_word' id='word_1_229' title='bbox 1684 2980 2068 3046; x_wconf 86' lang='lat' dir='ltr'><strong><em>universum</em></strong></span> <span class='ocrx_word' id='word_1_230' title='bbox 2114 3000 2264 3047; x_wconf 92' lang='lat' dir='ltr'><strong><em>cum</em></strong></span> 
     </span>
     <span class='ocr_line' id='line_1_30' title="bbox 300 2999 2264 3148; baseline -0.001 -18"><span class='ocrx_word' id='word_1_231' title='bbox 300 3065 452 3148; x_wconf 85' lang='lat' dir='ltr'><strong><em>ipso</em></strong></span> <span class='ocrx_word' id='word_1_232' title='bbox 516 2999 856 3128; x_wconf 44' lang='lat' dir='ltr'><strong><em>Izi-selem.</em></strong></span> <span class='ocrx_word' id='word_1_233' title='bbox 945 3062 1139 3145; x_wconf 80' lang='lat' dir='ltr'><strong><em>Quod</em></strong></span> <span class='ocrx_word' id='word_1_234' title='bbox 1198 3064 1441 3129; x_wconf 87' lang='lat' dir='ltr'><strong><em>mirum</em></strong></span> <span class='ocrx_word' id='word_1_235' title='bbox 1487 3064 1701 3131; x_wconf 90' lang='lat' dir='ltr'><strong><em>videri</em></strong></span> <span class='ocrx_word' id='word_1_236' title='bbox 1746 3068 1981 3130; x_wconf 90' lang='lat' dir='ltr'><strong><em>merito</em></strong></span> <span class='ocrx_word' id='word_1_237' title='bbox 2026 3078 2264 3148; x_wconf 86' lang='lat' dir='ltr'><strong><em>posset,</em></strong></span> 
     </span>
     <span class='ocr_line' id='line_1_31' title="bbox 306 3149 2265 3235; baseline 0 -20"><span class='ocrx_word' id='word_1_238' title='bbox 306 3171 513 3235; x_wconf 84' lang='lat' dir='ltr'><strong><em>quum</em></strong></span> <span class='ocrx_word' id='word_1_239' title='bbox 550 3149 941 3232; x_wconf 88' lang='lat' dir='ltr'><strong><em>praesertim</em></strong></span> <span class='ocrx_word' id='word_1_240' title='bbox 964 3149 1272 3215; x_wconf 78' lang='lat' dir='ltr'><strong><em>Ezechiel</em></strong></span> <span class='ocrx_word' id='word_1_241' title='bbox 1308 3151 1693 3217; x_wconf 86' lang='lat' dir='ltr'><strong><em>nominatim</em></strong></span> <span class='ocrx_word' id='word_1_242' title='bbox 1740 3151 1916 3216; x_wconf 89' lang='lat' dir='ltr'><strong><em>dicat</em></strong></span> <span class='ocrx_word' id='word_1_243' title='bbox 1956 3172 2110 3216; x_wconf 91' lang='lat' dir='ltr'><strong><em>eum</em></strong></span> <span class='ocrx_word' id='word_1_244' title='bbox 2155 3151 2265 3233; x_wconf 92' lang='lat' dir='ltr'><strong><em>qui</em></strong></span> 
     </span>
     <span class='ocr_line' id='line_1_32' title="bbox 304 3235 2266 3321; baseline -0.001 -20"><span class='ocrx_word' id='word_1_245' title='bbox 304 3236 683 3321; x_wconf 87' lang='lat' dir='ltr'><strong><em>peccaverit</em></strong></span> <span class='ocrx_word' id='word_1_246' title='bbox 734 3236 1151 3314; x_wconf 87' lang='lat' dir='ltr'><strong><em>moriturum,</em></strong></span> <span class='ocrx_word' id='word_1_247' title='bbox 1226 3235 1343 3301; x_wconf 88' lang='lat' dir='ltr'><strong><em>sed</em></strong></span> <span class='ocrx_word' id='word_1_248' title='bbox 1386 3237 1806 3301; x_wconf 83' lang='lat' dir='ltr'><strong><em>innocentem</em></strong></span> <span class='ocrx_word' id='word_1_249' title='bbox 1872 3258 2007 3301; x_wconf 93' lang='lat' dir='ltr'><strong><em>non</em></strong></span> <span class='ocrx_word' id='word_1_250' title='bbox 2075 3235 2266 3319; x_wconf 89' lang='lat' dir='ltr'><strong><em>puni-</em></strong></span> 
     </span>
     <span class='ocr_line' id='line_1_33' title="bbox 303 3319 2265 3405; baseline -0.001 -18"><span class='ocrx_word' id='word_1_251' title='bbox 303 3333 453 3387; x_wconf 79' lang='lat' dir='ltr'><strong><em>tum</em></strong></span> <span class='ocrx_word' id='word_1_252' title='bbox 510 3321 591 3384; x_wconf 92' lang='lat' dir='ltr'><strong><em>iri</em></strong></span> <span class='ocrx_word' id='word_1_253' title='bbox 652 3319 734 3384; x_wconf 91' lang='lat' dir='ltr'><strong><em>ab</em></strong></span> <span class='ocrx_word' id='word_1_254' title='bbox 792 3323 967 3402; x_wconf 90' lang='lat' dir='ltr'><strong><em>ipso:</em></strong></span> <span class='ocrx_word' id='word_1_255' title='bbox 1030 3321 1353 3404; x_wconf 89' lang='lat' dir='ltr'><strong><em>quomodo</em></strong></span> <span class='ocrx_word' id='word_1_256' title='bbox 1398 3321 1603 3405; x_wconf 84' lang='lat' dir='ltr'><strong><em>igitur</em></strong></span> <span class='ocrx_word' id='word_1_257' title='bbox 1649 3323 1830 3387; x_wconf 90' lang='lat' dir='ltr'><strong><em>Deus</em></strong></span> <span class='ocrx_word' id='word_1_258' title='bbox 1876 3322 2265 3388; x_wconf 89' lang='lat' dir='ltr'><strong><em>universnm</em></strong></span> 
     </span>
     <span class='ocr_line' id='line_1_34' title="bbox 302 3404 2264 3473; baseline -0.002 0"><span class='ocrx_word' id='word_1_259' title='bbox 302 3406 627 3473; x_wconf 81' lang='lat' dir='ltr'><strong><em>Israelem</em></strong></span> <span class='ocrx_word' id='word_1_260' title='bbox 689 3408 762 3469; x_wconf 90' lang='lat' dir='ltr'><strong><em>in</em></strong></span> <span class='ocrx_word' id='word_1_261' title='bbox 808 3405 1032 3471; x_wconf 68' lang='lat' dir='ltr'><strong><em>Saulis</em></strong></span> <span class='ocrx_word' id='word_1_262' title='bbox 1097 3406 1643 3473; x_wconf 80' lang='lat' dir='ltr'><strong><em>condemnatione</em></strong></span> <span class='ocrx_word' id='word_1_263' title='bbox 1703 3406 2037 3473; x_wconf 82' lang='lat' dir='ltr'><strong><em>involvit?</em></strong></span> <span class='ocrx_word' id='word_1_264' title='bbox 2130 3404 2264 3473; x_wconf 84' lang='lat' dir='ltr'><strong><em>Sed</em></strong></span> 
     </span>
     <span class='ocr_line' id='line_1_35' title="bbox 307 3491 2263 3577; baseline 0 -21"><span class='ocrx_word' id='word_1_265' title='bbox 307 3492 588 3577; x_wconf 85' lang='lat' dir='ltr'><strong><em>pulchre</em></strong></span> <span class='ocrx_word' id='word_1_266' title='bbox 653 3491 828 3554; x_wconf 86' lang='lat' dir='ltr'><strong><em>inter</em></strong></span> <span class='ocrx_word' id='word_1_267' title='bbox 893 3514 965 3556; x_wconf 89' lang='lat' dir='ltr'><strong><em>se</em></strong></span> <span class='ocrx_word' id='word_1_268' title='bbox 1030 3491 1162 3556; x_wconf 87' lang='lat' dir='ltr'><strong><em>ista</em></strong></span> <span class='ocrx_word' id='word_1_269' title='bbox 1225 3494 1659 3573; x_wconf 87' lang='lat' dir='ltr'><strong><em>conveniunt,</em></strong></span> <span class='ocrx_word' id='word_1_270' title='bbox 1719 3492 2263 3575; x_wconf 74' lang='lat' dir='ltr'><strong><em>quemadmodum</em></strong></span> 
     </span>
     <span class='ocr_line' id='line_1_36' title="bbox 307 3577 2264 3662; baseline 0 -21"><span class='ocrx_word' id='word_1_271' title='bbox 307 3599 401 3647; x_wconf 82' lang='lat' dir='ltr'><strong><em>ex</em></strong></span> <span class='ocrx_word' id='word_1_272' title='bbox 437 3577 666 3641; x_wconf 87' lang='lat' dir='ltr'><strong><em>multis</em></strong></span> <span class='ocrx_word' id='word_1_273' title='bbox 703 3596 927 3641; x_wconf 85' lang='lat' dir='ltr'><strong><em>sacrae</em></strong></span> <span class='ocrx_word' id='word_1_274' title='bbox 951 3577 1316 3660; x_wconf 74' lang='lat' dir='ltr'><strong><em>scripturae</em></strong></span> <span class='ocrx_word' id='word_1_275' title='bbox 1351 3578 1509 3644; x_wconf 89' lang='lat' dir='ltr'><strong><em>locis</em></strong></span> <span class='ocrx_word' id='word_1_276' title='bbox 1546 3590 1846 3662; x_wconf 86' lang='lat' dir='ltr'><strong><em>apparet:</em></strong></span> <span class='ocrx_word' id='word_1_277' title='bbox 1891 3598 2264 3661; x_wconf 90' lang='lat' dir='ltr'><strong><em>quanquam</em></strong></span> 
     </span>
     <span class='ocr_line' id='line_1_37' title="bbox 306 3661 2266 3746; baseline -0.001 -17"><span class='ocrx_word' id='word_1_278' title='bbox 306 3663 648 3730; x_wconf 86' lang='lat' dir='ltr'><strong><em>adoranda</em></strong></span> <span class='ocrx_word' id='word_1_279' title='bbox 712 3674 869 3726; x_wconf 91' lang='lat' dir='ltr'><strong><em>sunt</em></strong></span> <span class='ocrx_word' id='word_1_280' title='bbox 935 3661 1061 3728; x_wconf 90' lang='lat' dir='ltr'><strong><em>Dei</em></strong></span> <span class='ocrx_word' id='word_1_281' title='bbox 1132 3662 1401 3741; x_wconf 88' lang='lat' dir='ltr'><strong><em>iudicia,</em></strong></span> <span class='ocrx_word' id='word_1_282' title='bbox 1469 3684 1670 3746; x_wconf 91' lang='lat' dir='ltr'><strong><em>quum</em></strong></span> <span class='ocrx_word' id='word_1_283' title='bbox 1738 3684 1968 3729; x_wconf 90' lang='lat' dir='ltr'><strong><em>omnes</em></strong></span> <span class='ocrx_word' id='word_1_284' title='bbox 2034 3684 2266 3729; x_wconf 88' lang='lat' dir='ltr'><strong><em>sensus</em></strong></span> 
     </span>
     <span class='ocr_line' id='line_1_38' title="bbox 304 3747 2268 3829; baseline -0.001 -15"><span class='ocrx_word' id='word_1_285' title='bbox 304 3762 567 3815; x_wconf 88' lang='lat' dir='ltr'><strong><em>nostros</em></strong></span> <span class='ocrx_word' id='word_1_286' title='bbox 612 3758 949 3829; x_wconf 88' lang='lat' dir='ltr'><strong><em>superant.</em></strong></span> <span class='ocrx_word' id='word_1_287' title='bbox 1053 3747 1224 3812; x_wconf 91' lang='lat' dir='ltr'><strong><em>Nam</em></strong></span> <span class='ocrx_word' id='word_1_288' title='bbox 1284 3748 1342 3812; x_wconf 91' lang='lat' dir='ltr'><strong><em>si</em></strong></span> <span class='ocrx_word' id='word_1_289' title='bbox 1401 3768 1549 3813; x_wconf 90' lang='lat' dir='ltr'><strong><em>eum</em></strong></span> <span class='ocrx_word' id='word_1_290' title='bbox 1586 3748 1735 3813; x_wconf 93' lang='lat' dir='ltr'><strong><em>Deo</em></strong></span> <span class='ocrx_word' id='word_1_291' title='bbox 1794 3750 2136 3827; x_wconf 86' lang='lat' dir='ltr'><strong><em>altercari,</em></strong></span> <span class='ocrx_word' id='word_1_292' title='bbox 2198 3759 2268 3813; x_wconf 91' lang='lat' dir='ltr'><strong><em>et</em></strong></span> 
     </span>
     <span class='ocr_line' id='line_1_39' title="bbox 305 3833 2267 3916; baseline -0.002 -16"><span class='ocrx_word' id='word_1_293' title='bbox 305 3833 576 3900; x_wconf 85' lang='lat' dir='ltr'><strong><em>tandem</em></strong></span> <span class='ocrx_word' id='word_1_294' title='bbox 623 3856 705 3896; x_wconf 84' lang='lat' dir='ltr'><strong><em>ex</em></strong></span> <span class='ocrx_word' id='word_1_295' title='bbox 754 3834 959 3898; x_wconf 91' lang='lat' dir='ltr'><strong><em>nostri</em></strong></span> <span class='ocrx_word' id='word_1_296' title='bbox 1004 3855 1237 3899; x_wconf 91' lang='lat' dir='ltr'><strong><em>sensus</em></strong></span> <span class='ocrx_word' id='word_1_297' title='bbox 1295 3846 1492 3915; x_wconf 84' lang='lat' dir='ltr'><strong><em>captu</em></strong></span> <span class='ocrx_word' id='word_1_298' title='bbox 1540 3835 1967 3916; x_wconf 88' lang='lat' dir='ltr'><strong><em>pronuntiare</em></strong></span> <span class='ocrx_word' id='word_1_299' title='bbox 2012 3834 2093 3899; x_wconf 91' lang='lat' dir='ltr'><strong><em>de</em></strong></span> <span class='ocrx_word' id='word_1_300' title='bbox 2138 3834 2267 3899; x_wconf 93' lang='lat' dir='ltr'><strong><em>Dei</em></strong></span> 
     </span>
     <span class='ocr_line' id='line_1_40' title="bbox 307 3917 2268 4002; baseline -0.002 -16"><span class='ocrx_word' id='word_1_301' title='bbox 307 3918 571 3986; x_wconf 88' lang='lat' dir='ltr'><strong><em>iudiciis</em></strong></span> <span class='ocrx_word' id='word_1_302' title='bbox 609 3917 951 4002; x_wconf 81' lang='lat' dir='ltr'><strong><em>vellemus,</em></strong></span> <span class='ocrx_word' id='word_1_303' title='bbox 995 3932 1249 3983; x_wconf 89' lang='lat' dir='ltr'><strong><em>certum</em></strong></span> <span class='ocrx_word' id='word_1_304' title='bbox 1285 3931 1388 3982; x_wconf 90' lang='lat' dir='ltr'><strong><em>est</em></strong></span> <span class='ocrx_word' id='word_1_305' title='bbox 1417 3920 1542 3984; x_wconf 90' lang='lat' dir='ltr'><strong><em>Dei</em></strong></span> <span class='ocrx_word' id='word_1_306' title='bbox 1585 3918 1829 3985; x_wconf 89' lang='lat' dir='ltr'><strong><em>iudicia</em></strong></span> <span class='ocrx_word' id='word_1_307' title='bbox 1870 3919 2057 3984; x_wconf 91' lang='lat' dir='ltr'><strong><em>nobis</em></strong></span> <span class='ocrx_word' id='word_1_308' title='bbox 2090 3920 2268 3984; x_wconf 88' lang='lat' dir='ltr'><strong><em>mala</em></strong></span> 
     </span>
     <span class='ocr_line' id='line_1_41' title="bbox 309 4003 2268 4097; baseline -0.002 -25"><span class='ocrx_word' id='word_1_309' title='bbox 309 4018 380 4073; x_wconf 85' lang='lat' dir='ltr'><strong><em>et</em></strong></span> <span class='ocrx_word' id='word_1_310' title='bbox 434 4005 684 4097; x_wconf 71' lang='lat' dir='ltr'><strong><em>iniusta</em></strong></span> <span class='ocrx_word' id='word_1_311' title='bbox 744 4004 961 4068; x_wconf 87' lang='lat' dir='ltr'><strong><em>visum</em></strong></span> <span class='ocrx_word' id='word_1_312' title='bbox 1024 4005 1124 4082; x_wconf 87' lang='lat' dir='ltr'><strong><em>iri,</em></strong></span> <span class='ocrx_word' id='word_1_313' title='bbox 1181 4003 1352 4086; x_wconf 87' lang='lat' dir='ltr'><strong><em>quod</em></strong></span> <span class='ocrx_word' id='word_1_314' title='bbox 1411 4004 1529 4069; x_wconf 90' lang='lat' dir='ltr'><strong><em>illa</em></strong></span> <span class='ocrx_word' id='word_1_315' title='bbox 1572 4008 1707 4069; x_wconf 86' lang='lat' dir='ltr'><strong><em>sint</em></strong></span> <span class='ocrx_word' id='word_1_316' title='bbox 1751 4005 1939 4070; x_wconf 90' lang='lat' dir='ltr'><strong><em>nobis</em></strong></span> <span class='ocrx_word' id='word_1_317' title='bbox 1985 4024 2156 4069; x_wconf 88' lang='lat' dir='ltr'><strong><em>nova</em></strong></span> <span class='ocrx_word' id='word_1_318' title='bbox 2199 4014 2268 4068; x_wconf 85' lang='lat' dir='ltr'><strong><em>et</em></strong></span> 
     </span>
     <span class='ocr_line' id='line_1_42' title="bbox 308 4087 2267 4157; baseline -0.002 0"><span class='ocrx_word' id='word_1_319' title='bbox 308 4091 685 4157; x_wconf 87' lang='lat' dir='ltr'><strong><em>insolentia.</em></strong></span> <span class='ocrx_word' id='word_1_320' title='bbox 733 4087 866 4154; x_wconf 81' lang='lat' dir='ltr'><strong><em>Sed</em></strong></span> <span class='ocrx_word' id='word_1_321' title='bbox 890 4092 1104 4154; x_wconf 86' lang='lat' dir='ltr'><strong><em>sobrie</em></strong></span> <span class='ocrx_word' id='word_1_322' title='bbox 1128 4100 1196 4153; x_wconf 88' lang='lat' dir='ltr'><strong><em>et</em></strong></span> <span class='ocrx_word' id='word_1_323' title='bbox 1223 4089 1513 4155; x_wconf 86' lang='lat' dir='ltr'><strong><em>modeste</em></strong></span> <span class='ocrx_word' id='word_1_324' title='bbox 1552 4090 1632 4155; x_wconf 92' lang='lat' dir='ltr'><strong><em>de</em></strong></span> <span class='ocrx_word' id='word_1_325' title='bbox 1667 4091 1809 4156; x_wconf 85' lang='lat' dir='ltr'><strong><em>istis</em></strong></span> <span class='ocrx_word' id='word_1_326' title='bbox 1844 4088 2267 4155; x_wconf 87' lang='lat' dir='ltr'><strong><em>iudicandum</em></strong></span> 
     </span>
     <span class='ocr_line' id='line_1_43' title="bbox 310 4175 2269 4259; baseline -0.003 -14"><span class='ocrx_word' id='word_1_327' title='bbox 310 4189 434 4252; x_wconf 86' lang='lat' dir='ltr'><strong><em>est,</em></strong></span> <span class='ocrx_word' id='word_1_328' title='bbox 495 4191 564 4240; x_wconf 91' lang='lat' dir='ltr'><strong><em>et</em></strong></span> <span class='ocrx_word' id='word_1_329' title='bbox 620 4176 1109 4258; x_wconf 85' lang='lat' dir='ltr'><strong><em>agnoscendum</em></strong></span> <span class='ocrx_word' id='word_1_330' title='bbox 1158 4175 1375 4240; x_wconf 90' lang='lat' dir='ltr'><strong><em>Deum</em></strong></span> <span class='ocrx_word' id='word_1_331' title='bbox 1433 4175 1678 4242; x_wconf 88' lang='lat' dir='ltr'><strong><em>iudicia</em></strong></span> <span class='ocrx_word' id='word_1_332' title='bbox 1720 4197 1844 4241; x_wconf 86' lang='lat' dir='ltr'><strong><em>sua</em></strong></span> <span class='ocrx_word' id='word_1_333' title='bbox 1887 4175 2269 4259; x_wconf 83' lang='lat' dir='ltr'><strong><em>dispensare</em></strong></span> 
     </span>
     <span class='ocr_line' id='line_1_44' title="bbox 312 4260 2269 4349; baseline -0.002 -22"><span class='ocrx_word' id='word_1_334' title='bbox 312 4261 600 4349; x_wconf 84' lang='lat' dir='ltr'><strong><em>quadam</em></strong></span> <span class='ocrx_word' id='word_1_335' title='bbox 658 4260 1046 4326; x_wconf 84' lang='lat' dir='ltr'><strong><em>admiranda</em></strong></span> <span class='ocrx_word' id='word_1_336' title='bbox 1105 4261 1376 4335; x_wconf 86' lang='lat' dir='ltr'><strong><em>ratione,</em></strong></span> <span class='ocrx_word' id='word_1_337' title='bbox 1438 4261 1599 4327; x_wconf 88' lang='lat' dir='ltr'><strong><em>adeo</em></strong></span> <span class='ocrx_word' id='word_1_338' title='bbox 1642 4260 1905 4344; x_wconf 89' lang='lat' dir='ltr'><strong><em>quidem</em></strong></span> <span class='ocrx_word' id='word_1_339' title='bbox 1953 4273 2027 4326; x_wconf 92' lang='lat' dir='ltr'><strong><em>ut</em></strong></span> <span class='ocrx_word' id='word_1_340' title='bbox 2070 4262 2269 4325; x_wconf 89' lang='lat' dir='ltr'><strong><em>unius</em></strong></span> 
     </span>
     <span class='ocr_line' id='line_1_45' title="bbox 314 4345 2268 4435; baseline -0.002 -22"><span class='ocrx_word' id='word_1_341' title='bbox 314 4357 654 4435; x_wconf 80' lang='lat' dir='ltr'><strong><em>peccatum</em></strong></span> <span class='ocrx_word' id='word_1_342' title='bbox 699 4346 1003 4430; x_wconf 87' lang='lat' dir='ltr'><strong><em>puniens,</em></strong></span> <span class='ocrx_word' id='word_1_343' title='bbox 1048 4345 1255 4410; x_wconf 90' lang='lat' dir='ltr'><strong><em>multa</em></strong></span> <span class='ocrx_word' id='word_1_344' title='bbox 1298 4346 1497 4411; x_wconf 89' lang='lat' dir='ltr'><strong><em>simul</em></strong></span> <span class='ocrx_word' id='word_1_345' title='bbox 1522 4347 1771 4430; x_wconf 87' lang='lat' dir='ltr'><strong><em>puniat.</em></strong></span> <span class='ocrx_word' id='word_1_346' title='bbox 1834 4346 1949 4413; x_wconf 81' lang='lat' dir='ltr'><strong><em>Sic</em></strong></span> <span class='ocrx_word' id='word_1_347' title='bbox 1984 4346 2268 4429; x_wconf 86' lang='lat' dir='ltr'><strong><em>exempli</em></strong></span> 
     </span>
     <span class='ocr_line' id='line_1_46' title="bbox 313 4430 2268 4518; baseline -0.002 -22"><span class='ocrx_word' id='word_1_348' title='bbox 313 4434 552 4518; x_wconf 82' lang='lat' dir='ltr'><strong><em>gratia,</em></strong></span> <span class='ocrx_word' id='word_1_349' title='bbox 594 4431 879 4497; x_wconf 86' lang='lat' dir='ltr'><strong><em>Davidis</em></strong></span> <span class='ocrx_word' id='word_1_350' title='bbox 924 4432 1005 4497; x_wconf 88' lang='lat' dir='ltr'><strong><em>ob</em></strong></span> <span class='ocrx_word' id='word_1_351' title='bbox 1052 4430 1331 4513; x_wconf 90' lang='lat' dir='ltr'><strong><em>culpam,</em></strong></span> <span class='ocrx_word' id='word_1_352' title='bbox 1382 4433 1552 4514; x_wconf 90' lang='lat' dir='ltr'><strong><em>quod</em></strong></span> <span class='ocrx_word' id='word_1_353' title='bbox 1596 4433 1916 4515; x_wconf 90' lang='lat' dir='ltr'><strong><em>populum</em></strong></span> <span class='ocrx_word' id='word_1_354' title='bbox 1961 4432 2268 4499; x_wconf 78' lang='lat' dir='ltr'><strong><em>israeliti-</em></strong></span> 
     </span>
     <span class='ocr_line' id='line_1_47' title="bbox 311 4517 2272 4599; baseline -0.002 -14"><span class='ocrx_word' id='word_1_355' title='bbox 311 4540 467 4586; x_wconf 88' lang='lat' dir='ltr'><strong><em>cum</em></strong></span> <span class='ocrx_word' id='word_1_356' title='bbox 530 4518 1012 4599; x_wconf 81' lang='lat' dir='ltr'><strong><em>perlustrasset,</em></strong></span> <span class='ocrx_word' id='word_1_357' title='bbox 1073 4528 1141 4583; x_wconf 86' lang='lat' dir='ltr'><strong><em>et</em></strong></span> <span class='ocrx_word' id='word_1_358' title='bbox 1200 4518 1657 4594; x_wconf 83' lang='lat' dir='ltr'><strong><em>recensuisset,</em></strong></span> <span class='ocrx_word' id='word_1_359' title='bbox 1714 4517 2043 4582; x_wconf 87' lang='lat' dir='ltr'><strong><em>horrenda</em></strong></span> <span class='ocrx_word' id='word_1_360' title='bbox 2090 4528 2272 4599; x_wconf 86' lang='lat' dir='ltr'><strong><em>peste</em></strong></span> 
     </span>
     <span class='ocr_line' id='line_1_48' title="bbox 312 4601 2271 4686; baseline -0.002 -16"><span class='ocrx_word' id='word_1_361' title='bbox 312 4614 414 4670; x_wconf 84' lang='lat' dir='ltr'><strong><em>tot</em></strong></span> <span class='ocrx_word' id='word_1_362' title='bbox 459 4603 798 4668; x_wconf 89' lang='lat' dir='ltr'><strong><em>hominum</em></strong></span> <span class='ocrx_word' id='word_1_363' title='bbox 844 4603 1053 4667; x_wconf 89' lang='lat' dir='ltr'><strong><em>millia</em></strong></span> <span class='ocrx_word' id='word_1_364' title='bbox 1096 4614 1255 4667; x_wconf 89' lang='lat' dir='ltr'><strong><em>sunt</em></strong></span> <span class='ocrx_word' id='word_1_365' title='bbox 1299 4604 1669 4686; x_wconf 82' lang='lat' dir='ltr'><strong><em>absumpta.</em></strong></span> <span class='ocrx_word' id='word_1_366' title='bbox 1712 4601 1883 4684; x_wconf 80' lang='lat' dir='ltr'><strong><em>Quis</em></strong></span> <span class='ocrx_word' id='word_1_367' title='bbox 1922 4604 2096 4667; x_wconf 90' lang='lat' dir='ltr'><strong><em>enim</em></strong></span> <span class='ocrx_word' id='word_1_368' title='bbox 2139 4623 2271 4667; x_wconf 92' lang='lat' dir='ltr'><strong><em>non</em></strong></span> 
     </span>
     <span class='ocr_line' id='line_1_49' title="bbox 315 4688 2270 4770; baseline -0.001 -15"><span class='ocrx_word' id='word_1_369' title='bbox 315 4691 655 4757; x_wconf 82' lang='lat' dir='ltr'><strong><em>existimet</em></strong></span> <span class='ocrx_word' id='word_1_370' title='bbox 692 4689 986 4770; x_wconf 88' lang='lat' dir='ltr'><strong><em>iniquum</em></strong></span> <span class='ocrx_word' id='word_1_371' title='bbox 1032 4709 1195 4766; x_wconf 90' lang='lat' dir='ltr'><strong><em>esse,</em></strong></span> <span class='ocrx_word' id='word_1_372' title='bbox 1238 4702 1514 4770; x_wconf 88' lang='lat' dir='ltr'><strong><em>propter</em></strong></span> <span class='ocrx_word' id='word_1_373' title='bbox 1559 4690 1757 4754; x_wconf 89' lang='lat' dir='ltr'><strong><em>unius</em></strong></span> <span class='ocrx_word' id='word_1_374' title='bbox 1796 4688 2088 4753; x_wconf 91' lang='lat' dir='ltr'><strong><em>hominis</em></strong></span> <span class='ocrx_word' id='word_1_375' title='bbox 2132 4709 2270 4753; x_wconf 88' lang='lat' dir='ltr'><strong><em>am·</em></strong></span> 
     </span>
     <span class='ocr_line' id='line_1_50' title="bbox 317 4772 2272 4858; baseline -0.002 -17"><span class='ocrx_word' id='word_1_376' title='bbox 317 4776 633 4841; x_wconf 89' lang='lat' dir='ltr'><strong><em>bitionem</em></strong></span> <span class='ocrx_word' id='word_1_377' title='bbox 668 4786 736 4838; x_wconf 91' lang='lat' dir='ltr'><strong><em>et</em></strong></span> <span class='ocrx_word' id='word_1_378' title='bbox 783 4775 1501 4855; x_wconf 64' lang='lat' dir='ltr'><strong><em>vanitatempopulum</em></strong></span> <span class='ocrx_word' id='word_1_379' title='bbox 1549 4795 1796 4858; x_wconf 87' lang='lat' dir='ltr'><strong><em>poenas</em></strong></span> <span class='ocrx_word' id='word_1_380' title='bbox 1839 4772 2067 4839; x_wconf 79' lang='lat' dir='ltr'><strong><em>luere?</em></strong></span> <span class='ocrx_word' id='word_1_381' title='bbox 2138 4772 2272 4841; x_wconf 83' lang='lat' dir='ltr'><strong><em>Sed</em></strong></span> 
     </span>
     <span class='ocr_line' id='line_1_51' title="bbox 316 4858 2271 4943; baseline -0.002 -17"><span class='ocrx_word' id='word_1_382' title='bbox 316 4861 504 4926; x_wconf 90' lang='lat' dir='ltr'><strong><em>Deus</em></strong></span> <span class='ocrx_word' id='word_1_383' title='bbox 529 4860 814 4927; x_wconf 87' lang='lat' dir='ltr'><strong><em>habebat</em></strong></span> <span class='ocrx_word' id='word_1_384' title='bbox 834 4881 987 4924; x_wconf 87' lang='lat' dir='ltr'><strong><em>suas</em></strong></span> <span class='ocrx_word' id='word_1_385' title='bbox 1024 4878 1258 4923; x_wconf 89' lang='lat' dir='ltr'><strong><em>causas</em></strong></span> <span class='ocrx_word' id='word_1_386' title='bbox 1292 4858 1659 4943; x_wconf 85' lang='lat' dir='ltr'><strong><em>castigandi</em></strong></span> <span class='ocrx_word' id='word_1_387' title='bbox 1705 4858 2023 4942; x_wconf 88' lang='lat' dir='ltr'><strong><em>populum</em></strong></span> <span class='ocrx_word' id='word_1_388' title='bbox 2058 4880 2271 4936; x_wconf 89' lang='lat' dir='ltr'><strong><em>suum,</em></strong></span> 
     </span>
    </p>

    <p class='ocr_par' dir='ltr' id='par_1_5' title="bbox 312 4943 2274 5112">
     <span class='ocr_line' id='line_1_52' title="bbox 362 4943 2274 5030; baseline -0.002 -19"><span class='ocrx_word' id='word_1_389' title='bbox 362 4960 584 5030; x_wconf 91' lang='lat' dir='ltr'><strong><em>ropter</em></strong></span> <span class='ocrx_word' id='word_1_390' title='bbox 642 4945 1100 5029; x_wconf 82' lang='lat' dir='ltr'><strong><em>praecedentia</em></strong></span> <span class='ocrx_word' id='word_1_391' title='bbox 1159 4943 1387 5023; x_wconf 89' lang='lat' dir='ltr'><strong><em>multa,</em></strong></span> <span class='ocrx_word' id='word_1_392' title='bbox 1445 4964 1614 5026; x_wconf 89' lang='lat' dir='ltr'><strong><em>quae</em></strong></span> <span class='ocrx_word' id='word_1_393' title='bbox 1656 4944 1853 5009; x_wconf 77' lang='lat' dir='ltr'><strong><em>simul</em></strong></span> <span class='ocrx_word' id='word_1_394' title='bbox 1898 4946 2080 5011; x_wconf 83' lang='lat' dir='ltr'><strong><em>Deus</em></strong></span> <span class='ocrx_word' id='word_1_395' title='bbox 2125 4965 2274 5009; x_wconf 89' lang='lat' dir='ltr'><strong><em>cum</em></strong></span> 
     </span>
     <span class='ocr_line' id='line_1_53' title="bbox 312 4969 2271 5112; baseline -0.003 -15"><span class='ocrx_word' id='word_1_396' title='bbox 312 4969 603 5098; x_wconf 52' lang='lat' dir='ltr'><strong><em>{nvidis</em></strong></span> <span class='ocrx_word' id='word_1_397' title='bbox 648 5031 845 5112; x_wconf 86' lang='lat' dir='ltr'><strong><em>culpa</em></strong></span> <span class='ocrx_word' id='word_1_398' title='bbox 893 5026 1099 5094; x_wconf 88' lang='lat' dir='ltr'><strong><em>voluit</em></strong></span> <span class='ocrx_word' id='word_1_399' title='bbox 1144 5029 1399 5110; x_wconf 89' lang='lat' dir='ltr'><strong><em>punire.</em></strong></span> <span class='ocrx_word' id='word_1_400' title='bbox 1478 5028 1732 5096; x_wconf 84' lang='lat' dir='ltr'><strong><em>Idcirco</em></strong></span> <span class='ocrx_word' id='word_1_401' title='bbox 1778 5028 2019 5096; x_wconf 88' lang='lat' dir='ltr'><strong><em>dicitur</em></strong></span> <span class='ocrx_word' id='word_1_402' title='bbox 2063 5028 2271 5095; x_wconf 81' lang='lat' dir='ltr'><strong><em>Satan</em></strong></span> 
     </span>
    </p>
   </div>
   <div class='ocr_carea' id='block_1_5' title="bbox 1562 311 3081 383">
    <p class='ocr_par' dir='ltr' id='par_1_6' title="bbox 1562 311 3081 383">
     <span class='ocr_line' id='line_1_54' title="bbox 1562 311 3081 383; baseline -0.003 -3"><span class='ocrx_word' id='word_1_403' title='bbox 1562 315 1659 380; x_wconf 91' lang='lat' dir='ltr'><strong><em>IN</em></strong></span> <span class='ocrx_word' id='word_1_404' title='bbox 1708 315 1763 381; x_wconf 86' lang='lat'><strong><em>1.</em></strong></span> <span class='ocrx_word' id='word_1_405' title='bbox 1808 314 1992 381; x_wconf 84' lang='lat' dir='ltr'>LIB.</span> <span class='ocrx_word' id='word_1_406' title='bbox 2034 313 2439 383; x_wconf 77' lang='lat' dir='ltr'><strong>SAMUEL.</strong></span> <span class='ocrx_word' id='word_1_407' title='bbox 2489 314 2691 383; x_wconf 80' lang='lat' dir='ltr'>CAP.</span> <span class='ocrx_word' id='word_1_408' title='bbox 2737 311 3081 378; x_wconf 85' lang='lat' dir='ltr'>XXVIII.</span> 
     </span>
    </p>
   </div>
   <div class='ocr_carea' id='block_1_6' title="bbox 4201 311 4335 378">
    <p class='ocr_par' dir='ltr' id='par_1_7' title="bbox 4201 311 4335 378">
     <span class='ocr_line' id='line_1_55' title="bbox 4201 311 4335 378; baseline -0.015 1"><span class='ocrx_word' id='word_1_409' title='bbox 4201 311 4335 378; x_wconf 86' lang='grc'><strong><em>662</em></strong></span> 
     </span>
    </p>
   </div>
   <div class='ocr_carea' id='block_1_7' title="bbox 2368 496 4332 2719">
    <p class='ocr_par' dir='ltr' id='par_1_8' title="bbox 2368 496 4332 2719">
     <span class='ocr_line' id='line_1_56' title="bbox 2373 496 4332 585; baseline -0.003 -17"><span class='ocrx_word' id='word_1_410' title='bbox 2373 502 2458 568; x_wconf 88' lang='lat' dir='ltr'><strong><em>ab</em></strong></span> <span class='ocrx_word' id='word_1_411' title='bbox 2501 502 2615 567; x_wconf 90' lang='lat' dir='ltr'><strong><em>illc</em></strong></span> <span class='ocrx_word' id='word_1_412' title='bbox 2662 514 2954 585; x_wconf 89' lang='lat' dir='ltr'><strong><em>repetere</em></strong></span> <span class='ocrx_word' id='word_1_413' title='bbox 3000 496 3217 564; x_wconf 86' lang='lat' dir='ltr'><strong><em>vellet.</em></strong></span> <span class='ocrx_word' id='word_1_414' title='bbox 3272 497 3373 563; x_wconf 92' lang='lat' dir='ltr'><strong><em>Ac</em></strong></span> <span class='ocrx_word' id='word_1_415' title='bbox 3415 518 3577 562; x_wconf 91' lang='lat' dir='ltr'><strong><em>sane</em></strong></span> <span class='ocrx_word' id='word_1_416' title='bbox 3620 517 3821 580; x_wconf 89' lang='lat' dir='ltr'><strong><em>quum</em></strong></span> <span class='ocrx_word' id='word_1_417' title='bbox 3867 498 4056 563; x_wconf 90' lang='lat' dir='ltr'><strong><em>Deus</em></strong></span> <span class='ocrx_word' id='word_1_418' title='bbox 4097 499 4332 582; x_wconf 80' lang='lat' dir='ltr'><strong><em>implet</em></strong></span> 
     </span>
     <span class='ocr_line' id='line_1_57' title="bbox 2372 585 4328 670; baseline -0.001 -18"><span class='ocrx_word' id='word_1_419' title='bbox 2372 587 2542 670; x_wconf 90' lang='lat' dir='ltr'><strong><em>qnod</em></strong></span> <span class='ocrx_word' id='word_1_420' title='bbox 2603 609 2718 670; x_wconf 91' lang='lat' dir='ltr'><strong><em>per</em></strong></span> <span class='ocrx_word' id='word_1_421' title='bbox 2777 588 2987 670; x_wconf 84' lang='lat' dir='ltr'><strong><em>legem</em></strong></span> <span class='ocrx_word' id='word_1_422' title='bbox 3048 585 3343 648; x_wconf 90' lang='lat' dir='ltr'><strong><em>minatus</em></strong></span> <span class='ocrx_word' id='word_1_423' title='bbox 3387 593 3509 666; x_wconf 87' lang='lat' dir='ltr'><strong><em>est,</em></strong></span> <span class='ocrx_word' id='word_1_424' title='bbox 3567 603 3804 667; x_wconf 89' lang='lat' dir='ltr'><strong><em>nempe</em></strong></span> <span class='ocrx_word' id='word_1_425' title='bbox 3845 604 3919 650; x_wconf 89' lang='lat' dir='ltr'><strong><em>se</em></strong></span> <span class='ocrx_word' id='word_1_426' title='bbox 3962 594 4211 667; x_wconf 87' lang='lat' dir='ltr'><strong><em>pestem</em></strong></span> <span class='ocrx_word' id='word_1_427' title='bbox 4258 587 4328 650; x_wconf 89' lang='lat' dir='ltr'><strong><em>in</em></strong></span> 
     </span>
     <span class='ocr_line' id='line_1_58' title="bbox 2372 669 4328 756; baseline -0.002 -19"><span class='ocrx_word' id='word_1_428' title='bbox 2372 674 2545 739; x_wconf 90' lang='lat' dir='ltr'><strong><em>filios</em></strong></span> <span class='ocrx_word' id='word_1_429' title='bbox 2625 684 2894 756; x_wconf 87' lang='lat' dir='ltr'><strong><em>propter</em></strong></span> <span class='ocrx_word' id='word_1_430' title='bbox 2958 680 3307 753; x_wconf 88' lang='lat' dir='ltr'><strong><em>parentum</em></strong></span> <span class='ocrx_word' id='word_1_431' title='bbox 3373 669 3785 750; x_wconf 86' lang='lat' dir='ltr'><strong><em>iniquitatem</em></strong></span> <span class='ocrx_word' id='word_1_432' title='bbox 3853 670 4328 750; x_wconf 86' lang='lat' dir='ltr'><strong><em>immissurum,</em></strong></span> 
     </span>
     <span class='ocr_line' id='line_1_59' title="bbox 2371 754 4324 841; baseline -0.002 -18"><span class='ocrx_word' id='word_1_433' title='bbox 2371 780 2585 841; x_wconf 88' lang='lat' dir='ltr'><strong><em>neque</em></strong></span> <span class='ocrx_word' id='word_1_434' title='bbox 2649 758 3046 836; x_wconf 88' lang='lat' dir='ltr'><strong><em>iniustitiae,</em></strong></span> <span class='ocrx_word' id='word_1_435' title='bbox 3126 775 3342 837; x_wconf 90' lang='lat' dir='ltr'><strong><em>neque</em></strong></span> <span class='ocrx_word' id='word_1_436' title='bbox 3406 754 3812 820; x_wconf 82' lang='lat' dir='ltr'><strong><em>crudelitatis</em></strong></span> <span class='ocrx_word' id='word_1_437' title='bbox 3889 775 3932 818; x_wconf 86' lang='lat' dir='ltr'><strong><em>a</em></strong></span> <span class='ocrx_word' id='word_1_438' title='bbox 3996 775 4324 837; x_wconf 88' lang='lat' dir='ltr'><strong><em>quoquam</em></strong></span> 
     </span>
     <span class='ocr_line' id='line_1_60' title="bbox 2370 839 4327 925; baseline -0.002 -16"><span class='ocrx_word' id='word_1_439' title='bbox 2370 845 2663 910; x_wconf 89' lang='lat' dir='ltr'><strong><em>accusari</em></strong></span> <span class='ocrx_word' id='word_1_440' title='bbox 2712 854 2940 925; x_wconf 86' lang='lat' dir='ltr'><strong><em>potest.</em></strong></span> <span class='ocrx_word' id='word_1_441' title='bbox 3031 840 3133 905; x_wconf 89' lang='lat' dir='ltr'><strong><em>Ac</em></strong></span> <span class='ocrx_word' id='word_1_442' title='bbox 3176 841 3233 905; x_wconf 89' lang='lat' dir='ltr'><strong><em>si</em></strong></span> <span class='ocrx_word' id='word_1_443' title='bbox 3279 840 3425 923; x_wconf 89' lang='lat' dir='ltr'><strong><em>quis</em></strong></span> <span class='ocrx_word' id='word_1_444' title='bbox 3469 839 3707 905; x_wconf 85' lang='lat' dir='ltr'><strong><em>audeat</em></strong></span> <span class='ocrx_word' id='word_1_445' title='bbox 3745 840 3870 921; x_wconf 91' lang='lat' dir='ltr'><strong><em>ipsi</em></strong></span> <span class='ocrx_word' id='word_1_446' title='bbox 3916 840 4202 923; x_wconf 87' lang='lat' dir='ltr'><strong><em>obloqui,</em></strong></span> <span class='ocrx_word' id='word_1_447' title='bbox 4257 848 4327 906; x_wconf 83' lang='lat' dir='ltr'><strong><em>et</em></strong></span> 
     </span>
     <span class='ocr_line' id='line_1_61' title="bbox 2372 924 4326 1010; baseline -0.002 -16"><span class='ocrx_word' id='word_1_448' title='bbox 2372 929 2689 995; x_wconf 88' lang='lat' dir='ltr'><strong><em>adversus</em></strong></span> <span class='ocrx_word' id='word_1_449' title='bbox 2748 930 2964 1010; x_wconf 90' lang='lat' dir='ltr'><strong><em>ipsum</em></strong></span> <span class='ocrx_word' id='word_1_450' title='bbox 3026 926 3211 990; x_wconf 87' lang='lat' dir='ltr'><strong><em>litem</em></strong></span> <span class='ocrx_word' id='word_1_451' title='bbox 3266 925 3612 1002; x_wconf 86' lang='lat' dir='ltr'><strong><em>intentare,</em></strong></span> <span class='ocrx_word' id='word_1_452' title='bbox 3671 926 3832 990; x_wconf 86' lang='lat' dir='ltr'><strong><em>satis</em></strong></span> <span class='ocrx_word' id='word_1_453' title='bbox 3895 924 4092 989; x_wconf 87' lang='lat' dir='ltr'><strong><em>habet</em></strong></span> <span class='ocrx_word' id='word_1_454' title='bbox 4141 936 4326 1007; x_wconf 86' lang='lat' dir='ltr'><strong><em>pote·</em></strong></span> 
     </span>
     <span class='ocr_line' id='line_1_62' title="bbox 2369 1010 4329 1079; baseline -0.001 -2"><span class='ocrx_word' id='word_1_455' title='bbox 2369 1015 2563 1079; x_wconf 87' lang='lat' dir='ltr'><strong><em>statis</em></strong></span> <span class='ocrx_word' id='word_1_456' title='bbox 2586 1027 2652 1079; x_wconf 90' lang='lat' dir='ltr'><strong><em>et</em></strong></span> <span class='ocrx_word' id='word_1_457' title='bbox 2675 1013 3042 1079; x_wconf 75' lang='lat' dir='ltr'><strong><em>autoritatis</em></strong></span> <span class='ocrx_word' id='word_1_458' title='bbox 3077 1010 3160 1074; x_wconf 84' lang='lat' dir='ltr'><strong><em>ad</em></strong></span> <span class='ocrx_word' id='word_1_459' title='bbox 3205 1011 3524 1076; x_wconf 82' lang='lat' dir='ltr'><strong><em>factorum</em></strong></span> <span class='ocrx_word' id='word_1_460' title='bbox 3571 1030 3844 1075; x_wconf 90' lang='lat' dir='ltr'><strong><em>suorum</em></strong></span> <span class='ocrx_word' id='word_1_461' title='bbox 3892 1011 4212 1075; x_wconf 87' lang='lat' dir='ltr'><strong><em>iustitiam</em></strong></span> <span class='ocrx_word' id='word_1_462' title='bbox 4256 1018 4329 1076; x_wconf 81' lang='lat' dir='ltr'><strong><em>et</em></strong></span> 
     </span>
     <span class='ocr_line' id='line_1_63' title="bbox 2370 1095 4325 1182; baseline -0.002 -17"><span class='ocrx_word' id='word_1_463' title='bbox 2370 1101 2769 1182; x_wconf 86' lang='lat' dir='ltr'><strong><em>aequitatem</em></strong></span> <span class='ocrx_word' id='word_1_464' title='bbox 2813 1099 3235 1182; x_wconf 85' lang='lat' dir='ltr'><strong><em>probandam.</em></strong></span> <span class='ocrx_word' id='word_1_465' title='bbox 3282 1097 3583 1178; x_wconf 87' lang='lat' dir='ltr'><strong><em>Denique</em></strong></span> <span class='ocrx_word' id='word_1_466' title='bbox 3630 1096 3771 1160; x_wconf 90' lang='lat' dir='ltr'><strong><em>Deo</em></strong></span> <span class='ocrx_word' id='word_1_467' title='bbox 3817 1096 4128 1178; x_wconf 86' lang='lat' dir='ltr'><strong><em>populum</em></strong></span> <span class='ocrx_word' id='word_1_468' title='bbox 4175 1095 4325 1161; x_wconf 88' lang='lat' dir='ltr'><strong><em>uni·</em></strong></span> 
     </span>
     <span class='ocr_line' id='line_1_64' title="bbox 2369 1180 4326 1268; baseline -0.002 -18"><span class='ocrx_word' id='word_1_469' title='bbox 2369 1205 2645 1250; x_wconf 87' lang='lat' dir='ltr'><strong><em>versum</em></strong></span> <span class='ocrx_word' id='word_1_470' title='bbox 2671 1186 2985 1268; x_wconf 83' lang='lat' dir='ltr'><strong><em>puniente</em></strong></span> <span class='ocrx_word' id='word_1_471' title='bbox 3008 1202 3130 1267; x_wconf 87' lang='lat' dir='ltr'><strong><em>pro</em></strong></span> <span class='ocrx_word' id='word_1_472' title='bbox 3168 1182 3694 1246; x_wconf 89' lang='lat' dir='ltr'><strong><em>unius-hominis</em></strong></span> <span class='ocrx_word' id='word_1_473' title='bbox 3737 1180 3995 1263; x_wconf 87' lang='lat' dir='ltr'><strong><em>delicto,</em></strong></span> <span class='ocrx_word' id='word_1_474' title='bbox 4041 1183 4326 1247; x_wconf 88' lang='lat' dir='ltr'><strong><em>sciamus</em></strong></span> 
     </span>
     <span class='ocr_line' id='line_1_65' title="bbox 2370 1266 4323 1348; baseline -0.002 -14"><span class='ocrx_word' id='word_1_475' title='bbox 2370 1272 2700 1334; x_wconf 91' lang='lat' dir='ltr'><strong><em>neminem</em></strong></span> <span class='ocrx_word' id='word_1_476' title='bbox 2764 1283 2898 1336; x_wconf 90' lang='lat' dir='ltr'><strong><em>tam</em></strong></span> <span class='ocrx_word' id='word_1_477' title='bbox 2957 1270 3374 1332; x_wconf 85' lang='lat' dir='ltr'><strong><em>innocentem</em></strong></span> <span class='ocrx_word' id='word_1_478' title='bbox 3434 1288 3611 1344; x_wconf 90' lang='lat' dir='ltr'><strong><em>esse,</em></strong></span> <span class='ocrx_word' id='word_1_479' title='bbox 3670 1266 3831 1348; x_wconf 88' lang='lat' dir='ltr'><strong><em>quin</em></strong></span> <span class='ocrx_word' id='word_1_480' title='bbox 3892 1268 3948 1330; x_wconf 92' lang='lat' dir='ltr'><strong><em>si</em></strong></span> <span class='ocrx_word' id='word_1_481' title='bbox 4009 1266 4196 1333; x_wconf 86' lang='lat' dir='ltr'><strong><em>Deus</em></strong></span> <span class='ocrx_word' id='word_1_482' title='bbox 4249 1268 4323 1331; x_wconf 91' lang='lat' dir='ltr'><strong><em>in</em></strong></span> 
     </span>
     <span class='ocr_line' id='line_1_66' title="bbox 2368 1351 4326 1434; baseline -0.003 -13"><span class='ocrx_word' id='word_1_483' title='bbox 2368 1357 2685 1421; x_wconf 89' lang='lat' dir='ltr'><strong><em>iudicium</em></strong></span> <span class='ocrx_word' id='word_1_484' title='bbox 2710 1357 2953 1434; x_wconf 86' lang='lat' dir='ltr'><strong><em>veniat,</em></strong></span> <span class='ocrx_word' id='word_1_485' title='bbox 2998 1355 3186 1418; x_wconf 80' lang='lat' dir='ltr'><strong><em>fateri</em></strong></span> <span class='ocrx_word' id='word_1_486' title='bbox 3210 1360 3482 1434; x_wconf 83' lang='lat' dir='ltr'><strong><em>cogatur</em></strong></span> <span class='ocrx_word' id='word_1_487' title='bbox 3516 1372 3587 1416; x_wconf 91' lang='lat' dir='ltr'><strong><em>se</em></strong></span> <span class='ocrx_word' id='word_1_488' title='bbox 3621 1352 3893 1416; x_wconf 86' lang='lat' dir='ltr'><strong><em>meritas</em></strong></span> <span class='ocrx_word' id='word_1_489' title='bbox 3937 1351 4326 1418; x_wconf 85' lang='lat' dir='ltr'><strong><em>delictorum</em></strong></span> 
     </span>
     <span class='ocr_line' id='line_1_67' title="bbox 2372 1436 4327 1524; baseline -0.002 -19"><span class='ocrx_word' id='word_1_490' title='bbox 2372 1463 2615 1524; x_wconf 87' lang='lat' dir='ltr'><strong><em>poenas</em></strong></span> <span class='ocrx_word' id='word_1_491' title='bbox 2660 1442 2838 1506; x_wconf 88' lang='lat' dir='ltr'><strong><em>dare.</em></strong></span> <span class='ocrx_word' id='word_1_492' title='bbox 2917 1440 3065 1505; x_wconf 87' lang='lat' dir='ltr'><strong><em>Hoc</em></strong></span> <span class='ocrx_word' id='word_1_493' title='bbox 3108 1439 3312 1521; x_wconf 88' lang='lat' dir='ltr'><strong><em>igitur</em></strong></span> <span class='ocrx_word' id='word_1_494' title='bbox 3355 1440 3419 1502; x_wconf 91' lang='lat' dir='ltr'><strong><em>in</em></strong></span> <span class='ocrx_word' id='word_1_495' title='bbox 3467 1439 3698 1520; x_wconf 90' lang='lat' dir='ltr'><strong><em>primis</em></strong></span> <span class='ocrx_word' id='word_1_496' title='bbox 3743 1438 4043 1502; x_wconf 83' lang='lat' dir='ltr'><strong><em>discunto</em></strong></span> <span class='ocrx_word' id='word_1_497' title='bbox 4087 1437 4198 1520; x_wconf 89' lang='lat' dir='ltr'><strong><em>qui</em></strong></span> <span class='ocrx_word' id='word_1_498' title='bbox 4243 1436 4327 1501; x_wconf 90' lang='lat' dir='ltr'><strong><em>ad</em></strong></span> 
     </span>
     <span class='ocr_line' id='line_1_68' title="bbox 2372 1521 4325 1609; baseline -0.003 -18"><span class='ocrx_word' id='word_1_499' title='bbox 2372 1548 2590 1593; x_wconf 88' lang='lat' dir='ltr'><strong><em>rerum</em></strong></span> <span class='ocrx_word' id='word_1_500' title='bbox 2618 1525 3067 1609; x_wconf 89' lang='lat' dir='ltr'><strong><em>gubernacula</em></strong></span> <span class='ocrx_word' id='word_1_501' title='bbox 3101 1525 3351 1603; x_wconf 86' lang='lat' dir='ltr'><strong><em>sedent,</em></strong></span> <span class='ocrx_word' id='word_1_502' title='bbox 3394 1523 3690 1605; x_wconf 85' lang='lat' dir='ltr'><strong><em>cogitare</em></strong></span> <span class='ocrx_word' id='word_1_503' title='bbox 3723 1523 3893 1587; x_wconf 88' lang='lat' dir='ltr'><strong><em>serio</em></strong></span> <span class='ocrx_word' id='word_1_504' title='bbox 3929 1521 4083 1606; x_wconf 91' lang='lat' dir='ltr'><strong><em>quid</em></strong></span> <span class='ocrx_word' id='word_1_505' title='bbox 4128 1521 4325 1588; x_wconf 86' lang='lat' dir='ltr'><strong><em>officii</em></strong></span> 
     </span>
     <span class='ocr_line' id='line_1_69' title="bbox 2371 1608 4323 1694; baseline -0.003 -17"><span class='ocrx_word' id='word_1_506' title='bbox 2371 1613 2474 1677; x_wconf 91' lang='lat' dir='ltr'><strong><em>sui</em></strong></span> <span class='ocrx_word' id='word_1_507' title='bbox 2520 1614 2690 1677; x_wconf 87' lang='lat' dir='ltr'><strong><em>ratio</em></strong></span> <span class='ocrx_word' id='word_1_508' title='bbox 2734 1611 3035 1694; x_wconf 83' lang='lat' dir='ltr'><strong><em>postulet,</em></strong></span> <span class='ocrx_word' id='word_1_509' title='bbox 3095 1620 3169 1674; x_wconf 90' lang='lat' dir='ltr'><strong><em>ut</em></strong></span> <span class='ocrx_word' id='word_1_510' title='bbox 3225 1610 3296 1673; x_wconf 90' lang='lat' dir='ltr'><strong><em>in</em></strong></span> <span class='ocrx_word' id='word_1_511' title='bbox 3342 1610 3721 1692; x_wconf 86' lang='lat' dir='ltr'><strong><em>integritate</em></strong></span> <span class='ocrx_word' id='word_1_512' title='bbox 3766 1628 3985 1673; x_wconf 89' lang='lat' dir='ltr'><strong><em>coram</em></strong></span> <span class='ocrx_word' id='word_1_513' title='bbox 4034 1608 4323 1673; x_wconf 91' lang='lat' dir='ltr'><strong><em>Domino</em></strong></span> 
     </span>
     <span class='ocr_line' id='line_1_70' title="bbox 2372 1692 4320 1777; baseline -0.004 -13"><span class='ocrx_word' id='word_1_514' title='bbox 2372 1699 2730 1764; x_wconf 89' lang='lat' dir='ltr'><strong><em>ambulent.</em></strong></span> <span class='ocrx_word' id='word_1_515' title='bbox 2819 1698 2991 1763; x_wconf 90' lang='lat' dir='ltr'><strong><em>Nam</em></strong></span> <span class='ocrx_word' id='word_1_516' title='bbox 3050 1697 3106 1760; x_wconf 90' lang='lat' dir='ltr'><strong><em>si</em></strong></span> <span class='ocrx_word' id='word_1_517' title='bbox 3162 1696 3446 1777; x_wconf 88' lang='lat' dir='ltr'><strong><em>peccatis</em></strong></span> <span class='ocrx_word' id='word_1_518' title='bbox 3502 1695 3641 1759; x_wconf 90' lang='lat' dir='ltr'><strong><em>suis</em></strong></span> <span class='ocrx_word' id='word_1_519' title='bbox 3696 1694 3766 1757; x_wconf 93' lang='lat' dir='ltr'><strong><em>in</em></strong></span> <span class='ocrx_word' id='word_1_520' title='bbox 3826 1692 4136 1776; x_wconf 91' lang='lat' dir='ltr'><strong><em>populum</em></strong></span> <span class='ocrx_word' id='word_1_521' title='bbox 4191 1692 4320 1758; x_wconf 89' lang='lat' dir='ltr'><strong><em>Dei</em></strong></span> 
     </span>
     <span class='ocr_line' id='line_1_71' title="bbox 2372 1778 4322 1862; baseline -0.003 -15"><span class='ocrx_word' id='word_1_522' title='bbox 2372 1783 2732 1850; x_wconf 86' lang='lat' dir='ltr'><strong><em>vindictam</em></strong></span> <span class='ocrx_word' id='word_1_523' title='bbox 2793 1781 3206 1858; x_wconf 84' lang='lat' dir='ltr'><strong><em>attraxerint,</em></strong></span> <span class='ocrx_word' id='word_1_524' title='bbox 3253 1790 3506 1846; x_wconf 88' lang='lat' dir='ltr'><strong><em>certum</em></strong></span> <span class='ocrx_word' id='word_1_525' title='bbox 3546 1791 3648 1845; x_wconf 90' lang='lat' dir='ltr'><strong><em>est</em></strong></span> <span class='ocrx_word' id='word_1_526' title='bbox 3692 1781 3758 1843; x_wconf 93' lang='lat' dir='ltr'><strong><em>in</em></strong></span> <span class='ocrx_word' id='word_1_527' title='bbox 3805 1799 3926 1844; x_wconf 92' lang='lat' dir='ltr'><strong><em>sua</em></strong></span> <span class='ocrx_word' id='word_1_528' title='bbox 3964 1780 4183 1862; x_wconf 87' lang='lat' dir='ltr'><strong><em>capita</em></strong></span> <span class='ocrx_word' id='word_1_529' title='bbox 4225 1778 4322 1842; x_wconf 90' lang='lat' dir='ltr'><strong><em>di-</em></strong></span> 
     </span>
     <span class='ocr_line' id='line_1_72' title="bbox 2375 1862 4323 1946; baseline -0.003 -12"><span class='ocrx_word' id='word_1_530' title='bbox 2375 1869 2599 1934; x_wconf 88' lang='lat' dir='ltr'><strong><em>vinam</em></strong></span> <span class='ocrx_word' id='word_1_531' title='bbox 2637 1869 2995 1941; x_wconf 83' lang='lat' dir='ltr'><strong><em>vindictam</em></strong></span> <span class='ocrx_word' id='word_1_532' title='bbox 3037 1866 3303 1932; x_wconf 84' lang='lat' dir='ltr'><strong><em>tandem</em></strong></span> <span class='ocrx_word' id='word_1_533' title='bbox 3340 1865 3786 1942; x_wconf 87' lang='lat' dir='ltr'><strong><em>derivandam,</em></strong></span> <span class='ocrx_word' id='word_1_534' title='bbox 3829 1874 3901 1929; x_wconf 90' lang='lat' dir='ltr'><strong><em>et</em></strong></span> <span class='ocrx_word' id='word_1_535' title='bbox 3939 1886 4018 1929; x_wconf 92' lang='lat' dir='ltr'><strong><em>eo</em></strong></span> <span class='ocrx_word' id='word_1_536' title='bbox 4061 1862 4323 1946; x_wconf 90' lang='lat' dir='ltr'><strong><em>quidem</em></strong></span> 
     </span>
     <span class='ocr_line' id='line_1_73' title="bbox 2374 1949 4328 2036; baseline -0.002 -18"><span class='ocrx_word' id='word_1_537' title='bbox 2374 1962 2586 2036; x_wconf 83' lang='lat' dir='ltr'><strong><em>magis</em></strong></span> <span class='ocrx_word' id='word_1_538' title='bbox 2624 1954 3020 2020; x_wconf 87' lang='lat' dir='ltr'><strong><em>horrendam</em></strong></span> <span class='ocrx_word' id='word_1_539' title='bbox 3066 1973 3196 2036; x_wconf 89' lang='lat' dir='ltr'><strong><em>quo</em></strong></span> <span class='ocrx_word' id='word_1_540' title='bbox 3241 1952 3438 2016; x_wconf 87' lang='lat' dir='ltr'><strong><em>altius</em></strong></span> <span class='ocrx_word' id='word_1_541' title='bbox 3478 1951 3687 2017; x_wconf 87' lang='lat' dir='ltr'><strong><em>evecti</em></strong></span> <span class='ocrx_word' id='word_1_542' title='bbox 3731 1958 3904 2015; x_wconf 86' lang='lat' dir='ltr'><strong><em>sunt.</em></strong></span> <span class='ocrx_word' id='word_1_543' title='bbox 3949 1949 4328 2033; x_wconf 84' lang='lat' dir='ltr'><strong><em>Diligenter</em></strong></span> 
     </span>
     <span class='ocr_line' id='line_1_74' title="bbox 2374 2037 4329 2124; baseline -0.001 -21"><span class='ocrx_word' id='word_1_544' title='bbox 2374 2042 2582 2124; x_wconf 85' lang='lat' dir='ltr'><strong><em>igitur</em></strong></span> <span class='ocrx_word' id='word_1_545' title='bbox 2639 2051 2916 2105; x_wconf 84' lang='lat' dir='ltr'><strong><em>caveant</em></strong></span> <span class='ocrx_word' id='word_1_546' title='bbox 2960 2059 3045 2103; x_wconf 92' lang='lat' dir='ltr'><strong><em>ne</em></strong></span> <span class='ocrx_word' id='word_1_547' title='bbox 3088 2038 3384 2102; x_wconf 89' lang='lat' dir='ltr'><strong><em>divinam</em></strong></span> <span class='ocrx_word' id='word_1_548' title='bbox 3429 2038 3596 2102; x_wconf 89' lang='lat' dir='ltr'><strong><em>iram</em></strong></span> <span class='ocrx_word' id='word_1_549' title='bbox 3644 2046 4000 2118; x_wconf 85' lang='lat' dir='ltr'><strong><em>provocent</em></strong></span> <span class='ocrx_word' id='word_1_550' title='bbox 4042 2037 4329 2119; x_wconf 86' lang='lat' dir='ltr'><strong><em>peccatis</em></strong></span> 
     </span>
     <span class='ocr_line' id='line_1_75' title="bbox 2372 2121 4326 2209; baseline -0.002 -19"><span class='ocrx_word' id='word_1_551' title='bbox 2372 2127 2513 2191; x_wconf 90' lang='lat' dir='ltr'><strong><em>suis</em></strong></span> <span class='ocrx_word' id='word_1_552' title='bbox 2536 2145 2700 2207; x_wconf 92' lang='lat' dir='ltr'><strong><em>quae</em></strong></span> <span class='ocrx_word' id='word_1_553' title='bbox 2736 2124 3010 2209; x_wconf 90' lang='lat' dir='ltr'><strong><em>populos</em></strong></span> <span class='ocrx_word' id='word_1_554' title='bbox 3050 2124 3250 2188; x_wconf 84' lang='lat' dir='ltr'><strong><em>etiam</em></strong></span> <span class='ocrx_word' id='word_1_555' title='bbox 3287 2122 3607 2188; x_wconf 85' lang='lat' dir='ltr'><strong><em>involvat.</em></strong></span> <span class='ocrx_word' id='word_1_556' title='bbox 3654 2121 4004 2187; x_wconf 80' lang='lat' dir='ltr'><strong><em>Caeterum</em></strong></span> <span class='ocrx_word' id='word_1_557' title='bbox 4041 2121 4326 2188; x_wconf 87' lang='lat' dir='ltr'><strong><em>sciamus</em></strong></span> 
     </span>
     <span class='ocr_line' id='line_1_76' title="bbox 2374 2206 4326 2292; baseline -0.002 -17"><span class='ocrx_word' id='word_1_558' title='bbox 2374 2211 2578 2275; x_wconf 88' lang='lat' dir='ltr'><strong><em>etiam</em></strong></span> <span class='ocrx_word' id='word_1_559' title='bbox 2626 2213 2842 2277; x_wconf 90' lang='lat' dir='ltr'><strong><em>Deum</em></strong></span> <span class='ocrx_word' id='word_1_560' title='bbox 2889 2209 3374 2292; x_wconf 88' lang='lat' dir='ltr'><strong><em>permittentem</em></strong></span> <span class='ocrx_word' id='word_1_561' title='bbox 3424 2228 3631 2291; x_wconf 88' lang='lat' dir='ltr'><strong><em>reges,</em></strong></span> <span class='ocrx_word' id='word_1_562' title='bbox 3690 2208 4036 2290; x_wconf 84' lang='lat' dir='ltr'><strong><em>principes,</em></strong></span> <span class='ocrx_word' id='word_1_563' title='bbox 4083 2218 4150 2270; x_wconf 87' lang='lat' dir='ltr'><strong><em>et</em></strong></span> <span class='ocrx_word' id='word_1_564' title='bbox 4192 2206 4326 2288; x_wconf 86' lang='lat' dir='ltr'><strong><em>pri·</em></strong></span> 
     </span>
     <span class='ocr_line' id='line_1_77' title="bbox 2375 2291 4328 2379; baseline -0.002 -19"><span class='ocrx_word' id='word_1_565' title='bbox 2375 2298 2624 2360; x_wconf 86' lang='lat' dir='ltr'><strong><em>mariae</em></strong></span> <span class='ocrx_word' id='word_1_566' title='bbox 2647 2296 2989 2379; x_wconf 83' lang='lat' dir='ltr'><strong><em>dignitatis</em></strong></span> <span class='ocrx_word' id='word_1_567' title='bbox 3026 2294 3200 2360; x_wconf 87' lang='lat' dir='ltr'><strong><em>viros</em></strong></span> <span class='ocrx_word' id='word_1_568' title='bbox 3235 2295 3303 2358; x_wconf 90' lang='lat' dir='ltr'><strong><em>in</em></strong></span> <span class='ocrx_word' id='word_1_569' title='bbox 3342 2305 3606 2376; x_wconf 87' lang='lat' dir='ltr'><strong><em>peccata</em></strong></span> <span class='ocrx_word' id='word_1_570' title='bbox 3646 2292 3802 2358; x_wconf 85' lang='lat' dir='ltr'><strong><em>ferri</em></strong></span> <span class='ocrx_word' id='word_1_571' title='bbox 3829 2292 3997 2357; x_wconf 81' lang='lat' dir='ltr'><strong><em>laxis</em></strong></span> <span class='ocrx_word' id='word_1_572' title='bbox 4035 2291 4328 2370; x_wconf 83' lang='lat' dir='ltr'><strong><em>habenis,</em></strong></span> 
     </span>
     <span class='ocr_line' id='line_1_78' title="bbox 2374 2376 4323 2464; baseline -0.003 -18"><span class='ocrx_word' id='word_1_573' title='bbox 2374 2382 2611 2464; x_wconf 88' lang='lat' dir='ltr'><strong><em>quibus</em></strong></span> <span class='ocrx_word' id='word_1_574' title='bbox 2689 2382 2898 2463; x_wconf 89' lang='lat' dir='ltr'><strong><em>ipsius</em></strong></span> <span class='ocrx_word' id='word_1_575' title='bbox 2962 2382 3064 2445; x_wconf 89' lang='lat' dir='ltr'><strong><em>ira</em></strong></span> <span class='ocrx_word' id='word_1_576' title='bbox 3130 2392 3523 2461; x_wconf 86' lang='lat' dir='ltr'><strong><em>provocatur</em></strong></span> <span class='ocrx_word' id='word_1_577' title='bbox 3565 2378 3632 2443; x_wconf 91' lang='lat' dir='ltr'><strong><em>id</em></strong></span> <span class='ocrx_word' id='word_1_578' title='bbox 3701 2379 4082 2460; x_wconf 85' lang='lat' dir='ltr'><strong><em>permittere</em></strong></span> <span class='ocrx_word' id='word_1_579' title='bbox 4147 2376 4323 2460; x_wconf 87' lang='lat' dir='ltr'><strong><em>quod</em></strong></span> 
     </span>
     <span class='ocr_line' id='line_1_79' title="bbox 2375 2463 4330 2550; baseline -0.001 -21"><span class='ocrx_word' id='word_1_580' title='bbox 2375 2477 2768 2549; x_wconf 88' lang='lat' dir='ltr'><strong><em>provocatus</em></strong></span> <span class='ocrx_word' id='word_1_581' title='bbox 2831 2465 3113 2550; x_wconf 89' lang='lat' dir='ltr'><strong><em>peccatis</em></strong></span> <span class='ocrx_word' id='word_1_582' title='bbox 3178 2477 3248 2530; x_wconf 88' lang='lat' dir='ltr'><strong><em>et</em></strong></span> <span class='ocrx_word' id='word_1_583' title='bbox 3313 2463 3941 2547; x_wconf 82' lang='lat' dir='ltr'><strong><em>transgressionibus</em></strong></span> <span class='ocrx_word' id='word_1_584' title='bbox 4011 2464 4330 2543; x_wconf 89' lang='lat' dir='ltr'><strong><em>omnium,</em></strong></span> 
     </span>
     <span class='ocr_line' id='line_1_80' title="bbox 2376 2549 4328 2636; baseline -0.001 -21"><span class='ocrx_word' id='word_1_585' title='bbox 2376 2564 2509 2616; x_wconf 87' lang='lat' dir='ltr'><strong><em>tam</em></strong></span> <span class='ocrx_word' id='word_1_586' title='bbox 2543 2573 2794 2636; x_wconf 89' lang='lat' dir='ltr'><strong><em>regum,</em></strong></span> <span class='ocrx_word' id='word_1_587' title='bbox 2836 2552 3208 2634; x_wconf 89' lang='lat' dir='ltr'><strong><em>principum</em></strong></span> <span class='ocrx_word' id='word_1_588' title='bbox 3253 2561 3322 2615; x_wconf 86' lang='lat' dir='ltr'><strong><em>et</em></strong></span> <span class='ocrx_word' id='word_1_589' title='bbox 3365 2549 3717 2632; x_wconf 78' lang='lat' dir='ltr'><strong><em>primariae</em></strong></span> <span class='ocrx_word' id='word_1_590' title='bbox 3762 2549 4107 2632; x_wconf 87' lang='lat' dir='ltr'><strong><em>dignitatis</em></strong></span> <span class='ocrx_word' id='word_1_591' title='bbox 4154 2549 4328 2614; x_wconf 88' lang='lat' dir='ltr'><strong><em>viro-</em></strong></span> 
     </span>
     <span class='ocr_line' id='line_1_81' title="bbox 2375 2634 4325 2719; baseline -0.002 -18"><span class='ocrx_word' id='word_1_592' title='bbox 2375 2659 2520 2702; x_wconf 89' lang='lat' dir='ltr'><strong><em>rum</em></strong></span> <span class='ocrx_word' id='word_1_593' title='bbox 2582 2658 2779 2719; x_wconf 87' lang='lat' dir='ltr'><strong><em>quam</em></strong></span> <span class='ocrx_word' id='word_1_594' title='bbox 2839 2637 3111 2701; x_wconf 85' lang='lat' dir='ltr'><strong><em>infimae</em></strong></span> <span class='ocrx_word' id='word_1_595' title='bbox 3165 2635 3373 2718; x_wconf 89' lang='lat' dir='ltr'><strong><em>plebis</em></strong></span> <span class='ocrx_word' id='word_1_596' title='bbox 3417 2647 3485 2701; x_wconf 91' lang='lat' dir='ltr'><strong><em>et</em></strong></span> <span class='ocrx_word' id='word_1_597' title='bbox 3527 2634 3920 2701; x_wconf 88' lang='lat' dir='ltr'><strong><em>conditionis</em></strong></span> <span class='ocrx_word' id='word_1_598' title='bbox 3963 2634 4325 2711; x_wconf 88' lang='lat' dir='ltr'><strong><em>hominum,</em></strong></span> 
     </span>
    </p>
   </div>
   <div class='ocr_carea' id='block_1_8' title="bbox 2372 2720 4440 2807">
    <p class='ocr_par' dir='ltr' id='par_1_9' title="bbox 2372 2720 4440 2807">
     <span class='ocr_line' id='line_1_82' title="bbox 2372 2720 4440 2807; baseline -0.002 -19"><span class='ocrx_word' id='word_1_599' title='bbox 2372 2724 2770 2807; x_wconf 85' lang='lat' dir='ltr'><strong><em>exipsorum</em></strong></span> <span class='ocrx_word' id='word_1_600' title='bbox 2796 2723 3080 2807; x_wconf 88' lang='lat' dir='ltr'><strong><em>peccatis</em></strong></span> <span class='ocrx_word' id='word_1_601' title='bbox 3125 2723 3550 2798; x_wconf 88' lang='lat' dir='ltr'><strong><em>occasionem,</em></strong></span> <span class='ocrx_word' id='word_1_602' title='bbox 3599 2731 3732 2784; x_wconf 86' lang='lat' dir='ltr'><strong><em>tam</em></strong></span> <span class='ocrx_word' id='word_1_603' title='bbox 3777 2720 3900 2785; x_wconf 90' lang='lat' dir='ltr'><strong><em>hos</em></strong></span> <span class='ocrx_word' id='word_1_604' title='bbox 3945 2740 4143 2803; x_wconf 90' lang='lat' dir='ltr'><strong><em>quam</em></strong></span> <span class='ocrx_word' id='word_1_605' title='bbox 4183 2720 4327 2784; x_wconf 92' lang='lat' dir='ltr'><strong><em>illos</em></strong></span> <span class='ocrx_word' id='word_1_606' title='bbox 4438 2744 4440 2747; x_wconf 91' lang='lat'>·</span> 
     </span>
    </p>
   </div>
   <div class='ocr_carea' id='block_1_9' title="bbox 2366 2804 4340 5112">
    <p class='ocr_par' dir='ltr' id='par_1_10' title="bbox 2366 2804 4340 5112">
     <span class='ocr_line' id='line_1_83' title="bbox 2372 2804 4327 2892; baseline -0.002 -19"><span class='ocrx_word' id='word_1_607' title='bbox 2372 2809 2688 2892; x_wconf 89' lang='lat' dir='ltr'><strong><em>puniendi</em></strong></span> <span class='ocrx_word' id='word_1_608' title='bbox 2713 2809 2962 2892; x_wconf 88' lang='lat' dir='ltr'><strong><em>capiat:</em></strong></span> <span class='ocrx_word' id='word_1_609' title='bbox 3007 2808 3103 2873; x_wconf 89' lang='lat' dir='ltr'><strong><em>sic</em></strong></span> <span class='ocrx_word' id='word_1_610' title='bbox 3126 2818 3345 2871; x_wconf 88' lang='lat' dir='ltr'><strong><em>tamen</em></strong></span> <span class='ocrx_word' id='word_1_611' title='bbox 3371 2817 3448 2871; x_wconf 88' lang='lat' dir='ltr'><strong><em>ut</em></strong></span> <span class='ocrx_word' id='word_1_612' title='bbox 3472 2808 3717 2871; x_wconf 89' lang='lat' dir='ltr'><strong><em>nemini</em></strong></span> <span class='ocrx_word' id='word_1_613' title='bbox 3756 2807 3949 2871; x_wconf 86' lang='lat' dir='ltr'><strong><em>faciat</em></strong></span> <span class='ocrx_word' id='word_1_614' title='bbox 3994 2804 4327 2883; x_wconf 89' lang='lat' dir='ltr'><strong><em>iniuriam,</em></strong></span> 
     </span>
     <span class='ocr_line' id='line_1_84' title="bbox 2371 2890 4328 2977; baseline -0.003 -18"><span class='ocrx_word' id='word_1_615' title='bbox 2371 2914 2586 2976; x_wconf 92' lang='lat' dir='ltr'><strong><em>neque</em></strong></span> <span class='ocrx_word' id='word_1_616' title='bbox 2656 2898 2861 2977; x_wconf 90' lang='lat' dir='ltr'><strong><em>possit</em></strong></span> <span class='ocrx_word' id='word_1_617' title='bbox 2922 2896 3267 2976; x_wconf 89' lang='lat' dir='ltr'><strong><em>quisquam</em></strong></span> <span class='ocrx_word' id='word_1_618' title='bbox 3321 2890 3641 2957; x_wconf 87' lang='lat' dir='ltr'><strong><em>adversus</em></strong></span> <span class='ocrx_word' id='word_1_619' title='bbox 3700 2892 3918 2974; x_wconf 90' lang='lat' dir='ltr'><strong><em>ipsum</em></strong></span> <span class='ocrx_word' id='word_1_620' title='bbox 3979 2890 4163 2954; x_wconf 88' lang='lat' dir='ltr'><strong><em>litem</em></strong></span> <span class='ocrx_word' id='word_1_621' title='bbox 4221 2890 4328 2954; x_wconf 91' lang='lat' dir='ltr'><strong><em>in-</em></strong></span> 
     </span>
     <span class='ocr_line' id='line_1_85' title="bbox 2372 2973 4329 3063; baseline -0.002 -19"><span class='ocrx_word' id='word_1_622' title='bbox 2372 2991 2652 3044; x_wconf 85' lang='lat' dir='ltr'><strong><em>tentare.</em></strong></span> <span class='ocrx_word' id='word_1_623' title='bbox 2699 2985 2916 3063; x_wconf 87' lang='lat' dir='ltr'><strong><em>Atque</em></strong></span> <span class='ocrx_word' id='word_1_624' title='bbox 2951 2977 3114 3045; x_wconf 87' lang='lat' dir='ltr'><strong><em>haec</em></strong></span> <span class='ocrx_word' id='word_1_625' title='bbox 3156 2977 3568 3043; x_wconf 88' lang='lat' dir='ltr'><strong><em>observanda</em></strong></span> <span class='ocrx_word' id='word_1_626' title='bbox 3603 2988 3762 3041; x_wconf 90' lang='lat' dir='ltr'><strong><em>sunt</em></strong></span> <span class='ocrx_word' id='word_1_627' title='bbox 3803 2976 3872 3040; x_wconf 91' lang='lat' dir='ltr'><strong><em>in</em></strong></span> <span class='ocrx_word' id='word_1_628' title='bbox 3922 2975 4138 3041; x_wconf 89' lang='lat' dir='ltr'><strong><em>verbis</em></strong></span> <span class='ocrx_word' id='word_1_629' title='bbox 4181 2973 4329 3041; x_wconf 88' lang='lat' dir='ltr'><strong><em>istis</em></strong></span> 
     </span>
     <span class='ocr_line' id='line_1_86' title="bbox 2371 3057 4330 3148; baseline -0.003 -18"><span class='ocrx_word' id='word_1_630' title='bbox 2371 3065 2607 3148; x_wconf 89' lang='lat' dir='ltr'><strong><em>quibus</em></strong></span> <span class='ocrx_word' id='word_1_631' title='bbox 2674 3065 2979 3131; x_wconf 87' lang='lat' dir='ltr'><strong><em>audimus</em></strong></span> <span class='ocrx_word' id='word_1_632' title='bbox 3057 3062 3373 3146; x_wconf 86' lang='lat' dir='ltr'><strong><em>populum</em></strong></span> <span class='ocrx_word' id='word_1_633' title='bbox 3452 3061 3878 3128; x_wconf 82' lang='lat' dir='ltr'><strong><em>israeliticum</em></strong></span> <span class='ocrx_word' id='word_1_634' title='bbox 3951 3060 4037 3127; x_wconf 93' lang='lat' dir='ltr'><strong><em>ob</em></strong></span> <span class='ocrx_word' id='word_1_635' title='bbox 4102 3057 4330 3126; x_wconf 86' lang='lat' dir='ltr'><strong><em>Saulis</em></strong></span> 
     </span>
     <span class='ocr_line' id='line_1_87' title="bbox 2371 3144 4327 3233; baseline -0.003 -16"><span class='ocrx_word' id='word_1_636' title='bbox 2371 3160 2707 3233; x_wconf 84' lang='lat' dir='ltr'><strong><em>peccatum</em></strong></span> <span class='ocrx_word' id='word_1_637' title='bbox 2767 3152 2967 3216; x_wconf 90' lang='lat' dir='ltr'><strong><em>etiam</em></strong></span> <span class='ocrx_word' id='word_1_638' title='bbox 3022 3149 3104 3215; x_wconf 90' lang='lat' dir='ltr'><strong><em>ab</em></strong></span> <span class='ocrx_word' id='word_1_639' title='bbox 3164 3149 3448 3214; x_wconf 89' lang='lat' dir='ltr'><strong><em>inimicis</em></strong></span> <span class='ocrx_word' id='word_1_640' title='bbox 3508 3146 3903 3231; x_wconf 84' lang='lat' dir='ltr'><strong><em>castigatum</em></strong></span> <span class='ocrx_word' id='word_1_641' title='bbox 3957 3146 4058 3209; x_wconf 89' lang='lat' dir='ltr'><strong><em>iri.</em></strong></span> <span class='ocrx_word' id='word_1_642' title='bbox 4150 3144 4327 3213; x_wconf 87' lang='lat' dir='ltr'><strong><em>Sane</em></strong></span> 
     </span>
     <span class='ocr_line' id='line_1_88' title="bbox 2370 3230 4324 3320; baseline -0.002 -19"><span class='ocrx_word' id='word_1_643' title='bbox 2370 3236 2592 3320; x_wconf 89' lang='lat' dir='ltr'><strong><em>populi</em></strong></span> <span class='ocrx_word' id='word_1_644' title='bbox 2620 3248 2882 3319; x_wconf 86' lang='lat' dir='ltr'><strong><em>peccata</em></strong></span> <span class='ocrx_word' id='word_1_645' title='bbox 2909 3236 3013 3301; x_wconf 92' lang='lat' dir='ltr'><strong><em>hic</em></strong></span> <span class='ocrx_word' id='word_1_646' title='bbox 3042 3254 3173 3299; x_wconf 91' lang='lat' dir='ltr'><strong><em>non</em></strong></span> <span class='ocrx_word' id='word_1_647' title='bbox 3209 3234 3694 3316; x_wconf 84' lang='lat' dir='ltr'><strong><em>exprimuntur,</em></strong></span> <span class='ocrx_word' id='word_1_648' title='bbox 3733 3230 3846 3297; x_wconf 88' lang='lat' dir='ltr'><strong><em>sed</em></strong></span> <span class='ocrx_word' id='word_1_649' title='bbox 3886 3251 4054 3314; x_wconf 89' lang='lat' dir='ltr'><strong><em>quae</em></strong></span> <span class='ocrx_word' id='word_1_650' title='bbox 4100 3239 4324 3297; x_wconf 84' lang='lat' dir='ltr'><strong><em>tamen</em></strong></span> 
     </span>
     <span class='ocr_line' id='line_1_89' title="bbox 2370 3317 4326 3403; baseline -0.003 -17"><span class='ocrx_word' id='word_1_651' title='bbox 2370 3343 2612 3403; x_wconf 84' lang='lat' dir='ltr'><strong><em>magna</em></strong></span> <span class='ocrx_word' id='word_1_652' title='bbox 2665 3322 2931 3388; x_wconf 83' lang='lat' dir='ltr'><strong><em>fuerunt</em></strong></span> <span class='ocrx_word' id='word_1_653' title='bbox 2986 3320 3048 3386; x_wconf 91' lang='lat' dir='ltr'><strong><em>si</em></strong></span> <span class='ocrx_word' id='word_1_654' title='bbox 3104 3319 3188 3384; x_wconf 88' lang='lat' dir='ltr'><strong><em>ab</em></strong></span> <span class='ocrx_word' id='word_1_655' title='bbox 3237 3320 3398 3402; x_wconf 89' lang='lat' dir='ltr'><strong><em>ipsis</em></strong></span> <span class='ocrx_word' id='word_1_656' title='bbox 3441 3320 3706 3402; x_wconf 83' lang='lat' dir='ltr'><strong><em>exigere</em></strong></span> <span class='ocrx_word' id='word_1_657' title='bbox 3748 3318 4069 3382; x_wconf 85' lang='lat' dir='ltr'><strong><em>rationem</em></strong></span> <span class='ocrx_word' id='word_1_658' title='bbox 4119 3317 4326 3395; x_wconf 85' lang='lat' dir='ltr'><strong><em>Deus,</em></strong></span> 
     </span>
     <span class='ocr_line' id='line_1_90' title="bbox 2366 3402 4321 3488; baseline -0.004 -14"><span class='ocrx_word' id='word_1_659' title='bbox 2366 3419 2435 3474; x_wconf 83' lang='lat' dir='ltr'><strong><em>et</em></strong></span> <span class='ocrx_word' id='word_1_660' title='bbox 2500 3427 2758 3472; x_wconf 89' lang='lat' dir='ltr'><strong><em>summo</em></strong></span> <span class='ocrx_word' id='word_1_661' title='bbox 2824 3427 2973 3473; x_wconf 92' lang='lat' dir='ltr'><strong><em>cum</em></strong></span> <span class='ocrx_word' id='word_1_662' title='bbox 3035 3406 3200 3488; x_wconf 89' lang='lat' dir='ltr'><strong><em>ipsis</em></strong></span> <span class='ocrx_word' id='word_1_663' title='bbox 3263 3404 3409 3470; x_wconf 90' lang='lat' dir='ltr'><strong><em>iure</em></strong></span> <span class='ocrx_word' id='word_1_664' title='bbox 3474 3425 3670 3487; x_wconf 89' lang='lat' dir='ltr'><strong><em>agere</em></strong></span> <span class='ocrx_word' id='word_1_665' title='bbox 3736 3402 4084 3468; x_wconf 87' lang='lat' dir='ltr'><strong><em>voluisset:</em></strong></span> <span class='ocrx_word' id='word_1_666' title='bbox 4165 3423 4321 3468; x_wconf 88' lang='lat' dir='ltr'><strong><em>nam</em></strong></span> 
     </span>
     <span class='ocr_line' id='line_1_91' title="bbox 2367 3488 4328 3575; baseline -0.003 -18"><span class='ocrx_word' id='word_1_667' title='bbox 2367 3513 2565 3575; x_wconf 89' lang='lat' dir='ltr'><strong><em>quum</em></strong></span> <span class='ocrx_word' id='word_1_668' title='bbox 2648 3493 2928 3575; x_wconf 90' lang='lat' dir='ltr'><strong><em>populns</em></strong></span> <span class='ocrx_word' id='word_1_669' title='bbox 3006 3510 3230 3575; x_wconf 86' lang='lat' dir='ltr'><strong><em>regem</em></strong></span> <span class='ocrx_word' id='word_1_670' title='bbox 3297 3512 3337 3555; x_wconf 89' lang='lat' dir='ltr'><strong><em>a</em></strong></span> <span class='ocrx_word' id='word_1_671' title='bbox 3401 3489 3695 3555; x_wconf 91' lang='lat' dir='ltr'><strong><em>Domino</em></strong></span> <span class='ocrx_word' id='word_1_672' title='bbox 3762 3488 4193 3573; x_wconf 84' lang='lat' dir='ltr'><strong><em>postulasset,</em></strong></span> <span class='ocrx_word' id='word_1_673' title='bbox 4257 3500 4328 3554; x_wconf 85' lang='lat' dir='ltr'><strong><em>et</em></strong></span> 
     </span>
     <span class='ocr_line' id='line_1_92' title="bbox 2367 3573 4326 3660; baseline -0.003 -17"><span class='ocrx_word' id='word_1_674' title='bbox 2367 3588 2598 3643; x_wconf 88' lang='lat' dir='ltr'><strong><em>contra</em></strong></span> <span class='ocrx_word' id='word_1_675' title='bbox 2661 3579 2869 3660; x_wconf 90' lang='lat' dir='ltr'><strong><em>ipsius</em></strong></span> <span class='ocrx_word' id='word_1_676' title='bbox 2934 3597 3323 3660; x_wconf 83' lang='lat' dir='ltr'><strong><em>expressum</em></strong></span> <span class='ocrx_word' id='word_1_677' title='bbox 3393 3575 3780 3640; x_wconf 89' lang='lat' dir='ltr'><strong><em>mandatum</em></strong></span> <span class='ocrx_word' id='word_1_678' title='bbox 3839 3575 4051 3639; x_wconf 85' lang='lat' dir='ltr'><strong><em>invito</em></strong></span> <span class='ocrx_word' id='word_1_679' title='bbox 4111 3573 4326 3639; x_wconf 86' lang='lat' dir='ltr'><strong><em>veluti</em></strong></span> 
     </span>
     <span class='ocr_line' id='line_1_93' title="bbox 2368 3658 4321 3744; baseline -0.002 -17"><span class='ocrx_word' id='word_1_680' title='bbox 2368 3662 2515 3727; x_wconf 89' lang='lat' dir='ltr'><strong><em>Deo</em></strong></span> <span class='ocrx_word' id='word_1_681' title='bbox 2539 3665 2935 3728; x_wconf 82' lang='lat' dir='ltr'><strong><em>constituere</em></strong></span> <span class='ocrx_word' id='word_1_682' title='bbox 2957 3671 3262 3744; x_wconf 84' lang='lat' dir='ltr'><strong><em>optasset,</em></strong></span> <span class='ocrx_word' id='word_1_683' title='bbox 3299 3658 3849 3743; x_wconf 88' lang='lat' dir='ltr'><strong><em>quemadmodum</em></strong></span> <span class='ocrx_word' id='word_1_684' title='bbox 3885 3659 4078 3723; x_wconf 86' lang='lat' dir='ltr'><strong><em>initio</em></strong></span> <span class='ocrx_word' id='word_1_685' title='bbox 4120 3658 4321 3725; x_wconf 89' lang='lat' dir='ltr'><strong><em>huius</em></strong></span> 
     </span>
     <span class='ocr_line' id='line_1_94' title="bbox 2370 3745 4318 3830; baseline -0.001 -19"><span class='ocrx_word' id='word_1_686' title='bbox 2370 3746 2682 3813; x_wconf 88' lang='lat' dir='ltr'><strong><em>historiae</em></strong></span> <span class='ocrx_word' id='word_1_687' title='bbox 2755 3748 3040 3813; x_wconf 91' lang='lat' dir='ltr'><strong><em>vidimus</em></strong></span> <span class='ocrx_word' id='word_1_688' title='bbox 3097 3745 3414 3830; x_wconf 90' lang='lat' dir='ltr'><strong><em>populum</em></strong></span> <span class='ocrx_word' id='word_1_689' title='bbox 3472 3748 3669 3811; x_wconf 88' lang='lat' dir='ltr'><strong><em>istum</em></strong></span> <span class='ocrx_word' id='word_1_690' title='bbox 3729 3745 3955 3810; x_wconf 82' lang='lat' dir='ltr'><strong><em>furore</em></strong></span> <span class='ocrx_word' id='word_1_691' title='bbox 4012 3745 4318 3826; x_wconf 85' lang='lat' dir='ltr'><strong><em>quodam,</em></strong></span> 
     </span>
     <span class='ocr_line' id='line_1_95' title="bbox 2368 3830 4326 3915; baseline -0.003 -16"><span class='ocrx_word' id='word_1_692' title='bbox 2368 3844 2438 3900; x_wconf 87' lang='lat' dir='ltr'><strong><em>et</em></strong></span> <span class='ocrx_word' id='word_1_693' title='bbox 2483 3854 2687 3915; x_wconf 85' lang='lat' dir='ltr'><strong><em>paene</em></strong></span> <span class='ocrx_word' id='word_1_694' title='bbox 2731 3832 3048 3899; x_wconf 86' lang='lat' dir='ltr'><strong><em>diabolica</em></strong></span> <span class='ocrx_word' id='word_1_695' title='bbox 3087 3833 3266 3898; x_wconf 73' lang='lat' dir='ltr'><strong><em>rabie</em></strong></span> <span class='ocrx_word' id='word_1_696' title='bbox 3310 3831 3627 3897; x_wconf 85' lang='lat' dir='ltr'><strong><em>adversus</em></strong></span> <span class='ocrx_word' id='word_1_697' title='bbox 3671 3830 3890 3895; x_wconf 90' lang='lat' dir='ltr'><strong><em>Deum</em></strong></span> <span class='ocrx_word' id='word_1_698' title='bbox 3934 3831 4326 3913; x_wconf 87' lang='lat' dir='ltr'><strong><em>surrexisse,</em></strong></span> 
     </span>
     <span class='ocr_line' id='line_1_96' title="bbox 2370 3918 4328 4003; baseline 0 -19"><span class='ocrx_word' id='word_1_699' title='bbox 2370 3927 2439 3984; x_wconf 87' lang='lat' dir='ltr'><strong><em>et</em></strong></span> <span class='ocrx_word' id='word_1_700' title='bbox 2463 3918 2784 3984; x_wconf 88' lang='lat' dir='ltr'><strong><em>voluntati</em></strong></span> <span class='ocrx_word' id='word_1_701' title='bbox 2810 3920 3019 4003; x_wconf 89' lang='lat' dir='ltr'><strong><em>ipsius</em></strong></span> <span class='ocrx_word' id='word_1_702' title='bbox 3053 3918 3556 3997; x_wconf 83' lang='lat' dir='ltr'><strong><em>contradixisse,</em></strong></span> <span class='ocrx_word' id='word_1_703' title='bbox 3602 3937 3822 3981; x_wconf 91' lang='lat' dir='ltr'><strong><em>nonne</em></strong></span> <span class='ocrx_word' id='word_1_704' title='bbox 3869 3918 3999 3982; x_wconf 81' lang='lat' dir='ltr'><strong><em>fuit</em></strong></span> <span class='ocrx_word' id='word_1_705' title='bbox 4044 3918 4328 3998; x_wconf 74' lang='lat' dir='ltr'><strong><em>insignis</em></strong></span> 
     </span>
     <span class='ocr_line' id='line_1_97' title="bbox 2372 4002 4329 4087; baseline -0.001 -19"><span class='ocrx_word' id='word_1_706' title='bbox 2372 4004 2489 4069; x_wconf 89' lang='lat' dir='ltr'><strong><em>illa</em></strong></span> <span class='ocrx_word' id='word_1_707' title='bbox 2548 4005 2818 4070; x_wconf 88' lang='lat' dir='ltr'><strong><em>rebellio</em></strong></span> <span class='ocrx_word' id='word_1_708' title='bbox 2874 4025 3044 4087; x_wconf 90' lang='lat' dir='ltr'><strong><em>quae</em></strong></span> <span class='ocrx_word' id='word_1_709' title='bbox 3084 4002 3479 4080; x_wconf 87' lang='lat' dir='ltr'><strong><em>merebatur,</em></strong></span> <span class='ocrx_word' id='word_1_710' title='bbox 3526 4014 3604 4067; x_wconf 87' lang='lat' dir='ltr'><strong><em>ut</em></strong></span> <span class='ocrx_word' id='word_1_711' title='bbox 3647 4003 3831 4068; x_wconf 91' lang='lat' dir='ltr'><strong><em>Deus</em></strong></span> <span class='ocrx_word' id='word_1_712' title='bbox 3876 4012 4150 4084; x_wconf 85' lang='lat' dir='ltr'><strong><em>repente</em></strong></span> <span class='ocrx_word' id='word_1_713' title='bbox 4194 4015 4329 4067; x_wconf 89' lang='lat' dir='ltr'><strong><em>tam</em></strong></span> 
     </span>
     <span class='ocr_line' id='line_1_98' title="bbox 2371 4086 4331 4173; baseline -0.001 -20"><span class='ocrx_word' id='word_1_714' title='bbox 2371 4091 2708 4173; x_wconf 87' lang='lat' dir='ltr'><strong><em>ingratum</em></strong></span> <span class='ocrx_word' id='word_1_715' title='bbox 2753 4090 3062 4173; x_wconf 88' lang='lat' dir='ltr'><strong><em>populum</em></strong></span> <span class='ocrx_word' id='word_1_716' title='bbox 3110 4086 3530 4172; x_wconf 82' lang='lat' dir='ltr'><strong><em>profligaret?</em></strong></span> <span class='ocrx_word' id='word_1_717' title='bbox 3575 4086 3785 4170; x_wconf 87' lang='lat' dir='ltr'><strong><em>Atqui</em></strong></span> <span class='ocrx_word' id='word_1_718' title='bbox 3808 4087 3998 4152; x_wconf 86' lang='lat' dir='ltr'><strong><em>Deus</em></strong></span> <span class='ocrx_word' id='word_1_719' title='bbox 4041 4087 4331 4154; x_wconf 89' lang='lat' dir='ltr'><strong><em>clemen·</em></strong></span> 
     </span>
     <span class='ocr_line' id='line_1_99' title="bbox 2372 4172 4332 4257; baseline -0.001 -17"><span class='ocrx_word' id='word_1_720' title='bbox 2372 4185 2474 4240; x_wconf 82' lang='lat' dir='ltr'><strong><em>ter</em></strong></span> <span class='ocrx_word' id='word_1_721' title='bbox 2497 4176 2677 4257; x_wconf 90' lang='lat' dir='ltr'><strong><em>ipsos</em></strong></span> <span class='ocrx_word' id='word_1_722' title='bbox 2715 4174 2826 4240; x_wconf 90' lang='lat' dir='ltr'><strong><em>diu</em></strong></span> <span class='ocrx_word' id='word_1_723' title='bbox 2864 4174 3213 4239; x_wconf 83' lang='lat' dir='ltr'><strong><em>tolerarat:</em></strong></span> <span class='ocrx_word' id='word_1_724' title='bbox 3258 4194 3633 4257; x_wconf 90' lang='lat' dir='ltr'><strong><em>poenasque</em></strong></span> <span class='ocrx_word' id='word_1_725' title='bbox 3678 4172 4024 4237; x_wconf 84' lang='lat' dir='ltr'><strong><em>distulerat</em></strong></span> <span class='ocrx_word' id='word_1_726' title='bbox 4066 4193 4332 4239; x_wconf 84' lang='lat' dir='ltr'><strong><em>summa</em></strong></span> 
     </span>
     <span class='ocr_line' id='line_1_100' title="bbox 2371 4257 4331 4343; baseline -0.001 -18"><span class='ocrx_word' id='word_1_727' title='bbox 2371 4280 2525 4327; x_wconf 90' lang='lat' dir='ltr'><strong><em>cum</em></strong></span> <span class='ocrx_word' id='word_1_728' title='bbox 2585 4261 2939 4343; x_wconf 85' lang='lat' dir='ltr'><strong><em>patientia,</em></strong></span> <span class='ocrx_word' id='word_1_729' title='bbox 3007 4258 3121 4324; x_wconf 89' lang='lat' dir='ltr'><strong><em>eed</em></strong></span> <span class='ocrx_word' id='word_1_730' title='bbox 3183 4280 3314 4324; x_wconf 88' lang='lat' dir='ltr'><strong><em>nou</em></strong></span> <span class='ocrx_word' id='word_1_731' title='bbox 3374 4271 3593 4323; x_wconf 88' lang='lat' dir='ltr'><strong><em>tamen</em></strong></span> <span class='ocrx_word' id='word_1_732' title='bbox 3657 4258 4039 4323; x_wconf 81' lang='lat' dir='ltr'><strong><em>abstulerat.</em></strong></span> <span class='ocrx_word' id='word_1_733' title='bbox 4142 4257 4331 4324; x_wconf 89' lang='lat' dir='ltr'><strong><em>Deus</em></strong></span> 
     </span>
     <span class='ocr_line' id='line_1_101' title="bbox 2373 4341 4332 4429; baseline -0.001 -19"><span class='ocrx_word' id='word_1_734' title='bbox 2373 4347 2554 4411; x_wconf 89' lang='lat' dir='ltr'><strong><em>enim</em></strong></span> <span class='ocrx_word' id='word_1_735' title='bbox 2578 4367 2825 4429; x_wconf 86' lang='lat' dir='ltr'><strong><em>poenas</em></strong></span> <span class='ocrx_word' id='word_1_736' title='bbox 2847 4345 3114 4428; x_wconf 90' lang='lat' dir='ltr'><strong><em>quidem</em></strong></span> <span class='ocrx_word' id='word_1_737' title='bbox 3159 4343 3244 4409; x_wconf 90' lang='lat' dir='ltr'><strong><em>ad</em></strong></span> <span class='ocrx_word' id='word_1_738' title='bbox 3291 4356 3551 4427; x_wconf 83' lang='lat' dir='ltr'><strong><em>tempus</em></strong></span> <span class='ocrx_word' id='word_1_739' title='bbox 3595 4343 3848 4408; x_wconf 82' lang='lat' dir='ltr'><strong><em>differt:</em></strong></span> <span class='ocrx_word' id='word_1_740' title='bbox 3895 4341 4014 4407; x_wconf 91' lang='lat' dir='ltr'><strong><em>sed</em></strong></span> <span class='ocrx_word' id='word_1_741' title='bbox 4058 4342 4332 4409; x_wconf 87' lang='lat' dir='ltr'><strong><em>tandem</em></strong></span> 
     </span>
     <span class='ocr_line' id='line_1_102' title="bbox 2375 4428 4333 4515; baseline 0.001 -21"><span class='ocrx_word' id='word_1_742' title='bbox 2375 4431 2706 4515; x_wconf 85' lang='lat' dir='ltr'><strong><em>gravitate</em></strong></span> <span class='ocrx_word' id='word_1_743' title='bbox 2749 4430 3053 4512; x_wconf 90' lang='lat' dir='ltr'><strong><em>supplicii</em></strong></span> <span class='ocrx_word' id='word_1_744' title='bbox 3093 4442 3496 4513; x_wconf 90' lang='lat' dir='ltr'><strong><em>compensat.</em></strong></span> <span class='ocrx_word' id='word_1_745' title='bbox 3572 4428 3804 4510; x_wconf 89' lang='lat' dir='ltr'><strong><em>Neque</em></strong></span> <span class='ocrx_word' id='word_1_746' title='bbox 3847 4429 4030 4492; x_wconf 90' lang='lat' dir='ltr'><strong><em>enim</em></strong></span> <span class='ocrx_word' id='word_1_747' title='bbox 4074 4438 4333 4495; x_wconf 87' lang='lat' dir='ltr'><strong><em>mutare</em></strong></span> 
     </span>
     <span class='ocr_line' id='line_1_103' title="bbox 2375 4513 4333 4600; baseline -0.001 -17"><span class='ocrx_word' id='word_1_748' title='bbox 2375 4518 2770 4583; x_wconf 85' lang='lat' dir='ltr'><strong><em>sententiam</em></strong></span> <span class='ocrx_word' id='word_1_749' title='bbox 2821 4526 3057 4600; x_wconf 82' lang='lat' dir='ltr'><strong><em>potest,</em></strong></span> <span class='ocrx_word' id='word_1_750' title='bbox 3102 4526 3173 4580; x_wconf 91' lang='lat' dir='ltr'><strong><em>et</em></strong></span> <span class='ocrx_word' id='word_1_751' title='bbox 3213 4537 3440 4581; x_wconf 88' lang='lat' dir='ltr'><strong><em>eorum</em></strong></span> <span class='ocrx_word' id='word_1_752' title='bbox 3477 4515 3590 4597; x_wconf 89' lang='lat' dir='ltr'><strong><em>qui</em></strong></span> <span class='ocrx_word' id='word_1_753' title='bbox 3625 4513 3832 4594; x_wconf 89' lang='lat' dir='ltr'><strong><em>ipsius</em></strong></span> <span class='ocrx_word' id='word_1_754' title='bbox 3878 4514 4095 4593; x_wconf 81' lang='lat' dir='ltr'><strong><em>gratia</em></strong></span> <span class='ocrx_word' id='word_1_755' title='bbox 4141 4514 4333 4582; x_wconf 82' lang='lat' dir='ltr'><strong><em>abusi</em></strong></span> 
     </span>
     <span class='ocr_line' id='line_1_104' title="bbox 2374 4599 4333 4685; baseline -0.002 -17"><span class='ocrx_word' id='word_1_756' title='bbox 2374 4614 2530 4668; x_wconf 90' lang='lat' dir='ltr'><strong><em>sunt</em></strong></span> <span class='ocrx_word' id='word_1_757' title='bbox 2583 4604 2836 4667; x_wconf 88' lang='lat' dir='ltr'><strong><em>maiora</em></strong></span> <span class='ocrx_word' id='word_1_758' title='bbox 2892 4614 2960 4666; x_wconf 88' lang='lat' dir='ltr'><strong><em>et</em></strong></span> <span class='ocrx_word' id='word_1_759' title='bbox 3011 4602 3316 4685; x_wconf 83' lang='lat' dir='ltr'><strong><em>graviora</em></strong></span> <span class='ocrx_word' id='word_1_760' title='bbox 3375 4610 3640 4684; x_wconf 81' lang='lat' dir='ltr'><strong><em>peccata</em></strong></span> <span class='ocrx_word' id='word_1_761' title='bbox 3717 4599 4076 4665; x_wconf 88' lang='lat' dir='ltr'><strong><em>maioribus</em></strong></span> <span class='ocrx_word' id='word_1_762' title='bbox 4129 4602 4333 4666; x_wconf 88' lang='lat' dir='ltr'><strong><em>etiam</em></strong></span> 
     </span>
     <span class='ocr_line' id='line_1_105' title="bbox 2373 4683 4340 4770; baseline -0.001 -17"><span class='ocrx_word' id='word_1_763' title='bbox 2373 4697 2443 4753; x_wconf 86' lang='lat' dir='ltr'><strong><em>et</em></strong></span> <span class='ocrx_word' id='word_1_764' title='bbox 2508 4687 2922 4770; x_wconf 83' lang='lat' dir='ltr'><strong><em>gravioribus</em></strong></span> <span class='ocrx_word' id='word_1_765' title='bbox 2967 4688 3193 4770; x_wconf 90' lang='lat' dir='ltr'><strong><em>poenis</em></strong></span> <span class='ocrx_word' id='word_1_766' title='bbox 3236 4699 3400 4751; x_wconf 89' lang='lat' dir='ltr'><strong><em>sunt</em></strong></span> <span class='ocrx_word' id='word_1_767' title='bbox 3454 4683 3870 4751; x_wconf 86' lang='lat' dir='ltr'><strong><em>vindicanda.</em></strong></span> <span class='ocrx_word' id='word_1_768' title='bbox 3981 4684 4340 4751; x_wconf 86' lang='lat' dir='ltr'><strong><em>Praeterea</em></strong></span> 
     </span>
     <span class='ocr_line' id='line_1_106' title="bbox 2375 4769 4336 4856; baseline -0.001 -19"><span class='ocrx_word' id='word_1_769' title='bbox 2375 4773 2624 4839; x_wconf 84' lang='lat' dir='ltr'><strong><em>multae</em></strong></span> <span class='ocrx_word' id='word_1_770' title='bbox 2678 4772 3078 4856; x_wconf 86' lang='lat' dir='ltr'><strong><em>pollutiones</em></strong></span> <span class='ocrx_word' id='word_1_771' title='bbox 3122 4774 3192 4837; x_wconf 92' lang='lat' dir='ltr'><strong><em>in</em></strong></span> <span class='ocrx_word' id='word_1_772' title='bbox 3252 4771 3480 4835; x_wconf 88' lang='lat' dir='ltr'><strong><em>divino</em></strong></span> <span class='ocrx_word' id='word_1_773' title='bbox 3535 4769 3716 4835; x_wconf 90' lang='lat' dir='ltr'><strong><em>cultu</em></strong></span> <span class='ocrx_word' id='word_1_774' title='bbox 3775 4770 3858 4834; x_wconf 90' lang='lat' dir='ltr'><strong><em>ad</em></strong></span> <span class='ocrx_word' id='word_1_775' title='bbox 3921 4773 4107 4854; x_wconf 90' lang='lat' dir='ltr'><strong><em>prius</em></strong></span> <span class='ocrx_word' id='word_1_776' title='bbox 4166 4770 4336 4837; x_wconf 89' lang='lat' dir='ltr'><strong><em>illud</em></strong></span> 
     </span>
     <span class='ocr_line' id='line_1_107' title="bbox 2374 4854 4338 4941; baseline -0.001 -18"><span class='ocrx_word' id='word_1_777' title='bbox 2374 4872 2718 4941; x_wconf 87' lang='lat' dir='ltr'><strong><em>peccatum</em></strong></span> <span class='ocrx_word' id='word_1_778' title='bbox 2778 4869 3204 4925; x_wconf 87' lang='lat' dir='ltr'><strong><em>accesserant.</em></strong></span> <span class='ocrx_word' id='word_1_779' title='bbox 3294 4854 3623 4921; x_wconf 88' lang='lat' dir='ltr'><strong><em>Davidem</em></strong></span> <span class='ocrx_word' id='word_1_780' title='bbox 3680 4854 3880 4920; x_wconf 87' lang='lat' dir='ltr'><strong><em>etiam</em></strong></span> <span class='ocrx_word' id='word_1_781' title='bbox 3936 4870 4092 4921; x_wconf 84' lang='lat' dir='ltr'><strong><em>cnm·</em></strong></span> <span class='ocrx_word' id='word_1_782' title='bbox 4132 4858 4338 4923; x_wconf 73' lang='lat' dir='ltr'><strong><em>Saule</em></strong></span> 
     </span>
     <span class='ocr_line' id='line_1_108' title="bbox 2376 4939 4336 5027; baseline 0 -18"><span class='ocrx_word' id='word_1_783' title='bbox 2376 4944 2758 5027; x_wconf 87' lang='lat' dir='ltr'><strong><em>persequuti</em></strong></span> <span class='ocrx_word' id='word_1_784' title='bbox 2816 4945 3114 5009; x_wconf 86' lang='lat' dir='ltr'><strong><em>fuerant:</em></strong></span> <span class='ocrx_word' id='word_1_785' title='bbox 3177 4963 3254 5008; x_wconf 86' lang='lat' dir='ltr'><strong><em>ac</em></strong></span> <span class='ocrx_word' id='word_1_786' title='bbox 3312 4939 3591 5025; x_wconf 91' lang='lat' dir='ltr'><strong><em>proinde</em></strong></span> <span class='ocrx_word' id='word_1_787' title='bbox 3640 4942 3838 5005; x_wconf 86' lang='lat' dir='ltr'><strong><em>etiam</em></strong></span> <span class='ocrx_word' id='word_1_788' title='bbox 3885 4955 4080 5006; x_wconf 88' lang='lat' dir='ltr'><strong><em>erant</em></strong></span> <span class='ocrx_word' id='word_1_789' title='bbox 4120 4942 4336 5009; x_wconf 89' lang='lat' dir='ltr'><strong><em>homi·</em></strong></span> 
     </span>
     <span class='ocr_line' id='line_1_109' title="bbox 2376 5024 4338 5112; baseline 0.002 -19"><span class='ocrx_word' id='word_1_790' title='bbox 2376 5028 2582 5095; x_wconf 87' lang='lat' dir='ltr'><strong><em>cidae.</em></strong></span> <span class='ocrx_word' id='word_1_791' title='bbox 2634 5027 2814 5109; x_wconf 77' lang='lat' dir='ltr'><strong><em>Quid</em></strong></span> <span class='ocrx_word' id='word_1_792' title='bbox 2857 5029 3035 5093; x_wconf 90' lang='lat' dir='ltr'><strong><em>enim</em></strong></span> <span class='ocrx_word' id='word_1_793' title='bbox 3078 5039 3466 5111; x_wconf 86' lang='lat' dir='ltr'><strong><em>peccaverat</em></strong></span> <span class='ocrx_word' id='word_1_794' title='bbox 3511 5024 3730 5091; x_wconf 87' lang='lat' dir='ltr'><strong><em>David</em></strong></span> <span class='ocrx_word' id='word_1_795' title='bbox 3776 5026 4093 5093; x_wconf 84' lang='lat' dir='ltr'><strong><em>adversus</em></strong></span> <span class='ocrx_word' id='word_1_796' title='bbox 4134 5030 4338 5112; x_wconf 87' lang='lat' dir='ltr'><strong><em>ipsos,</em></strong></span> 
     </span>
    </p>
   </div>
   <div class='ocr_carea' id='block_1_10' title="bbox 316 5112 4333 5286">
    <p class='ocr_par' dir='ltr' id='par_1_11' title="bbox 316 5112 4333 5286">
     <span class='ocr_line' id='line_1_110' title="bbox 316 5112 4333 5201; baseline -0 -18"><span class='ocrx_word' id='word_1_797' title='bbox 316 5119 668 5183; x_wconf 90' lang='lat' dir='ltr'><strong><em>immisisse</em></strong></span> <span class='ocrx_word' id='word_1_798' title='bbox 725 5117 792 5180; x_wconf 91' lang='lat' dir='ltr'><strong><em>in</em></strong></span> <span class='ocrx_word' id='word_1_799' title='bbox 851 5138 963 5182; x_wconf 90' lang='lat' dir='ltr'><strong><em>cor</em></strong></span> <span class='ocrx_word' id='word_1_800' title='bbox 1003 5112 1310 5201; x_wconf 82' lang='lat' dir='ltr'><strong><em>Davidis,</em></strong></span> <span class='ocrx_word' id='word_1_801' title='bbox 1370 5120 1447 5179; x_wconf 88' lang='lat' dir='ltr'><strong><em>ut</em></strong></span> <span class='ocrx_word' id='word_1_802' title='bbox 1502 5114 1817 5199; x_wconf 84' lang='lat' dir='ltr'><strong><em>populum</em></strong></span> <span class='ocrx_word' id='word_1_803' title='bbox 1867 5126 2099 5181; x_wconf 85' lang='lat' dir='ltr'><strong><em>contra</em></strong></span> <span class='ocrx_word' id='word_1_804' title='bbox 2141 5112 2272 5189; x_wconf 84' lang='lat' dir='ltr'><strong><em>Dei</em></strong></span> <span class='ocrx_word' id='word_1_805' title='bbox 2380 5126 2454 5179; x_wconf 89' lang='lat' dir='ltr'><strong><em>ut</em></strong></span> <span class='ocrx_word' id='word_1_806' title='bbox 2494 5134 2647 5179; x_wconf 89' lang='lat' dir='ltr'><strong><em>eum</em></strong></span> <span class='ocrx_word' id='word_1_807' title='bbox 2692 5116 2765 5179; x_wconf 90' lang='lat' dir='ltr'><strong><em>in</em></strong></span> <span class='ocrx_word' id='word_1_808' title='bbox 2806 5115 3087 5197; x_wconf 80' lang='lat' dir='ltr'><strong><em>gratiam</em></strong></span> <span class='ocrx_word' id='word_1_809' title='bbox 3131 5113 3309 5196; x_wconf 90' lang='lat' dir='ltr'><strong><em>regis</em></strong></span> <span class='ocrx_word' id='word_1_810' title='bbox 3352 5113 3434 5177; x_wconf 90' lang='lat' dir='ltr'><strong><em>ad</em></strong></span> <span class='ocrx_word' id='word_1_811' title='bbox 3479 5128 3756 5176; x_wconf 80' lang='lat' dir='ltr'><strong><em>mortem</em></strong></span> <span class='ocrx_word' id='word_1_812' title='bbox 3805 5113 4333 5195; x_wconf 82' lang='lat' dir='ltr'><strong><em>persequantur?</em></strong></span> 
     </span>
     <span class='ocr_line' id='line_1_111' title="bbox 316 5195 4333 5286; baseline -0.001 -15"><span class='ocrx_word' id='word_1_813' title='bbox 316 5218 738 5286; x_wconf 86' lang='lat' dir='ltr'><strong><em>praeceptum</em></strong></span> <span class='ocrx_word' id='word_1_814' title='bbox 788 5209 1183 5277; x_wconf 87' lang='lat' dir='ltr'><strong><em>recenseret,</em></strong></span> <span class='ocrx_word' id='word_1_815' title='bbox 1225 5199 1400 5280; x_wconf 90' lang='lat' dir='ltr'><strong><em>quod</em></strong></span> <span class='ocrx_word' id='word_1_816' title='bbox 1450 5202 1761 5267; x_wconf 89' lang='lat' dir='ltr'><strong><em>nimirum</em></strong></span> <span class='ocrx_word' id='word_1_817' title='bbox 1807 5202 1993 5283; x_wconf 77' lang='lat' dir='ltr'><strong><em>Deus</em></strong></span> <span class='ocrx_word' id='word_1_818' title='bbox 2036 5220 2283 5283; x_wconf 88' lang='lat' dir='ltr'><strong><em>poenas</em></strong></span> <span class='ocrx_word' id='word_1_819' title='bbox 2379 5198 2526 5265; x_wconf 87' lang='lat' dir='ltr'><strong><em>Imo</em></strong></span> <span class='ocrx_word' id='word_1_820' title='bbox 2570 5220 2790 5265; x_wconf 88' lang='lat' dir='ltr'><strong><em>nonne</em></strong></span> <span class='ocrx_word' id='word_1_821' title='bbox 2836 5197 3081 5265; x_wconf 89' lang='lat' dir='ltr'><strong><em>Davidi</em></strong></span> <span class='ocrx_word' id='word_1_822' title='bbox 3125 5208 3314 5265; x_wconf 86' lang='lat' dir='ltr'><strong><em>erant</em></strong></span> <span class='ocrx_word' id='word_1_823' title='bbox 3357 5218 3588 5265; x_wconf 85' lang='lat' dir='ltr'><strong><em>omnes</em></strong></span> <span class='ocrx_word' id='word_1_824' title='bbox 3630 5195 3964 5271; x_wconf 81' lang='lat' dir='ltr'><strong><em>devincti..</em></strong></span> <span class='ocrx_word' id='word_1_825' title='bbox 3989 5199 4333 5284; x_wconf 88' lang='lat' dir='ltr'><strong><em>eidemque</em></strong></span> 
     </span>
    </p>
   </div>
   <div class='ocr_carea' id='block_1_11' title="bbox 3823 5296 3930 5354">
    <p class='ocr_par' dir='ltr' id='par_1_12' title="bbox 3823 5296 3930 5354">
     <span class='ocr_line' id='line_1_112' title="bbox 3823 5296 3930 5354; baseline 0 0"><span class='ocrx_word' id='word_1_826' title='bbox 3823 5296 3930 5354; x_wconf 75' lang='lat'><strong><em>42·</em></strong></span> 
     </span>
    </p>
   </div>
  </div>
 </body>
</html>
