5059 6059
294 305 408 371 453

330 519 406 565 uo
495 497 671 563 Deus
760 517 947 564 suam
1040 500 1475 584 praesentiam
1568 502 1894 586 pollicitus
1973 502 2202 568 fuerat.

288 522 494 650 David
553 583 767 666 itaque
823 605 956 649 non
1012 585 1223 650 haesit
1280 584 1350 650 in
1414 588 1641 671 figura,
1700 587 1814 654 sed
1871 586 1952 654 ad
2011 608 2205 654 suum

291 673 471 737 finem
529 668 707 734 illam
765 669 1012 736 retulit.
1100 674 1320 754 Atque
1375 672 1500 738 hac
1556 674 1808 740 ratione
1860 673 2083 740 fideles
2126 673 2207 739 ab

286 754 624 822 incredulis
666 755 735 818 in
781 757 1087 821 omnibus
1131 757 1324 824 rebus
1359 760 1650 825 externis
1686 771 1749 824 et
1785 759 2208 825 caeremoniis

288 840 603 906 differunt.
690 839 864 905 Nam
941 841 1255 908 increduli
1335 844 1540 911 multa
1619 844 1744 911 sibi
1818 847 2076 931 fingunt
2142 853 2211 910 et

288 928 368 992 im
455 928 733 1006 nentur,
798 947 963 1009 quae
1030 928 1297 992 totidem
1364 929 1577 996 media
1642 929 1765 995 sibi
1818 929 2210 1015 persuadent

285 1012 359 1077 ad
465 1031 612 1077 eum
660 1011 1114 1094 persuadendi,
1160 1024 1226 1078 et
1268 1035 1416 1080 eum
1461 1016 1586 1082 sibi
1631 1016 2038 1084 conciliandi.
2087 1023 2208 1082 At-

285 1098 384 1181 qui
427 1118 552 1161 non
600 1097 751 1163 licet
793 1096 1167 1164 hominibus
1208 1099 1459 1166 cultum
1504 1102 1784 1185 aliquem
1833 1124 2071 1168 novum
2115 1103 2209 1167 in·

283 1183 538 1249 ducere:
584 1182 697 1248 sed
742 1185 916 1249 inter
961 1185 1142 1250 verbi
1187 1185 1395 1268 ipsius
1419 1188 1730 1255 mandata
1752 1190 1931 1272 ipsos
1953 1196 2208 1273 oportet

282 1268 641 1334 subsistere.
757 1267 1322 1349 Quemadmodum
1403 1271 1593 1340 hodie
1669 1276 1960 1358 papistae
2040 1275 2208 1341 hanc

279 1357 545 1437 figuram
592 1375 743 1421 cum
787 1354 932 1421 aliis
976 1356 1201 1422 multis
1242 1358 1548 1436 retinent,
1594 1361 1662 1425 in
1697 1361 1934 1443 quibus
1969 1381 2205 1445 purum

281 1439 397 1505 Dei
439 1440 691 1505 cultum
738 1442 926 1506 aiunt
967 1443 1342 1524 consistere,
1406 1457 1472 1508 et
1514 1466 1937 1529 quaecunque
1980 1468 2204 1529 super-

278 1526 449 1592 stitio
514 1527 796 1592 suaserit
837 1537 1216 1610 sequuntur.
1307 1534 1399 1594 At
1440 1531 1498 1596 si
1533 1534 1798 1615 propius
1833 1533 2207 1616 inquiratur

277 1612 440 1676 unde
498 1611 668 1677 ritus
725 1611 838 1676 isti
895 1614 1224 1691 fluxerint,
1291 1636 1507 1680 meras
1551 1639 1757 1701 nugas
1803 1619 2208 1684 inveniemus

277 1717 429 1774 esse,
476 1718 640 1781 quas
682 1696 809 1763 sibi
852 1699 1128 1783 quisque
1170 1721 1290 1784 pro
1325 1700 1597 1768 libidine
1633 1704 1858 1769 finxit:
1903 1712 1980 1770 ut
2013 1705 2070 1769 is
2107 1703 2209 1768 vir

273 1782 475 1849 bonus
519 1794 591 1848 et
631 1792 897 1850 sanctus
940 1785 1028 1850 sit
1071 1786 1501 1870 existimatus,
1547 1790 1656 1872 qui
1700 1799 2046 1855 externum
2089 1788 2206 1854 ali-

275 1889 457 1951 quem
525 1869 727 1933 ritum
802 1870 1077 1949 invexit,
1151 1883 1217 1937 et
1288 1874 1499 1957 magis
1563 1876 1868 1957 pietatem
1937 1889 2207 1940 externo

269 1965 474 2037 gestu,
536 1953 688 2021 licet
734 1955 933 2020 verbo
992 1954 1117 2021 Dei
1163 1969 1404 2042 spreto,
1460 1960 1815 2027 simulavit.
1906 1962 2043 2028 Nos
2085 1961 2206 2026 ita·

271 2060 388 2123 que
445 2039 778 2105 discamus
838 2041 1015 2107 intra
1056 2042 1534 2127 simplicitatem
1583 2047 1764 2113 verbi
1810 2044 2010 2114 divini
2057 2068 2207 2115 oon·

267 2129 509 2204 sistere,
582 2126 654 2189 in
712 2146 786 2190 eo
847 2136 1134 2193 nostram
1194 2150 1336 2195 esse
1390 2131 1665 2212 positam
1724 2133 2002 2199 salutem
2064 2155 2207 2217 per·

270 2210 462 2277 suasi.
553 2210 814 2277 Deinde
859 2214 1165 2294 quoniam
1212 2235 1288 2279 ea
1332 2226 1433 2281 est
1476 2215 1816 2284 hominum
1862 2220 2210 2286 infirmitas

271 2306 340 2361 ut
417 2295 730 2364 facillime
809 2298 1164 2365 abutantur
1239 2301 1434 2367 verbo
1501 2302 1742 2384 divino,
1829 2304 2046 2371 danda
2113 2312 2212 2371 est

268 2401 463 2464 opera
523 2392 598 2448 ut
645 2381 727 2447 ad
773 2394 1018 2449 rectum
1062 2387 1263 2450 finem
1307 2395 1375 2451 et
1418 2409 1687 2473 scopum
1730 2390 1859 2455 Dei
1903 2391 2213 2458 mandata

270 2467 653 2533 referamus.
741 2466 856 2534 Sic
900 2471 1181 2555 exempli
1226 2473 1442 2555 gratia
1484 2475 1674 2540 multi
1708 2476 1916 2542 stulta
1950 2498 2211 2560 supers-

269 2554 497 2620 titione
545 2553 851 2637 baptismi
897 2564 966 2620 et
1005 2576 1240 2622 coenae
1283 2557 1647 2642 legitimum
1705 2562 1966 2628 illorum
2016 2582 2210 2629 usum

270 2649 719 2722 corrumpunt.
809 2639 946 2705 Alii
1002 2643 1174 2707 enim
1235 2641 1542 2710 fiduciam
1600 2667 1786 2713 suam
1841 2648 1911 2712 in
1972 2647 2213 2714 visibili

270 2739 333 2790 et
373 2735 656 2790 externa
716 2727 928 2809 figura
970 2727 1326 2794 collocant:
1385 2729 1496 2796 alii
1542 2733 1738 2798 etiam
1784 2734 1854 2798 in
1901 2733 2215 2800 veneficia

270 2825 335 2875 et
390 2811 786 2895 praestigias
849 2826 1262 2880 convertunt.
1351 2815 1489 2881 Nos
1547 2838 1705 2883 vero
1763 2839 1964 2902 quum
2024 2821 2214 2903 signa

267 2896 593 2978 quaedam
655 2899 1021 2981 accepimus
1077 2918 1117 2963 a
1175 2899 1480 2981 Domino,
1549 2902 1777 2971 demus
1833 2925 2094 2987 operam
2143 2916 2216 2970 ut

268 2983 465 3047 finem
513 2982 588 3046 in
633 3003 824 3065 quem
869 3004 908 3048 a
951 2984 1097 3049 Deo
1143 2987 1476 3069 proposita
1521 3001 1678 3054 sunt
1720 2991 2085 3067 intuentes,
2132 2988 2213 3056 ad

267 3068 458 3132 illum
508 3068 709 3133 etiam
759 3068 1183 3137 collimemus.
1273 3071 1389 3138 Sic
1431 3072 1650 3140 David
1695 3077 1884 3159 signo
1929 3078 2055 3142 isto
2101 3097 2217 3142 ex-

267 3163 453 3219 terno
526 3165 630 3219 est
696 3174 874 3221 usus.
963 3155 1190 3239 Neque
1242 3158 1418 3223 enim
1474 3159 1673 3225 fidem
1730 3182 1915 3226 suam
1977 3163 2042 3226 in
2103 3161 2216 3226 illo

266 3239 482 3322 ephod
528 3241 772 3322 posuit,
819 3242 932 3307 sed
977 3253 1289 3325 tanquam
1327 3245 1611 3327 imagine
1647 3259 1715 3312 et
1749 3248 1938 3331 signo
1974 3247 2220 3313 favoris

263 3338 330 3389 et
387 3325 810 3407 praesentiae
865 3327 1130 3393 divinae
1174 3349 1331 3394 usus
1375 3343 1474 3396 est
1519 3332 1586 3395 in
1631 3353 1757 3415 quo
1803 3354 1929 3397 non
1976 3332 2219 3400 subsis-

265 3411 544 3476 tendum
593 3412 802 3490 scivit,
857 3412 968 3479 sed
1016 3415 1275 3498 longius
1316 3416 1815 3497 inspiciendum,
1860 3439 2095 3502 nempe
2140 3417 2220 3482 ad

261 3497 703 3562 mediatorem
772 3519 975 3581 usque
1047 3499 1544 3583 assurgendum.
1633 3504 1836 3570 Hunc
1893 3505 1965 3568 in
2023 3506 2220 3570 finem

262 3583 471 3666 igitur
533 3581 760 3647 David
820 3586 1040 3650 afferri
1098 3585 1223 3651 sibi
1282 3607 1321 3651 a
1364 3587 1697 3653 sacerdote
1742 3590 1956 3674 ephod
2002 3601 2223 3674 postu-

261 3666 449 3734 lavit.
549 3667 686 3734 Nos
743 3670 948 3753 igitur
1007 3672 1301 3738 externis
1344 3673 1548 3756 signis
1590 3686 1856 3740 utamur
1900 3675 1981 3740 ad
2026 3675 2219 3740 fidem

260 3753 600 3819 infirmam
627 3756 1169 3822 confirmandam:
1214 3756 1329 3823 sed
1349 3758 1430 3823 ad
1453 3758 1671 3825 Deum
1707 3781 1967 3844 semper
2004 3781 2220 3828 assur·

259 3860 504 3924 gamus
554 3849 619 3904 et
661 3840 872 3906 solum
916 3842 1103 3908 illum
1147 3864 1569 3924 quaeramus:
1630 3845 1721 3910 ita
1763 3846 1818 3912 si
1861 3849 2006 3929 quis
2053 3868 2221 3930 quae

263 3925 378 3991 dat
442 3926 640 3992 nobis
693 3927 775 3991 ad
829 3926 981 3992 fidei
1027 3928 1613 4008 confirmationem,
1660 3939 1940 4006 utentes,
1981 3954 2065 3998 ne
2109 3932 2222 3997 illa

262 4012 403 4077 sint
487 4012 681 4077 nobis
756 4015 974 4096 potius
1039 4014 1499 4098 impedimento
1565 4038 1760 4100 quam
1829 4017 2220 4083 adiumento.

261 4097 485 4163 Porro
524 4098 724 4162 etiam
775 4098 881 4165 hic
926 4099 1423 4176 observandum,
1454 4102 1773 4168 Davidem
1819 4103 1989 4168 nihil
2034 4113 2224 4168 extra

265 4183 687 4248 vocationem
753 4205 940 4250 suam
1011 4186 1309 4270 gessisse.
1398 4186 1571 4253 Nam
1628 4188 1948 4254 sacerdoti
2009 4188 2223 4271 ephod

261 4268 567 4351 reliquit,
626 4270 795 4352 quod
857 4272 995 4353 ipse
1056 4292 1189 4337 non
1244 4273 1482 4357 attigit.
1583 4274 1692 4338 Ex
1754 4296 1883 4359 qua
1944 4274 2222 4340 Davidis

262 4353 602 4419 modestia
660 4354 988 4422 discamus
1049 4358 1222 4423 ultra
1277 4379 1654 4424 mensuram
1701 4369 1769 4426 et
1815 4361 2222 4427 vocationem

263 4449 582 4505 nostram
621 4440 781 4506 nihil
814 4442 1101 4526 aggredi,
1154 4442 1268 4508 sed
1293 4443 1374 4509 ad
1408 4465 1600 4528 quam
1629 4445 1904 4529 quisque
1946 4447 2221 4512 vocatio-

262 4546 421 4589 nem
448 4547 493 4590 a
511 4525 657 4592 Deo
679 4527 920 4593 electus
936 4538 1055 4607 est,
1091 4531 1162 4593 in
1185 4551 1261 4595 ea
1284 4550 1354 4595 se
1378 4541 1695 4609 exerceat,
1722 4531 1965 4616 etquid
1990 4532 2222 4615 cuique

259 4610 455 4676 Deus
520 4613 858 4693 permittat
911 4614 1409 4680 animadvertat.
1498 4614 1731 4682 Oziam
1778 4639 1997 4702 regem
2040 4617 2220 4682 suffi-

260 4709 410 4761 tum
476 4695 566 4761 ad
619 4698 824 4764 altare
882 4698 1092 4766 facere
1149 4702 1510 4780 volentem,
1566 4712 1633 4767 et
1694 4724 1842 4770 eum
1903 4703 2217 4768 honorem

259 4781 379 4864 qui
430 4781 526 4846 ad
568 4783 780 4865 ipsum
829 4805 959 4851 non
1006 4786 1370 4868 pertinebat
1412 4788 1534 4854 sibi
1577 4799 2014 4874 arrogantem,
2041 4790 2221 4854 Deus

257 4876 601 4950 perpetua
634 4869 997 4954 ignominia
1031 4881 1098 4936 et
1142 4870 1450 4939 dedecore
1495 4873 1677 4958 lepra
1720 4874 2029 4939 nimirum
2078 4895 2221 4957 per-

258 4954 501 5027 cussit,
568 4954 894 5021 Davidem
973 4964 1201 5023 contra
1266 4977 1469 5040 quum
1541 4958 1821 5045 legimus
1884 4959 2222 5043 reliquisse

254 5037 600 5104 sacerdoti
657 5042 870 5125 ephod
924 5043 1100 5125 quod
1159 5044 1222 5108 in
1282 5044 1588 5111 manibus
1640 5045 1736 5111 illi
1782 5045 1963 5111 Deus
2020 5045 2221 5111 tradi-

259 5122 485 5204 derat,
549 5125 832 5194 sciamus
891 5137 1075 5194 tanta
1132 5128 1566 5198 sollicitudine
1625 5141 1691 5197 et
1734 5131 2109 5198 reverentia
2147 5131 2217 5196 in

257 5208 396 5276 Dei
436 5210 684 5278 timore
719 5213 1104 5294 ambulasse,
1150 5224 1225 5281 ut
1268 5215 1433 5280 nihil
1477 5237 1820 5302 aggressus
1864 5220 1951 5283 sit
1993 5225 2221 5285 contra

1541 310 1638 377 IN
1684 311 1737 378 1.
1787 312 1965 378 LIB.
2013 311 2412 379 SAMUEL.
2459 310 2653 377 OAP.
2700 308 2970 377 XXIII.

4122 306 4253 373 454

2310 522 2496 568 suam
2543 502 2943 568 vocationem
2989 499 3192 566 aDeo
3236 502 3735 585 praescriptam:
3781 507 3850 565 et
3890 500 3957 565 in
3979 497 4245 565 Domini

2309 587 2556 653 auxilio
2609 594 2677 652 et
2735 587 2961 651 favore
3018 597 3084 651 et
3130 583 3593 664 benedictione,
3654 607 3849 670 quam
3896 587 4086 651 toties
4131 603 4248 650 ex-

2309 683 2536 756 pertus
2580 680 2720 737 erat
2763 692 2940 755 spem
2988 692 3177 737 suam
3222 672 3591 738 collocasse.
3677 671 3857 736 Hinc
3900 670 4248 748 discamus,

2308 760 2365 823 si
2388 758 2605 824 Deum
2652 758 3004 842 propitium
3055 756 3294 822 habere
3338 758 3641 824 volumus
3684 766 3750 822 et
3793 757 3861 822 in
3905 756 4101 823 rebus
4143 756 4249 821 in-

2307 845 2503 911 certis
2548 842 2870 908 auxilium
2914 843 3123 926 ipsius
3166 843 3490 927 consequi,
3558 843 3640 908 ad
3685 842 3900 924 ipsum
3947 840 4247 926 precibus

2309 932 2689 1014 confugere,
2761 943 2828 993 et
2883 929 3279 1011 propositam
3338 928 3526 995 nobis
3583 928 3663 994 ab
3725 929 3865 1012 ipso
3925 928 4097 993 viam
4158 928 4250 990 ita

2310 1036 2605 1100 premere
2643 1036 2727 1078 ne
2770 1013 2853 1080 ad
2895 1014 3147 1080 laevam
3193 1025 3308 1079 aut
3349 1013 3645 1081 dextram
3690 1013 4140 1080 deflectamus:
4186 1018 4253 1078 et

2310 1124 2394 1167 ne
2437 1101 2594 1183 quid
2639 1113 2880 1166 temere
2925 1101 3388 1183 suscipiamus,
3454 1108 3520 1164 et
3562 1120 3819 1165 omnem
3881 1098 4249 1182 superbiam

2312 1201 2379 1253 et
2434 1186 2875 1271 arrogantiam
2930 1186 3360 1270 deponamus:
3419 1185 3533 1253 sed
3578 1196 3805 1250 contra
3849 1206 3995 1252 cum
4038 1181 4253 1249 humi-

2311 1272 2494 1338 litate
2560 1285 2627 1337 et
2692 1270 3037 1348 modestia,
3106 1283 3366 1337 nostrae
3434 1272 3768 1337 tenuitatis
3825 1271 4100 1348 conscii,
4164 1267 4248 1334 ad

2309 1360 2523 1442 ipsum
2592 1358 3008 1425 accedamus:
3074 1357 3365 1439 persuasi
3429 1379 3545 1424 uos
3605 1358 3999 1440 propositam
4062 1354 4249 1420 nobis

2309 1446 2487 1510 viam
2534 1445 2615 1510 ab
2662 1445 2801 1526 ipso
2845 1443 3240 1520 insistentes,
3295 1443 3501 1528 ipsius
3543 1443 3979 1526 praesentiam
4026 1453 4090 1507 et
4133 1461 4250 1506 au-

2311 1531 2538 1597 xilium
2566 1531 2630 1595 in
2672 1530 2865 1597 rebus
2902 1528 3278 1595 necessariis
3313 1530 3733 1595 inventuros:
3768 1538 3835 1594 et
3870 1549 3999 1593 non
4036 1526 4248 1594 solum

2312 1617 2565 1681 facilem
2601 1625 2670 1681 et
2707 1616 3059 1699 benignum
3097 1614 3280 1680 illum
3320 1636 3477 1700 erga
3514 1635 3633 1680 nos
3676 1613 3846 1696 fore,
3889 1612 4002 1681 sed
4048 1612 4248 1678 etiam

2312 1703 2393 1768 ad
2441 1702 2757 1767 auxilium
2806 1701 2988 1766 nobis
3033 1700 3373 1766 ferendum
3418 1701 3927 1784 paratissimum.

2482 1788 2622 1852 Iam
2671 1807 2829 1852 vero
2874 1786 3064 1869 agite,
3106 1792 3208 1854 etc.

2786 2216 3275 2300 HOMILIA
3324 2214 3798 2297 LXXXIII.

2489 2388 2548 2452 7.
2596 2386 2977 2452 Nuntiatum
3039 2392 3125 2451 est
3191 2391 3397 2451 autem
3462 2384 3692 2461 Sauli,
3759 2386 3925 2467 quod
3990 2386 4255 2451 venisset

2315 2472 2537 2540 David
2582 2473 2650 2537 in
2700 2471 2956 2550 Ceilam,
3016 2476 3073 2535 et
3117 2472 3213 2536 ait
3258 2470 3451 2537 Saul.-
3500 2470 3794 2538 Tradidit
3838 2492 3977 2537 eum
4020 2470 4255 2538 Domi·

2314 2580 2438 2625 nus
2471 2559 2544 2624 in
2576 2578 2806 2624 manus
2841 2577 3034 2641 mea-3,
3076 2556 3513 2638 conclususque
3556 2562 3643 2622 est
3676 2556 3741 2621 in
3743 2578 4000 2641 pressus
4041 2557 4256 2623 urbem

2314 2645 2387 2710 in
2443 2665 2570 2727 qua
2618 2648 2845 2727 portae
2898 2647 2951 2707 et
3006 2662 3185 2708 serae
3243 2647 3410 2707 sunt.
3500 2642 3559 2708 8.
3608 2641 3697 2708 Et
3730 2643 4052 2742 praecepit
4095 2642 4257 2709 Saul

2317 2730 2768 2883 amamus
2796 2729 3033 2882 m
3076 2748 3365 2880 sm
3428 2728 3997 2897 wast
3995 2727 4256 2896 Ἥ

2317 2902 2538 2969 David
2572 2903 2874 2984 rescisset,
2897 2900 3052 2981 quia
3067 2904 3480 2982 praepararet
3519 2901 3577 2964 ei
3604 2899 3763 2965 Saul
3796 2902 3961 2967 clam
3999 2901 4254 2977 malum,

2318 2987 2486 3054 dixit
2529 2988 2615 3053 ad
2638 2986 2955 3052 Abiathar
2996 2986 3395 3052 sacerdotem.-
3442 2986 3710 3067 Applica
3732 2984 3978 3067 Ephod.
4042 2986 4145 3051 10.
4166 2985 4257 3050 Et

2321 3074 2414 3139 ait
2455 3072 2707 3139 David:
2748 3072 3020 3137 Domine
3062 3070 3244 3138 Deus
3288 3070 3518 3152 Israel,
3563 3072 3807 3137 audivit
3845 3072 4088 3154 famam
4128 3092 4254 3137 ser-

2320 3179 2436 3224 vus
2492 3164 2660 3239 tuus,
2715 3158 2879 3239 quod
2936 3159 3226 3240 disponat
3271 3155 3435 3223 Saul
3483 3157 3692 3224 venire
3751 3158 3821 3222 in
3871 3156 4129 3238 Ceilam,
4186 3161 4256 3222 ut

2320 3249 2570 3323 evertat,
2624 3242 2837 3309 urbem
2882 3248 3144 3325 propter
3199 3264 3312 3309 me.
3404 3244 3504 3309 11.
3574 3242 3651 3309 Si
3706 3243 3947 3309 tradent
3988 3265 4083 3310 me
4121 3243 4255 3310 viri

2326 3328 2540 3397 Geilae
2597 3330 2668 3394 in
2722 3349 2950 3394 mnus
3003 3328 3180 3394 eius?
3241 3335 3295 3394 et
3351 3329 3412 3393 si
3467 3330 3781 3395 descendet
3836 3329 4033 3413 Saul,
4097 3330 4257 3397 sicut

2322 3417 2567 3482 audivit
2617 3435 2836 3481 servus
2894 3414 3092 3479 tuus?
3177 3414 3452 3480 Domine
3504 3415 3686 3481 Deus
3744 3414 3986 3494 Israel,
4040 3416 4257 3482 indica

2320 3522 2494 3568 servo
2539 3506 2661 3566 tue.
2748 3500 2837 3566 Et
2893 3501 2987 3567 ait
3030 3498 3385 3566 Dominus.-
3433 3500 3784 3567 Descendet.
3869 3501 3970 3568 12.
4030 3501 4256 3567 Dixit·

2319 3609 2437 3671 que
2477 3586 2728 3653 David:
2783 3584 2859 3652 Si
2913 3585 3155 3651 tradent
3208 3606 3306 3651 me
3360 3586 3488 3652 viri
3535 3585 3761 3668 Gestae,
3817 3592 3873 3654 et
3932 3588 4103 3654 viros
4145 3589 4258 3671 qui

2320 3679 2467 3739 sunt
2520 3693 2775 3755 mecum,
2829 3674 2901 3738 in
2955 3693 3182 3738 manus
3241 3671 3453 3738 Saul?
3542 3671 3633 3737 Et
3686 3674 3853 3739 divit
3906 3673 4259 3740 Dominus:

2331 3758 2621 3824 Tradent.
2692 3758 2791 3823 13.
2842 3756 3133 3823 Surrexit
3176 3778 3316 3842 erqo
3357 3757 3579 3825 David
3621 3762 3677 3823 et
3715 3759 3847 3824 viri
3887 3761 4025 3825 eius
4068 3763 4259 3843 quasi

2321 3846 2604 3922 sexcenti,
2651 3850 2709 3909 et
2750 3844 2985 3928 cyressi
3025 3844 3101 3910 de
3126 3842 3318 3922 Geila,
3360 3844 3479 3909 huc
3521 3849 3704 3926 atque
3744 3844 3894 3912 illuc
3936 3845 4253 3930 vaqaban-

2321 3937 2425 3996 tur
2488 3930 2747 4008 incerti,
2822 3931 3298 4011 nuntiatumque
3360 3935 3451 3996 est
3516 3929 3707 3997 Sauli
3770 3932 3932 4012 quod
3992 3932 4257 4016 fugisset

2323 4015 2544 4083 David
2576 4016 2652 4082 de
2678 4013 2870 4090 Usila,
2914 4020 2971 4079 et
3013 4016 3300 4081 salvatus
3332 4021 3507 4094 esset,
3551 4036 3740 4098 quam
3779 4017 3851 4083 ob
3893 4038 4025 4083 rem
4066 4020 4255 4084 dissi·

2322 4102 2589 4168 mulavit
2621 4102 2810 4167 exire.
2880 4101 2980 4166 14.
3005 4101 3379 4167 Morabatur
3420 4106 3629 4167 autem
3653 4102 3869 4168 David
3909 4105 3979 4168 in
4021 4103 4259 4170 deserto

2323 4190 2395 4254 in
2451 4187 2602 4253 locis
2659 4187 3071 4268 firmissimis,
3130 4189 3480 4270 mansitque
3535 4189 3607 4254 in
3661 4193 3857 4255 monte
3899 4188 4259 4254 solitudinis

2327 4272 2526 4357 Ziph:
2579 4271 2908 4354 quaerebat
2965 4295 3103 4339 eum
3158 4278 3361 4339 tamen
3421 4272 3583 4339 Saul
3640 4274 3871 4340 cunctis
3926 4273 4146 4338 diebus
4203 4280 4259 4340 et

2322 4380 2447 4426 non
2500 4359 2771 4424 tradidit
2826 4380 2966 4424 eum
3006 4358 3325 4426 Dominus
3382 4362 3450 4426 in
3503 4378 3731 4425 manus
3773 4361 3930 4425 eius.
4024 4360 4123 4425 15.
4170 4359 4259 4425 Et

2321 4445 2481 4512 vidit
2515 4444 2737 4510 David
2778 4445 2942 4528 quod
2983 4465 3266 4529 eyressus
3307 4450 3461 4512 esset
3508 4445 3669 4511 Saul
3709 4450 3781 4510 ut
3819 4451 4072 4527 quaeret
4112 4448 4254 4512 ani-

2321 4529 2490 4596 ma'm
2547 4530 2704 4596 eius.
2826 4530 3028 4597 Porro
3080 4531 3302 4597 David
3357 4536 3494 4597 erat
3549 4531 3620 4596 in
3675 4531 3910 4596 deserto
3968 4531 4135 4614 Ziph
4189 4532 4260 4597 in

2320 4617 2516 4700 sylva.
2611 4616 2709 4680 16.
2760 4615 2849 4682 Et
2890 4619 3173 4683 sua-rexit
3216 4617 3518 4684 Ionathas
3554 4617 3734 4697 filius
3776 4615 3956 4696 Saul,
4001 4624 4057 4683 et
4100 4617 4259 4684 abiit

2323 4705 2408 4769 ad
2451 4701 2674 4768 David
2730 4703 2802 4767 in
2858 4704 3120 4786 sylvam,
3178 4708 3234 4768 et
3288 4702 3656 4785 confortavit
3709 4722 3937 4767 manus
3994 4704 4132 4768 eius
4188 4705 4262 4769 in

2319 4788 2472 4856 Deo.
2544 4787 2644 4853 17.
2671 4786 2979 4870 Dixitque
3011 4791 3102 4855 ei.-
3147 4789 3247 4855 Ne
3278 4791 3529 4853 timeas:
3563 4808 3757 4871 neque
3791 4788 3960 4854 enim
3994 4790 4260 4855 inveniet

2319 4878 2375 4940 te
2409 4892 2639 4939 manus
2664 4870 2828 4939 Saul
2851 4875 3067 4956 patris
3099 4876 3252 4940 mei:
3285 4879 3341 4938 et
3382 4879 3451 4937 tu
3490 4873 3779 4957 regnabis
3816 4894 4005 4957 super
4028 4875 4259 4955 Israel,

2319 4957 4260 5043 eteqoerotibisecundus:sedetSaulpatermeusscit

2321 5044 2451 5114 hoc.
2513 5044 2614 5109 18.
2652 5043 2974 5113 Percussit
3006 5065 3147 5130 erqo
3180 5051 3432 5127 uoerque
3468 5045 3687 5127 foedus
3719 5066 3928 5113 coram
3948 5046 4256 5114 Domino:

2319 5132 2670 5213 mansitque
2711 5132 2934 5198 David
2990 5133 3062 5197 in
3117 5130 3314 5217 sylva,
3376 5131 3427 5196 I
3421 5131 3686 5200 onathas
3729 5138 3935 5199 autem
3975 5152 4260 5200 reversus

2318 5223 2411 5283 est
2447 5218 2520 5284 in
2559 5216 2811 5284 domum
2850 5237 3053 5286 suam.
