5059 6059
876 315 1002 380 407
1408 373 1443 431 i!

878 502 1101 567 David
1160 502 1278 566 hoc
1334 500 1476 564 loeo
1521 497 1704 565 nobis
1748 497 2047 581 exemplo
2090 499 2320 581 praeit,
2368 497 2540 580 quod
2587 517 2811 563 omnes

880 587 1065 653 decet
1129 583 1392 667 imitari,
1459 603 1664 667 quum
1732 605 1860 650 non
1929 589 2186 648 tantum
2253 585 2595 666 profitetur
2651 604 2719 647 se
2774 601 2813 646 a

881 672 1022 737 Deo
1080 668 1397 748 adiutum,
1457 678 1522 733 et
1578 690 1662 734 ex
1716 671 1943 735 mortis
1996 669 2291 735 faucibus
2345 680 2640 746 erutum,
2698 666 2812 733 sed

879 758 1076 822 etiam
1133 754 1354 820 fideles
1409 774 1634 821 omnes
1691 753 1966 822 advocat
2017 774 2056 817 a
2111 775 2181 818 se
2242 754 2580 820 docendos.
2673 753 2812 819 Nos

879 843 1096 925 itaque
1156 841 1352 905 etiam
1411 839 1596 905 decet
1654 861 1785 904 non
1845 849 2095 904 tantum
2224 839 2387 906 atias
2431 861 2625 924 agere
2668 838 2812 903 Deo

876 949 994 1011 pro
1037 926 1315 1010 acceptis
1361 924 1443 990 ab
1486 927 1626 1009 ipso
1669 925 2019 1004 beneficiis,
2064 946 2133 991 se
2222 925 2384 991 alios
2428 946 2685 1010 quoque
2730 923 2811 989 ad

876 1014 1050 1079 idem
1109 1012 1475 1077 faciendum
1536 1012 1882 1092 cohortari,
1943 1021 2007 1074 et
2063 1019 2281 1077 nostro
2337 1011 2637 1094 exemplo
2697 1010 2812 1076 sti-

876 1099 1147 1165 mulare.

1048 1185 1484 1248 Transeamus
1544 1182 1674 1247 iam
1732 1182 1809 1246 ad
1872 1181 1985 1246 illa
2045 1183 2242 1246 verba
2301 1182 2535 1264 quibus
2594 1180 2814 1247 David

879 1271 1034 1337 dicit
1078 1290 1147 1335 se
1206 1268 1469 1335 Domini
1524 1266 1840 1333 auxilium
1895 1269 2262 1351 percepisse,
2327 1268 2479 1347 quia
2548 1268 2617 1331 in
2659 1268 2812 1331 sim·

865 1357 1148 1440 plicitatc
1203 1359 1258 1419 ct
1313 1356 1657 1438 integritate
1699 1374 1908 1419 coram
1949 1354 2089 1435 ipso
2131 1352 2487 1429 ambulavit,
2515 1359 2590 1433 ‚et
2628 1353 2812 1433 frau-

876 1443 1065 1511 dibus
1117 1445 1171 1505 et
1228 1439 1407 1515 dolie,
1464 1445 1521 1505 et
1584 1439 1660 1503 ab
1717 1441 1887 1506 omni
1932 1440 2373 1520 proximorum
2395 1438 2643 1503 iniuria
2667 1438 2813 1503 abs·

877 1528 1092 1593 tinuit.-
1163 1524 1419 1606 Quibus
1477 1525 1692 1590 verbis
1751 1523 2059 1589 docemur
2119 1544 2248 1607 qua
2292 1525 2542 1589 ratione
2590 1522 2814 1587 debea-

878 1635 1027 1679 mus
1065 1612 1167 1676 his
1210 1611 1607 1693 temporibus
1652 1630 1840 1693 opem
1885 1623 1949 1675 et
1994 1610 2316 1674 auxilium
2362 1609 2653 1675 divinum
2700 1630 2813 1673 ex·

884 1721 915 1765 s
964 1706 1206 1775 ectare,
1283 1708 1348 1761 et
1426 1695 1549 1759 sub
1615 1695 1864 1760 alarum
1940 1696 2144 1778 ipsius
2209 1693 2442 1760 umbra
2487 1695 2612 1760 tuti
2658 1715 2817 1759 esse.

948 1783 1217 1848 ellemus
1275 1780 1451 1846 enim
1495 1780 1711 1845 Deum
1771 1783 2279 1864 quotiescunque
2325 1781 2706 1865 premimur,
2752 1789 2815 1843 et

881 1868 1185 1951 periculis
1230 1888 1560 1950 urgemur,
1620 1866 1700 1931 ad
1747 1878 2050 1933 nostrum
2094 1866 2413 1933 auxilium
2457 1886 2813 1946 accurrere,

880 1956 996 2020 sed
1051 1970 1290 2037 quaeso
1344 1974 1537 2035 quam
1581 1951 1681 2017 illi
1725 1952 2142 2018 succurrendi
2189 1954 2589 2018 occasionem
2631 1973 2815 2035 prae·

881 2038 1152 2108 bemus?
1242 2038 1528 2102 Tantum
1589 2039 1765 2103 enim
1822 2039 2002 2102 abest
2059 2051 2135 2102 ut
2191 2059 2405 2103 coram
2470 2040 2611 2120 ipso
2656 2036 2810 2100 deii-

883 2128 1147 2199 ciamur,
1207 2134 1270 2187 et
1328 2124 1533 2207 ipsius
1597 2124 1912 2188 voluntati
1970 2143 2086 2188 nos
2146 2124 2318 2188 ultro
2372 2125 2811 2200 subiiciamus,

881 2223 954 2276 ut-
1009 2221 1234 2275 contra
1289 2230 1545 2292 semper
1588 2208 1716 2292 ipsi
1760 2210 2156 2299 resistamus,
2204 2219 2269 2272 et
2311 2209 2516 2292 ipsius
2561 2209 2812 2274 miseri-

882 2297 1140 2364 cordiae
1219 2296 1397 2360 viam
1477 2292 1990 2378 praecludamus.
2100 2294 2268 2359 Nam
2334 2295 2577 2359 malum
2643 2293 2814 2358 malo

884 2403 1138 2465 semper
1195 2381 1622 2458 cumulamus,
1680 2392 1744 2445 et
1800 2381 1857 2444 si
1915 2380 2077 2446 dolis
2131 2382 2500 2463 appetimur
2557 2388 2671 2444 aut
2711 2380 2813 2443 in-

884 2467 1072 2532 iuriis
1139 2465 1459 2530 afficimur
1524 2486 1645 2530 nos
1713 2465 1837 2548 ipsi
1899 2468 2187 2548 privatas
2250 2466 2523 2530 iniurias
2590 2465 2813 2530 ulcisci

886 2554 1208 2636 cupimus,
1250 2558 1316 2614 et
1360 2550 1414 2615 si
1459 2549 1743 2617 brachiis
1787 2561 1898 2614 aut
1933 2552 2234 2617 manibus
2277 2571 2408 2615 non
2450 2571 2815 2634 possumne,

885 2637 994 2704 vel
1049 2637 1207 2718 ipsis
1262 2633 1562 2700 dentibus
1621 2656 1911 2718 premere
1968 2646 2427 2719 persequentes
2471 2657 2604 2702 non
2648 2636 2814 2703 desi-

885 2723 1137 2799 stimus,
1184 2731 1251 2786 et
1294 2722 1547 2785 interea
1586 2720 1801 2785 Deum
1847 2732 2108 2787 nostrae
2153 2722 2526 2804 cupiditatis
2566 2733 2633 2786 et
2677 2723 2811 2786 ani·

885 2808 1207 2875 mositatis
1228 2805 1550 2874 vindicem
1572 2807 1951 2890 expetimus.
2019 2806 2149 2873 Sed
2194 2807 2528 2872 hominum
2571 2807 2817 2872 malitia

887 2892 1264 2960 mendacem
1329 2891 1544 2958 Deum
1621 2913 1954 2975 nunquam
2038 2893 2291 2959 afficiet.
2405 2893 2571 2959 Nam
2639 2893 2816 2958 illius

885 2981 1111 3046 afflatu
1169 2977 1387 3043 David
1444 2978 1599 3042 olim
1659 2977 1967 3060 loquutus
2025 2988 2143 3059 est,
2203 2998 2323 3043 nos
2381 2979 2435 3044 si
2494 2979 2813 3043 auxilium

888 3090 927 3132 a
984 3064 1266 3132 Domino
1332 3071 1653 3147 petamus,
1743 3072 2084 3146 opportere
2152 3063 2232 3130 ab
2313 3063 2490 3129 omni
2571 3064 2818 3129 malitia

886 3151 1113 3217 fraude
1160 3158 1223 3215 et
1270 3149 1575 3215 violentia
1621 3149 1965 3215 abstinere.
2031 3149 2178 3214 Hac
2223 3150 2469 3214 ratione
2495 3150 2621 3215 Dei
2665 3169 2820 3233 erga

888 3259 1004 3305 nos
1079 3235 1368 3302 bonitati·
1427 3235 1598 3301 viam
1667 3234 2150 3317 patefaciemus.
2236 3234 2822 3300 Verumenimvero

888 3323 1061 3389 dicat
1104 3322 1340 3405 aliquis
1379 3343 1500 3387 nos
1544 3342 1738 3406 saepe
1783 3320 1906 3386 hac
1949 3322 2205 3387 ratione
2249 3320 2541 3386 hostibus
2585 3321 2824 3387 nostris

936 3409 1199 3474 raedam
1260 3408 1421 3485 fieri,
1475 3407 1585 3472 sed
1639 3405 2067 3473 nihilominus
2124 3414 2344 3473 tamen
2401 3414 2648 3473 certum
2708 3413 2828 3484 est,

894 3432 1112 3560 {Deum
1170 3494 1409 3558 nostris
1467 3492 1658 3559 malis
1712 3492 2128 3575 provisurum
2183 3502 2251 3558 et
2308 3505 2596 3576 tempore
2638 3512 2826 3574 opor·

902 3591 1060 3644 tuno
1113 3578 1429 3644 auxilium
1488 3578 1797 3643 laturum.
1883 3579 1984 3643 Ac
2026 3578 2298 3661 proinde
2342 3598 2522 3662 spem
2568 3597 2827 3642 omnem

899 3686 974 3731 ac
1022 3662 1322 3729 fiduciam
1367 3673 1657 3730 nostram
1701 3666 1771 3729 in
1813 3664 1953 3747 ipso
1996 3685 2137 3731 esse
2180 3662 2641 3730 collocandam.
2707 3665 2828 3728 At-

902 3769 1029 3900 que
1078 3748 1241 3814 haec
1300 3748 1594 3817 doctrina
1630 3771 1705 3814 eo
1742 3748 2122 3833 diligentius
2156 3771 2195 3813 a
2230 3750 2415 3816 nobis
2450 3759 2551 3814 est
2587 3769 2830 3833 expen-

947 3833 1132 3914 enda,
1197 3855 1323 3917 quo
1389 3856 1613 3900 sumus
1677 3847 1912 3901 natura
1976 3837 2186 3919 magis
2249 3835 2663 3918 impatientes
2685 3885 2701 3916 ,
2767 3842 2831 3898 et

903 3921 1080 3986 mala
1111 3921 1282 3985 ferre
1317 3941 1444 3985 non
1479 3940 1844 4004 possumus,
1888 3933 1955 3985 et.
1990 3931 2323 4004 praeterea
2367 3941 2623 4003 semper
2667 3919 2833 3985 diffi-

905 4007 1127 4072 dentia
1171 4014 1236 4069 et
1278 4004 1721 4089 desperatione
1766 4007 2108 4091 agitamur,
2154 4014 2232 4072 ut
2275 4006 2423 4073 licet
2467 4004 2653 4071 nobis
2695 4014 2830 4071 tam

907 4092 1183 4160 Davidis
1217 4112 1408 4174 quam
1446 4091 1736 4169 aliorum,
1771 4112 1929 4176 quos
1948 4092 2129 4157 Deus
2165 4113 2284 4158 suo
2321 4102 2613 4175 tempore
2647 4092 2831 4170 iuvit,

908 4177 1209 4262 exempla
1262 4186 1728 4260 proponantur,
1786 4198 2044 4260 semper
2099 4185 2320 4244 tamen
2375 4176 2622 4261 aliquid
2679 4176 2832 4242 obii-

909 4268 1174 4344 ciamus,
1232 4274 1296 4328 et
1354 4282 1492 4339 nos,
1549 4262 1603 4326 si
1644 4262 1880 4342 David,
1926 4273 2041 4328 aut
2080 4263 2189 4328 alii
2235 4264 2437 4329 adiuti
2481 4273 2655 4341 sunt,
2703 4284 2834 4329 non

909 4350 1052 4414 ideo
1132 4360 1348 4411 tamen
1427 4347 1831 4415 adiuvandos
1898 4349 2210 4416 dicamus.
2316 4349 2566 4416 Idcirco
2629 4349 2837 4434 igitur

910 4433 1128 4499 David
1174 4432 1505 4517 praecipit,
1553 4441 1624 4498 ut
1667 4433 1749 4498 ab
1793 4437 1969 4498 omni
2014 4434 2240 4500 fraude
2284 4447 2349 4501 et
2391 4433 2541 4499 dolo
2587 4445 2656 4499 et
2697 4456 2835 4500 om·

907 4521 1102 4587 nibus
1136 4518 1392 4585 iniuriis
1425 4518 1738 4585 adversus
1774 4520 2101 4602 proximos
2135 4518 2592 4601 abstineamus,
2638 4527 2706 4585 et
2747 4520 2839 4584 ita

907 4628 1090 4690 spem
1125 4605 1279 4670 facit
1319 4625 1436 4670 nos
1481 4603 1574 4671 sic
1617 4605 2040 4683 ambulantes,
2085 4612 2153 4671 et
2195 4605 2276 4671 ad
2302 4606 2515 4671 Deum
2563 4606 2836 4672 necessi-

911 4705 1043 4761 tate
1107 4700 1384 4776 urgente
1449 4691 1922 4774 confugientes,
1990 4690 2408 4757 adiuvandos.
2519 4692 2839 4774 Exemplo

911 4789 1048 4843 esto
1102 4776 1173 4841 in
1233 4775 1356 4843 hac
1414 4777 1555 4861 ipsa
1610 4797 1806 4842 causa
1863 4775 2099 4855 David,
2156 4780 2266 4861 qui
2324 4776 2594 4844 Saulem
2657 4777 2842 4843 nulla

911 4872 1296 4951 provocarat
1348 4862 1617 4941 iniuria,
1678 4861 2048 4946 nullamque
2106 4885 2176 4927 se
2232 4861 2660 4946 persequendi
2718 4863 2842 4947 ipsi

912 4949 1309 5015 occasionem
1349 4949 1632 5025 dederat,
1682 4957 1748 5013 et
1783 4948 2019 5014 idcirco
2042 4946 2165 5012 Dei
2211 4948 2498 5014 bonitate
2542 4959 2608 5013 et
2650 4949 2837 5015 mise·

914 5034 1191 5101 ricordia
1256 5054 1339 5099 ex
1403 5035 1702 5100 omnibus
1765 5033 2072 5116 periculis
2138 5033 2447 5100 liberatus
2512 5043 2632 5100 est.
2740 5037 2842 5102 Ac

917 5142 1075 5186 sane
1154 5140 1465 5205 magnum
1544 5119 1720 5186 istud
1790 5119 1981 5185 habet
2043 5119 2300 5203 pondus
2364 5118 2536 5203 apud
2602 5119 2841 5197 Deum,

917 5225 1118 5290 quum
1173 5207 1359 5271 testis
1415 5212 1513 5271 est
1570 5203 1755 5271 nobis
1810 5204 2205 5271 conscientia
2247 5226 2467 5273 coram
2509 5204 2673 5286 Dee,
2728 5206 2842 5272 ho·

2449 307 2861 375 HOMILIA
2903 306 3301 374 LXXVIII.

4650 312 4733 379 408

2916 498 3125 561 mines
3192 496 3433 560 iniuria
3487 504 3554 560 et
3610 496 3783 560 ultro
3847 516 3962 561 nos
4022 497 4324 578 persequi
4380 517 4419 559 a
4466 497 4616 564 nobis
4655 523 4741 565 non

2912 582 3261 657 lacessitos,
3309 594 3374 645 et
3417 601 3721 665 magnam
3765 582 4164 646 occasionem
4212 581 4277 643 in
4310 581 4444 645 Deo
4482 601 4629 666 spem
4658 586 4742 649 col·

2912 667 3163 734 locandi
3213 668 3493 749 praebet.
3560 667 3726 731 Nam
3770 668 3949 732 Deus
3995 688 4262 732 suorum
4308 688 4605 751 nunquam
4638 672 4744 736 obli·

2914 754 3202 819 viscitur.
3289 751 3517 835 Neque
3576 773 3726 817 vero
3783 763 4002 818 tamen
4060 753 4203 819 istis
4261 752 4469 819 verbis
4519 755 4745 821 iustitiam

2913 838 3240 922 quandam
3309 837 3371 902 in
3439 836 3623 903 nobis
3683 836 4055 903 haerentem
4108 839 4457 922 imaginari
4509 839 4749 924 debemus,

2913 946 3041 1008 qua
3085 923 3299 988 Deum
3348 921 3531 988 nobis
3572 922 3929 1008 obligatum
3975 931 4329 1002 teneamus,
4386 923 4491 989 sed
4530 946 4595 989 ex
4632 948 4750 991 mern

2913 1011 3120 1094 ipsius
3175 1010 3464 1076 bonitate
3506 1018 3573 1075 et
3616 1010 4052 1076 misericordia
4094 1011 4382 1093 gratuita
4423 1011 4507 1087 fit,
4561 1024 4621 1087 ut
4649 1014 4755 1093 peti·

2917 1097 3097 1163 entia
3145 1105 3366 1160 nostra
3409 1094 3744 1159 meliorem
3787 1116 4049 1162 causam
4096 1096 4267 1179 apud
4310 1095 4519 1162 Deum
4560 1097 4752 1163 efficiat:

2917 1184 3010 1249 sic
3068 1181 3289 1264 itaque
3333 1180 3487 1244 iusti
3531 1201 3757 1245 sumus
3800 1202 4001 1263 quum
4046 1204 4179 1247 non
4219 1193 4474 1246 tantum
4503 1184 4645 1247 malo
4661 1182 4755 1248 abs·

2918 1270 3233 1344 tinemus,
3328 1265 3441 1330 sed
3500 1266 3694 1329 etiam
3754 1264 4047 1332 hostibus
4104 1267 4378 1348 nostris,
4430 1287 4468 1331 a
4517 1269 4702 1350 quibus
4735 1290 4759 1333 a

2918 1353 3107 1419 nobis
3166 1372 3297 1416 non
3342 1353 3703 1435 provocatis
3743 1352 4122 1434 premimur,
4180 1352 4352 1417 ultro
4396 1352 4549 1418 bene
4584 1354 4758 1437 preat

2917 1439 3233 1505 fuerimus
3255 1436 3383 1502 Dei
3407 1437 3692 1502 iustitiae
3726 1458 3988 1503 causam
4028 1448 4315 1504 nostram
4355 1440 4761 1515 committentes,

2916 1544 3193 1608 quorum
3261 1524 3522 1587 tandem
3591 1524 3927 1588 saevitiam
3987 1533 4053 1589 et
4106 1525 4567 1588 immanitatem
4616 1525 4762 1590 Deum

2916 1630 3244 1675 summum
3268 1607 3560 1673 omnium
3600 1608 3879 1673 iudicem
3916 1610 4214 1679 ulturum
4252 1610 4654 1675 certissimum
4682 1622 4765 1674 est:

2919 1715 3071 1760 nam
3132 1693 3379 1776 alioqui
3425 1694 3639 1759 Deum
3688 1704 3964 1759 naturae
4021 1715 4178 1760 suae
4233 1695 4596 1760 renuntiare
4640 1715 4765 1778 opor·

2917 1789 3101 1859 teret,
3146 1788 3262 1845 aut
3296 1778 3452 1843 mali
3488 1790 3784 1844 autorem
3822 1800 3964 1845 esse
3998 1800 4073 1846 ac
4109 1781 4517 1864 improboum
4554 1790 4612 1845 et
4637 1780 4769 1846 scele-

2916 1876 3209 1933 ratorum
3268 1865 3610 1929 hominum
3670 1866 3945 1930 socium:
4006 1865 4173 1948 qnod
4236 1885 4372 1931 non
4417 1866 4553 1930 sine
4590 1867 4766 1948 ingenti

2913 1951 3321 2035 blasphemia
3377 1950 3654 2032 proferri
3711 1959 3944 2033 potest,
4014 1951 4213 2017 immo
4272 1971 4359 2016 ne
4401 1951 4647 2035 eogitari
4678 1952 4767 2033 qui·

2916 2039 3062 2104 dem
3108 2046 3336 2119 potest.
3412 2035 3762 2101 Caeterum
3806 2035 4025 2103 David
4069 2057 4200 2101 non
4246 2046 4505 2102 tantum
4544 2037 4608 2101 in
4644 2036 4767 2101 nobis

2915 2122 3357 2207 integritatem
3394 2132 3459 2187 et
3501 2121 3850 2186 candorem
3893 2123 4190 2205 requirit:
4235 2123 4637 2205 studiumque
4668 2141 4767 2205 pro·

2916 2210 3126 2274 ximos
3185 2206 3604 2287 sublevandi,
3677 2207 3929 2273 etiamsi
3987 2208 4159 2290 apud
4219 2209 4514 2273 homines
4565 2206 4772 2272 ludibrio

2913 2295 3299 2359 habeamur:
3358 2292 3470 2357 sed
3524 2293 3719 2357 etiam
3780 2314 3896 2358 nos
3937 2293 4020 2357 ad
4066 2293 4191 2359 Dei
4234 2292 4619 2378 praesidium
4650 2292 4771 2355 iubet

2915 2380 3092 2446 omni
3136 2388 3427 2460 tempore
3471 2378 3849 2461 confugere:
3895 2391 3961 2443 et
4003 2381 4194 2462 quale
4227 2382 4460 2463 iugum
4505 2379 4664 2445 nobis
4694 2380 4771 2440 im·

2917 2466 3203 2551 posuerit
3267 2483 3426 2528 vera
3491 2462 3857 2531 humilitate
3923 2476 3987 2530 et
4049 2465 4369 2532 modestia
4435 2466 4618 2530 ferre:
4673 2483 4771 2527 num

2918 2551 3160 2617 multos
3217 2548 3477 2631 quidem
3536 2549 3825 2614 ethnicos
3871 2549 4166 2619 videmus
4208 2551 4531 2634 singulari
4572 2549 4775 2633 quadam

2918 2638 3182 2716 virtute,
3241 2633 3620 2699 fortitudine
3680 2649 3746 2700 et
3800 2637 4144 2718 prudentia
4203 2636 4530 2720 praeditos
4578 2636 4775 2700 iniurias

2922 2725 3001 2788 ab
3058 2722 3201 2785 aliis
3258 2720 3471 2785 illatas
3529 2721 3775 2801 tulisse,
3855 2723 3967 2787 sed
4029 2724 4379 2808 praecipuo
4438 2722 4778 2788 fundamento

2922 2808 3238 2884 caruisse;
3297 2804 3616 2888 siquidem
3678 2827 3906 2872 verum
3954 2807 4167 2874 Deum
4212 2830 4348 2874 non
4395 2818 4779 2892 cognoverunt,

2923 2913 3115 2976 quem
3172 2892 3239 2956 in
3299 2893 3433 2956 suis
3491 2891 3982 2958 difficultatibus
4041 2894 4454 2978 invocarent,
4514 2895 4652 2977 quin
4696 2893 4780 2956 imo

2926 2977 3335 3060 blasphemas
3356 2977 3641 3059 ipsorum
3667 2978 4050 3061 plerumque
4073 2999 4261 3045 voces
4289 2980 4611 3057 audimus,
4641 2996 4780 3060 quum

2924 3064 3109 3128 Deus
3173 3083 3307 3127 non
3372 3063 3539 3129 iuvit
3604 3083 3715 3129 eos
3780 3072 3915 3129 tam
3983 3077 4282 3147 prompto
4352 3086 4549 3148 quam
4604 3062 4781 3131 vellent

2925 3148 3192 3214 auxilie.
3296 3146 3429 3215 Sed
3505 3147 3822 3231 quomodo
3887 3150 4070 3215 Deus
4146 3148 4511 3217 adiuvisset
4569 3148 4783 3228 eosqui

2927 3237 3139 3318 ipsum
3196 3255 3324 3299 non
3381 3233 3833 3316 precabantur,
3894 3235 4023 3299 imo
4080 3236 4193 3319 qui
4248 3237 4503 3303 rabiem
4556 3256 4706 3302 suam
4742 3246 4783 3296 et

2928 3321 3109 3386 virus
3167 3319 3481 3385 adversus
3536 3319 3750 3402 ipsum
3808 3320 4298 3404 despumabant,
4358 3334 4429 3387 et
4485 3324 4591 3405 qui
4629 3320 4785 3385 Deum

2927 3405 3051 3471 sibi
3116 3405 3433 3471 auxilium
3503 3405 3673 3470 ferre
3738 3406 4225 3472 arbitrabantur
4287 3408 4666 3491 obligatum,
4713 3402 4784 3485 qui

2927 3501 3148 3556 tamen
3187 3512 3331 3554 eum
3373 3512 3501 3555 non
3536 3490 3975 3558 invocabant?
4032 3493 4228 3560 Hanc
4260 3492 4474 3577 igitur
4501 3495 4575 3558 ob
4597 3507 4786 3557 causam

2931 3575 3144 3643 David
3209 3576 3367 3642 haec
3427 3575 3555 3641 duo
3613 3576 3993 3642 nominatim
4041 3580 4401 3663 coniungit,
4461 3598 4671 3659 nempe
4700 3576 4787 3640 sin·

2930 3663 3262 3727 ceritatem
3307 3670 3373 3725 et
3415 3661 3878 3746 integritatem,
3936 3673 4004 3728 et
4045 3685 4270 3747 preces
4318 3665 4407 3729 ad
4452 3664 4667 3741 Deum,
4700 3660 4789 3744 qui·

2933 3749 3053 3813 bus
3109 3767 3574 3830 cognoscamus
3631 3768 3749 3813 nos
3809 3749 3947 3813 sine
4006 3750 4212 3831 ipsius
4254 3752 4509 3815 auxilio
4552 3750 4669 3815 fore
4700 3766 4791 3810 om·

2934 3836 3118 3898 nium
3206 3832 3636 3897 miserrimos:
3723 3834 4245 3917 quandoquidem
4333 3848 4571 3901 natura
4632 3852 4791 3900 sumne

2934 3938 3151 3984 rerum
3196 3917 3486 3983 omnium
3532 3920 3740 4002 egeni,
3789 3934 3853 3983 et
3895 3920 4066 3984 unde
4111 3921 4440 3987 auxilium
4488 3939 4789 4005 quaeramus

2933 4027 3067 4069 non
3102 4002 3434 4080 habemus,
3481 4004 3605 4068 nisi
3641 4005 3722 4068 ad
3757 4003 3964 4087 ipsius
4001 4006 4365 4072 bonitatem
4405 4006 4790 4092 confugiamus,

2934 4111 3124 4174 quam
3196 4090 3562 4155 invocatam
3622 4111 3659 4154 a
3719 4090 3899 4156 nobis
3953 4102 4207 4156 certum
4267 4103 4373 4157 est
4432 4115 4513 4159 ex
4570 4093 4790 4156 omnibns

2937 4174 3241 4259 periculis
3313 4195 3432 4239 nos
3487 4173 3943 4256 liberaturam,
4017 4180 4327 4260 quoniam
4388 4179 4450 4244 is
4506 4192 4597 4244 est
4644 4198 4675 4242 a
4712 4192 4789 4256 quo

2938 4262 3074 4328 solo
3156 4261 3598 4326 liberationem
3665 4281 3700 4325 e
3743 4262 4049 4344 periculis
4114 4276 4502 4345 exspectare
4547 4263 4791 4328 debemus

2938 4347 3283 4413 Caeterum
3341 4355 3406 4410 et
3461 4345 3623 4411 illud
3666 4346 4181 4430 expendendum,
4236 4350 4417 4431 quod
4461 4371 4585 4415 non
4624 4360 4793 4411 temere

2940 4430 3155 4498 David
3221 4432 3467 4510 adiicit,
3537 4453 3768 4516 nempe
3833 4433 4037 4499 iustos
4093 4447 4159 4498 et
4216 4435 4507 4501 humiles
4557 4433 4715 4500 corde
4751 4430 4791 4492 in

2941 4516 3182 4583 multas
3247 4516 3665 4584 difficultates
3729 4529 4054 4601 venturos,
4121 4519 4235 4585 sed
4303 4543 4393 4586 ex
4462 4520 4588 4585 illis
4642 4532 4791 4583 tatum

2941 4602 3239 4685 omnibus
3276 4602 3497 4668 divina
3534 4604 3821 4670 bonitate
3856 4615 3924 4669 et
3958 4604 4246 4688 potentia
4286 4606 4623 4672 eruendos.
4673 4602 4793 4682 Qvi-‘2

2943 4689 3236 4756 doctrina
3299 4686 3483 4754 valde
3536 4689 3904 4755 necessaria
3946 4701 4061 4771 est,
4111 4706 4185 4757 ut
4226 4712 4460 4758 eorum
4506 4702 4792 4757 occurretur

2942 4775 3251 4861 opinioni,
3296 4774 3404 4858 qui
3441 4772 3737 4840 divinum
3776 4774 4090 4842 auxilium
4126 4786 4196 4842 et
4237 4778 4615 4863 angelorum
4650 4784 4792 4841 custo·

2943 4861 3117 4927 diam
3154 4861 3246 4928 sic
3281 4861 3683 4925 arbitrantur
3727 4862 4028 4928 omnibus
4071 4863 4526 4948 propinquam,
4568 4861 4789 4929 utum

2944 4967 3060 5031 per
3095 4947 3353 5012 unicum
3395 4946 3602 5012 filium
3638 4946 4013 5013 invocatum
4049 4969 4308 5031 semper
4345 4970 4606 5017 suorum
4643 4959 4791 5031 pm!

2944 5032 3252 5099 exaudire
3297 5030 3534 5111 dicant,
3579 5043 3644 5097 et
3688 5053 3815 5097 non
3860 5035 4237 5118 permittere
4281 5044 4358 5101 ut
4405 5036 4553 5102 ullis
4592 5047 4789 5113 unquam

2946 5119 3143 5184 rebus
3180 5117 3533 5201 indigeant,
3578 5118 3700 5184 sibi
3744 5119 4199 5202 persuadeant.
4266 5119 4451 5187 Sane
4494 5130 4702 5187 certum
4731 5120 4788 5176 τό

2949 5205 3078 5270 Dei
3144 5204 3326 5283 filios,
3393 5202 3544 5270 licet
3610 5224 4077 5290 nonnunquam
4148 5218 4595 5291 paupertatem
4647 5198 4789 5267 imm·
