5059 6059
791 337 923 407 359

793 552 960 599 vero
1014 539 1236 599 tamen
1291 529 1801 599 existimandum
1860 530 2084 599 fideles
2142 531 2269 597 Dei
2315 529 2560 615 gloriae
2603 538 2743 597 stu-

801 617 1021 684 diosos
1075 640 1116 684 a
1159 616 1390 683 mundi
1432 618 1782 684 calumniis
1825 626 1893 683 et
1934 617 2083 683 odio
2126 619 2264 683 fore
2306 639 2577 702 prorsus
2619 619 2745 681 im-

794 726 1067 770 munes:
1156 703 1349 788 quale
1437 704 1765 769 Dominus
1858 716 2082 769 noster
2168 703 2357 769 Iesus
2438 703 2747 769 Christus

800 790 1135 874 exemplar
1173 791 1474 855 omnibus
1507 789 1899 855 intuendum
1936 791 2345 873 proponitur,
2390 810 2584 874 quem
2619 790 2745 853 im-

794 877 1149 960 proborum
1194 876 1539 941 calumniis
1574 877 1943 961 impetitum
1979 875 2391 959 adspicimus,
2482 876 2573 940 Et
2607 878 2747 960 ipse

800 962 888 1028 D.
934 961 1186 1026 Paulus
1230 961 1537 1028 admonet
1572 962 1671 1049 (2.
1719 961 1870 1028 Cor.
1915 961 1975 1039 6,
2022 960 2099 1048 8)
2135 959 2540 1045 superandas
2578 961 2746 1026 mul·

803 1060 906 1113 tas
963 1047 1383 1115 difficultates
1438 1048 1755 1128 fidelibus,
1814 1057 1880 1112 et
1936 1069 2054 1131 per
2112 1048 2387 1133 gloriam
2441 1067 2517 1112 ac
2559 1047 2745 1132 igno-

800 1133 1100 1213 miniam,
1146 1154 1265 1217 per
1308 1133 1601 1201 convicia
1643 1145 1708 1199 et
1755 1132 1979 1199 laudes
2024 1132 2527 1199 transeundum:
2573 1132 2744 1216 quod

801 1220 962 1304 ipse,
1067 1240 1261 1304 quem
1355 1220 1567 1303 instar
1643 1220 1861 1304 angeli
1945 1228 2164 1284 tamen
2247 1230 2744 1284 conversantem

798 1305 1087 1371 mundus
1180 1305 1495 1389 adspexit,
1585 1314 1808 1371 tamen
1884 1314 2194 1388 expertus
2272 1315 2388 1384 est,
2476 1325 2552 1371 ac
2627 1322 2745 1369 suo

805 1393 1130 1476 exemplo,
1192 1412 1231 1456 a
1274 1390 1535 1457 Iudaeis
1580 1392 1760 1456 omni
1802 1391 2349 1456 contumeliarum
2397 1411 2637 1475 genere
2680 1399 2746 1452 et

803 1478 1244 1544 conviciorum
1291 1478 1579 1556 affectus,
1621 1476 1795 1542 ferre
1840 1498 1957 1542 nos
2002 1475 2239 1543 docuit.
2327 1475 2429 1542 Ac
2473 1475 2746 1560 proinde

802 1562 1106 1629 fidelibus
1148 1563 1317 1628 hanc
1347 1564 1727 1628 incumbere
1756 1564 2212 1628 necessitatem
2256 1564 2558 1646 sciamus,
2604 1581 2747 1627 sese

804 1649 887 1716 ad
929 1649 1262 1732 quodlibet
1295 1650 1697 1733 ignominiae
1731 1659 1796 1713 et
1831 1649 2270 1714 conviciorum
2309 1669 2522 1732 genus
2558 1668 2746 1731 prae·

802 1735 1105 1820 parandi,
1172 1735 1555 1818 praesertim
1624 1756 1823 1817 quum
1889 1733 1969 1799 de
2034 1732 2160 1799 Dei
2227 1734 2433 1818 gloria
2488 1754 2746 1817 promo·

807 1822 1041 1900 venda,
1100 1829 1168 1886 et
1226 1823 1424 1886 verbo
1468 1820 1670 1903 ipsius
1712 1819 2189 1904 promulgando
2228 1821 2403 1884 inter
2447 1820 2747 1884 homines

806 1909 1043 1993 agitur.
1131 1905 1238 1971 Ad
1305 1905 1478 1988 quod
1544 1925 1704 1971 sane
1774 1926 2015 1971 munus
2070 1906 2279 1989 inepti
2342 1916 2499 1971 sunt
2556 1925 2746 1987 quos·

800 2014 1061 2076 cunque
1094 2000 1311 2057 metus
1333 2006 1399 2055 et
1421 1991 1711 2056 humana
1745 1990 2064 2073 fragilitas
2098 1992 2454 2074 occupavit.
2502 1989 2750 2071 Quam-

801 2079 1026 2146 obrem
1110 2079 1252 2143 Deo
1317 2078 1570 2143 servire
1642 2077 2023 2141 studentem
2099 2077 2431 2142 hominem
2502 2076 2747 2141 multos

805 2165 1069 2248 quidem
1132 2164 1429 2229 inimicos
1494 2163 1565 2227 in
1629 2184 1702 2228 se
1764 2164 2242 2229 concitaturum
2306 2173 2561 2229 certum
2628 2173 2745 2240 est,

803 2252 878 2316 in
957 2250 1342 2316 deteriorem
1430 2257 1684 2331 partem
1772 2249 1912 2314 eius
1983 2269 2348 2314 sermonem
2426 2249 2745 2331 interpre-

802 2346 1058 2403 tantes:
1138 2343 1207 2399 at
1248 2334 1540 2400 convicia
1594 2333 1967 2399 istiusmodi
2026 2337 2263 2411 omnia,
2326 2333 2744 2417 blasphemae

802 2443 1018 2500 voces,
1076 2421 1621 2487 contumeliarum
1680 2419 1958 2502 denique
2001 2440 2210 2504 genus
2253 2440 2448 2485 omne
2491 2421 2747 2485 fortiter

805 2506 1167 2585 ferendum,
1226 2517 1294 2571 et
1349 2506 1553 2571 animi
1611 2506 1976 2589 praesentia
2020 2506 2510 2589 superandum„
2541 2505 2748 2572 donec

807 2594 990 2659 vitae
1049 2593 1247 2657 huius
1304 2591 1579 2658 decur'so
1628 2590 1841 2657 stadio
1885 2591 2214 2656 felicitatis
2260 2603 2499 2656 metam
2546 2592 2744 2655 attin-

896 2699 1062 2745 mus.
1149 2677 1598 2743 Nihilominus
1642 2687 1863 2742 tamen
1909 2676 2126 2743 Deum
2162 2676 2486 2743 vindicem
2524 2676 2749 2741 fideles

806 2700 937 2832 {uei
982 2765 1157 2829 servi
1201 2782 1277 2830 ao
1322 2764 1529 2828 bonae
1573 2784 1728 2827 snae
1770 2782 2005 2830 causae
2040 2761 2451 2828 defensorem
2489 2763 2627 2827 foro
2663 2784 2747 2828 ne

807 2849 1173 2933 diffidente,
1232 2850 1354 2914 etsi
1410 2849 1754 2916 calumniis
1811 2861 1876 2914 et
1918 2848 2364 2914 conviciorum
2411 2851 2593 2913 omni
2637 2870 2747 2932 ge-

806 2959 968 3003 nero
1025 2937 1106 3002 ab
1161 2935 1477 3018 improbis
1533 2935 1938 3000 afficiantur:
1996 2954 2072 2999 ao
2115 2933 2382 2999 tandem
2426 2935 2744 2998 iustitiam

803 3023 1096 3107 ipsorum
1142 3031 1453 3103 tanquam
1499 3041 1802 3085 auroram
1840 3040 2259 3086 emersuram.
2347 3019 2747 3085 Patientiam

801 3109 1011 3192 igitur
1067 3130 1109 3173 a
1160 3109 1300 3173 suis
1362 3106 1686 3172 Dominus
1738 3106 1964 3190 exigit,
2020 3115 2096 3170 ut
2150 3106 2209 3171 si
2254 3104 2336 3171 ab
2373 3104 2748 3170 hominibus

804 3194 1136 3260 immerito
1214 3192 1561 3257 calumniis
1640 3201 2022 3276 graventur,
2122 3211 2197 3256 ac
2278 3211 2744 3274 nonnunquam

811 3280 1196 3360 obruantur,
1253 3298 1330 3344 ac
1387 3278 1603 3361 ipsum
1662 3277 1893 3344 mortis
1948 3277 2150 3342 limen
2210 3277 2505 3361 attigisse
2563 3277 2747 3342 vide-

808 3378 1025 3444 antur,
1069 3362 1518 3431 saevientibus
1562 3363 1716 3428 hinc
1758 3362 1912 3428 inde
1958 3364 2452 3447 tempestatibus
2496 3373 2562 3426 et
2595 3382 2747 3445 pro-

814 3453 1027 3530 cellis,
1090 3459 1158 3515 et
1220 3450 1406 3515 nulla
1468 3470 1586 3533 spe
1652 3448 2084 3532 undecunque
2147 3449 2309 3532 ipsis
2368 3448 2748 3532 affulgente,

808 3539 1213 3605 exorituram
1259 3546 1479 3600 tamen
1527 3534 1790 3600 tandem
1837 3554 2161 3610 auroram,
2222 3556 2297 3600 ao
2340 3534 2546 3599 nubes
2591 3536 2749 3599 istas

809 3644 1037 3689 omnes
1108 3622 1601 3705 dissipaturamt
1674 3620 1892 3686 Deum
1949 3641 2184 3704 nempe
2234 3620 2450 3702 ipsum
2512 3620 2748 3685 libera-

804 3717 1014 3775 torem
1088 3717 1401 3790 tauquam
1469 3704 1591 3770 ἀπὸ
1652 3708 1918 3787 μηχανῆς
1977 3707 2355 3784 affuturum,
2435 3726 2750 3788 suamque

806 3793 998 3861 nobis
1040 3795 1316 3878 gratiam
1356 3803 1423 3858 et
1457 3793 1966 3857 misericordiam
2004 3792 2507 3875 patefacturum,
2555 3790 2748 3856 modo

808 3901 993 3964 spem
1055 3892 1345 3944 nostram
1404 3899 1662 3943 omnem
1708 3878 1777 3942 in
1823 3878 2008 3942 illum
2050 3877 2433 3961 defigamus,
2490 3885 2558 3941 et
2600 3898 2747 3961 pro-

808 3966 1196 4032 missionum
1241 3985 1559 4029 memores
1602 3966 1927 4047 patienter
1970 3964 2412 4047 impletionem
2458 3974 2749 4046 praesto·

807 4052 1055 4118 lemur:
1136 4071 1213 4115 ao
1270 4048 1785 4116 caecutientibus
1843 4051 2120 4114 caeteris
2177 4048 2479 4114 omnibus
2541 4048 2748 4112 homi-

804 4139 1023 4212 nibus,
1060 4148 1126 4200 et
1159 4137 1230 4200 in
1270 4135 1535 4200 densam
1576 4137 1993 4202 tenebrarum
2031 4136 2378 4218 caliginem
2420 4134 2748 4200 immersis

804 4224 935 4290 Dei
970 4222 1292 4288 iustitiam
1330 4221 1465 4285 suis
1501 4219 1800 4286 fidelibus
1836 4222 2306 4304 apparituram,
2353 4220 2748 4302 tandemque

806 4311 933 4376 Dei
994 4328 1212 4374 osores
1271 4326 1347 4370 ae
1405 4316 1880 4389 contemptores
1925 4307 2286 4391 ignominia
2328 4318 2394 4370 et
2433 4305 2748 4371 dedecore

803 4396 1075 4461 obrutos
1119 4393 1303 4457 factis
1349 4391 1615 4476 dignam
1661 4394 2020 4457 mercedem
2067 4401 2531 4474 reportaturos.
2620 4391 2749 4455 Ne-

806 4502 937 4566 que
995 4497 1152 4545 vero
1210 4479 1436 4543 mirari
1494 4497 1615 4542 nos
1672 4491 1928 4561 oportet
1980 4479 2036 4542 si
2097 4477 2223 4543 Dei
2266 4486 2747 4559 contemptores

803 4577 995 4633 tanta
1059 4563 1475 4647 corruptione
1544 4562 1884 4646 depravati
1943 4575 2131 4630 sunt:
2199 4562 2372 4647 quod
2431 4564 2745 4627 nimirum

805 4652 1198 4725 caecutiunt,
1245 4660 1314 4714 et
1357 4650 1693 4733 perpetuis
1736 4650 2027 4715 tenebris
2072 4669 2149 4714 ac
2192 4659 2379 4714 nocte
2424 4647 2746 4731 profunda

807 4736 1085 4803 demersi
1147 4749 1555 4821 premuntur.
1645 4733 1867 4816 Quare
1913 4735 2065 4800 licet
2114 4757 2233 4800 nos
2275 4755 2496 4800 secum
2547 4734 2750 4799 veluti

809 4824 1138 4888 demersos
1195 4823 1262 4886 in
1324 4822 1741 4886 tenebrarum
1787 4818 2098 4905 abyssum
2144 4820 2323 4885 omni
2366 4819 2748 4886 contumeli-

807 4930 994 4974 arum
1061 4929 1299 4992 genere
1357 4909 1665 4983 afficiant,
1735 4919 1801 4972 et
1868 4907 2121 4971 miseris
2165 4905 2464 4982 illudant,
2534 4905 2747 4988 adque

807 4996 933 5060 Dei
1013 4994 1507 5075 abnegationem
1580 4991 1954 5071 sollicitent,
2020 5013 2103 5056 ne
2160 4991 2529 5056 dubitemus
2590 4992 2745 5073 quin

807 5079 924 5145 lux
960 5080 1075 5144 illa
1109 5079 1408 5145 eoelestis
1440 5078 1708 5144 tandem
1745 5080 1811 5143 in
1852 5078 2159 5143 maximis
2193 5077 2516 5160 angustiis
2552 5077 2745 5141 afful-

807 5177 975 5249 geat,
1034 5186 1108 5230 ac
1153 5164 1528 5230 divinarum
1577 5163 2082 5248 promissionum
2129 5163 2229 5228 vis
2271 5183 2415 5229 sese
2459 5175 2743 5240 exserat,

802 5270 1040 5333 nempe
1081 5248 1299 5316 Deum
1342 5251 1491 5317 illos
1534 5250 2012 5316 honoraturum
2058 5269 2097 5314 a
2131 5248 2365 5332 quibus
2395 5258 2534 5314 toto
2567 5249 2745 5314 vitae

2526 339 2940 409 HOMILIA
2983 339 3111 407 XI.

4657 336 4757 403 360

2847 551 3004 598 suae
3059 529 3381 597 curriculo
3436 530 3688 596 sincere
3744 528 3954 596 cultus
4012 534 4080 593 et
4123 526 4528 612 glorificatus
4569 527 4756 592 fuerit.

2846 618 3081 683 Nonne
3126 637 3280 681 vero
3325 615 3515 682 nobis
3559 616 3721 681 haec
3764 615 4017 680 animos
4052 613 4266 679 facere
4302 614 4563 692 debent,
4605 624 4671 677 et
4696 613 4759 679 ad

2846 703 3282 768 constantiam
3318 703 3653 784 animique
3687 701 4156 785 praestantiam
4194 700 4447 784 erigere
4474 700 4760 765 adversus

2850 787 3077 854 mundi
3145 809 3570 872 quascunque
3635 787 3847 852 minas
3911 798 3982 851 et
4046 806 4276 851 saevas
4342 797 4759 870 tempestates,

2850 896 2930 940 ne
2972 883 3153 940 metu
3199 896 3275 940 ac
3309 873 3612 941 vecordia
3647 874 4043 950 deficiamus,
4085 871 4200 937 sed
4237 871 4557 938 adversus
4596 891 4760 953 quos-

2850 981 3109 1045 cunque
3173 971 3387 1026 motus
3472 960 3919 1044 improborum
4009 958 4432 1042 imperterriti
4523 979 4760 1023 cursum

2849 1061 3143 1113 nostrum
3189 1047 3623 1125 absolvamus,
3666 1046 3723 1110 si
3769 1044 4023 1111 venerit
4063 1045 4137 1109 in
4176 1057 4465 1108 mentem
4511 1044 4646 1108 ista
4680 1064 4763 1109 co·

2849 1134 3096 1215 gitatio,
3156 1133 3371 1197 Deum
3430 1152 3548 1198 suo
3593 1143 3882 1215 tempore
3926 1130 4111 1195 nobis
4154 1129 4533 1207 affuturum,
4591 1150 4763 1211 reque

2849 1222 2991 1305 ipsa
3045 1217 3641 1284 demonstraturum
3685 1238 3816 1282 non
3861 1217 4126 1281 inanem
4169 1216 4365 1280 istam
4409 1236 4555 1280 csse
4599 1236 4763 1280 suam

2849 1305 3366 1391 promissionem,
3432 1326 3501 1369 se
3556 1303 4070 1385 glorificaturum
4128 1322 4237 1367 eos
4295 1322 4335 1366 a
4391 1300 4629 1384 quibus
4672 1303 4764 1365 ho·

2849 1412 3008 1456 nore
3067 1389 3283 1455 debito
3340 1399 3406 1454 et
3462 1389 3831 1454 reverentia
3886 1389 4088 1454 fuerit
4131 1386 4487 1470 acceptus?
4561 1388 4766 1463 Magni

2848 1498 3043 1562 saepe
3131 1476 3405 1541 facimus
3491 1475 3759 1541 collatos
3844 1476 3924 1541 ab
4014 1472 4389 1539 hominibus
4473 1473 4764 1538 honores:

2849 1580 3091 1647 quanto
3147 1562 3358 1646 magis
3418 1582 3575 1645 ergo
3640 1581 3759 1626 nos
3819 1560 4002 1627 decet
4044 1560 4125 1626 ab
4170 1560 4311 1643 ipso
4358 1559 4500 1623 Deo
4547 1557 4765 1625 divinis

2848 1647 3275 1716 cumulandos
3345 1647 3716 1724 honoribus,
3783 1645 4072 1713 eiusdem
4130 1644 4375 1731 gloriae
4424 1655 4493 1709 et
4555 1644 4767 1710 honori

2849 1733 3158 1801 studere?
3246 1732 3486 1798 Annon
3552 1734 3878 1816 pollicenti
3946 1731 4232 1796 Domino
4297 1731 4493 1795 fidem
4565 1729 4767 1796 haberi

2850 1820 2998 1905 plus
3053 1840 3247 1904 quam
3307 1840 3582 1902 aequum
3627 1830 3745 1897 est,
3804 1831 3871 1883 et
3912 1839 4059 1884 cum
4103 1815 4418 1881 modestia
4462 1826 4530 1880 et
4579 1815 4769 1881 humi·

2850 1909 3033 1971 litate
3090 1905 3591 1989 promissionum
3635 1903 3841 1988 ipsius
3883 1903 4326 1987 impletionem
4371 1901 4766 1984 exspectari?

2850 1991 3073 2074 Quare
3132 1990 3185 2056 si
3246 1992 3413 2056 forte
3470 1991 3816 2073 contigerit
3858 2001 3933 2054 ut
3974 1990 4087 2072 qui
4132 2009 4358 2053 auram
4403 1990 4770 2072 popularem

2849 2088 3135 2162 captant,
3180 2086 3248 2142 et
3289 2076 3657 2142 istiusmodi
3704 2075 4053 2141 honoribus
4087 2076 4454 2158 capiuntur,
4497 2074 4586 2138 ad
4626 2095 4771 2139 sum·

2852 2185 2991 2230 mos
3057 2164 3334 2229 honores
3389 2183 3626 2247 magno
3670 2162 3962 2227 omnium
4008 2163 4326 2245 applausu
4371 2160 4771 2238 extollantur,

2850 2251 3176 2334 patienter
3234 2259 3303 2312 et
3360 2269 3510 2314 cum
3567 2248 3829 2313 silentio
3887 2248 4139 2312 animas
4196 2257 4458 2311 nostras
4503 2245 4771 2328 posside·

2851 2356 3059 2413 amus,
3098 2344 3164 2400 et
3199 2335 3280 2399 ab
3315 2334 3447 2398 illis
3482 2333 3835 2399 divortium
3869 2332 4206 2409 facientes,
4254 2330 4435 2396 brevi
4473 2332 4542 2396 in
4583 2332 4770 2397 fumos

2852 2421 3177 2487 abituram
3279 2419 3668 2504 dignitatem
3756 2421 3985 2503 procul
4086 2418 4484 2483 intueamur.
4615 2417 4774 2483 Nihil

2854 2509 3028 2572 enim
3092 2508 3372 2572 Domino
3417 2506 3889 2588 supereminet:
3947 2503 4061 2572 sed
4105 2524 4274 2587 quae
4318 2503 4401 2568 ab
4445 2503 4598 2569 eius
4642 2502 4771 2568 libe-

2852 2594 2973 2658 rali
3025 2612 3222 2657 manu
3282 2592 3662 2675 consequuti
3721 2591 4056 2669 fuerimus,
4115 2610 4444 2655 sumntum
4491 2601 4773 2654 nostrum

2852 2678 3099 2744 bonum
3143 2699 3285 2744 esse
3329 2678 3643 2742 norimus.
3735 2680 3833 2742 Ac
3899 2674 4168 2761 proinde
4233 2697 4365 2739 non
4439 2695 4480 2738 a
4548 2674 4773 2740 mundo

2851 2763 3254 2848 quaerendos
3299 2763 3613 2828 honores:
3660 2762 3856 2845 plena
3901 2764 4074 2827 enim
4117 2762 4337 2827 omnia
4380 2761 4772 2826 ambitionis:

2850 2872 2979 2934 qua
3022 2852 3079 2914 si
3123 2848 3327 2915 semel
3371 2850 3758 2931 inficiamur,
3794 2870 3923 2913 non
3969 2846 4396 2913 dubitandum
4442 2850 4610 2930 quin
4641 2843 4774 2912 inde

2851 2935 3063 3001 labem
3122 2936 3260 3001 vita
3314 2945 3541 3000 nostra
3597 2934 3944 3000 contrahat
3985 2935 4052 2997 in
4098 2932 4370 2999 Domini
4414 2943 4774 3016 conspectu,

2850 3031 2919 3088 et
2974 3043 3050 3087 eo
3106 3022 3313 3085 maior
3364 3020 3450 3085 sit
3508 3041 3548 3085 a
3597 3019 3785 3086 nobis
3838 3017 4273 3102 exspectanda
4315 3017 4772 3094 condemnatio,

2851 3129 2977 3190 quo
3023 3105 3268 3173 foedior
3312 3106 3440 3171 erit
3482 3108 3658 3173 vitae
3701 3116 3961 3172 nostrae
4005 3105 4308 3172 conditio.
4398 3104 4538 3169 Sed
4585 3104 4770 3170 nemi·

2852 3194 3059 3258 natim
3135 3192 3452 3258 honorem
3522 3193 3813 3275 promitti
3876 3191 3997 3256 Dei
4057 3190 4419 3258 cultoribus
4479 3189 4772 3258 memino-

2852 3281 3060 3345 rimus
3103 3290 3368 3362 propter
3404 3278 3740 3343 hominum
3777 3278 4248 3352 infirmitatem,
4292 3297 4394 3354 ne,
4482 3277 4628 3344 ussi
4657 3275 4776 3342 abt

2851 3365 3220 3441 reiectanei,
3288 3362 3736 3447 despondeant
3778 3365 4093 3442 animum,
4134 3374 4251 3427 aut
4293 3383 4423 3426 non
4478 3383 4595 3428 um
4633 3357 4776 3428 ulis

2851 3453 2933 3516 ab
2978 3451 3285 3515 humanis
3320 3449 3660 3515 affectibus
3694 3449 4053 3534 repurgati,
4097 3469 4260 3526 sese,
4306 3447 4411 3513 vel
4451 3459 4772 3516 conmo-

2852 3536 3108 3614 liarum,
3169 3536 3276 3601 vel
3332 3535 3722 3600 iniuriarum
3783 3536 3964 3600 omni
4022 3554 4262 3620 genere
4319 3535 4532 3619 premi
4587 3529 4776 3604 ffl-

2851 3632 3057 3706 entes,
3112 3622 3474 3687 immeritos
3516 3632 3583 3686 et
3624 3622 4026 3696 innoeentes,
4067 3620 4335 3686 moleste
4378 3622 4636 3686 ferant:
4675 3607 4772 3686 fi·-

2851 3718 3067 3773 turam
3114 3708 3289 3772 enim
3336 3705 3674 3791 dignitatis
3718 3717 3783 3772 et
3829 3707 4094 3772 honoris
4136 3705 4607 3790 sempiternam
4649 3697 4768 3790 gb·

2850 3795 3011 3857 riam
3062 3793 3406 3876 promittit,
3452 3794 3595 3859 istis
3638 3793 3939 3859 omnibus
3982 3793 4461 3857 momentaneis
4505 3802 4574 3857 et
4608 3791 4744 3860 bre*

2851 3879 3226 3945 transituris
3314 3879 3729 3944 contumeliis
3808 3877 4284 3962 opponendam.
4373 3875 4512 3945 Sed
4575 3885 4646 3944 et

2851 3964 3346 4049 promissionem
3432 3964 3679 4031 accedit
3764 3965 3961 4031 etiam
4042 3964 4481 4066 comminatip,
4567 3964 4652 4029 D·

2850 4061 3342 4117 contemnentes
3397 4051 3578 4115 omni
3640 4050 3952 4118 dedecore
4010 4059 4077 4116 et
4119 4051 4485 4134 ignominia

2850 4136 3248 4202 afficiendos.
4519 4057 4927 4216 “N

3022 4221 3230 4288 Cuius
3329 4221 3852 4288 comminationis
3943 4220 4080 4290 vim
4169 4232 4246 4288 nt
4329 4239 4448 4307 per
4775 4203 4927 4310 N

2851 4308 3076 4393 paucis
3138 4307 3294 4391 quid
3352 4310 3438 4373 sit
3483 4307 3700 4372 Deum
3747 4317 4162 4374 contemnere
4203 4306 4392 4374 nobis

2848 4392 3151 4460 candum.
3239 4393 3409 4459 Nam
3492 4394 3773 4477 alioquin
3855 4394 4188 4460 multoties
4265 4413 4346 4460 ne

2848 4479 3036 4543 nobis
3080 4478 3160 4545 de
3204 4479 3676 4545 contemnenda
3719 4478 3850 4544 Dei
3894 4481 4232 4546 maiestate
4267 4499 4308 4546 r

2848 4563 3044 4629 malle
3123 4574 3364 4630 terram
3448 4566 3632 4631 nobis
3715 4566 4065 4642 dehiscere,
4143 4585 4288 4650 qua·

2849 4651 3055 4734 gloria
3142 4651 3493 4734 quidquam
3563 4651 3837 4729 detrahi,
3918 4651 4246 4718 testabim-

2849 4756 2999 4801 men
3062 4735 3264 4803 divini
3320 4748 3729 4821 contemptus
3776 4737 4062 4802 maxime
4108 4757 4180 4802 re·

2848 4822 3204 4887 tenendum
3262 4835 3378 4899 est,
3437 4844 3554 4889 nos
3611 4844 3944 4906 nunquam
4004 4822 4086 4888 ab

2849 4907 3108 4990 randos,
3178 4910 3301 4972 nisi
3351 4929 3577 4974 omnes
3620 4923 3882 4974 nostrae
3925 4909 4092 4974 actic-

2849 4993 2915 5057 in
2978 4994 3105 5058 Dei
3150 4994 3423 5078 gloriam
3472 4995 3787 5074 ferantur,
3847 5013 4024 5077 quan
4051 5025 4064 5034 ·

2848 5099 3089 5162 augere
3152 5088 3221 5144 et
3276 5079 3674 5165 amplificare
3732 5079 4028 5146 studeam

2847 5163 3050 5229 lutem
3118 5185 3643 5249 promoveamus.
3741 5165 3963 5248 Quare
4047 5145 4078 5244 2*

2848 5250 3193 5317 malefacta
3272 5252 3761 5319 dissimulamus
3827 5274 3903 5320 ac
