5059 6059
805 293 942 380 m

811 501 1120 582 candum,
1177 517 1418 585 nempe
1464 501 1667 567 decem
1708 501 1934 567 diebus
1965 502 2257 584 peractis,
2309 505 2683 585 percussum
2727 523 2768 568 a

812 588 1091 655 Domino
1235 590 1361 654 isse
1418 579 1730 654 Nubelem
1747 638 1763 666 ,
1830 591 1888 654 et
1952 592 2267 653 mennam
2323 607 2473 654 esse.
2573 587 2769 655 Unde

813 674 1125 740 discimus
1257 691 1365 738 um
1405 691 1538 739 non
1575 674 1962 757 punientem
2000 695 2087 739 ex
2131 685 2426 758 tempore
2469 675 2768 741 inimicos

812 775 1107 843 nostros,
1174 758 1289 826 sed
1355 760 1552 826 etiam
1617 759 2008 825 tolerantem
2072 761 2257 842 quasi
2326 759 2408 825 ad
2473 762 2765 843 ipsorum

809 847 857 910 fi
969 846 1065 911 tia
1101 845 1528 925 conniveret,
1583 854 2029 929 opportunum
2076 858 2337 929 tempus
2379 844 2529 912 illos
2576 846 2768 930 puni-

809 947 890 997 en
944 931 960 948 ⁶
1009 932 1446 998 constituisse.
1527 930 1590 996 Ν
1594 941 1848 996 ostrum
1889 931 2101 1015 igitur
2139 942 2246 996 est
2287 932 2770 1016 impatientiam

811 1017 1141 1096 cohibere,
1185 1027 1253 1083 et
1282 1017 1588 1102 quoniam
1626 1016 1788 1083 adeo
1831 1017 2216 1083 festinamus
2259 1016 2343 1081 ad
2388 1017 2766 1094 vindictam,

807 1112 884 1169 ut
956 1104 1012 1170 si
1069 1103 1259 1169 Deus
1314 1115 1451 1168 nou
1509 1103 1746 1169 statim·
1797 1103 2096 1169 ultricem
2155 1123 2428 1168 manum
2489 1113 2769 1184 exserat,

809 1189 940 1274 ipsi
986 1187 1438 1273 obloqnamur,
1496 1197 1561 1253 et
1603 1205 1856 1255 moram
1900 1188 2080 1254 illam
2124 1189 2552 1274 impatienter
2596 1189 2765 1255 fera-

810 1289 980 1354 mus,
1028 1289 1106 1340 eo
1142 1276 1456 1341 attentius
1487 1275 1796 1358 exempla
1837 1274 2327 1341 consideremus
2369 1296 2537 1358 quae
2581 1275 2768 1341 nobis

810 1371 1290 1446 proponuntur,
1333 1361 1406 1426 in
1442 1361 1676 1444 quibus
1701 1361 1887 1426 Deus
1919 1362 2234 1445 patefacit
2267 1382 2338 1426 se
2381 1361 2765 1446 opportuni·

807 1456 1008 1512 tatem
1091 1467 1282 1513 nosse
1364 1446 1682 1531 puniendi
1748 1466 1909 1530 quos
1974 1467 2091 1513 suo
2158 1446 2402 1513 iudicio
2468 1455 2768 1514 reservat

808 1552 1086 1616 poenam
1131 1553 1355 1598 eorum
1402 1533 1731 1598 differens.
1819 1530 1956 1598 Sed
1998 1533 2067 1597 in
2106 1532 2337 1617 primis
2380 1533 2537 1616 quid
2581 1554 2768 1600 sacra

807 1621 1053 1704 pagina
1110 1618 1340 1685 doceat
1398 1618 1849 1695 attendamus,
1910 1639 2079 1701 quae
2137 1619 2380 1703 passim
2440 1619 2586 1685 Deo
2646 1620 2766 1685 uni

807 1708 1224 1771 autoritatem
1269 1704 1627 1771 vindictam
1674 1704 2023 1772 exercendi
2069 1705 2320 1770 tribuit.
2402 1704 2577 1770 Nam
2623 1706 2766 1771 istis

804 1791 1026 1858 verbis
1096 1790 1334 1875 quibus
1398 1790 1523 1857 sibi
1589 1792 1701 1856 uni
1762 1791 1947 1856 Deus
2012 1790 2374 1857 vindictam
2436 1791 2763 1871 describit,

804 1878 1194 1944 fraenantur
1253 1896 1486 1943 sensus
1545 1896 1776 1944 omnes
1836 1876 2077 1954 nostri,
2139 1886 2213 1941 ut
2273 1877 2416 1942 Dec
2475 1877 2763 1943 tribuere

806 1964 980 2048 quod
1072 1962 1196 2046 ipsi
1287 1964 1625 2046 proprium
1723 1972 1824 2028 est
1915 1962 2276 2028 discamus:
2365 1973 2434 2028 et
2525 1984 2764 2032 manus

806 2061 1071 2116 nostrae
1113 2047 1325 2115 veluti
1369 2048 1657 2113 vinculis
1701 2048 2136 2133 retineantur,
2181 2070 2264 2115 ne
2307 2048 2376 2114 in
2424 2070 2546 2115 sua
2590 2050 2764 2132 quis-

806 2157 932 2220 que
966 2155 1166 2202 causa
1200 2133 1403 2201 iudex
1447 2154 1592 2199 esse
1636 2135 1820 2213 velit,
1865 2146 1935 2200 et
1976 2155 2062 2199 ex
2107 2134 2381 2201 arbitrio
2425 2135 2495 2199 in
2542 2135 2762 2200 inimi-

803 2243 912 2288 cos
936 2223 1206 2289 saevire.
1273 2220 1628 2286 Praeterea
1650 2223 1962 2303 quoniam
1998 2230 2132 2288 tam
2170 2220 2453 2286 fervidos
2489 2221 2762 2288 affectus

803 2305 1143 2386 habemus,
1203 2317 1277 2371 ut
1334 2303 1446 2370 vix
1509 2305 1781 2372 retineri
1838 2307 2094 2372 ratione
2139 2317 2400 2389 queant,
2458 2305 2645 2373 Deus
2684 2327 2762 2373 eo

805 2413 1013 2478 usque
1050 2385 1488 2476 progreditur,
1534 2404 1608 2456 ut
1649 2413 1769 2459 nos
1811 2391 2138 2457 moderari
2184 2392 2370 2457 nobis
2412 2392 2761 2472 discamus,

806 2489 873 2545 et
917 2481 1011 2544 ita
1056 2477 1358 2543 cohibere
1403 2479 1756 2562 passiones,
1819 2489 1893 2544 ut
1934 2498 2137 2562 quum
2179 2473 2398 2544 hostes
2442 2478 2759 2545 videbun-

807 2571 918 2629 tur
941 2564 1156 2645 inulti,
1192 2576 1257 2628 et
1292 2563 1691 2648 flagitiorum
1725 2563 2018 2648 ipsorum
2044 2559 2229 2630 Deus
2263 2564 2502 2630 oblitus
2539 2565 2759 2631 existi-

805 2649 1116 2730 mabitur,
1177 2645 1363 2714 nobis
1424 2659 1643 2715 tamen
1700 2648 2209 2734 persuadeamus
2256 2650 2471 2716 Deum
2531 2671 2762 2717 causas

806 2736 1071 2813 habere,
1130 2756 1250 2801 cur
1306 2735 1388 2800 ad
1449 2744 1708 2819 tempus
1766 2755 2011 2819 poenas
2055 2735 2336 2816 differat,
2395 2746 2464 2802 et
2506 2737 2758 2802 exitum

805 2819 1070 2886 tandem
1141 2819 1741 2887 demonstraturum
1805 2819 2023 2888 Deum
2089 2842 2220 2887 non
2282 2820 2561 2888 oblitum
2621 2844 2763 2888 esse

803 2907 1002 2974 officii
1036 2906 1160 2984 sui,
1204 2905 1378 2989 quod
1410 2921 1509 2972 est
1542 2905 1775 2972 mundi
1819 2905 2101 2976 iudicem
2146 2927 2319 2976 esse:
2366 2929 2441 2975 ac
2483 2908 2761 2993 proinde

806 3003 1064 3077 tempus
1138 2991 1279 3057 fore
1350 3013 1478 3075 quo
1549 2991 1752 3076 ipsius
1809 2991 2047 3061 iudicio
2101 2993 2455 3072 sistantur,
2542 3004 2610 3060 et
2666 2995 2759 3059 rei

801 3087 1229 3166 peragantur,
1287 3078 1733 3162 rationemque
1777 3078 2100 3146 factorum
2144 3077 2445 3163 reddant,
2496 3100 2763 3164 poenas-

804 3186 929 3253 que
994 3164 1266 3248 flagitiis
1328 3163 1467 3230 suis
1535 3157 1789 3232 debitas
1856 3165 2069 3245 luant,
2133 3161 2285 3231 licet
2351 3164 2433 3231 ad
2502 3176 2761 3250 tempus

801 3271 1050 3337 poenae
1109 3249 1523 3316 differantur.
1612 3247 1706 3316 Et.
1765 3251 2028 3335 quidem
2089 3251 2407 3317 hodierno
2467 3261 2764 3337 tempore

804 3336 1172 3406 necessaria
1227 3347 1327 3401 est
1371 3331 1571 3402 huius
1616 3336 1952 3403 doctrinae
1997 3335 2358 3417 meditatie,
2407 3358 2538 3437 quo
2584 3337 2762 3403 vide-

803 3446 952 3491 mus
1018 3419 1393 3488 coniuratos
1457 3422 1685 3488 hostes
1747 3423 2047 3489 veritatis
2102 3423 2365 3490 miseris
2418 3423 2762 3499 insultare,

802 3510 1018 3577 minas
1056 3508 1404 3592 intentare,
1448 3519 1515 3574 et
1554 3517 1742 3574 tanta
1786 3508 2058 3575 audacia
2100 3508 2172 3573 in
2218 3509 2491 3576 miseros
2535 3509 2764 3576 fideles

802 3598 1171 3679 insurgere,
1218 3603 1295 3658 ut
1337 3594 1417 3660 de
1464 3594 1626 3679 ipsis
1670 3609 1886 3661 actum
1935 3593 2259 3676 videatur,
2304 3597 2448 3661 ideo
2499 3617 2583 3661 ue
2628 3596 2763 3662 vic-

805 3682 1043 3748 toriam
1114 3700 1350 3746 canere
1407 3691 1471 3744 et
1528 3679 1963 3764 triumphare.
2066 3680 2288 3762 Quare
2346 3682 2404 3746 si
2511 3684 2641 3748 icta
2700 3691 2766 3745 et

807 3769 985 3834 facta
1045 3766 1332 3848 ipsorum
1396 3765 1869 3850 expendamus,
1929 3765 2028 3832 illi
2086 3767 2297 3832 modis
2341 3766 2650 3834 omnibus
2695 3769 2764 3833 in

807 3854 1029 3921 Deum
1065 3868 1385 3933 peccasse,
1429 3861 1495 3916 et
1530 3853 1753 3918 iniurii
1795 3853 1995 3920 fuisse
2033 3853 2462 3937 reperientur,
2509 3863 2576 3919 et
2618 3874 2766 3919 reos

810 3936 1216 4015 mirabimur,
1251 3937 1574 4019 qu'omodo
1613 3935 1836 4004 divina
1874 3937 2162 4004 vindicta
2198 3949 2329 4003 tam
2368 3938 2481 4004 diu
2516 3939 2765 4005 inultos

810 4026 1016 4100 ferat,
1075 4032 1143 4085 et
1201 4023 1269 4085 in
1328 4021 1599 4088 dubium
1665 4025 1935 4105 vocare',
1998 4025 2269 4091 Deusne
2329 4023 2412 4092 ad
2470 4025 2763 4109 ipsorum

808 4107 1065 4195 flag-itia
1106 4107 1447 4187 caecutiat,
1489 4127 1575 4175 an
1623 4131 1776 4176 vero
1820 4110 1906 4176 sit
1948 4107 2187 4176 oblitus
2232 4131 2353 4194 pro
2397 4110 2651 4176 meritis
2695 4113 2763 4176 in

812 4191 960 4262 illos
1018 4193 1556 4260 animadvertere.
1647 4196 1899 4262 Verum
1943 4191 2090 4262 Deo
2135 4197 2372 4262 iudicia
2415 4218 2534 4263 sua
2580 4197 2767 4263 diffe-

814 4297 1020 4360 rente,
1078 4281 1409 4346 discamus
1453 4281 1733 4346 nimium
1782 4279 2072 4348 fervidos
2117 4292 2340 4348 aestus
2386 4284 2763 4366 passionum

813 4388 1127 4446 coercere,
1173 4378 1238 4430 et
1275 4379 1409 4430 tam
1447 4367 1515 4430 in
1562 4386 1786 4432 sacrae
1831 4368 2111 4452 paginae
2160 4368 2523 4434 doctrinam
2571 4388 2768 4450 quam

812 4456 882 4520 in
921 4451 1225 4535 exempla
1268 4472 1432 4534 quae
1476 4453 1548 4517 in
1593 4452 1706 4517 illa
1750 4467 2223 4536 proponuntur,
2269 4463 2338 4518 et
2380 4456 2764 4539 praesertim

812 4543 882 4606 in
921 4540 1044 4604 hac
1084 4538 1375 4614 historia,
1422 4547 1711 4602 mentem
1759 4549 1824 4603 et
1868 4539 2087 4604 oculos
2132 4552 2535 4606 convertere.
2596 4540 2763 4605 Nam

815 4641 1014 4711 quum
1059 4623 1333 4689 Nabalia
1389 4622 1804 4690 contumeliis
1860 4633 1928 4687 et
1965 4625 2232 4690 iniuriis
2278 4625 2494 4692 David
2541 4627 2769 4692 fuisset

812 4719 1211 4863 provocatus
1233 4757 1251 4788 ,
1311 4717 1383 4773 et
1449 4709 1531 4774 ad
1598 4709 1986 4775 sumendam
2056 4711 2410 4777 vindictam
2479 4722 2766 4795 paratus,

841 4797 1168 4881 mpeditus
1207 4803 1391 4859 esset
1433 4795 1785 4861 aDomino
1828 4813 2090 4862 sumere
2135 4798 2214 4861 de
2261 4798 2447 4863 hoste
2492 4816 2768 4880 poenas:

814 4884 1070 4949 interea
1089 4878 1303 4946 Nabal
1333 4880 1528 4945 ‘domi
1572 4881 1832 4963 quietus
1877 4901 2139 4967 poenas,
2183 4893 2252 4949 et
2291 4883 2534 4949 iustam
2579 4885 2766 4966 puni-

801 4977 1062 5035 ·tionem
1125 4967 1416 5032 evasisse
1453 4967 1991 5033 existimabatur:
2029 4969 2151 5033 sed
2193 4970 2604 5035 cessantibus
2650 4970 2766 5034 ho·

818 5054 1104 5122 minibus
1125 5051 1312 5117 Deus
1354 5054 1673 5117 rationem
1709 5054 1899 5120 illam
1937 5054 2306 5139 castigandi
2353 5074 2471 5138 pro
2515 5056 2767 5120 meritis

817 5143 1094 5210 invenit.
1160 5138 1339 5206 Hinc
1381 5139 1601 5221 itaque
1647 5138 1973 5206 discamus
2015 5140 2186 5205 nihil
2233 5142 2314 5204 de
2355 5142 2500 5204 iure
2542 5142 2767 5206 divino

817 5226 1183 5303 detrahere,
1228 5225 1339 5289 sed
1376 5227 1706 5309 patienter
1740 5226 2022 5291 ferentes
2055 5227 2347 5305 iniurias,
2386 5246 2522 5291 rem
2561 5237 2764 5291 totam

2491 309 2905 379 HOMILIA
2948 311 3173 379 XCII.
4602 322 4679 390 554

2871 500 3017 568 Deo
3074 504 3581 577 committamus,
3639 513 3708 565 et
3750 499 4137 566 iudiciorum
4184 500 4392 584 ipsius
4428 511 4687 585 opportuni.

2870 595 3071 654 tatem
3098 588 3575 672 praestolemur
3586 610 3604 667 ;
3650 588 3917 651 minime
3941 586 4316 653 dubitantes
4354 587 4487 668 quin
4518 594 4686 662 tandem

2870 674 3090 758 ampla
3133 676 3319 741 nobis
3361 675 3541 739 illius
3585 672 3990 757 glorificandi
4038 672 4230 738 detur
4273 674 4510 739 occasio.

3038 759 3321 840 Interim
3384 758 3832 826 observandae
3894 758 4421 824 circumstantiae
4472 780 4592 842 quas
4629 763 4692 833 hie

2868 845 3144 929 spiritus
3187 856 3455 913 sanctus
3500 843 3779 911 describi
3824 844 4050 911 voluit.
4116 843 4383 910 Dicitur
4417 866 4541 929 ergo
4556 847 4693 916 ΝΜ

2869 942 3243 998 revertente
3301 931 3607 1015 Abigaile
3663 930 3861 996 fuisse
3914 930 4161 1011 ebrius,
4218 948 4294 995 ac
4352 932 4578 1013 proinde
4616 957 4697 1001 non

2869 1019 3153 1099 potuisse
3211 1019 3338 1102 ipsi
3399 1037 3671 1084 uxorem
3731 1015 4097 1099 periculum
4156 1017 4224 1080 in
4270 1015 4433 1098 quod
4470 1038 4564 1081 sus
4594 1021 4695 1086 stul-

2868 1102 3015 1168 titia
3073 1106 3443 1171 incurrerat
3494 1114 3656 1169 tunc
3708 1103 3767 1167 ei
3812 1102 4161 1181 declarare,
4220 1123 4305 1167 ne
4347 1102 4412 1166 in
4451 1107 4701 1170 amentiam

2869 1198 2937 1252 et
2990 1189 3279 1255 furorem
3339 1201 3719 1255 verteretur.
3808 1187 4063 1252 Vinum
4122 1189 4297 1251 enim
4344 1187 4504 1254 velut
4537 1209 4701 1257 cornus

2869 1274 3086 1353 habet,
3131 1276 3364 1358 quibus
3399 1274 3827 1340 immoderate
3861 1282 4192 1356 sumptum
4241 1273 4516 1339 homines
4551 1275 4707 1341 aflerat

2868 1370 2932 1424 et
2975 1361 3298 1427 immanes
3342 1361 3590 1426 reddat.
3679 1359 3796 1425 Sic
3840 1357 4050 1424 Nabal
4093 1358 4305 1424 factus
4346 1359 4553 1436 ebrius,
4587 1362 4630 1425 si
4656 1383 4705 1426 ex

2868 1446 3175 1531 Abigaile
3237 1457 3380 1512 tum
3431 1446 3868 1513 intellexisset
3920 1464 4088 1528 quae
4142 1455 4329 1529 gesta
4382 1445 4630 1524 fueram,
4661 1447 4707 1511 iu

2867 1532 3153 1598 furorem
3202 1534 3572 1612 exarsisset,
3630 1542 3700 1596 et
3740 1531 4052 1598 violentis
4094 1531 4429 1597 affectibus
4468 1530 4709 1614 abreptus,

2868 1619 2974 1684 vel
3033 1620 3101 1684 iu
3160 1620 3374 1703 ipsam
3428 1619 3748 1695 irruisset,
3805 1617 3914 1681 vel
3972 1617 4043 1680 in
4098 1616 4422 1681 Davidem
4473 1617 4705 1700 impetum

2866 1704 3157 1771 fecisset:
3226 1705 3504 1787 denique
3557 1724 3833 1788 magnas
3891 1703 4115 1768 turbas
4170 1702 4465 1768 dedisset.
4542 1701 4714 1767 moira

2867 1799 3009 1855 tum
3094 1791 3402 1874 temporis
3465 1790 3732 1874 Abigail
3811 1808 3951 1854 rem
4026 1799 4281 1872 gestam
4348 1786 4711 1862 dissimulavit,

2866 1877 3421 1960 opportunitatem
3489 1885 3879 1960 exspectans
3947 1894 4149 1957 quum
4207 1873 4534 1957 crapulam
4582 1873 4717 1938 exhu-

2865 1962 3099 2040 lasset,
3166 1982 3307 2029 rem
3364 1973 3568 2027 totam
3613 1960 3710 2027 illi
3754 1959 4150 2027 declarandi.
4236 1959 4455 2041 Quare
4495 1959 4716 2041 perendie

2864 2048 2964 2113 illi
3051 2069 3189 2113 rem
3278 2058 3528 2132 gestam
3619 2046 3947 2123 narravit,
4037 2066 4165 2129 quo
4248 2066 4517 2110 numero
4589 2044 4722 2108 vehe-

2864 2142 3123 2200 menter
3176 2134 3587 2218 obstupuisse
3631 2133 3891 2212 dicitur,
3948 2144 4018 2197 et
4058 2132 4254 2214 paulo
4298 2144 4447 2215 post
4487 2141 4720 2194 mortuus

2863 2219 3043 2287 Hinc
3075 2222 3363 2303 primum
3409 2219 4011 2286 animadvertamus
4054 2218 4266 2301 qualis
4311 2227 4646 2300 quantaque
4672 2217 4725 2279 sit

2864 2305 3207 2372 hominum
3250 2306 3780 2389 intemperantia,
3827 2312 3902 2368 ut
3944 2316 4205 2386 praeter
4245 2321 4602 2369 mensuram
4634 2319 4726 2364 κιο

2865 2392 3024 2458 vino
3078 2392 3508 2478 ingurgitent.
3597 2389 3868 2457 Nabalis
3926 2389 4196 2472 quidem
4244 2389 4610 2454 convivium
4638 2405 4725 2448 ιιοι

2867 2477 2990 2544 fuit
3045 2498 3165 2562 per
3208 2499 3279 2545 se
3324 2476 3863 2561 vituperandum:
3909 2496 4060 2540 nam
4107 2485 4174 2542 et
4215 2476 4362 2558 lege
4406 2474 4608 2539 divina
4641 2489 4732 2568 per·

2867 2563 3155 2629 mittitur
3189 2564 3431 2629 amicos
3466 2563 3548 2628 ad
3594 2562 3976 2628 convivium
4018 2562 4324 2642 invitare,
4368 2571 4432 2625 et
4473 2557 4727 2623 libemus

2866 2657 3185 2716 tractare:
3229 2649 3342 2716 sed
3387 2669 3689 2732 peccasse
3733 2650 3800 2713 in
3846 2668 4122 2714 excessu
4156 2648 4478 2714 Nabalem
4520 2653 4734 2740 apparet

2866 2756 3068 2819 quum
3090 2736 3294 2803 fuisse
3315 2734 3573 2820 regium
3598 2732 3968 2801 convivium
3996 2732 4256 2811 dicitur,
4303 2745 4383 2800 ut
4416 2730 4731 2798 condimus

2865 2841 3024 2888 suae
3045 2822 3286 2887 limites
3301 2821 3722 2887 transsiliit-se
3745 2828 4032 2885 notetur.
4056 2819 4235 2884 Hinc
4251 2818 4496 2904 singuli
4511 2815 4738 2881 dissum

2865 2927 3009 2974 sese
3040 2907 3223 2973 intra
3254 2907 3728 2991 temperantiae
3763 2905 4006 2971 limites
4040 2906 4400 2988 continere,
4442 2914 4508 2968 et
4537 2902 4598 2965 in
4632 2918 4736 2964 eon·

2864 2993 3062 3060 viviis
3127 2991 3291 3060 luxu
3354 3003 3424 3058 et
3488 2993 3991 3076 intemperantia
4056 3011 4186 3056 non
4258 3009 4562 3074 peccare,
4624 2981 4739 3078 quoi

2864 3079 3247 3163 plerumque
3300 3079 3530 3144 luxum
3586 3091 3954 3162 paupertas,
4020 3088 4135 3141 aut
4193 3077 4410 3142 multa
4450 3067 4737 3138 istiusmodl

2864 3166 3272 3231 incommoda
3334 3166 3740 3231 comitentur.
3850 3160 4089 3228 Modus
4153 3165 4387 3246 itaque
4452 3152 4740 3225 servandus

2866 3260 2986 3329 est,
3048 3261 3123 3315 ut
3180 3251 3322 3316 sine
3380 3250 3657 3317 avaritia
3712 3262 3779 3315 et
3834 3248 4185 3315 tenacitate
4228 3250 4553 3314 sobrietas
4588 3254 4742 3306 tamen

2866 3336 3079 3403 locum
3158 3336 3470 3403 obtineat.
3592 3336 3887 3402 Maxime
3964 3355 4125 3401 vcro
4202 3329 4627 3417 vituperanda
4680 3333 4745 3388 αἱ

2864 3423 3148 3490 obrietas
3217 3422 3331 3488 illa
3389 3421 3694 3505 Nabalia,
3764 3424 3878 3506 qui
3936 3421 4091 3487 licet
4144 3420 4345 3486 initio
4404 3418 4635 3483 dicatur
4674 3429 4747 3476 σα

2867 3508 3175 3576 habuisse
3208 3509 3473 3585 laetum,
3518 3521 3738 3573 tamen
3782 3506 4086 3590 deinceps
4125 3505 4509 3572 ostenditur
4542 3499 4742 3565 obn-m

2865 3595 2958 3660 sic
3015 3595 3215 3661 fuisse
3274 3594 3448 3673 vino,
3505 3605 3579 3659 ut
3640 3593 3895 3659 nullum
3954 3593 4242 3676 amplius
4305 3588 4548 3658 rationi
4595 3585 4745 3678 loqu·

2866 3680 3221 3763 reliquerit,
3277 3688 3345 3745 et
3403 3679 3470 3745 in
3531 3680 3735 3744 feram
3802 3691 4093 3744 mutatus
4150 3679 4261 3756 sit,
4327 3679 4493 3741 adeo
4548 3682 4611 3736 ut
4650 3685 4743 3732 sm

2865 3767 3203 3834 occasione
3256 3766 3507 3833 fureret
3560 3777 3630 3830 et
3683 3764 4210 3830 debaccharetur.
4324 3762 4465 3830 Sed
4518 3777 4632 3824 non
4668 3751 4749 3852 ‚ab

2866 3872 2938 3916 re
2962 3851 3122 3918 haec
3147 3851 3403 3936 phrasis
3428 3862 3783 3934 usurpatur
3806 3851 4115 3916 hocloco:
4150 3850 4220 3915 N
4220 3848 4488 3914 abalem
4521 3842 4744 3938 habt-112!²

2866 3958 2976 4004 cor
3033 3937 3271 4003 hilare:
3330 3959 3483 4002 nam
3544 3933 3855 4002 usitatuih‘
3915 3950 4015 4001 est
4054 3934 4340 4002 ebriosis
4388 3926 4747 4019 proverbium

2865 4024 2947 4088 ad
2987 4024 3219 4089 vitium
3264 4045 3457 4089 suum
3504 4035 3619 4087 aut
3662 4022 4094 4089 minuendum
4136 4033 4258 4087 aut
4308 4017 4657 4106 tegendum.
4688 4007 4743 4071 Εῐ

2867 4110 2923 4176 si
3007 4111 3155 4192 quis
3222 4109 3669 4192 interrogatus
3735 4108 3816 4172 de
3881 4109 4149 4173 alterius
4217 4108 4546 4174 ebrietate
4594 4099 4741 4164 inem·

2864 4195 3248 4280 saepissime
3292 4193 3644 4278 respondet
3686 4193 3962 4260 hilarem
4004 4195 4229 4260 fuisse.
4328 4194 4508 4259 Nam
4546 4187 4744 4282 01:¹2⁰&

2864 4282 3113 4347 multos
3176 4301 3437 4365 semper
3503 4280 3699 4345 habet
3765 4279 4116 4346 advocatos
4184 4280 4273 4344 ad
4344 4271 4737 4364 turpituehqw

2868 4367 3218 4452 tegendam
3252 4388 3419 4450 quae
3460 4366 3587 4450 ipsi
3631 4366 3834 4431 inest:
3881 4365 4447 4449 quemadmodum
4494 4370 4741 4444 expeflffl·

2868 4455 2962 4519 tia
3003 4453 3153 4537 plus
3197 4454 3357 4519 satis
3403 4452 3594 4518 fidem
3634 4454 3805 4532 facit,
3853 4452 4149 4517 homines
4193 4452 4525 4518 ebrietate
4562 4450 4741 4542 ism

2866 4537 3347 4616 transformari,
3386 4549 3454 4603 et
3475 4547 3795 4621 quantum
3823 4538 3890 4602 in
3914 4539 4072 4621 ipsis
4106 4550 4240 4604 est:
4284 4537 4427 4603 Dei
4461 4538 4738 4616 inagna·

2866 4624 2951 4688 ad
3010 4644 3203 4708 quam
3261 4638 3455 4689 erant
3506 4623 3715 4690 creati
3769 4635 3835 4688 et
3890 4624 4184 4707 formati,
4244 4624 4340 4689 ab
4396 4623 4549 4707 ipsis
4594 4611 4739 4678 deffl-

2864 4709 3198 4791 Quoniam
3258 4709 3466 4794 igitur
3521 4709 3907 4795 plerumque
3951 4708 4257 4775 homines
4306 4710 4660 4774 ebrietatem
4689 4709 4743 4757 Β

2868 4808 3207 4869 excusant,
3275 4796 3548 4880 spiritus
3614 4808 3875 4863 sanctus
3942 4815 4013 4860 se
4068 4794 4151 4858 ad
4211 4795 4413 4879 vulgi
4468 4795 4739 4858 sermm·

2867 4880 3380 4960 accommodans,
3442 4880 3669 4946 eadem
3715 4882 3926 4946 utitur
3966 4878 4206 4964 phrasi,
4278 4902 4489 4964 quum
4530 4878 4631 4941 sit:
4660 4864 4741 4964 li*

2868 4967 3080 5032 halem
3126 4967 3430 5034 habuisse
3473 4987 3585 5033 cor
3625 4967 3840 5032 hilare
3882 4978 3950 5031 et
3995 4964 4395 5033 iucundum.
4472 4963 4589 5030 Sed
4622 4955 4739 5052 ἂψ·

2868 5071 3019 5136 ceps
3075 5053 3359 5120 ostendit
3416 5053 3865 5118 detestabilem
3925 5052 4105 5116 illam
4154 5052 4565 5118 hilaritatem
4594 5044 4741 5132 fun}

2868 5148 2936 5203 et
2990 5151 3286 5205 amentes
3343 5139 3712 5205 istiusmodi
3772 5138 4071 5203 homines
4114 5157 4291 5221 quos
4343 5139 4481 5204 vini
4512 5133 4659 5216 copi!
4682 5139 4739 5185 ἕ

2867 5223 3319 5308 obstupefacit,
3356 5235 3430 5291 ut
3461 5225 3534 5290 in
3580 5224 3827 5291 belluas
3868 5225 4303 5309 degenerent,
4348 5239 4613 5306 suaeque
4642 5225 4737 5278 Μ·
