5059 6059
861 359 985 429 119

868 560 967 620 est
1012 552 1122 635 qui
1162 571 1279 617 nos
1316 550 1543 618 doceat
1580 552 1699 618 sub
1723 549 1853 617 Dei
1887 552 2042 637 iugo
2075 551 2416 625 contineri,
2458 563 2523 615 et
2559 557 2810 634 quanta

868 636 1022 703 inde
1065 635 1386 721 speranda
1430 636 1701 716 utilitas,
1750 638 1857 704 hic
1898 637 2188 703 maxime
2231 651 2329 702 est
2375 637 2688 722 insignis:
2734 655 2809 702 ao

870 722 1069 807 digna
1115 724 1465 805 sententia,
1511 745 1706 808 quam
1752 732 1973 791 noctes
2035 722 2296 806 diesque
2343 743 2696 800 versemus,
2743 731 2811 786 et

867 811 937 874 in
982 817 1304 893 perpetua
1346 811 1661 878 memoria
1705 810 2084 876 habeamus.
2173 813 2391 893 Atque
2448 809 2574 873 isto
2620 807 2807 874 unico

867 893 1293 959 fundamento
1360 894 1486 959 niti
1553 894 1790 961 debent
1854 896 2224 979 quicunque
2303 893 2662 962 vocationis
2743 901 2810 959 et

869 979 1163 1045 muneris
1208 981 1308 1046 sui
1354 989 1574 1064 partes
1615 980 1888 1065 implere
1935 980 2187 1047 volunt.

1042 1063 1293 1131 Contra
1353 1085 1510 1131 vero
1571 1067 1879 1149 quoniam
1941 1065 2193 1131 leviora
2249 1074 2404 1130 sunt
2463 1063 2808 1129 hominum

867 1150 1136 1235 ingenia
1209 1151 1280 1216 in
1348 1151 1569 1217 multis
1646 1148 2218 1218 comminiscendis
2285 1151 2428 1215 Deo
2506 1147 2808 1230 cultibus,

868 1236 1153 1302 sciamus
1219 1237 1635 1303 rebellionem
1653 1288 1672 1318 ,
1738 1236 2286 1319 divinationisque
2350 1236 2597 1301 crimen
2665 1255 2808 1301 esse

869 1332 937 1388 et
995 1319 1401 1387 idololatriae
1445 1344 1485 1388 a
1528 1325 1853 1407 scriptura
1909 1322 2014 1390 vel
2074 1321 2406 1387 tantillum
2469 1319 2804 1386 recedere:

869 1415 1063 1491 atque
1108 1417 1415 1491 tanquam
1461 1409 1761 1491 perfidos,
1814 1407 2163 1475 mendaces
2207 1427 2282 1474 ac
2326 1426 2531 1473 vanos
2577 1426 2616 1471 a
2659 1403 2803 1471 Deo

867 1492 1096 1558 haberi
1175 1493 1373 1559 verbo
1452 1494 1660 1577 ipsius
1726 1495 2087 1561 abutentes.
2201 1491 2624 1576 Quapropter
2666 1513 2805 1591 ‘per

868 1576 1292 1644 rebellionem
1362 1578 1508 1646 fieri
1588 1579 2036 1681 intelligamus
2111 1577 2424 1663 quidquid
2508 1578 2823 1643 homines·

867 1664 1010 1731 sine
1056 1663 1178 1729 Dei
1226 1663 1535 1730 mandato
1580 1680 1968 1750 suscipiunt,
2011 1672 2122 1730 aut
2168 1664 2309 1729 sine
2359 1664 2553 1730 verbo
2594 1663 2804 1746 ipsius

865 1755 1247 1898 Braeeunte:
1309 1759 1376 1815 et
1417 1750 1488 1816 in
1545 1751 1772 1835 primis
1817 1772 2016 1836 quum
2062 1749 2237 1816 docti
2280 1749 2680 1816 sufficienter
2723 1749 2805 1818 de

934 1835 996 1900 ei
1062 1835 1404 1902 voluntate
1465 1835 1562 1900 illi
1627 1856 1762 1901 non
1829 1836 2290 1921 acquiescunt,
2355 1833 2468 1901 sed
2538 1857 2619 1900 ex
2684 1856 2805 1901 suo

866 1940 1062 1986 sensu
1127 1921 1343 1987 varios
1411 1931 1477 1985 et
1542 1922 1901 1988 insolentes
1966 1922 2181 1989 cultus
2249 1922 2388 1986 Deo
2454 1921 2802 2006 affingunt.

864 2003 1170 2089 Denique
1229 2005 1492 2071 rebellio
1555 2017 1672 2088 est,
1733 2019 1807 2073 ut
1863 2009 2189 2092 scriptura
2248 2006 2553 2091 loquitur,
2611 2027 2647 2071 a
2693 2006 2803 2071 via

868 2091 1131 2157 Domini
1179 2089 1495 2170 recedere.
1564 2092 1696 2160 Hic
1733 2116 1886 2161 vero
1923 2094 2134 2159 solent
2167 2091 2551 2192 hypocritae
2586 2092 2804 2156 varias

867 2177 1321 2243 excusationes
1381 2195 1714 2262 quaerere,
1773 2202 1847 2246 ac
1904 2177 2275 2244 rebellionis
2333 2178 2607 2244 crimine
2663 2197 2802 2242 sese

867 2261 1167 2327 liberare.
1257 2262 1450 2345 Nam,
1510 2267 1716 2342 aiunt,
1774 2285 1974 2349 quare
2033 2264 2309 2330 dicimur
2351 2263 2645 2339 rebelles,
2688 2262 2803 2346 qui

864 2346 992 2414 Dei
1015 2347 1292 2414 verbum
1332 2349 1769 2416 admittimus:
1817 2370 1890 2414 ac
1926 2351 1979 2416 si
2006 2349 2157 2432 quid
2196 2348 2405 2414 eidem
2443 2348 2802 2428 adiicimus,

869 2452 952 2498 ex
997 2431 1358 2500 abundanti
1402 2435 1718 2501 facimus?
1810 2431 1960 2516 Nae,
2009 2436 2149 2500 Deo
2193 2435 2512 2500 inservire
2557 2445 2624 2500 et
2660 2434 2800 2500 eius

869 2538 1013 2583 esse
1058 2521 1371 2603 cupimus.
1454 2518 1763 2604 Speciosa
1805 2542 1965 2586 sane
2010 2520 2359 2598 excusatio,
2407 2519 2520 2586 sed
2566 2520 2800 2600 inanis,

869 2615 936 2671 et
979 2606 1045 2669 in
1091 2625 1221 2688 qua
1265 2605 1610 2671 manifesta
1672 2615 1772 2673 est
1828 2606 2190 2672 diffidentia
2251 2615 2318 2671 et
2370 2606 2796 2671 contumacia.

866 2690 1035 2755 Nam
1103 2689 1227 2754 nisi
1285 2689 1666 2774 simpliciter
1709 2692 1878 2776 quod
1925 2692 2052 2757 Dei
2099 2690 2293 2756 verbo
2338 2690 2799 2774 praescribitur

867 2774 1221 2857 sequimur,
1280 2776 1393 2839 sed
1449 2776 1528 2843 de
1587 2788 1808 2843 nostro
1853 2776 2096 2862 aliquid
2126 2776 2594 2861 admiscemus,
2639 2796 2796 2859 qua·

865 2870 1058 2927 tenus
1102 2878 1143 2923 a
1185 2859 1309 2925 Dei
1370 2862 1565 2928 verbo
1617 2863 1995 2944 recedimus,
2052 2871 2322 2928 eatenus
2382 2872 2797 2928 contumaces

864 2955 930 3013 et
973 2943 1246 3011 rebelles
1290 2968 1533 3014 sumus.
1621 2949 1719 3016 Ao
1765 2948 2037 3033 proinde
2082 2957 2334 3014 certum
2382 2959 2481 3013 est
2537 2949 2794 3012 inanem

864 3051 1007 3098 esse
1065 3031 1435 3097 istiusmodi
1495 3034 1984 3119 hypocritarum
2052 3034 2561 3114 excusationem,
2625 3032 2794 3118 quod

863 3125 1089 3218 aperte
1134 3114 1278 3184 Deo
1322 3119 1795 3205 contradicant,
1841 3121 2179 3206 legemque
2225 3119 2433 3203 ipsius
2473 3120 2655 3185 flocci
2700 3118 2794 3183 fa·

864 3211 1059 3270 ciant.
1147 3202 1317 3267 Nam
1377 3205 1498 3269 etsi
1553 3226 1683 3270 non
1742 3207 1984 3290 apertis
2045 3205 2259 3271 verbis
2302 3205 2371 3270 in
2418 3204 2588 3271 hanc
2628 3204 2799 3269 blas-

864 3288 1194 3374 phemiam
1252 3303 1623 3373 erumpunt,
1685 3303 1757 3356 ut
1815 3290 1897 3357 de
1940 3288 2065 3356 Dei
2111 3291 2256 3375 lege
2302 3289 2675 3370 detrahant,
2720 3309 2795 3356 ac

863 3372 1136 3460 proinde
1181 3394 1311 3440 non
1356 3374 1476 3441 sibi
1522 3376 1826 3443 videntur
1869 3376 2165 3458 rebelles,
2211 3376 2383 3460 quod
2421 3375 2629 3460 legem
2669 3374 2797 3441 Dei

866 3461 1103 3527 bonam
1148 3480 1293 3527 esse
1339 3462 1571 3542 sciant,
1637 3473 1703 3528 et
1757 3463 1961 3546 ipsius
2017 3460 2327 3529 mandata
2383 3481 2798 3544 nequaquam

867 3546 1361 3628 contemnenda,
1413 3556 1630 3613 tamen
1677 3546 2201 3632 quandoquidem
2247 3548 2431 3614 Deus
2474 3568 2602 3612 non
2648 3567 2799 3631 per-

866 3630 1073 3695 mittit
1117 3630 1413 3697 homines
1453 3654 1535 3698 ex
1579 3654 1702 3699 suo
1751 3655 1948 3700 sensu
1984 3634 2196 3700 facere
2231 3653 2395 3719 quae
2430 3633 2509 3698 ad
2547 3633 2797 3699 cultum

865 3716 1070 3800 ipsius
1116 3718 1459 3798 pertinent,
1504 3717 1618 3785 sed
1662 3720 1969 3804 prohibet
2002 3719 2223 3805 potius
2258 3741 2341 3785 ne
2377 3717 2459 3785 ad
2497 3719 2796 3785 dextram

866 3814 981 3867 aut
1024 3800 1279 3867 laevam
1325 3800 1669 3883 declinent,
1726 3814 1794 3870 et
1836 3814 2081 3889 contra,
2147 3806 2358 3871 solum
2419 3825 2612 3870 suum
2660 3826 2800 3869 ver-

865 3888 1023 3953 bum
1068 3905 1208 3951 esse
1252 3891 1543 3954 omnium
1587 3891 1918 3958 actionum
1962 3890 2257 3976 regulam
2301 3891 2496 3971 iubet,
2542 3911 2698 3956 sane
2741 3890 2799 3956 si

870 3972 1165 4039 homines
1207 3972 1350 4038 istis
1396 3997 1527 4041 non
1571 3978 2010 4060 acquiescunt,
2060 3975 2173 4042 sed
2219 3977 2404 4061 quasi
2447 3976 2798 4060 sapientio-

866 4080 972 4125 res
1038 4058 1178 4140 ipso
1245 4058 1323 4123 ad
1383 4059 1692 4127 mandata
1749 4063 1890 4128 eius
1944 4063 2067 4129 hoc
2125 4062 2232 4128 vel
2290 4059 2452 4127 illud
2517 4062 2798 4128 adiicere

866 4143 1273 4211 licentiosius
1330 4145 1454 4210 sibi
1512 4147 1933 4230 permittunt,
1999 4168 2218 4213 nonne
2277 4147 2653 4212 tantundem
2718 4147 2799 4212 de

866 4230 995 4296 Dei
1061 4230 1404 4296 autoritate
1470 4232 1845 4318 detrahunt,
1914 4254 1996 4299 ne
2060 4233 2236 4299 solus
2303 4233 2390 4298 sit
2453 4231 2795 4299 hominum

866 4315 1253 4401 legislator?
1300 4315 1404 4380 Ex
1451 4317 1682 4401 quibus
1726 4319 1860 4385 sole
1904 4319 2140 4385 clarius
2185 4331 2284 4384 est
2326 4320 2554 4384 inanes
2599 4329 2663 4381 et
2706 4319 2799 4383 ri-

868 4400 1119 4467 diculas
1162 4401 1435 4466 istorum
1484 4425 1624 4469 esse
1668 4406 2119 4470 excusationes
2175 4413 2242 4468 et
2299 4424 2470 4470 vana
2525 4404 2794 4488 effugia:

866 4509 942 4555 ac
986 4486 1256 4570 proinde
1301 4488 1534 4554 merito
1570 4510 1714 4556 reos
1749 4491 1889 4555 fieri
1930 4510 2150 4555 coram
2174 4489 2316 4555 Deo
2353 4491 2797 4555 contumaciae

869 4583 934 4639 et
977 4572 1349 4639 rebellionis
1407 4576 1519 4657 qui
1579 4574 1660 4639 ab
1716 4576 1920 4659 ipsius
1982 4576 2175 4641 verbo
2229 4574 2562 4640 tantillum
2619 4596 2795 4640 rece-

870 4658 1051 4725 dunt.
1140 4658 1287 4725 Etsi
1348 4681 1500 4727 vero
1560 4660 1681 4726 sibi
1740 4661 1885 4727 fieri
1945 4661 2250 4726 iniuriam
2308 4670 2798 4743 conqueruntur

870 4744 949 4809 de
994 4745 1139 4809 istis
1183 4744 1518 4827 admoniti,
1562 4747 1886 4813 immerito
1930 4747 2208 4814 faciunt:
2265 4746 2794 4830 quandoquidem

869 4831 1042 4896 onim
1087 4831 1294 4913 ipsius
1320 4831 1444 4897 Dei
1480 4831 1719 4898 iudicio
1762 4833 2298 4911 condemnantur,
2344 4852 2548 4915 quare
2592 4831 2796 4897 homi-

871 4916 1060 4982 nibus
1097 4917 1160 4980 id
1197 4917 1410 5000 ipsum
1448 4918 2073 5067 reprehendentibus
2109 4915 2531 4984 irascuntur?
2576 4915 2797 4997 Quare

869 5000 1335 5070 obsurdescunt
1380 5014 1446 5068 et
1489 5024 1528 5069 o
1572 5012 1951 5088 stupescunt
1997 5003 2075 5068 ad
2121 5003 2304 5069 illam
2329 5003 2601 5069 Domini
2649 5024 2789 5069 sen-

869 5088 1163 5164 tentiam,
1207 5107 1335 5170 qua
1378 5090 1579 5155 veluti
1625 5089 1898 5155 fulmine
1943 5091 2023 5155 ab
2069 5090 2200 5154 alto
2245 5088 2326 5154 ad
2370 5091 2504 5156 ima
2548 5095 2796 5154 tartara

874 5172 1353 5240 detruduntur?
1438 5174 1741 5258 Denique
1799 5197 1917 5241 sua
1979 5175 2346 5241 temeritate
2406 5185 2472 5241 et
2516 5176 2797 5242 stultitia

872 5256 1015 5325 Deo
1078 5269 1392 5342 quantum
1454 5261 1680 5326 volent
1737 5260 2154 5342 reluctentur,
2220 5261 2404 5327 nobis
2470 5263 2626 5328 satis
2687 5262 2792 5345 sit,

2534 360 2944 429 HOMILIA
2985 361 3170 429 LIV.
4662 361 4742 425 120

2912 549 3077 631 Deo,
3131 551 3236 615 cui
3281 547 3601 616 dictorum
3649 550 4095 632 factorumque
4139 547 4257 613 uni
4301 544 4604 612 reddenda
4634 549 4747 614 rsb‘o

2912 645 3030 715 est,
3090 634 3570 719 simplicitatem
3629 645 3917 702 nostram
3988 633 4265 717 probari,
4330 631 4497 716 quod
4550 634 4750 698 verbum

2909 723 3114 807 ipsius
3159 730 3531 788 nostrarum
3576 721 3865 788 omnium
3911 719 4241 786 actionum
4287 738 4568 783 normam
4603 727 4655 782 et
4684 740 4749 783 re-

2908 808 3132 893 gulam
3176 806 3491 873 habemus
3535 814 3600 872 et
3656 805 4095 873 admittimus:
4156 804 4342 871 cuius
4398 813 4606 870 contra
4648 824 4750 869 eon·

2909 903 3198 977 temptus
3256 893 3743 959 contumacibus
3802 900 3869 957 et
3913 891 4310 957 refractariis
4355 888 4626 954 ultimum
4661 891 4752 954 exi-

2909 980 3074 1045 tium
3122 988 3221 1045 est
3264 977 3599 1045 allaturus.

3079 1063 3221 1130 Iam
3284 1085 3436 1128 vero
3494 1065 3549 1128 si
3614 1063 3758 1146 quis
3808 1062 3890 1128 ad
3955 1063 4145 1128 istam
4206 1060 4514 1126 amussim
4573 1059 4758 1124 cultum

2906 1150 3095 1216 illum
3161 1170 3421 1216 omnem
3487 1148 3709 1234 exigat
3773 1168 3900 1232 quo
3967 1149 4262 1232 papistae
4326 1147 4449 1212 sibi
4503 1144 4759 1210 devincire

2908 1236 3123 1302 Deum
3183 1235 3605 1314 arbitrantur,
3666 1254 3911 1301 meram
3972 1233 4388 1298 rebellionem
4449 1233 4514 1296 in
4567 1252 4632 1295 eo
4666 1252 4761 1296 esse

2907 1323 3204 1405 reperiet.
3272 1320 3576 1404 Exempli
3612 1321 3823 1404 gratia
3868 1317 4312 1403 expendamus
4355 1329 4759 1385 sacrosanctum

2906 1427 3143 1475 coenae
3178 1416 3675 1473 sacramentum.
3743 1407 4066 1471 Dominus
4089 1414 4309 1470 noster
4330 1404 4513 1470 Iesus
4533 1402 4763 1469 Christus

2906 1514 3141 1577 panem
3185 1493 3400 1578 frangi
3445 1493 3653 1570 iussit,
3700 1501 3766 1557 et
3801 1502 4130 1575 acceptum
4169 1490 4469 1575 poculum
4505 1489 4764 1555 distribuit

2906 1579 3365 1645 adhibendum.
3475 1578 3800 1661 Accipite,
3866 1578 4108 1661 inquit,
4188 1576 4503 1643 comedite
4561 1597 4633 1640 ex
4681 1574 4764 1639 hou

2906 1685 3094 1749 pane,
3140 1675 3206 1730 et
3251 1663 3448 1728 bibite
3492 1685 3572 1729 ex
3621 1663 3741 1729 hoc
3786 1663 3987 1729 calice
4028 1666 4204 1727 inter
4248 1682 4367 1728 vos
4412 1682 4638 1726 omnes.
4704 1660 4765 1723 Et

2906 1751 3186 1834 quidem,
3232 1750 3521 1833 inquam,
3568 1769 3811 1814 omnes.
3902 1747 4080 1830 Quid
4124 1748 4231 1814 hic
4274 1746 4605 1833 papistae?
4664 1746 4765 1810 Pri·

2906 1858 3085 1903 mum
3152 1837 3265 1900 uni
3324 1834 3686 1901 sacrificulo
3744 1834 4051 1919 poculum
4108 1842 4548 1909 reservarunt,
4606 1843 4659 1897 et
4705 1832 4767 1894 its

2905 1942 3107 1989 coena
3150 1920 3470 2004 discerpta
3529 1929 3647 1986 est.
3735 1919 3933 1986 Plebs
3989 1921 4161 1987 enim
4223 1919 4549 1985 abstinere
4596 1917 4764 1999 poculo

2905 2007 3084 2073 iussa
3127 2017 3239 2084 est,
3304 2016 3369 2070 et
3413 2007 3505 2070 ita
3548 2015 3736 2090 parte
3781 2026 4015 2072 coenae
4059 2007 4338 2088 privata.
4428 2003 4625 2085 Quasi
4662 2022 4769 2066 vero

2906 2092 3212 2160 Christus
3256 2093 3391 2157 vita
3448 2101 3671 2158 nostra
3729 2093 3818 2160 sit
3874 2113 3956 2156 ex
4002 2100 4185 2174 parte
4230 2101 4505 2156 tantum.
4586 2088 4663 2153 At
4694 2088 4769 2152 ills

2904 2200 3023 2245 nos
3090 2178 3274 2243 docet
3336 2197 3406 2243 se
3471 2176 3660 2242 nobis
3726 2197 3867 2242 esse
3932 2176 4148 2244 cibum
4209 2191 4273 2242 et
4331 2190 4574 2261 potum,
4626 2192 4768 2257 quum

2903 2285 3162 2330 carnem
3207 2282 3392 2329 suam
3439 2263 3623 2329 nobis
3663 2262 3735 2327 in
3772 2263 3985 2328 cibum
4032 2264 4314 2347 praebet,
4346 2273 4413 2327 et
4455 2262 4769 2345 sanguinem

2902 2350 2973 2415 in
3029 2363 3275 2434 potum.
3363 2348 3617 2417 Verum
3678 2350 4012 2414 enimvero
4071 2348 4252 2432 plebs
4308 2347 4481 2431 apud
4551 2347 4771 2429 papistss

2904 2445 3163 2502 arcetur
3226 2434 3457 2520 poculo
3522 2455 3697 2500 unus
3755 2433 4154 2500 sacrificulus
4221 2433 4527 2517 sanguini
4570 2431 4771 2496 Domini

2903 2524 3355 2586 communicat.
3443 2517 3621 2600 Quid
3666 2540 3822 2601 ergo
3864 2519 4038 2586 istud
4084 2519 4180 2583 rei
4224 2518 4366 2584 est?
4432 2518 4584 2594 Sed,
4623 2518 4769 2588 aiunt,

2904 2628 3034 2672 non
3104 2607 3245 2672 sine
3310 2605 3564 2670 ratione
3636 2603 3845 2684 istud,
3918 2605 4279 2690 periculum
4336 2605 4515 2669 enim
4576 2615 4675 2680 est,
4718 2620 4773 2664 ns

2905 2693 3248 2758 accedente
3290 2690 3368 2755 ad
3416 2689 3717 2773 poculum
3763 2690 3952 2774 plebe
3998 2690 4219 2774 aliqua
4260 2690 4601 2775 sanguinis
4638 2697 4773 2773 gnus

2902 2779 2969 2844 in
3010 2787 3251 2842 terram
3289 2775 3564 2841 decidat.
3620 2776 3893 2852 Verum,
3931 2776 4215 2858 obsecr0,
4251 2797 4475 2840 nonne
4496 2774 4616 2839 Dei
4637 2773 4774 2846 filius,

2902 2862 3088 2929 cuius
3133 2862 3451 2945 sapientia
3495 2871 3595 2927 est
3635 2862 4114 2938 inenarrabilis,
4183 2883 4366 2927 suam
4434 2860 4773 2926 voluntatem

2904 2948 3245 3015 manifeste
3309 2947 3693 3024 declaravit,
3776 2956 3844 3011 et
3919 2946 4542 3030 significantissimis
4619 2943 4777 3010 verbis

2902 3032 3251 3118 exposuit?
3339 3034 3534 3098 Anne
3598 3033 3802 3117 igitur
3867 3033 4173 3098 mortales
4240 3033 4686 3098 homunciones
4733 3041 4776 3091 st

2900 3119 3081 3185 humi
3140 3127 3442 3202 repentes
3500 3117 3803 3183 lumbrici
3861 3139 4045 3184 suam
4107 3118 4343 3183 bonam
4404 3117 4777 3183 intentionem

2906 3204 3167 3271 Domini
3209 3205 3569 3288 praeceptis
3628 3203 4003 3286 opponent?
4090 3202 4346 3269 Deinde
4406 3223 4565 3269 vero
4619 3201 4776 3267 videto

2899 3291 3284 3376 papistioam
3357 3290 3830 3375 arrogantiam:
3911 3289 4220 3357 Christus
4300 3289 4478 3354 enim
4558 3288 4684 3354 vult
4728 3285 4773 3348 iu

2901 3397 3134 3442 coenae
3178 3384 3582 3442 sacramento
3624 3372 3922 3442 fidelibus
3967 3375 4244 3459 singulis
4280 3375 4594 3441 exhibere
4625 3369 4775 3439 sancti

2899 3462 3002 3531 sui
3042 3462 3314 3547 spiritus
3368 3463 3636 3546 gratias,
3695 3468 3761 3526 st
3817 3459 4114 3526 omnium
4180 3481 4454 3527 suorum
4515 3463 4773 3527 bonorum

2898 3549 3071 3632 ipsos
3116 3548 3325 3614 facere
3370 3547 3739 3632 participes,
3797 3567 3989 3612 suum
4047 3565 4284 3631 corpus
4341 3557 4416 3614 et
4458 3565 4640 3612 suum
4677 3562 4775 3608 san·

2899 3635 3164 3720 guinem
3224 3633 3384 3716 ipsis
3442 3631 3963 3699 communicans:
4022 3631 4120 3697 illi
4175 3652 4332 3698 vero
4391 3633 4640 3697 miseris
4674 3647 4775 3712 per·

2901 3721 3176 3787 suadent
3233 3739 3304 3784 se
3361 3719 3594 3784 offerre
3638 3717 3976 3785 Christum
4024 3715 4168 3782 Deo
4228 3719 4405 3801 patri
4450 3720 4517 3786 in
4562 3715 4773 3782 oblatio-

2900 3825 3051 3873 nem
3096 3826 3212 3890 pro
3258 3804 3428 3871 vivis
3469 3815 3537 3869 et
3579 3804 3870 3870 mortuis.
3960 3802 4142 3885 Quid
4183 3803 4319 3870 ita?
4380 3805 4614 3887 Neque
4650 3800 4775 3866 enim

2902 3890 3210 3965 Ohristus
3255 3890 3442 3957 dicit:
3490 3889 3760 3970 Offerte,
3806 3888 3916 3956 sed
3964 3890 4277 3974 Accipite.
4364 3890 4633 3973 Quanta
4668 3903 4776 3950 veto

2901 3978 2969 4043 in
3029 3976 3175 4042 istis
3234 3975 3713 4062 repugnantia?
3802 3974 4018 4056 Quam
4067 3996 4221 4061 ergo
4263 3975 4378 4041 hio
4424 3996 4633 4044 coram
4672 3971 4773 4037 Deo

2900 4061 3166 4130 tandem
3212 4061 3693 4127 excusationem
3742 4060 4057 4139 adferent,
4101 4062 4214 4144 qui
4257 4062 4602 4128 hominum
4633 4060 4773 4141 longe

2901 4147 3376 4215 dissimillimus
3406 4146 3546 4213 est?
3590 4147 3732 4215 Nae
3768 4147 4082 4213 videntur
4115 4149 4229 4214 isti
4262 4147 4477 4214 veluti
4513 4143 4773 4213 cornubm

2899 4235 3103 4318 ipsius
3138 4233 3265 4299 Dei
3310 4233 3716 4299 maiestatem
3760 4243 3996 4317 petere,
4040 4241 4105 4300 et
4147 4233 4331 4300 velut
4376 4234 4462 4299 ad
4507 4241 4773 4300 cei-mmm

2900 4338 3253 4405 provocare
3272 4371 3286 4396 ,
3350 4320 3535 4403 quasi
3603 4318 3929 4384 dicerent:
4006 4320 4102 4386 'I'e
4165 4319 4375 4386 invito
4444 4317 4772 4386 sacrificium

2899 4403 3075 4472 istud
3137 4406 3470 4471 offerimus
3528 4406 3596 4470 in
3651 4414 4057 4488 peccatorum
4118 4415 4496 4472 nostrorum
4541 4400 4770 4469 satisfa-

2901 4491 3180 4556 tionem:
3242 4500 3307 4556 et
3351 4491 3466 4556 tibi
3528 4501 3788 4576 gratum
3834 4501 3897 4555 et
3942 4503 4277 4576 acceptum
4321 4491 4492 4557 illud
4536 4509 4663 4556 esse
4696 4505 4773 4549 ne·

2899 4597 3077 4642 cesse
3122 4584 3241 4642 est.
3330 4575 3477 4658 Quo
3522 4577 3752 4660 posito,
3807 4577 4225 4661 gesticulator
4264 4576 4378 4642 ille
4424 4570 4767 4645 sacrificulus

2899 4662 3186 4728 fabulam
3232 4664 3383 4744 agit,
3429 4674 3493 4727 et
3538 4683 3653 4745 pro
3697 4682 3775 4728 eo
3818 4662 3989 4745 quod
4035 4662 4360 4729 Dominus
4404 4658 4772 4729 nosterlesoe

2899 4748 3204 4815 Christus
3249 4747 3417 4814 dixit
3460 4748 3739 4831 Accipite
3781 4753 3837 4816 et
3877 4749 4185 4829 comedite,
4232 4749 4344 4814 ille
4379 4749 4593 4815 Deum
4632 4759 4771 4811 sumn

2898 4834 3197 4900 fictitium
3246 4835 3314 4900 in
3360 4844 3493 4900 tres
3548 4843 3769 4918 partes
3831 4834 4081 4911 dividit,
4139 4855 4421 4919 quarum
4480 4832 4769 4900 maximam

2899 4919 3020 4985 sibi
3067 4920 3389 5001 vendicat,
3447 4920 3641 4984 aliam
3700 4919 3872 4987 vivis
3914 4928 3979 4985 et
4020 4922 4296 4988 mortuis
4341 4919 4644 4994 attribuit,
4679 4925 4768 5012 “3²⁵

2900 5006 3054 5069 tiam
3091 5005 3160 5070 in
3201 5007 3425 5072 vinum
3462 5005 3747 5090 intingit,
3786 5003 4213 5091 poculumque
4236 5006 4477 5074 deinde
4498 5002 4767 5094 exhauntg

2900 5099 3232 5174 spectante
3276 5093 3526 5159 interea
3572 5092 3810 5176 populo
3871 5093 4169 5175 attonito,
4227 5101 4296 5159 et
4352 5094 4560 5157 instar
4610 5099 4767 5153 trouu

2900 5176 3180 5260 stupido,
3225 5187 3424 5245 totam
3471 5179 3639 5245 hanc
3684 5177 3991 5244 fabulam.
4080 5180 4357 5247 Peracta
4420 5177 4671 5260 deniquo
4702 5171 4764 5234 it!

2900 5262 3118 5329 fabula
3160 5267 3430 5348 quisque
3476 5263 3737 5342 recedit,
3781 5264 4051 5350 pulchre
4086 5287 4126 5331 a
4162 5263 4306 5331 Deo
4340 5285 4462 5352 pro
4504 5262 4627 5328 suis
4658 5274 4764 5342 pev-
