5059 6059
283 238 402 303 533

1544 234 1647 300 IN
1691 234 1745 302 Ι.
1792 233 1970 300 LIB.
2017 231 2419 303 SAMUEL.
2483 233 2684 302 OAP.
2726 234 2956 302 XXV.

4131 236 4264 304 534

279 427 445 501 siud?
483 428 788 493 Facessat
832 425 1035 510 igitur
1054 424 1298 506 David,
1345 431 1409 489 et
1453 424 1607 490 alibi
1638 424 1885 489 victum
1910 430 2203 506 quaerat.
2311 441 2554 489 camus.
2667 422 2779 490 Sic
2857 424 3047 490 liberi
3127 433 3572 508 cognoscuntc
3636 446 3710 492 se
3775 424 4156 508 parentibus
4216 445 4259 493 a

281 512 787 586 Animadvertite
847 533 976 576 non
1034 520 1289 576 tantum
1349 507 1650 576 recusare
1705 509 2022 575 Nabalem
2070 509 2204 574 Da-

281 602 410 671 vidi
465 600 725 681 victum,
782 596 896 663 sed
947 597 1143 662 etiam
1189 596 1533 662 calumniis
1577 605 1645 660 et
1685 594 2050 678 opprobriis
2092 593 2203 659 ob·

281 706 494 754 ruere:
531 684 715 767 quasi
740 682 913 748 dicat
935 682 1167 760 Nabal,
1214 684 1498 766 primum
1523 680 1741 746 David
1778 689 1880 746 est
1920 682 2203 764 ignotus,

278 787 338 842 et
372 792 532 849 erro,
570 768 809 835 deinde
845 769 1030 849 latro,
1065 770 1178 851 qui
1214 768 1535 853 fugientes
1569 786 1794 834 servos
1833 783 1873 830 a
1896 765 2205 830 Dominis

278 858 507 941 excipit
548 863 618 920 et
658 875 881 921 secum
926 853 1123 930 ducit,
1168 869 1300 937 'qua
1340 853 1671 919 calumnia
1717 850 1900 917 nulla
1942 852 2206 935 gravior

278 966 409 1012 esse
450 951 720 1026 poterat.
803 939 978 1007 Sane
1021 939 1160 1005 sola
1203 939 1495 1004 beneficii
1541 937 1863 1003 recusatio
1907 937 2203 1016 molesta,

276 1041 338 1098 et
404 1026 680 1111 simplex
763 1027 995 1091 merito
1060 1035 1317 1108 poterat
1377 1023 1840 1102 condemnari,
1917 1021 2203 1105 quando-

276 1115 526 1201 quidem
585 1121 725 1179 erat
779 1132 928 1179 cum
986 1110 1461 1194 ingratitudine
1504 1110 1853 1174 coniuncta
1893 1129 2052 1191 erga
2095 1128 2204 1173 eos

275 1202 498 1286 quibus
555 1197 779 1263 multis
838 1197 1168 1264 beneficiis
1220 1195 1571 1261 devinctus
1629 1209 1788 1273 erat,
1842 1194 1954 1260 sed
2000 1214 2202 1276 quum

273 1287 345 1353 ad
370 1288 548 1353 illam
583 1283 896 1351 accedant
932 1303 1122 1349 voces
1153 1281 1680 1356 contumeliosae,
1724 1291 1791 1342 ot
1833 1279 2200 1362 probrosae,

272 1374 456 1456 longe
509 1370 779 1455 gravius
835 1369 915 1434 ab
974 1370 1116 1450 ipso
1151 1377 1507 1451 -peccatum
1555 1365 1702 1442 fuit,
1763 1375 1826 1429 et
1873 1366 2086 1430 maius
2130 1365 2202 1429 in

271 1459 479 1542 ipsum
544 1456 793 1522 malum
861 1454 1270 1520 accersitum.
1384 1452 1596 1538 Negat
1660 1472 1730 1516 se
1796 1451 2004 1516 filium
2071 1451 2205 1515 lsai

272 1565 469 1623 nosse,
513 1543 637 1608 etsi
673 1542 834 1607 satis
869 1552 1011 1605 erat
1045 1539 1217 1623 apud
1251 1558 1480 1603 omnes
1526 1536 1886 1621 vulgatum,
1937 1534 2203 1602 Saulem

270 1630 511 1695 nullam
572 1628 770 1692 aliam
813 1627 894 1693 ob
939 1645 1199 1691 causam
1244 1626 1459 1708 ipsum
1485 1622 1809 1705 'persequi
1855 1622 1985 1687 nisi
2031 1621 2200 1704 quod

269 1714 603 1781 succedam
626 1712 817 1778 Sauli
855 1711 1133 1777 debebat
1166 1712 1236 1774 in
1273 1711 1456 1793 regia
1489 1709 1827 1793 dignitate,
1874 1715 1941 1773 et
1987 1709 2204 1792 ipsum

271 1800 535 1867 Saulem
622 1798 909 1865 vidimus
977 1806 1203 1879 aperte
1270 1795 1629 1879 professum
1696 1814 1838 1859 esse
1904 1815 1973 1860 se
2038 1794 2206 1860 scire

271 1886 588 1952 Davidem
635 1893 1063 1968 regnaturum
1109 1881 1279 1964 quod
1326 1902 1443 1965 per
1489 1878 1864 1946 Samuelem
1911 1880 2093 1943 Deus
2135 1877 2203 1942 id

266 1974 771 2055 pronunciasset.
863 1971 953 2034 At
993 1970 1047 2033 si
1094 1966 1256 2033 Saul
1302 1966 1607 2032 dominus
1652 1975 1720 2030 et
1760 1986 1878 2031 rex
1921 1964 2205 2030 Davidis

265 2058 435 2124 istud
494 2056 691 2124 fateri
756 2075 889 2120 non
954 2051 1250 2130 erubuit,
1282 2059 1563 2136 ,quanto
1633 2051 1844 2135 magis
1907 2049 2203 2115 subditos

263 2145 544 2228 oportuit
602 2141 774 2207 idem
834 2158 1206 2224 agnoscere.
1294 2139 1440 2203 Non
1483 2136 1701 2220 potuit
1743 2138 1950 2222 igitur
1993 2136 2199 2201 Nabal

264 2230 462 2295 ullam
524 2227 1014 2295 exeusationem
1086 2224 1450 2308 legitimam
1525 2233 1923 2306 praetexere.
2026 2222 2197 2287 Nam

262 2315 380 2380 etsi
436 2324 584 2381 erat
640 2312 916 2398 agrestis
973 2323 1039 2375 et
1084 2311 1385 2388 rusticus,
1444 2319 1512 2375 et
1553 2307 1895 2372 hominum
1942 2328 2202 2373 consor-

265 2402 424 2466 tium
479 2400 775 2484 fugiens:
833 2398 1136 2481 ignorare
1195 2407 1412 2461 tamen
1475 2413 1603 2458 non
1657 2393 1872 2476 potuit
1912 2393 2082 2476 quod
2129 2394 2199 2457 in

266 2493 398 2553 tota
475 2487 745 2571 regione
808 2483 935 2549 fuit
1001 2481 1561 2566 vulgatissimum:
1641 2500 1873 2563 nempe
1955 2478 2198 2544 Davidi

261 2573 656 2656 promissum
716 2592 754 2635 a
803 2568 943 2634 Deo
991 2588 1266 2652 regnum
1314 2587 1432 2651 per
1474 2564 1695 2632 Saulis
1739 2564 2197 2630 ministerium.

262 2658 478 2740 Quare
561 2658 742 2723 enim
808 2652 1019 2720 Nabal
1083 2652 1257 2719 istud
1324 2653 1539 2735 potius
1604 2650 1935 2735 ignoraret
2001 2669 2198 2733 quam

255 2744 456 2827 ipsius
516 2763 688 2809 uxor
731 2739 1011 2824 Abigail,
1065 2760 1231 2822 quae
1279 2760 1350 2803 re
1393 2738 1536 2821 ipsa
1580 2745 1890 2802 testatum
1933 2736 2087 2801 fecit
2127 2756 2197 2802 se

256 2827 578 2895 Davidem
626 2847 978 2913 agnoscere
1023 2835 1092 2889 et
1135 2825 1375 2890 habere
1410 2842 1530 2909 pro
1575 2831 1774 2888 uncto
1819 2822 2087 2888 Domini
2133 2831 2200 2888 et

253 2936 403 3001 rege
438 2938 586 2993 suo,
632 2914 786 2979 licet
821 2923 1042 2977 tamen
1076 2908 1370 2976 nondum
1407 2917 1579 2975 esset
1613 2910 1679 2973 in
1723 2910 1945 2992 regiae
1988 2908 2193 2994 digni-

254 3003 406 3068 tatis
488 3001 969 3086 possessionem
1049 2996 1304 3062 missus.
1419 2995 1598 3060 Hinc
1663 2994 1866 3078 igit-ur
1930 3001 2199 3078 apparet

252 3087 568 3152 Nabalem
618 3086 746 3168 ipsi
767 3084 912 3149 Deo
951 3082 1132 3149 velut
1172 3080 1553 3157 insultasse,
1599 3090 1667 3144 et
1708 3080 1882 3146 ultro
1924 3081 2197 3163 promis·

251 3173 462 3240 siones
528 3173 738 3257 ipsius
803 3167 1235 3235 conculcasse.
1339 3167 1430 3231 Et
1492 3166 1615 3232 hac
1680 3168 1934 3231 ratione
1992 3167 2196 3248 ipsius

250 3258 553 3342 impietas
637 3255 850 3340 magis
914 3275 990 3321 ac
1059 3252 1267 3337 magis
1331 3253 1648 3335 apparuit.
1767 3251 1937 3318 Nam
2003 3263 2198 3317 antea

251 3345 510 3427 quidem
573 3341 705 3407 Dei
770 3349 1179 3423 contemptor
1240 3339 1419 3404 visus
1476 3339 1691 3404 fuerat
1744 3348 1813 3403 et
1869 3338 2198 3420 profanus,

253 3429 496 3496 Davidi
537 3447 847 3495 recusans
891 3424 1344 3492 liberalitatem
1390 3444 1586 3507 quam
1631 3423 1714 3488 ab
1756 3426 1897 3507 ipso
1938 3424 2196 3507 flagita-

253 3517 375 3581 bat.
445 3515 584 3583 Sed
622 3515 755 3579 iam
792 3511 1001 3577 multo
1036 3512 1248 3594 magis
1290 3532 1431 3575 sese
1475 3508 1690 3593 prodit
1731 3530 1931 3592 quum
1974 3518 2198 3593 aperte

252 3602 698 3668 calumniatur
776 3617 928 3663 eum
995 3616 1188 3680 quem
1254 3593 1440 3661 Deus
1506 3615 1729 3677 regem
1796 3594 2194 3679 designarat.

248 3687 387 3754 Nae
446 3688 545 3754 sic
603 3684 949 3752 videbatur
1006 3681 1177 3748 velle
1222 3680 1348 3745 Dei
1404 3680 1901 3763 promissionem
1948 3682 2197 3747 exstin-

248 3793 467 3857 guere,
516 3783 588 3839 et
631 3773 884 3836 irritam
929 3768 1144 3833 facere
1186 3787 1384 3850 quam
1421 3765 1604 3831 Deus
1646 3767 1973 3832 unctionis
2017 3766 2197 3831 illius

246 3866 665 3925 sacramento
709 3865 918 3920 ratam
965 3854 1227 3920 fecerat.
1303 3852 1484 3919 Hinc
1527 3848 1840 3917 discimus
1884 3850 2194 3935 quidquid

248 3965 286 4008 a
331 3947 475 4011 Deo
535 3951 639 4009 est
703 3943 950 4006 honore
1009 3938 1225 4003 debito
1268 3937 1604 4022 prosequi:
1667 3947 1733 4002 et
1776 3935 1946 4002 dona
1990 3938 2196 4020 ipsius

246 4051 409 4113 quae
470 4033 543 4096 in
589 4026 967 4094 hominibus
1010 4025 1230 4091 lucent
1273 4024 1499 4108 magni
1543 4034 1618 4088 ut
1659 4042 1777 4106 par
1819 4031 1919 4087 est
1961 4023 2192 4088 facere.

246 4116 416 4182 Nam
491 4116 550 4183 si
607 4114 793 4179 Deus
846 4111 1132 4194 aliquem
1192 4109 1384 4174 donis
1442 4110 1578 4174 suis
1633 4108 1959 4192 insignem
2020 4108 2190 4189 fecit,

245 4212 312 4268 et
365 4204 435 4268 in
498 4202 720 4284 aliquo
774 4199 1037 4262 homine
1093 4217 1234 4263 esse
1292 4195 1531 4272 voluit,
1582 4204 1648 4259 et
1706 4194 1940 4277 aliquis
1984 4194 2191 4259 dicat:

247 4288 496 4373 Ecquis
562 4306 722 4352 vero
781 4284 910 4349 iste
963 4281 1106 4348 est?
1176 4281 1466 4366 profecto
1523 4281 1734 4346 lucem
1777 4280 1845 4345 in
1892 4277 2191 4346 tenebras

243 4383 632 4440 convertere
683 4370 939 4453 Deique
976 4369 1146 4434 dona
1192 4388 1357 4450 quae
1394 4366 1637 4431 nostris
1673 4365 1879 4431 oculis
1928 4365 2193 4431 subiicit

239 4462 692 4544 exstinguere,
736 4465 803 4521 et
844 4454 1104 4520 abolere
1147 4454 1320 4519 velle
1364 4451 1691 4517 videbitur
1755 4451 2024 4517 Nabalis
2068 4453 2186 4537 igi·

243 4555 352 4611 tur
410 4542 798 4627 exemplum
851 4539 1038 4606 nobis
1089 4538 1364 4624 proponi
1416 4538 1698 4603 sciamus
1757 4537 1840 4602 ad
1897 4547 2188 4604 nostram

244 4632 708 4709 eruditionem,
751 4638 826 4692 ut
864 4646 1284 4711 quoscunque
1306 4624 1496 4689 Deus
1530 4622 1611 4687 ad
1648 4623 1928 4707 aliquem
1978 4622 2189 4709 digni-

243 4719 396 4783 tatis
456 4714 744 4800 gradum
796 4713 1078 4791 vocarit,
1135 4711 1373 4776 debitis
1428 4708 1788 4775 honoribus
1832 4710 2190 4778 afficiamus

243 4825 324 4869 ne
342 4803 475 4887 ipsi
501 4804 650 4868 Deo
675 4800 995 4876 resistere,
1033 4810 1098 4863 et
1133 4797 1561 4863 constitutum
1597 4794 1680 4860 ab
1711 4797 1855 4879 ipso
1891 4796 2187 4864 ordinem

241 4889 512 4956 turbare
549 4887 722 4954 velle
758 4884 1113 4950 videamur.
1186 4881 1477 4966 Regibus
1518 4882 1741 4965 igitur,
1786 4880 2189 4965 principibus

240 4984 309 5042 et
385 4972 888 5059 magistratibus
967 4968 1266 5034 omuibus
1345 4987 1508 5050 quos
1570 4966 1756 5033 Deus
1817 4967 1902 5032 ad
1967 4988 2188 5036 rerum

243 5060 692 5147 gubernacula
749 5056 974 5123 sedere
1027 5055 1263 5132 voluit,
1319 5074 1788 5136 summumque
1845 5052 2189 5136 dignitatis

239 5148 526 5234 gradum
591 5144 919 5222 obtinere,
979 5141 1253 5225 dignum
1313 5140 1623 5205 honorem
1686 5138 1997 5205 exhibere
2055 5141 2190 5206 dis-

2310 506 2599 573 Domino
2656 509 3014 587 subiectos,
3093 520 3171 575 ut
3247 508 3532 577 debitam
3598 511 4035 577 obedientiam
4100 513 4259 596 ipsis

2308 605 2542 676 sponte
2605 595 2902 662 reddant.
2981 594 3178 663 Servi
3223 596 3419 660 etiam
3467 597 3605 663 suis
3649 596 3933 664 dominis
3979 598 4258 665 eandem

2308 680 2765 746 reverentiam·
2804 681 3181 748 exhibente.
3272 681 3570 765 Denique
3611 692 3826 750 status
3869 704 4095 749 omnes
4139 705 4259 768 per

2307 785 2469 848 quos
2536 764 2863 833 Dominus
2930 768 3107 834 hunc
3171 766 3486 832 mundum
3556 769 3701 853 regi
3765 780 3833 833 et
3900 768 4259 854 gubernari

2303 852 2652 916 constituit
2686 851 3104 930 honoremus,
3150 861 3217 917 et
3254 855 3470 918 varias
3514 875 3591 938 ac
3635 854 4016 920 differentes
4061 876 4261 922 voca-

2307 938 2517 1002 tiones
2573 956 2613 1001 a
2653 937 2798 1004 Deo
2841 940 3193 1004 institutas.
3223 940 3508 1004 sciamus
3550 951 3618 1004 et
3660 953 3893 1024 sponte
3934 942 4094 1025 ipsis
4139 962 4261 1008 nos

2306 1021 2745 1088 subiiciamus.
2853 1024 3022 1090 Nam
3089 1025 3147 1090 si
3213 1024 3485 1090 Nabalis
3550 1027 3870 1110 exemplo,
3938 1026 4258 1094 adversus

2307 1106 2659 1191 dignitates
2695 1109 3055 1194 insurgere,
3100 1119 3168 1175 et
3203 1110 3578 1193 petulanter
3615 1133 3731 1177 nos
3767 1133 3995 1197 gerere
4039 1112 4259 1179 volue-

2305 1194 2514 1259 rimus
2578 1195 2793 1260 Deum
2855 1197 3137 1262 sciamus
3188 1197 3481 1263 vicissim
3541 1197 3953 1276 effecturum,
4011 1215 4087 1263 ut
4146 1199 4258 1283 qui

2306 1280 2513 1345 simus
2536 1281 2774 1364 reipsa
2816 1283 3248 1365 experiamur,
3296 1303 3450 1347 nam
3496 1283 3862 1367 quicunque
3907 1283 4260 1368 dignitates

2308 1366 2388 1429 ab
2424 1364 2570 1448 ipso
2593 1365 2736 1430 Deo
2773 1367 3110 1432 institutas
3147 1367 3440 1450 despicit,
3477 1379 3652 1434 certe
3689 1368 4007 1435 adversus
4042 1371 4258 1453 ipsum

2306 1449 2529 1515 Deum
2574 1452 2877 1537 insurgit,
2933 1465 2998 1517 et
3044 1454 3272 1537 iugum
3317 1454 3525 1535 ipsius
3570 1455 3799 1520 reiicit.
3890 1454 4065 1520 Nam
4115 1457 4260 1539 qui-

2307 1556 2565 1619 cunque
2606 1536 2734 1602 Dei
2793 1537 2998 1616 donis,
3058 1550 3127 1603 et
3184 1540 3410 1620 gratiis
3468 1540 3763 1624 insigniti
3824 1550 3978 1605 sunt
4022 1540 4260 1607 debent

2307 1643 2449 1687 esse
2508 1625 2719 1688 instar
2773 1625 3018 1708 speculi
3078 1626 3145 1688 in
3192 1645 3318 1706 quo
3364 1625 3654 1690 divinam
3698 1627 4130 1705 maiestatem,
4191 1637 4260 1693 et

2307 1707 2667 1773 bonitatem
2726 1710 3260 1794 contemplemur,
3317 1710 3487 1793 quod
3534 1712 3605 1776 in
3647 1712 3935 1795 ipsorum
3978 1733 4260 1797 persona

2306 1791 2492 1859 Deus
2569 1794 2728 1860 velit
2797 1797 3121 1881 cognosci.
3222 1797 3356 1861 Eos
3416 1796 3620 1880 igitur
3678 1797 4052 1881 quicunque
4107 1819 4263 1866 con-

2309 1881 2652 1963 tempserit
2695 1901 2771 1946 ac
2815 1881 3127 1960 reiecerit,
3187 1881 3493 1947 inimicus
3538 1891 3677 1948 esto
3722 1882 3869 1958 Dei.
3916 1895 3982 1948 et
4025 1894 4260 1951 contu·
4360 1887 4371 1898 '

2305 1984 2459 2030 max
2506 1965 2860 2032 habeatur:
2906 1976 2974 2032 et
3016 1967 3086 2031 in
3131 1978 3576 2033 creaturarum
3627 1967 3755 2035 Dei
3802 1990 4075 2036 numero
4121 1993 4255 2038 non

2305 2060 2667 2118 censeatur.
2729 2051 2862 2119 Sed
2899 2073 3093 2136 quam
3129 2052 3350 2135 gravis
3374 2052 3645 2119 Nabalia
3679 2055 3795 2119 illa
3832 2056 4255 2139 contumelia,

2304 2156 2630 2220 quamque
2673 2139 3124 2221 ignominiosa,
3179 2160 3379 2222 quum
3427 2138 3755 2206 Davidem
3801 2149 4060 2207 accuset
4102 2149 4247 2208 tan-

2304 2242 2498 2304 quam
2567 2223 2816 2289 alienos
2882 2245 3109 2291 servos
3174 2224 3582 2305 subduceret,
3649 2237 3716 2290 et
3781 2245 3891 2291 eos
3959 2226 4246 2295 dominis

2303 2308 2442 2373 suis
2521 2319 2835 2392 tanquam
2918 2309 3026 2374 fur
3050 2362 3064 2387 ,
3145 2321 3260 2374 aut
3324 2311 3489 2376 latro
3554 2311 3876 2395 quispiam
3943 2313 4241 2396 eriperet.

2302 2391 2506 2477 Atqui
2550 2416 2751 2479 supra
2791 2394 3079 2461 vidimus
3123 2396 3295 2462 hanc
3339 2418 3697 2479 egenorum
3741 2408 3807 2462 et
3849 2399 4240 2466 afflictorum

2305 2479 2645 2546 hominum
2712 2491 2993 2547 turmam
3061 2481 3144 2546 ad
3205 2480 3530 2547 Davidem
3588 2483 3764 2547 ultro
3822 2485 4097 2565 venisse,
4162 2506 4241 2551 ea

2304 2566 2515 2649 magis
2578 2576 2919 2633 oneratum
2987 2588 3182 2650 quam
3243 2568 3532 2633 levatum
3588 2569 3807 2646 fuisse,
3874 2568 4048 2651 quod
4106 2592 4236 2637 non

2303 2650 2579 2717 haberet
2634 2661 3026 2736 potestatem
3076 2652 3401 2719 delectum
3459 2654 3743 2719 militum
3796 2653 4095 2734 faciendi,
4163 2665 4239 2721 ut

2304 2737 2717 2803 autoritatem
2782 2738 2903 2804 sibi
2970 2736 3142 2821 apud
3209 2758 3322 2803 eos
3384 2747 3647 2822 pararet
3668 2789 3684 2818 ,
3765 2760 3973 2821 neque
4038 2741 4235 2807 etiam

2304 2822 2504 2888 vellet
2561 2824 2847 2889 militum
2892 2825 3109 2907 copias
3153 2822 3388 2890 ducere
3433 2823 3515 2888 ad
3561 2824 3943 2909 dignitatem
3990 2828 4237 2910 regiam

2302 2909 2367 2973 vi
2397 2910 2860 2993 occupandam,
2896 2920 2966 2975 et
2997 2910 3294 2975 ordinem
3332 2909 3661 2992 politicum
3702 2909 4237 2994 perturbandum,

2301 3003 2416 3064 aut
2473 2994 2700 3062 domos
2750 2995 3155 3073 evertendas,
3213 3006 3329 3060 aut
3386 2995 3613 3060 fraude
3667 2997 3736 3061 in
3795 2996 4009 3062 aliena
4066 2998 4237 3063 bona

2301 3086 2370 3145 et
2439 3080 2784 3147 facultates
2840 3080 3291 3146 involandum.
3391 3080 3532 3146 Nae
3590 3080 3763 3146 facta
3821 3082 4027 3166 ipsius
4083 3102 4236 3148 con-

2301 3167 2580 3231 trarium
2650 3189 2919 3253 prorsus
2974 3176 3336 3247 testantur,
3404 3176 3479 3230 ut
3531 3187 3713 3231 mera
3770 3168 3856 3232 sit
3908 3168 4236 3235 calumnia

2298 3253 2570 3318 Nabalis
2626 3254 2968 3320 accusatio,
3070 3251 3186 3319 Sic
3242 3251 3516 3336 improbi
3573 3252 3871 3318 homines
3913 3253 4123 3319 solent
4166 3276 4236 3321 se

2298 3339 2363 3402 in
2389 3339 2730 3404 calumniis
2768 3338 3173 3422 proferendis
3205 3337 3518 3404 adversus
3544 3336 3673 3403 Dei
3707 3339 3879 3404 filios
3911 3359 4235 3422 exercere,

2297 3432 2364 3489 et
2426 3423 2741 3507 quidquid
2802 3425 2873 3489 in
2938 3425 3207 3491 buccam
3276 3427 3532 3489 venerit
3589 3425 3787 3488 etiam
3843 3425 3986 3490 sine
4043 3445 4236 3492 causa

2297 3509 2590 3575 effutire:
2658 3517 2726 3575 et
2781 3510 2849 3575 in
2907 3509 3036 3575 Dei
3104 3509 3276 3575 filios
3332 3508 3647 3592 quidquid
3708 3510 4109 3577 horrendum
4170 3519 4237 3577 et

2297 3604 2486 3660 atrox
2547 3595 3080 3680 excogitaverint,
3142 3614 3472 3661 evomere:
3541 3595 3808 3660 Nabalia
3866 3597 4238 3682 exemplum

2298 3683 2575 3764 sequuti.
2666 3682 2967 3748 Profecto
3031 3681 3347 3746 Nabalem
3409 3679 3657 3765 pudere
3720 3684 4060 3765 oportebat
4082 3734 4098 3762 ‚
4178 3685 4235 3750 si

2297 3767 2621 3832 malitiose
2662 3766 2836 3833 istud
2880 3767 3087 3832 servis
3131 3765 3408 3832 Davidis
3453 3765 3910 3852 respondisset,
3965 3779 4032 3834 et
4077 3771 4237 3838 haec

2296 3852 2580 3918 crimina
2612 3852 3008 3919 confinxisse
3043 3852 3257 3918 dictus
3292 3851 3540 3932 fuisset,
3585 3851 3695 3917 sed
3733 3852 3927 3920 iustis
3970 3858 4239 3922 rationi-

2297 3937 2420 4003 bus
2483 3938 2641 4018 niti‚
2703 3949 2769 4004 et
2833 3939 3177 4022 aequitatis
3240 3947 3495 4003 amator
3554 3938 3780 4003 haberi
3850 3940 3997 4005 vult
4062 3943 4237 4024 quod

2297 4023 2622 4089 Davidem
2693 4023 3109 4090 instiusmodi
3183 4023 3481 4089 homines
3538 4034 3971 4107 sequerentur
4024 4035 4091 4090 et
4142 4029 4236 4094 ita

2298 4109 2621 4175 Davidem
2643 4108 2901 4194 oblique
2933 4118 3212 4190 accusat,
3248 4117 3316 4175 et
3348 4110 3699 4176 calumniis
3733 4109 3966 4176 obruit.
4015 4110 4233 4192 Quam

2293 4195 2487 4264 multi
2545 4195 2815 4262 Nabalia
2884 4197 3215 4280 ingenium
3273 4203 3340 4261 et
3396 4216 3612 4262 mores
3667 4195 3860 4260 hodie
3920 4196 4232 4275 referunt,

2294 4283 2403 4363 qui
2471 4282 2686 4366 rogati
2744 4292 2822 4346 ut
2874 4302 3135 4364 operam
3199 4301 3386 4347 suam
3443 4290 3512 4347 et
3567 4281 3783 4347 studia
3842 4283 3913 4347 in
3969 4282 4233 4366 aliquod

2293 4367 2727 4433 necessarium
2781 4388 2945 4451 opus
3000 4368 3355 4445 conferant,
3413 4367 3718 4433 resiliunt
3759 4366 3840 4432 ab
3881 4368 4120 4449 officie,
4164 4378 4233 4437 et

2292 4462 2631 4535 praeterea
2667 4454 3033 4519 maledictis
3067 4454 3419 4533 incessunt,
3463 4462 3532 4518 et
3565 4452 3910 4520 calumniis
3953 4468 4233 4523 onerant

2292 4559 2404 4604 eos
2456 4558 2496 4603 a
2553 4540 2786 4623 quibus
2829 4540 3356 4624 interpellantur,
3414 4547 3481 4603 et
3526 4538 3822 4604 honestis
3866 4541 4230 4610 rationibus

2292 4625 2483 4690 officii
2565 4624 3049 4691 admonentur?
3164 4626 3327 4706 Vos,
3415 4625 3635 4702 aiunt,
3725 4627 3996 4691 nimium
4071 4630 4229 4695 estis

2293 4710 2547 4775 molesti
2606 4719 2673 4775 et
2728 4712 3106 4795 importuni,
3165 4731 3282 4776 vos
3336 4709 3581 4774 iniuria
3619 4728 3742 4775 nos
3786 4710 4065 4792 afficitis,
4112 4736 4231 4781 vos

2289 4795 2456 4879 quod
2514 4817 2731 4862 meum
2790 4803 2893 4864 est
2948 4807 3014 4862 et
3072 4817 3200 4880 quo
3256 4793 3518 4878 indigeo
3560 4796 3724 4861 mihi
3770 4799 4054 4881 eripitis:
4114 4800 4229 4867 sed

2290 4890 2628 4965 praeterea
2687 4885 2899 4949 minas
2956 4882 3295 4948 adiiciunt:
3355 4889 3420 4945 et
3469 4881 3691 4963 ignem
3738 4903 3850 4947 ore
3895 4886 4121 4950 efflant
4162 4897 4231 4951 et

2293 4967 2493 5033 nullis
2562 4969 2926 5035 rationibus
2983 4967 3228 5053 placari
3289 4985 3477 5050 posse
3538 4966 3881 5036 videntur:
3956 4978 4025 5034 et
4080 4971 4231 5038 licet

2292 5054 2414 5136 ipsi
2468 5075 2588 5120 suo
2647 5056 3016 5121 testimonio
3074 5054 3232 5119 satis
3277 5063 3673 5136 arguantur:
3736 5055 3967 5125 cedere
4009 5066 4232 5122 tamen

2293 5160 2422 5210 non
2468 5149 2762 5223 possunt,
2821 5140 2934 5207 sed
2978 5140 3045 5206 vi
3087 5158 3350 5206 causam
3398 5159 3582 5204 suam
3628 5144 3933 5215 obtinere
3974 5142 4239 5206 volunt:

3738 5249 3841 5315 34.
