5059 6059
286 329 418 395 665

286 525 564 589 tentiam
634 523 1004 600 revocandi,
1072 544 1200 606 qua
1255 522 1440 587 Deus
1504 545 1700 608 saepe
1761 525 1971 590 utitur
2028 523 2254 590 condi-

286 611 537 675 tionem
585 611 655 675 in
700 629 772 674 se
816 609 1182 685 continens,
1229 629 1433 692 quum
1480 619 1703 675 tamen
1752 610 2084 676 decretum
2121 609 2273 674 Dei·

289 694 723 761 irrevocabile
746 694 1065 762 videatur.
1114 695 1231 761 Sic
1266 714 1459 778 saepe
1498 718 1614 779 per
1652 697 2006 780 prophetas
2033 696 2254 760 Deum

288 782 640 864 loquutum
682 779 1013 856 videmus,
1060 801 1341 863 quorum
1386 781 1765 865 frequentes
1807 791 1964 846 sunt
1987 782 2255 847 divinae

286 867 361 931 in
416 867 734 950 populum
799 866 1132 932 vindictae
1190 867 1761 947 comminationes,
1819 868 2058 951 quibus
2119 889 2253 932 non

288 952 509 1037 primo
588 953 811 1017 statim
897 961 1190 1037 tempore
1267 973 1506 1035 poenas
1573 955 1642 1019 in
1710 954 2024 1036 populum
2094 972 2256 1035 quas

289 1038 674 1104 minabatur
732 1037 1090 1103 immittere
1150 1037 1432 1117 volebat,
1500 1040 1615 1105 sed
1676 1039 1991 1124 populum
2037 1040 2256 1123 potius

290 1125 372 1189 ad
399 1124 869 1208 poenitentiam
909 1143 1146 1189 vocare
1190 1132 1257 1189 et
1303 1123 1382 1188 ad
1430 1127 1671 1191 seriam
1715 1126 1795 1190 ad
1843 1126 2057 1206 ipsum
2102 1146 2257 1190 con-

289 1211 689 1277 versionem.
750 1208 832 1272 In
881 1209 1027 1273 istis
1069 1209 1278 1293 igitur
1324 1230 1679 1292 poenarum
1728 1210 2256 1277 comminationi·

287 1295 415 1361 bus
476 1295 768 1360 conditio
829 1295 1151 1377 quaedam
1212 1297 1334 1359 etsi
1396 1315 1528 1361 non
1588 1318 1902 1381 expressa
1959 1298 2258 1361 contine·

289 1383 489 1448 batur
538 1382 593 1447 si
654 1380 1130 1464 poenitentiam
1192 1391 1502 1465 agerent,
1565 1392 1629 1447 et
1675 1385 1845 1448 serio
1901 1383 1981 1446 ad
2042 1384 2255 1446 Deum

287 1478 853 1542 converterentur,
918 1476 984 1530 et
1025 1467 1240 1531 cordis
1285 1467 1670 1549 integritate
1716 1468 1976 1532 veniam
2023 1468 2254 1550 depre-

289 1561 628 1633 carentur,
683 1572 755 1617 se
803 1551 887 1616 ad
944 1551 1462 1619 misericordiam
1509 1553 1865 1638 proclivem
1914 1556 2089 1619 fore:
2150 1555 2254 1617 sin

288 1639 512 1704 minus
577 1657 827 1722 poenas
894 1658 1057 1720 quas
1123 1637 1498 1704 minabatur
1564 1641 2030 1705 immissurum.
2141 1637 2256 1704 Sic

292 1723 593 1808 quotidie
636 1744 756 1788 nos
802 1720 936 1787 Dei
981 1723 1262 1788 verbum
1308 1724 1555 1802 audire,
1614 1735 1682 1792 et
1727 1737 2013 1790 nostram
2063 1726 2129 1788 in
2176 1744 2255 1789 eo

289 1810 911 1875 condemnationem
957 1818 1244 1891 oportet:
1290 1810 1568 1876 verbnm
1615 1812 1791 1877 enim
1828 1810 1955 1876 Dei
2001 1810 2257 1893 praedi-

290 1908 514 1961 catum
574 1905 674 1960 est
731 1896 940 1959 instar
1003 1894 1303 1978 bipennis
1359 1906 1426 1961 et
1470 1897 1670 1980 gladii
1708 1897 2050 1980 ancipitis:
2098 1917 2252 1961 nam

286 1982 379 2046 ait
448 1981 821 2065 apostolus,
906 1980 1177 2067 unius·)
1236 1991 1338 2046 est
1398 2004 1613 2048 sermo
1668 1981 1800 2048 Dei
1874 1993 1940 2046 et
2019 1983 2252 2047 efficax

286 2076 353 2133 et
409 2067 867 2151 penetrantior
927 2067 1160 2149 quovis
1226 2067 1443 2151 gladio
1488 2070 1779 2153 ancipiti,
1826 2077 1894 2133 et
1933 2068 2257 2151 pertingit

286 2152 371 2219 ad
429 2153 824 2217 divisionem
885 2153 1146 2217 animae
1206 2174 1281 2220 ac
1338 2155 1611 2237 spiritus
1655 2175 2047 2238 compagum
2094 2174 2246 2237 quo·

285 2259 414 2322 que
475 2258 551 2303 ac
624 2235 1068 2303 medullarum
1131 2248 1197 2302 et
1256 2238 1622 2307 diiudicans
1680 2242 2140 2323 conceptiones
2185 2248 2254 2305 et

286 2325 717 2408 cogitationes
763 2323 999 2391 cordis.
1046 2323 1264 2404 Quam
1314 2326 1396 2391 oh
1442 2347 1703 2392 causam
1751 2327 1950 2391 etiam
1998 2326 2253 2391 Paulus

282 2411 474 2475 docet
534 2411 811 2477 verbum
859 2409 984 2474 Dei
1045 2410 1340 2496 singulos
1400 2411 1482 2476 ad
1543 2433 1820 2478 examen
1881 2412 1981 2476 sni
2042 2412 2251 2493 ipsius

287 2515 527 2562 vocare
571 2507 646 2562 ut
669 2516 886 2562 coram
913 2494 1062 2560 Deo
1100 2496 1183 2561 de
1217 2498 1354 2562 suis
1389 2498 1661 2563 offensis
1705 2498 1989 2565 convicti
2035 2497 2250 2582 magis

282 2602 361 2648 ac
416 2582 632 2666 magis
693 2580 1104 2659 deficiantur,
1164 2590 1233 2648 et
1292 2604 1479 2649 suam
1539 2584 2003 2667 indignitatem
2049 2585 2250 2648 confi·

283 2678 572 2733 teantur.
618 2667 1064 2748 Quamobrem
1105 2670 1619 2752 quotiescunque
1642 2669 1773 2734 Dei
1809 2669 2083 2735 verbum
2132 2689 2249 2732 au·

283 2752 490 2819 dituri
521 2753 910 2829 accedimns,
945 2752 1049 2817 vel
1080 2764 1561 2821 sacrosanctam
1597 2757 1987 2838 scripturam
2019 2754 2251 2820 lecturi

282 2841 356 2904 in
401 2860 643 2905 manus
679 2838 1098 2919 assumimus,
1143 2862 1265 2905 nos
1304 2841 1396 2905 ita
1431 2852 1841 2925 comparatos
1876 2862 2020 2906 esse
2045 2840 2250 2919 decet,

282 2932 365 2990 nt
404 2926 477 2989 in
523 2945 600 2989 eo
646 2934 960 3006 tanquam
1008 2944 1091 2989 ex
1117 2925 1323 3008 ipsius
1347 2947 1459 2991 ore
1480 2926 1611 2992 Dei
1634 2926 2247 2993 condemnationem

279 3020 579 3075 nostram
618 3008 985 3087 audiamus,
1034 3013 1204 3076 etin
1251 3032 1326 3076 eo
1371 3014 1913 3096 conquiescamus
1958 3020 2025 3076 et
2058 3012 2250 3077 nobis

279 3098 451 3180 ipsis
486 3095 697 3178 magis
733 3115 809 3161 ac
847 3095 1056 3177 magis
1105 3095 1474 3180 displicere,
1518 3108 1585 3164 et
1628 3119 1843 3165 coram
1869 3097 2015 3162 Deo
2061 3098 2250 3162 deiici

280 3202 367 3248 ac
388 3179 725 3245 humiliari
750 3181 1101 3259 discamus,
1138 3183 1475 3247 commodo
1499 3184 1676 3250 enim
1714 3194 1936 3248 nostro
1957 3184 2250 3248 maximo

278 3269 403 3333 fl'et
447 3268 500 3332 si
539 3267 1155 3331 condemnationem
1204 3267 1683 3348 admiserimus,
1727 3268 2250 3352 quandoquidem

280 3352 475 3417 Deus
499 3353 568 3416 in
596 3373 715 3416 nos
751 3352 912 3415 adeo
958 3353 1274 3434 proclivis
1319 3369 1440 3434 est,
1484 3365 1562 3420 ut
1605 3357 1887 3440 gratiam
1935 3376 2011 3420 ac
2052 3355 2253 3420 mise·

278 3436 638 3504 rieordiam
684 3437 1072 3521 polliceatur
1118 3450 1386 3521 peccata
1430 3462 1552 3507 sua
1591 3441 2125 3527 agnoscentibus,
2186 3448 2254 3505 et

280 3522 372 3589 ad
419 3523 756 3588 meliorem
803 3523 1060 3605 frugem
1107 3527 1620 3592 revertentibus.
1699 3526 1950 3592 Contra
1995 3546 2153 3592 vero
2198 3527 2253 3590 si

279 3609 373 3676 ad
421 3609 546 3673 Dei
593 3609 1134 3674 comminationes
1182 3611 1480 3677 homines
1524 3612 1969 3689 occalluerint,
2015 3624 2077 3676 et
2104 3631 2253 3694 poe-

282 3695 639 3761 nitentiam
685 3714 822 3759 non
870 3695 1149 3780 egerint,
1197 3697 1697 3775 nullns‚veniae
1740 3697 1924 3763 locus
1971 3696 2255 3780 amplius

280 3794 607 3863 superest,
656 3780 767 3845 sed
795 3778 1096 3846 absoluta
1119 3782 1245 3846 Dei
1284 3784 1611 3848 sententia
1647 3792 1765 3854 est.
1812 3792 1883 3847 et
1918 3782 2252 3848 decretum

278 3865 623 3931 immobile
664 3865 981 3930 adversus
1029 3879 1422 3950 peccatores.
1513 3867 1627 3935 Sic
1673 3867 2027 3951 prophetas
2073 3868 2254 3933 vide·

279 3972 441 4017 mus
507 3951 832 4016 adversus
899 3952 1208 4034 populum
1280 3954 1588 4020 rebellem
1655 3964 1723 4019 et
1780 3964 2253 4032 contumacem,

281 4037 553 4102 divinae
589 4036 953 4113 vindictae,
1003 4046 1069 4101 et
1112 4039 1557 4105 irrevocabilis
1601 4040 1997 4104 sententiam
2023 4038 2254 4104 tulisse

279 4143 487 4207 quum
554 4121 871 4207 neglectis
930 4121 1179 4189 divinis
1234 4125 1791 4191 admonitionibus
1861 4125 1929 4188 in
2001 4124 2256 4189 malitia

280 4215 845 4293 perseverassent.
934 4206 1077 4273 Nos
1129 4210 1347 4293 itaque
1393 4209 1520 4275 Dei
1578 4210 1816 4276 iudicis
1861 4210 1929 4274 in
1989 4231 2098 4275 eos
2143 4210 2254 4293 qui

281 4294 611 4378 patientia
655 4304 723 4358 et
768 4292 1057 4358 bonitate
1114 4295 1319 4378 ipsius
1379 4295 1563 4361 abusi
1622 4306 1778 4361 sunt
1837 4295 2255 4360 animadver-

284 4391 505 4444 tentes
563 4388 968 4459 metuamus,
1041 4389 1108 4444 et
1171 4403 1255 4447 ne
1312 4383 1642 4464 patiamur
1699 4381 1826 4445 Dei
1888 4380 2251 4446 vindictam

279 4484 368 4531 eo
433 4484 643 4547 usque
711 4464 1018 4547 progredi
1089 4474 1162 4531 ut
1227 4467 1451 4531 nullus
1514 4466 1996 4533 misericordiae
2072 4464 2253 4531 locus

279 4550 615 4631 supersit:
673 4548 789 4614 sed
848 4550 1163 4631 quamdiu
1222 4573 1343 4618 nos
1387 4554 1713 4637 patienter
1758 4551 2013 4631 tolerat,
2058 4559 2125 4616 et
2168 4550 2249 4614 ad

273 4634 625 4702 meliorem
665 4637 926 4718 frugem
966 4646 1161 4703 vocat
1200 4650 1466 4720 peccata
1510 4648 1738 4704 nostra
1780 4635 2249 4713 condemnans,

278 4722 695 4788 occasionem
756 4720 1045 4786 oblatam
1092 4724 1508 4807 arripiamus,
1552 4732 1623 4789 et
1664 4745 1747 4790 ne
1790 4731 2250 4805 exspectemus

279 4808 494 4873 donec
552 4828 746 4873 aures
801 4806 1173 4889 occluserit,
1233 4819 1299 4874 et
1344 4810 1563 4894 gratia*
1602 4809 1812 4893 ipsius
1852 4807 2248 4873 excidamus.

458 4891 814 4959 anterum
862 4893 1036 4975 quod
1073 4894 1157 4959 ad
1193 4892 1416 4962 Saulis
1460 4904 1712 4961 metum
1756 4893 1947 4959 illum
1994 4893 2250 4969 attinet,

275 4977 775 5046 observandum
837 4988 938 5045 est
988 4979 1262 5046 affectus
1298 5002 1440 5047 esse
1485 4979 1806 5064 quosdam
1851 4979 2076 5044 electis
2119 4977 2251 5042 Dei

272 5072 349 5132 et
408 5064 705 5147 reprobis
763 5085 1163 5146 communes,
1226 5064 1546 5145 fidelibus,
1591 5068 1884 5148 inquam,
1928 5073 1995 5129 et
2036 5063 2249 5129 incre·

458 5252 518 5321 ⁶)
552 5248 737 5322 Leye:
774 5253 953 5308 vivus.

1539 334 1641 398 IN
1687 333 1739 401 Ι.
1789 333 1971 400 LIB.
2016 332 2424 403 SAMUEL.
2474 337 2673 405 OAP.
2718 339 3053 405 XXVIII.

4171 339 4303 402 666

2359 524 2564 591 dulis:
2612 526 2724 590 sed
2763 535 2985 590 tamen
3023 547 3331 609 magnam
3377 526 3445 589 in
3491 524 3621 588 illis
3666 544 3810 588 esse
3833 523 4304 589 differentiam:

2359 632 2512 675 nam
2583 609 2889 696 (exempli
2957 611 3194 698 gratia)
3256 620 3389 675 tam
3458 609 3754 674 infideles
3821 630 4013 690 quam
4081 609 4308 675 fideles

2358 697 2716 777 credentes,
2784 710 2915 761 tam
2976 698 3232 781 reprobi
3294 716 3491 779 quam
3538 696 3691 759 boni
3738 695 3816 759 ad
3865 693 3990 758 Dei
4038 694 4305 758 commi-

2361 785 2658 848 nationes
2722 783 3023 858 horrent,
3088 783 3212 846 etsi
3271 781 3551 864 improbi
3616 800 3808 862 saepe
3865 779 3988 844 sibi
4049 780 4308 844 delitias

2359 869 2608 935 faciunt
2665 880 2736 932 et
2791 869 2918 932 Dei
2981 868 3195 932 minas
3251 878 3714 945 contemnunt,
3789 886 3864 930 ac
3924 868 3992 929 in
4055 865 4308 930 malitia

2358 965 2805 1038 perseverant,
2851 957 3061 1019 iocum
3110 966 3176 1017 et
3219 955 3424 1017 risum
3469 951 3617 1015 illas
3659 952 4145 1015 existimantes:
4192 951 4304 1016 sed

2359 1061 2522 1122 quas
2570 1052 2788 1105 tamen
2836 1042 3097 1104 tandem
3149 1051 3282 1102 tam
3331 1037 3694 1102 horrendas
3737 1038 4188 1119 experiuntur,
4236 1045 4315 1100 ut

2359 1140 2617 1191 montes
2675 1124 2745 1188 in
2793 1147 2912 1190 sua
2958 1127 3173 1208 capita
3220 1123 3477 1188 devolvi
3523 1133 3853 1205 exoptent,
3912 1136 3980 1188 et
4038 1133 4110 1185 ut
4155 1121 4315 1203 ipsis

2359 1211 2495 1277 ima
2541 1211 2736 1276 tellus
2784 1210 3098 1291 dehiscat,
3159 1220 3232 1273 ut
3277 1228 3462 1273 sacra
3506 1210 3829 1290 scriptura
3872 1229 4066 1290 saepe
4113 1207 4315 1288 loqui·

2360 1308 2491 1378 tur,
2552 1299 2856 1380 quoniam
2921 1298 3019 1362 ira
3066 1296 3191 1360 Dei
3238 1296 3397 1377 ipsis
3441 1303 3541 1358 est
3587 1292 3932 1358 horrenda.
4021 1292 4319 1374 Improbi

2358 1384 2580 1467 igitur,
2651 1393 2716 1447 et
2781 1385 3067 1446 maxime
3134 1396 3555 1446 contumaces
3620 1388 3807 1442 tanto
3868 1378 3996 1442 Dei
4067 1389 4318 1442 terrore

2360 1469 2843 1551 percelluntur,
2923 1482 2999 1532 ut
3073 1468 3387 1531 adversus
3454 1465 3661 1547 ipsius
3725 1466 3886 1528 iram
3957 1461 4316 1528 remedium

2358 1554 2618 1619 nullum
2683 1544 3047 1631 inveniant,
3107 1562 3337 1616 contra
3393 1570 3552 1615 vero
3596 1548 3824 1615 fideles
3870 1549 4317 1632 percelluntur

2360 1640 2646 1723 quidem,
2703 1649 2769 1703 et
2825 1661 2952 1722 qno
2999 1640 3311 1703 maiorem
3361 1636 3606 1701 habent
3650 1634 3911 1700 divinae
3954 1635 4316 1699 maiestatis

2358 1726 2944 1808 apprehensionem
2984 1744 3179 1807 quam
3217 1721 3497 1804 improbi
3534 1723 3744 1803 magis
3788 1721 3984 1785 etiam
4027 1739 4315 1784 commo·

2356 1824 2620 1889 ventur,
2683 1822 2748 1875 et
2793 1812 2874 1875 ad
2923 1812 3152 1876 vivum
3198 1828 3407 1890 usque
3451 1816 3821 1888 tanguntur
3864 1807 4002 1871 irae
4048 1805 4314 1870 divinae

2357 1919 2581 1978 sensu,
2625 1897 3170 1979 quemadmodum
3213 1893 3533 1977 propheta
3568 1892 3637 1955 in
3682 1891 3953 1973 psalmis
4000 1892 4312 1972 loquitur,

2357 1984 2467 2067 qui
2504 2003 2737 2048 sensus
2781 1984 2917 2047 irae
2960 1981 3219 2046 divinae
3264 1993 3333 2043 et
3373 1989 3590 2042 metus
3635 1978 3794 2059 ipsis
3839 1990 3938 2041 est
3982 1997 4131 2042 cum
4184 1977 4310 2040 im-

2355 2070 2481 2152 piis
2542 2081 2608 2134 et
2666 2068 3023 2141 incredulis
3080 2065 3477 2131 communis:
3536 2061 3651 2127 sed
3720 2083 3801 2127 ex
3848 2064 3973 2128 isto
4018 2074 4199 2126 metu
4246 2070 4313 2125 et

2356 2175 2602 2240 pavore
2652 2175 2784 2218 non
2836 2164 3051 2238 potest
3108 2151 3375 2216 iudicari
3436 2148 3516 2214 de
3575 2147 3860 2213 hominis
3905 2147 4311 2231 poenitentia

2357 2249 2422 2305 et
2465 2261 2684 2307 coram
2715 2239 2861 2304 Deo
2903 2238 3296 2304 humilitate.
3340 2235 3512 2300 Nam
3558 2233 3616 2298 si
3661 2231 3823 2299 Saul
3870 2233 4042 2298 serio
4088 2252 4314 2314 peeca-

2355 2338 2573 2391 torum
2631 2347 2830 2390 sensu
2889 2327 3162 2390 affectus
3202 2324 3433 2388 fuisset
3477 2338 3608 2383 non
3657 2319 4127 2401 permansisset
4169 2317 4313 2381 diu-

2357 2413 2488 2477 tius
2532 2412 2602 2476 in
2648 2412 2760 2475 illo
2807 2432 3069 2494 pavore,
3117 2408 3231 2474 sed
3276 2404 3719 2474 conversionis
3756 2405 3837 2468 ad
3861 2404 4077 2469 Deum
4121 2403 4316 2468 effee-

2357 2506 2497 2563 tum
2564 2518 2634 2561 re
2696 2498 2838 2580 ipsa
2897 2498 3208 2562 sensisset
3265 2505 3331 2558 et
3397 2492 3931 2568 demonstrasset,
3990 2488 4314 2570 siquidem

2355 2585 2574 2666 ipsum
2602 2582 2787 2648 Deus
2825 2583 3035 2649 sancti
3081 2581 3352 2663 spiritus
3399 2578 3623 2642 afflatu
3669 2575 3751 2640 ad
3795 2574 4312 2640 misericordiam

2357 2669 2780 2734 obtinendam
2863 2669 3282 2752 inspirasset,
3364 2662 3477 2729 sed
3556 2662 3960 2725 contrarium
4040 2680 4315 2743 prorsus

2355 2764 2644 2838 apparet.
2726 2755 2851 2821 Est
2896 2754 3177 2837 quidem,
3224 2752 3452 2826 fateor,
3500 2747 3873 2812 divinorum
3921 2744 4314 2811 iudiciorum

2354 2854 2571 2905 metus
2598 2838 2679 2905 ad
2704 2840 3173 2922 poenitentiam
3203 2833 3624 2920 praeparatio,
3661 2831 3774 2897 sed
3816 2833 3884 2896 in
3969 2851 4054 2895 uo
4092 2841 4314 2894 tamen

2356 2927 2627 2990 minime
2671 2928 2756 2990 sit
2802 2946 3060 3009 semper
3103 2920 3527 2988 haerendum.
3617 2916 3794 2997 Quid
3831 2918 3924 2981 ita
3972 3002 3985 3015 .
4059 2914 4315 3015 Nempe

2356 3011 2529 3095 quod
2559 3012 2684 3076 Dei
2710 3022 3197 3093 contemptores
3233 3009 3326 3071 ita
3362 3003 3691 3088 perterriti
3727 3002 3944 3100 furere
3970 3012 4309 3100 incipiant,

2356 3106 2425 3162 et
2480 3100 2804 3163 immanes
2864 3099 3035 3161 feras
3091 3095 3468 3170 imitentur,
3523 3108 3691 3171 quae
3734 3098 3983 3153 catenis
4045 3097 4307 3153 vinctae

2355 3182 2503 3249 illas
2562 3182 2910 3257 arrodunt‚
2968 3196 3033 3246 et
3090 3180 3320 3245 dentes
3371 3195 3528 3260 prae
3587 3174 3767 3238 rabie
3827 3172 4175 3255 frangunt:
4236 3178 4314 3238 ut

2352 3268 2660 3333 indomiti
2707 3269 2857 3353 equi
2905 3269 3203 3333 fraenum
3252 3263 3556 3328 mordent
3600 3278 3851 3324 sessore
3893 3257 4108 3322 calcar
4153 3259 4312 3340 ipsis

2354 3355 2709 3420 subdente:
2756 3357 2849 3419 sic
2886 3353 3144 3437 profani
3181 3362 3426 3415 metum
3474 3344 3660 3410 illum
3707 3345 3774 3408 in
3820 3342 4108 3407 furorem
4155 3363 4310 3408 con-

2352 3448 2651 3520 vertunt,
2718 3452 2785 3504 et
2848 3439 3166 3505 adversus
3231 3437 3447 3500 Deum
3509 3429 4042 3508 stomachantur,
4108 3436 4175 3493 et
4239 3430 4308 3493 in

2355 3524 2877 3609 desparationem
2939 3523 3335 3609 praecipites
3381 3522 3713 3582 feruntur:
3773 3513 4053 3596 ideoque
4097 3515 4310 3599 magis

2355 3632 2430 3674 ac
2455 3613 2669 3696 magis
2691 3611 3114 3687 indurantur,
3136 3619 3203 3671 et
3227 3606 3306 3672 ad
3330 3604 3585 3687 flagitia
3610 3611 4060 3672 revertuntur,
4097 3602 4312 3697 immi·

2353 3699 2575 3761 nentis
2613 3697 2875 3761 divinae
2912 3696 3237 3760 vindictae
3272 3693 3705 3785 immemores,
3752 3696 3817 3748 et
3837 3683 4057 3749 Deum
4093 3704 4309 3767 ipsum

2355 3792 2666 3864 tanquam
2752 3782 2961 3866 ipsius
3025 3798 3294 3845 manum
3362 3779 3734 3839 evasissent
3786 3780 4310 3868 contemnentes.

2354 3867 2610 3933 Contra
2690 3889 2844 3932 vero
2925 3867 3150 3932 fideles
3230 3863 3599 3927 divinorum
3666 3854 4055 3920 iudiciorum
4123 3871 4305 3924 metu

2354 3954 2660 4036 perculsi,
2709 3954 3016 4018 bonitatis
3053 3951 3260 4033 ipsius
3294 3964 3615 4010 memores
3658 3962 3737 4006 ea
3779 3962 3922 4006 sese
3966 3942 4306 4039 consolan-

2354 4048 2462 4102 tnr
2506 4050 2572 4103 et
2612 4040 2897 4121 erigunt,
2945 4058 3030 4101 ne
3077 4034 3343 4099 tristitia
3387 4041 3454 4095 et
3499 4046 3797 4093 moerore
3837 4028 4300 4094 conficiantur:

2355 4123 2630 4207 ideoque
2667 4126 2996 4206 appetitus
3033 4143 3186 4186 suos
3212 4114 3737 4183 vehementiores
3758 4130 4034 4212 ‘coecere
4061 4133 4305 4212 conan-

2357 4219 2499 4286 tur,
2567 4223 2637 4275 et
2707 4210 3043 4274 fraenare:
3118 4225 3193 4270 ac
3257 4205 3584 4285 patienter
3649 4197 3775 4261 Dei
3839 4208 4304 4280 castigationes

2356 4296 2593 4371 ferunt,
2639 4296 2896 4360 etiamsi
2934 4314 3114 4357 mors
3150 4292 3295 4373 ipsa
3338 4289 3425 4353 sit
3467 4282 3785 4381 obeunda,
3832 4280 3994 4347 adeo
4038 4284 4305 4365 quidem

2355 4392 2431 4443 ut
2477 4382 2530 4446 si
2577 4380 2761 4445 Deus
2817 4379 3045 4463 poenis
3107 4376 3360 4441 meritis
3420 4373 3710 4438 eximere
3738 4387 3941 4467 ‘ip-sos
3999 4369 4304 4456 noluerit,

2353 4464 2786 4531 nihilominus
2830 4485 3090 4529 omnem
3128 4459 3608 4546 aegritudinem
3650 4452 3980 4530 abiiciant,
4026 4465 4091 4520 et
4135 4456 4304 4521 divi·

2353 4570 2588 4616 norum
2671 4551 3060 4616 iudiciorum
3142 4547 3565 4614 severitatem
3632 4540 3951 4622 patientia
4013 4541 4303 4621 vincant,

2352 4656 2568 4721 neque
2629 4645 2702 4701 nt
2753 4636 3035 4720 improbi
3096 4634 3411 4699 adversus
3466 4627 3686 4692 Deum
3727 4626 4140 4727 ‘insuti-gant,
4190 4638 4307 4727 aut

2352 4722 2659 4788 dentibus
2711 4721 3164 4787 infrendeant:
3227 4716 3339 4782 sed
3399 4733 3586 4789 eum,
3655 4721 3917 4810 etiamsi
3973 4725 4303 4796 corripiat,

2352 4807 2780 4873 nihilominus
2839 4808 3197 4888 benignum
3262 4810 3513 4885 patrem
3559 4808 3870 4873 sentiant,
3919 4809 3985 4860 et
4028 4800 4306 4883 castiga·

2351 4895 2597 4957 tionem
2667 4913 2785 4976 pro
2852 4910 3113 4958 summo
3180 4889 3350 4953 bono
3417 4884 3736 4948 habeant:
3803 4885 3977 4964 quod
4037 4896 4306 4968 peccata

2350 4998 2470 5043 sua
2492 4978 2623 5043 Dei
2662 4978 2952 5044 bonitate
2990 4986 3059 5041 et
3099 4968 3546 5039 misericordia
3587 4979 3831 5033 tectum
3877 4969 3959 5033 iri
4003 4971 4304 5053 persuasi

2351 5071 2523 5130 sunt.
2615 5065 2765 5129 Erit
2820 5064 3028 5148 igitur
3082 5061 3244 5143 ipsis
3302 5058 3568 5124 salubre
3622 5055 4076 5140 pharmacum,
4178 5056 4306 5121 uod

2353 5150 2565 5232 primo
2621 5149 2847 5214 intuiti
2911 5145 3152 5212 lethale
3199 5144 3442 5210 vulnus
3485 5144 3624 5209 fore
3667 5138 4036 5207 videbatur.
4124 5078 4306 5223 &uin

2352 5236 2610 5301 etiamsi
2632 5233 2822 5301 Deus
2846 5234 3010 5317 ipsis
3045 5240 3290 5315 parcat,
3332 5239 3400 5295 et
3432 5227 3634 5295 nullis
3670 5227 4001 5293 exercitiis
4043 5229 4306 5307 excitet,
