5059 6059
231 313 294 379 77
1492 310 1594 378 IN
1633 313 1692 379 Ι.
1734 312 1918 380 LIB.
1962 311 2365 381 SAMUEL.
2412 311 2612 379 OAP.
2653 310 2811 378 XV.
4074 313 4157 379 78

224 521 394 604 supra
429 496 649 564 Deum
691 519 766 564 sa
812 497 1087 565 ientiam
1130 499 1454 566 attribuit.
1540 500 1718 567 Hinc
1760 501 1987 586 itaque
2026 502 2121 569 fa·
2225 522 2513 587 unquam
2557 500 2865 568 iniuriam
2908 500 3190 568 inultam
3234 500 3635 568 relicturum.
3718 502 3953 570 Mosen
3999 522 4154 568 vero

222 605 441 656 ciamus
480 583 741 650 initium
829 583 981 651 uias
1022 585 1366 666 concionis,
1431 586 1575 653 Dec
1617 588 1933 654 nimirum
1978 599 2125 654 tan·

224 687 420 759 tepere
470 691 610 737 esse
669 668 1186 736 commendatam
1243 671 1550 740 ecclesiae
1606 695 1763 740 suae
1821 674 2123 755 salutem,

221 773 288 826 ut
345 775 669 840 nunquam
734 756 1024 839 patiatur
1087 755 1303 823 illatas
1358 758 1488 842 ipsi
1543 758 1821 826 iniurias
1878 760 2123 826 inultas

220 862 547 912 remanere.
636 841 805 906 Nam
873 842 995 908 etsi
1050 841 1276 909 fideles
1318 842 1522 909 multa
1565 843 1733 911 ferre
1777 845 1859 912 ab
1902 846 2125 932 impiis

218 931 543 1014 contingat,
588 934 655 993 et
697 927 902 993 veluti
936 926 1016 993 ab
1050 926 1182 994 illis
1217 929 1515 1013 opprimi,
1558 931 1856 997 futurum
1897 944 2118 998 tamen

219 1013 459 1083 tandem
503 1021 623 1094 est,
665 1022 740 1079 ut
781 1013 1101 1079 rationem
1136 1012 1280 1079 Deo
1321 1014 1582 1081 illarum
1628 1016 1925 1083 omnium
1967 1017 2124 1084 olim

217 1100 384 1185 impii
423 1099 522 1164 illi
557 1109 1002 1182 persecutores
1047 1097 1341 1166 reddant.
1430 1101 1643 1168 Testis
1681 1113 1818 1169 esto
1852 1102 2123 1169 celebris

214 1187 317 1253 illa
354 1183 563 1252 Exod.
611 1182 710 1250 17.
756 1182 1027 1250 historia
1082 1185 1162 1251 de
1209 1184 1606 1266 Amalecitis,
1659 1189 1771 1271 qui
1814 1189 2121 1272 populum

213 1271 458 1340 Israelis
494 1270 778 1337 transitu
812 1270 880 1335 in
926 1270 1065 1354 ipso
1100 1270 1353 1337 deserto
1387 1271 1728 1355 prohibere
1752 1274 2122 1354 voluerunt,

211 1357 378 1425 nulla
419 1368 643 1422 tamen
684 1356 925 1421 iniuria
969 1355 1282 1423 lacessiti:
1327 1356 1442 1424 sed
1475 1367 1705 1425 contra
1738 1360 1952 1443 potius
1987 1381 2120 1426 non

211 1443 388 1511 inscii
409 1441 916 1526 promissionum
940 1462 1099 1525 quas
1110 1441 1530 1509 Abrahamus
1551 1463 1592 1508 a
1607 1445 1747 1511 Deo
1762 1454 2122 1530 acceperat,

209 1525 1413 1697 ἓῒιῖἓθςέἓωῦὲῗηὲἛοέἒὲθῖιῗῗιί»
1438 1530 1778 1699 Ἑξὲῗξὲ·
1797 1531 2121 1703 ιωῗὲἓίἳι

202 1700 324 1785 ipsi
365 1697 509 1765 Deo
556 1698 865 1765 videntur
914 1698 1155 1766 bellum
1211 1698 1454 1766 inferre
1512 1701 1682 1768 velle
1739 1714 1804 1767 et
1849 1703 2121 1787 promis-

206 1787 409 1853 siones
466 1783 675 1869 ipsius
731 1784 947 1850 irritas
1004 1784 1234 1870 facere,
1292 1795 1485 1870 atque
1526 1786 1732 1871 ipsius
1774 1788 2120 1855 veritatem

203 1878 603 1956 pervertere:
670 1892 745 1938 ac
788 1868 1060 1953 proinde
1101 1870 1350 1938 cultum
1394 1872 1520 1938 Dei
1562 1894 1925 1958 puramque
1967 1874 2120 1941 reli·

200 1958 449 2043 gionem
494 1976 690 2040 quam
734 1953 917 2022 Deus
974 1956 1045 2020 in
1102 1964 1276 2022 terra
1330 1956 1444 2023 illa
1486 1957 1803 2026 Chanaan
1869 1959 2125 2027 volebat

200 2043 609 2122 constituere,
664 2062 782 2125 pro
841 2041 1088 2109 viribus
1145 2052 1443 2108 evertere
1500 2045 1928 2111 conabantur.
2030 2046 2124 2111 Et

196 2127 458 2213 quidem
506 2148 709 2213 grave
753 2125 929 2193 istud
972 2135 1111 2194 erat
1153 2140 1513 2211 peccatum,
1572 2129 1654 2197 ad
1711 2130 1886 2215 quod
1943 2129 2122 2197 aliud

199 2212 568 2281 accedebat:
648 2213 823 2296 quod
890 2212 1136 2278 nullam
1200 2215 1601 2283 occasionem
1688 2216 2121 2302 aggrediundi

193 2298 529 2366 Israelitas
552 2298 900 2374 habebant,
935 2317 975 2363 a
1009 2297 1243 2382 quibus
1277 2321 1486 2385 neque
1521 2302 1781 2368 fuerant
1815 2303 2120 2383 lacessiti,

190 2407 394 2470 neque
437 2383 609 2452 ullas
649 2385 923 2450 iniurias
966 2395 1383 2468 acceperant:
1426 2387 1540 2453 sed
1587 2389 1936 2455 transitum
1979 2398 2122 2454 tan·

189 2482 322 2537 tum
390 2470 675 2539 liberum
740 2492 857 2555 per
916 2470 1206 2554 ipsorum
1271 2472 1605 2557 regionem
1683 2472 2118 2558 postulabant.

189 2555 316 2623 Sed
358 2555 460 2622 illi
507 2554 594 2623 ad
635 2577 817 2622 arma
860 2566 1317 2624 concurrentes
1361 2579 1491 2623 non
1534 2558 1875 2625 inimicum
1920 2580 2115 2644 popu-

188 2641 320 2707 lum
365 2641 698 2708 hostiliter
738 2641 1081 2709 invadunt.
1149 2642 1255 2708 Ex
1299 2644 1534 2726 quibus
1569 2656 1667 2711 est
1701 2666 1854 2712 cons
1899 2645 2121 2710 icuum

187 2727 331 2794 illos
374 2727 703 2794 adversus
748 2726 962 2793 Deum
1022 2726 1263 2793 bellum
1321 2729 1618 2813 gessisse,
1684 2740 1752 2795 et
1807 2751 1846 2795 a
1895 2752 2121 2798 versus

189 2812 497 2879 homines
543 2812 1026 2879 inhumanitate
1081 2834 1396 2899 peccasse.
1484 2816 1853 2883 Peccarunt
1893 2815 2119 2901 itaque

185 2898 487 2984 graviter
531 2898 933 2966 Amalecitas
975 2900 1193 2965 furore
1235 2899 1549 2966 adversus
1591 2900 1828 2983 Deum,
1885 2909 1954 2967 et
1994 2901 2118 2967 im·

185 2986 511 3050 inanitate
566 2983 883 3051 adversus
943 2985 1297 3069 proximos,
1357 2993 1424 3051 et
1487 2985 1747 3071 quidem
1815 2987 1981 3053 tales
2045 2996 2123 3053 ut

185 3069 494 3138 dicantur
553 3069 796 3137 electus
853 3070 980 3135 Dei
1019 3070 1329 3155 populus,
1387 3072 1851 3156 propriumque
1913 3072 2122 3157 ipsius

183 3155 545 3240 peculium.
610 3153 747 3222 Sed
791 3155 1051 3223 taudem
1096 3156 1239 3222 illos
1286 3157 1466 3224 Deus
1508 3158 1827 3242 repulisse
1871 3158 2122 3226 virtute

180 3262 298 3309 sua
344 3240 615 3308 dicitur.
679 3240 854 3307 Nam
895 3241 1019 3308 etsi
1058 3241 1331 3326 populus
1373 3240 1689 3311 adversus
1722 3243 2121 3311 Amalecitas

177 3337 540 3413 pugnaret,
598 3325 1021 3394 nihilominus
1066 3339 1285 3394 tamen
1329 3328 1532 3395 Mosis
1573 3329 1872 3413 precibus
1914 3330 2119 3415 impe·

179 3424 353 3479 trata
416 3412 701 3479 victoria
755 3424 872 3491 est,
933 3422 999 3479 et
1058 3421 1128 3479 ut
1185 3422 1455 3497 apparet
1510 3435 1593 3480 ex
1649 3415 1765 3481 illa
1829 3415 2122 3496 historia,

175 3498 366 3565 Mose
413 3518 660 3565 manus
692 3498 763 3564 in
799 3498 1051 3566 coelum
1085 3499 1441 3579 attollente,
1485 3500 1762 3584 populus
1795 3501 1920 3567 fuit
1954 3500 2121 3568 bello

176 3584 512 3668 superior.
600 3583 834 3667 Itaque
876 3582 1061 3651 Deus
1105 3585 1391 3669 hostium
1435 3606 1701 3653 suorum
1745 3586 2013 3654 consilia
2054 3596 2123 3653 et

172 3680 462 3737 conatus
527 3669 795 3749 evertit,
851 3670 1291 3756 populumque
1348 3692 1538 3737 suum
1593 3672 1994 3752 vendicavit,
2054 3680 2123 3738 et

169 3755 506 3822 adversus
551 3754 837 3821 hostium
873 3755 1159 3823 insultus
1193 3758 1509 3840 protexit:
1555 3758 1812 3842 suisque
1846 3759 2121 3842 promis-

166 3841 479 3909 sionibus
545 3841 649 3909 vel
706 3842 933 3909 invitis
989 3841 1290 3909 omnibus
1346 3841 1643 3910 hostibus
1708 3843 1885 3910 viam
1946 3843 2120 3911 fecit.

166 3928 400 4012 Atque
463 3925 714 3994 idcirco
775 3928 957 3994 Deus
1014 3928 1246 3993 Mosen
1305 3927 1497 3995 iussit
1560 3928 1722 3995 haec
1785 3928 1853 3995 in
1911 3930 2123 3996 moni·-

170 4022 489 4079 mentum
515 4020 901 4096 perpetuum
923 4013 995 4078 in
1033 4013 1199 4080 libro
1235 4012 1399 4099 legis
1420 4015 1732 4081 scribere:
1770 4021 1838 4081 et
1858 4014 2124 4081 Iosuam

167 4098 525 4164 instruere
569 4098 880 4182 populum
919 4098 1104 4165 illum
1147 4097 1660 4167 Amalecitarum
1700 4100 1854 4167 olim
1901 4123 1940 4166 a
1983 4101 2125 4166 Deo

165 4184 621 4267 puniendum,
666 4192 731 4249 et
773 4185 977 4269 ipsius
1022 4185 1400 4252 memoriam
1446 4206 1485 4252 e
1529 4185 1720 4253 terris
1761 4185 2124 4267 delendam,

165 4256 663 4354 perpetuaque’
680 4268 951 4337 infamia
989 4279 1054 4337 et
1112 4270 1419 4338 dedecore
1479 4270 1850 4337 notandam.
1937 4270 2125 4354 Quae

167 4354 532 4422 sententia
587 4364 734 4421 rata
790 4358 867 4422 fit
923 4355 1362 4435 iureiurando,
1420 4355 1593 4442 quod
1649 4355 1886 4423 dicitur
1942 4358 2126 4425 Deus

165 4463 458 4509 manum
485 4440 734 4507 habere
769 4463 965 4526 super
998 4440 1248 4524 solium,
1284 4441 1657 4527 bellumque
1683 4464 1823 4510 esse
1843 4441 2127 4510 Iehovae

165 4540 412 4595 contra
461 4526 867 4595 Amalecitas
942 4528 1023 4595 de
1081 4536 1293 4595 aetate
1335 4528 1406 4594 in
1469 4536 1767 4595 aetatem.
1853 4528 2127 4595 Phrasis

164 4614 353 4681 enim
401 4612 556 4695 ills,
615 4613 741 4680 Dei
785 4635 1052 4680 manum
1097 4635 1238 4682 esse
1297 4635 1493 4699 super
1547 4614 1801 4694 solium,
1857 4613 2127 4680 solenne

164 4702 641 4768 iuramentum
676 4699 747 4765 iu
782 4721 853 4766 se
888 4701 1193 4766 continet.
1261 4698 1563 4767 Iurantes
1599 4700 1774 4765 enim
1808 4697 2125 4777 homines,

164 4786 391 4854 solent
415 4804 666 4851 manus
702 4786 771 4850 in
806 4785 1053 4852 coelum
1094 4784 1409 4864 attollere,
1446 4786 1632 4868 quasi
1656 4784 1867 4851 Deum
1893 4793 2126 4851 testem

164 4872 613 4939 advocantes.
700 4870 795 4938 Ut
838 4872 930 4937 ita
971 4871 1369 4954 ostendatur,
1428 4869 1597 4954 quod
1641 4870 1825 4937 docet
1868 4880 2126 4955 aposto-

163 4958 289 5037 lus,
339 4957 588 5022 Deum
632 4976 833 5040 quum
877 4957 1129 5024 nullum
1174 4978 1244 5023 se
1287 4955 1526 5023 habeat
1568 4958 1989 5040 superiorem,
2032 4957 2127 5022 iu·

164 5064 316 5110 rare
480 5062 526 5106 r
581 5063 650 5107 se
700 5043 916 5127 ipsum
974 5043 1309 5109 sedentem
1366 5063 1562 5126 super
1618 5042 1852 5108 solium
1908 5063 2124 5108 suum.

164 5063 750 5213 Quanffgqnidem
805 5129 1006 5214 igitur
1063 5130 1245 5196 Deus
1296 5149 1413 5213 per
1471 5148 1656 5194 suam
1720 5128 2125 5194 maiestatem

164 5219 368 5299 iurat,
422 5221 501 5280 et
551 5222 647 5280 est
687 5215 1124 5299 omnipotens,
1180 5222 1426 5282 certum
1473 5222 1572 5280 est
1614 5213 1830 5298 ipsum
1877 5212 2125 5279 nullam

2224 587 2525 653 videmus
2579 588 2774 653 etiam
2832 585 3114 653 fideliter
3166 585 3548 653 mandatum
3604 589 3728 655 sibi
3783 608 3823 653 a
3865 586 4155 656 Domino

2222 672 2426 740 fuisse
2469 683 2900 757 exsequutum
2945 671 3144 738 Deut.
3185 671 3291 751 25,
3338 672 3440 737 1⁷.
3487 671 3807 759 siquidem
3851 675 4150 740 nomina-

2223 759 2340 824 tim
2387 758 2698 844 populum
2755 757 2933 824 iubet
2992 777 3340 825 memorem
3403 780 3544 825 esse
3602 770 3903 844 acceptae
3960 759 4155 828 istius

2222 845 2303 911 ab
2360 844 2741 911 Amalecitis
2797 844 3094 920 iniuriae,
3150 844 3219 909 in
3280 843 3440 910 haec
3494 844 3729 912 verba:
3799 844 4150 913 Recordare

2222 949 2379 1013 quae
2414 930 2563 1009 fxit
2602 930 2718 997 tibi
2757 928 3078 1010 Amalech,
3149 929 3217 995 in
3272 930 3492 997 itinere
3543 950 3735 1014 quum
3776 931 4029 997 exiretis
4068 951 4151 999 ex

2222 1016 2521 1100 Aeqypto.
2619 1014 2745 1097 Qui
2785 1034 3107 1082 occurrens
3145 1014 3259 1081 ati
3313 1036 3383 1081 eo
3427 1016 3664 1096 itinere,
3723 1017 3793 1081 in
3842 1021 4151 1098 postremo

2222 1103 2471 1186 agmine
2512 1106 2617 1168 tuo
2671 1101 2885 1167 cecidit
2943 1120 3151 1168 omnes
3192 1101 3303 1183 qui
3357 1101 3664 1168 debilitate
3704 1103 3906 1185 affecti
3944 1122 4152 1184 seque-

2221 1187 2450 1254 bantur
2491 1192 2566 1272 te,
2608 1206 2801 1270 quum
2842 1191 2912 1252 tu
2953 1206 3119 1253 esses
3162 1185 3371 1253 lassus
3412 1191 3469 1253 et
3495 1186 3813 1271 fatigatus
3831 1212 3850 1252 .·
3905 1206 4013 1253 nec
4049 1208 4151 1254 re·

2221 1274 2456 1339 veritus
2510 1278 2602 1339 est
2655 1272 2882 1339 Deum.
2970 1270 3122 1340 Ideo
3185 1276 3308 1339 esto
3360 1292 3552 1356 quum
3600 1274 3857 1356 quietem
3920 1273 4155 1340 dederit

2223 1357 2453 1425 Iehova
2497 1358 2677 1426 Deus
2717 1362 2865 1423 tuus
2918 1356 3032 1423 tibi
3086 1356 3165 1423 ab
3225 1358 3507 1424 omnibus
3549 1359 3828 1425 inionicis
3865 1359 3995 1424 tuis
4034 1360 4155 1425 cir-

2221 1464 2606 1528 cumquaque
2643 1445 2710 1508 in
2755 1449 2925 1509 terra
2964 1463 3156 1526 quam
3200 1442 3432 1511 Iehova
3474 1442 3655 1510 Deus
3696 1450 3842 1510 mus
3882 1445 3994 1511 dat
4032 1443 4150 1511 tan·

2221 1531 2293 1596 in
2321 1529 2802 1612 possessionem,
2857 1532 2927 1593 ut
2967 1528 3173 1596 deleas
3212 1530 3578 1596 memoriam
3621 1529 3992 1597 Hamaloehi
4031 1528 4152 1596 sub

2222 1616 2437 1684 coelis.-
2491 1635 2568 1682 ne
2623 1614 3014 1681 obliviscitor.
3103 1616 3163 1680 A
3238 1615 3307 1680 ui
3363 1614 3674 1681 labuntur
3728 1616 3883 1681 anni
3944 1636 4156 1700 paene

2221 1701 2515 1782 trecenti,
2561 1701 2794 1784 quibus
2815 1699 2999 1767 Deus
3034 1700 3165 1766 Am
3233 1701 3431 1769 ecitas
3472 1702 3566 1766 ita
3608 1702 3912 1767 toleravit
3957 1712 4033 1766 ut
4068 1722 4153 1767 ne

2220 1788 2462 1853 leviter
2503 1785 2768 1870 quidem
2805 1786 3127 1870 attigerit:
3172 1806 3373 1871 quare
3409 1785 3718 1853 videntur
3753 1786 3980 1852 irritae
4001 1786 4153 1854 illae

2223 1871 2789 1939 comminationes:
2869 1880 2935 1935 et
3013 1870 3343 1937 decretum
3409 1871 3567 1938 illud
3633 1871 3760 1939 Dei
3838 1872 4153 1940 adversus

2222 1957 2620 2026 Amalecitas
2675 1967 2811 2023 tam
2867 1955 3268 2023 horrendum
3324 1958 3392 2023 in
3438 1978 3631 2024 auras
3675 1970 3740 2024 et
3782 1959 3994 2025 fumos
4036 1959 4150 2025 ab·

2221 2043 2443 2124 ivisse,
2490 2054 2559 2110 et
2606 2042 2869 2108 irritum
2924 2041 3168 2110 factum
3207 2064 3366 2110 esse.
3423 2043 3591 2109 Nam
3628 2044 3948 2127 quomodo
3968 2044 4154 2112 Deus

2223 2127 2473 2195 tamdiu
2519 2128 2757 2194 tolerat
2796 2127 3261 2208 Amalechitas,
3322 2150 3453 2195 non
3512 2140 3814 2230 repetens
3868 2128 3950 2194 ab
3992 2130 4013 2194 i
4060 2131 4153 2196 sis

2221 2215 2410 2282 istius
2451 2214 2730 2280 iniuriae
2769 2214 3108 2296 rationem,
3168 2223 3235 2280 et
3294 2236 3536 2300 poenas
3578 2214 3926 2299 1nfligens?
4069 2214 4151 2281 ed

2222 2300 2329 2368 hic
2373 2321 2452 2366 ea
2495 2302 2565 2365 in
2610 2300 2988 2365 memoriam
3033 2299 3399 2366 revocanda
3455 2320 3619 2385 quae
3684 2321 3868 2366 sacra
3910 2301 4151 2451 pagssna

2220 2386 2600 2470 frequenter
2663 2383 2968 2466 inculcat,
3024 2385 3206 2452 mille
3264 2406 3470 2453 annos
3526 2407 3666 2453 esse
3724 2407 3940 2453 coram
4074 2408 4150 2453 eo

2223 2472 2421 2538 unius
2465 2469 2595 2537 diei
2638 2470 2868 2537 instar.
2953 2470 3148 2538 Unde
3190 2472 3388 2538 etiam
3434 2468 3814 2538 discendum
3859 2481 3978 2552 est,
4023 2473 4149 2537 im-

2222 2558 2443 2709 ἒὲῗὲξ
2483 2553 3622 2727 335501‘32323230333‘22
3657 2557 4150 2709 mum·

2815 2693 2832 2723 2

2223 2743 2289 2795 et
2330 2748 2447 2796 sua
2489 2727 2729 2795 iudicia
2771 2726 3088 2795 adversus
3129 2729 3304 2812 ipsos
3348 2748 3483 2794 non
3541 2737 3912 2796 exserente:
3973 2737 4041 2795 et
4080 2691 4152 2795 iri

2223 2835 2478 2882 summa
2532 2813 2784 2880 laetitia
2840 2821 2907 2880 et
2963 2813 3300 2898 voluptate
3357 2835 3432 2880 ac
3475 2814 3608 2881 otio
3652 2815 3853 2881 vitam
3900 2817 4151 2899 agenti·

2224 2901 2365 2978 bus,
2426 2920 2557 2965 non
2615 2897 2806 2965 modo
2862 2898 3144 2984 reliquos
3200 2900 3501 2966 homines
3558 2899 4151 2979 contemnentibus,

2223 2985 2337 3052 sed
2380 2987 2521 3069 ipsa
2564 2983 2694 3051 Dei
2734 2983 2975 3052 iudicia
3017 2985 3494 3069 spernentibus,
3547 2996 3764 3052 tamen
3809 2985 4152 3052 imminere

2225 3070 2351 3139 Dei
2396 3069 2773 3149 vindictam,
2818 3091 2947 3155 qua
2989 3081 3315 3137 momento
3357 3071 3601 3137 incauti
3642 3070 4021 3138 obruantur.

2394 3156 2538 3223 Iam
2585 3177 2737 3222 vero
2778 3155 2849 3221 in
2891 3167 3190 3222 nostrum
3237 3177 3427 3224 usum
3469 3176 3635 3242 quae
3671 3155 3751 3222 de
3778 3156 3963 3223 Mose
4004 3154 4156 3222 hac·

2224 3253 2421 3309 tenus
2478 3248 2635 3308 sunt
2688 3241 2963 3309 recitata
3025 3262 3435 3326 usurpemus,
3501 3250 3568 3308 et
3632 3242 3858 3308 utilem
3923 3263 4007 3308 ex
4070 3241 4155 3309 iis

2225 3328 2587 3395 doctrinam
2630 3347 2954 3394 eruamus.
3043 3326 3222 3394 Sane
3264 3327 3478 3412 prima
3520 3328 3679 3395 facie
3721 3327 4008 3395 insolens
4053 3327 4154 3395 vi·

2223 3414 2361 3481 deri
2403 3420 2617 3498 potest
2675 3410 3076 3491 mandatum,
3143 3412 3224 3480 de
3283 3428 3416 3478 tam
3475 3412 3800 3480 horrenda
3859 3411 4148 3481 vindicta

2221 3497 2540 3567 sumenda
2598 3498 2677 3564 de
2733 3496 3203 3565 Amalechitis:
3269 3499 3539 3565 modum
3605 3501 3779 3565 enim
3836 3497 4148 3567 excedere

2219 3583 2430 3651 modis
2470 3582 2772 3651 omnibus
2818 3581 3095 3652 videtur.
3181 3583 3533 3651 Praeterea
3590 3593 3820 3651 notum
3864 3592 3984 3664 est,
4044 3606 4149 3652 sa·

2220 3691 2400 3739 cram
2444 3670 2573 3738 scri
2623 3679 2838 3736 turam
2880 3670 3126 3753 passim
3170 3669 3534 3755 prohibere,
3594 3691 3679 3736 ne
3721 3670 3850 3772 ipsi
3894 3677 4154 3738 nostras

2221 3757 2495 3823 iniurias
2599 3756 2937 3822 ciscamur.
3004 3753 3449 3837 Quamobrem
3483 3756 3608 3824 sibi
3642 3756 3767 3840 ipsi
3789 3754 3975 3823 Deus
4010 3776 4151 3825 esse

2223 3842 2589 3910 contrarius
2621 3839 2791 3907 forte
2827 3840 3192 3907 videretur:
3237 3840 3762 3925 quandoquidem
3784 3842 3977 3907 modo
3997 3863 4144 3925 pro-

2223 3927 2409 3994 hibet
2452 3926 2673 3994 ulcisci
2717 3926 3008 4006 iniurias,
3047 3926 3238 3992 modo
3260 3927 3454 3992 etiam
3491 3927 3710 3994 ulcisci
3746 3927 3944 3995 iubet.
4014 3926 4147 3995 Sed

2225 4014 2304 4082 de
2349 4013 2597 4078 ultione
2641 4025 2708 4078 et
2752 4011 3038 4078 vindicta
3070 4012 3276 4080 facilis
3318 4013 3552 4080 solutio
3589 4021 3706 4091 est,
3741 4035 3941 4098 quum
3978 4014 4150 4080 inter

2225 4100 2555 4183 passiones
2614 4106 2871 4165 nostras
2927 4097 3126 4164 distin
3176 4118 3426 4180 nemus,
3481 4107 3547 4165 et
3590 4099 3917 4166 sincerum
3960 4099 4152 4165 affec-

2227 4197 2366 4252 tum
2410 4183 2556 4250 Deo
2615 4182 3029 4267 obsequendi.
3170 4205 3293 4250 ane
3337 4185 3392 4250 si
3437 4205 3477 4250 a
3521 4184 3763 4250 nostris
3808 4184 4147 4250 affectibus

2225 4278 2294 4338 et
2344 4268 2761 4353 passionibus
2818 4268 2901 4334 ad
2957 4266 3313 4336 vindictam
3371 4268 3674 4351 feramur,
3739 4279 3985 4335 certum
4045 4277 4148 4334 est

2224 4356 2522 4423 illicitam
2576 4354 2759 4420 illam
2813 4374 2953 4420 esse
3010 4354 3280 4421 ultionis
3338 4355 3678 4422 rationem.
3778 4352 3959 4436 Quin
4018 4355 4146 4421 imo

2226 4442 2377 4510 licet
2422 4461 2693 4507 manum
2736 4438 3051 4506 adversus
3094 4440 3395 4507 inimicos
3438 4462 3567 4508 non
3613 4439 4003 4520 attollamus,
4033 4436 4148 4505 sed

2227 4529 2444 4594 animo
2484 4525 2887 4593 iracundiam
2932 4524 3286 4607 foveamus,
3341 4547 3560 4592 coram
3605 4526 3748 4592 Deo
3791 4524 4008 4592 caedis
4049 4522 4148 4592 rei

2227 4613 2490 4679 omnino
2536 4632 2782 4679 sumus.
2848 4609 2998 4677 Non
3041 4612 3260 4696 itaque
3301 4608 3669 4677 mirandum
3714 4611 3770 4678 si
3794 4611 3975 4677 Deus
4010 4618 4149 4676 tam

2229 4700 2513 4783 praecise
2557 4717 2816 4763 omnem
2862 4696 3173 4763 ultionem
3198 4696 3521 4781 privatam
3565 4695 3913 4781 prohibuit.
3959 4695 4144 4762 Deus

2226 4786 2400 4852 enim
2443 4783 2740 4850 homines
2784 4803 2929 4849 esse
2964 4784 3067 4849 sui
3108 4783 3379 4849 nimium
3425 4792 3716 4850 amantes
3752 4783 3907 4849 satis
3942 4781 4145 4863 novit,

2228 4878 2292 4937 et
2334 4872 2402 4936 in
2447 4869 2580 4934 iras
2623 4868 2704 4935 ad
2750 4867 3089 4934 minimam
3127 4867 3436 4934 iniuriam
3471 4889 3668 4935 exsur
3753 4890 3851 4934 re:
3896 4889 3969 4933 ac
4014 4866 4151 4935 suis

2227 4953 2565 5023 affectibus
2599 4953 2796 5020 semel
2837 4954 3140 5038 abreptos
3176 4974 3304 5019 non
3339 4973 3530 5036 posse
3566 4973 3671 5019 mo
3719 4974 3830 5018 um
3868 4975 4149 5035 servare,

2227 5041 2339 5109 sed
2395 5040 2560 5107 iuris
2619 5052 2683 5105 et
2739 5061 2814 5105 ae
2862 5041 2927 5104 ui
3019 5059 3238 5106 rorsus
3281 5037 3597 5106 oblivisci.
3682 5038 3774 5104 Et
3816 5050 4152 5123 praeterea

2228 5126 2412 5194 Deus
2464 5123 2589 5193 sibi
2647 5145 2685 5190 a
2741 5146 2825 5191 no
2870 5124 2927 5192 is
3034 5146 3163 5191 unc
3222 5123 3533 5191 honorem
3587 5126 3882 5209 reposcit,
3949 5133 4025 5191 ut
4078 5125 4153 5191 in

2229 5213 2437 5297 ipsius
2481 5233 2719 5278 manus
2765 5209 3038 5277 iniurias
3083 5207 3270 5276 nobis
3312 5207 3529 5276 illatas
3569 5231 3978 5295 reponamus.
4043 5209 4159 5277 Id-
