5059 6059
914 321 1045 389 715

913 503 1674 676 {fficiumpczfflusapzoff
1671 503 2064 690 [34:13⁸qu
2109 504 2831 690 sodgou'iopfftleldgffileffi

918 677 1459 764 quemadmodum
1523 678 1722 742 etiam
1779 696 1898 742 nos
1960 697 2031 740 ιιι
2158 685 2281 742 ctis
2343 674 2528 741 docet
2589 675 2834 742 Petrus

919 775 1122 850 apost.
1208 764 1308 831 Ac
1371 783 1530 829 sane
1591 762 2095 846 quotiescunque
2155 761 2230 825 in
2292 760 2494 826 sacris
2560 760 2835 844 pseudo·

918 851 1382 936 prophetarum
1439 856 1507 914 et
1548 848 1968 930 impostorum
2010 848 2088 912 fit
2129 846 2394 923 mentio,
2453 846 2837 912 nominatim

916 936 1049 1003 illis
1091 943 1353 1000 sanctus
1396 935 1664 1019 spiritus
1706 931 2058 1016 exprobrat.
2088 931 2552 1016 negligentiam
2588 930 2656 996 in
2690 952 2838 1015 pre·

917 1020 1147 1099 cando,
1215 1018 1385 1103 quod
1439 1038 1588 1085 curn
1643 1017 1940 1084 doctrina
2001 1037 2131 1083 non
2187 1015 2452 1083 accedat
2506 1018 2716 1082 oratio
2768 1023 2840 1080 et

917 1107 1318 1175 intercessio.
1399 1105 1494 1170 Et
1554 1105 1785 1169 Mosen
1843 1109 2071 1169 contra
2125 1102 2363 1168 scimus
2419 1100 2727 1183 quamdin
2768 1101 2838 1166 in

924 1192 1121 1261 terris
1183 1190 1348 1257 vixit
1398 1188 1570 1255 hanc
1609 1189 1803 1254 officii
1847 1189 1947 1253 sui
1990 1197 2244 1271 partem
2285 1186 2567 1253 fideliter
2609 1186 2840 1270 imple·

921 1278 1114 1345 visse.
1197 1273 1525 1343 Samuelis
1582 1275 1802 1358 itaque
1856 1273 2051 1357 longo
2107 1280 2253 1356 post
2294 1281 2587 1356 tempore
2626 1291 2840 1339 succe-

924 1363 1138 1429 dentis
1191 1361 1477 1429 officium
1531 1360 1673 1441 fuit,
1729 1380 1861 1426 non
1912 1367 2170 1425 tantum
2226 1357 2534 1442 populum
2580 1358 2842 1437 docere;

922 1447 1036 1514 sed
1094 1446 1303 1513 etiam.
1345 1445 1615 1529 precari,
1681 1455 1749 1510 et
1811 1464 1927 1528 pro
1969 1442 2206 1528 populo
2247 1442 2645 1508 intercedere
2687 1463 2841 1526 quo·

923 1533 1301 1614 tiescunque
1323 1530 1571 1615 aliquid
1587 1529 1932 1598 adversum
1954 1530 2076 1612 ipsi
2100 1529 2536 1614 contingebat.
2594 1527 2840 1610 Quam-

918 1618 1141 1684 obrem
1216 1637 1348 1682 non
1427 1624 1670 1682 temere
1749 1614 1829 1681 ad
1895 1612 2268 1682 Samuelem
2335 1613 2615 1697 populus
2686 1634 2841 1680 con-

920 1704 1126 1787 fugit:
1182 1701 1296 1768 sed
1353 1704 1515 1768 bene
1559 1702 1889 1787 cognitum
1938 1698 2161 1765 habuit
2202 1700 2479 1766 electum
2521 1698 2725 1765 fuisse
2766 1698 2844 1764 il-

923 1789 1058 1855 lum
1118 1809 1158 1854 a
1210 1788 1352 1853 Deo
1396 1796 1462 1852 et
1502 1788 1570 1852 in
1615 1786 1737 1853 hoc
1780 1783 1988 1870 gradu
2028 1785 2408 1853 collocatum
2450 1804 2525 1850 ac
2566 1782 2844 1868 prophe-

923 1875 1052 1940 tiae
1108 1873 1345 1958 spiritu
1403 1882 1721 1951 ornatum,
1781 1881 1855 1936 ut
1908 1892 2057 1937 cum
2114 1868 2408 1935 doctrina
2460 1877 2527 1934 et
2568 1871 2845 1937 instruc-

924 1960 1118 2039 tione,
1161 1979 1386 2042 preces
1429 1958 1626 2023 etiam
1670 1976 1790 2041 pro
1835 1955 2075 2041 populo
2117 1954 2290 2040 apud
2334 1955 2552 2020 Deum
2595 1954 2843 2021 fundat.

921 2043 1057 2112 Sed
1115 2064 1314 2127 quum
1372 2044 1659 2126 papistae
1702 2052 1989 2108 mortuos
2028 2041 2358 2121 invocant,
2414 2039 2601 2105 nullo
2642 2041 2845 2123 scrip-

924 2142 1110 2196 turae
1153 2128 1579 2195 fundamento
1622 2126 1949 2194 nituntur.
2037 2125 2204 2191 Nam
2241 2125 2365 2193 etsi
2397 2124 2508 2190 alii
2546 2146 2663 2209 pro
2700 2126 2845 2191 aliis

926 2215 1143 2280 Deum
1188 2215 1442 2297 precari
1481 2214 1804 2296 iubemur,
1847 2221 2065 2277 tamen
2099 2211 2220 2278 hoc
2257 2219 2676 2295 praeceptum
2711 2231 2843 2276 non

923 2299 1204 2384 intelligi
1268 2299 1394 2364 nisi
1460 2298 1539 2365 de
1603 2299 1685 2365 iis
1729 2297 1840 2380 qui
1882 2297 2221 2365 nobiscum
2263 2298 2329 2361 in
2378 2297 2569 2363 terris
2610 2296 2847 2363 vivunt

925 2395 1175 2452 certum
1241 2394 1370 2450 est:
1449 2383 1618 2467 quod
1728 2382 1992 2448 uamdiu
2055 2383 2161 2448 hic
2223 2402 2471 2462 sumus,
2549 2391 2845 2448 mutuam

927 2491 1228 2537 exercere
1288 2471 1626 2535 caritatem
1713 2467 2033 2535 obeamus.
2121 2468 2416 2534 Mortuos
2463 2487 2617 2533 vero
2660 2466 2845 2533 Deus

926 2555 1255 2640 prohibet:
1323 2575 1533 2638 neque
1598 2552 1845 2639 patitur
1908 2561 2199 2620 nostram
2262 2552 2703 2620 curiositatem
2767 2573 2845 2618 eo

925 2660 1159 2809 33³3.
1174 2640 1519 2810 pffiiiffssz
1539 2636 2848 2790 ”iniiassffieffss‘loffihissfflfflmssssa

929 2812 1446 2896 praeceptionem
1492 2807 1730 2876 habere
1773 2808 2084 2891 videmus,
2126 2829 2327 2892 quum
2369 2817 2665 2873 mortuos
2700 2828 2844 2891 pre-

923 2898 1108 2964 cibus
1148 2904 1216 2961 et
1256 2895 1825 2979 supplicationibus
1865 2894 2312 2978 interpellant,
2367 2901 2434 2958 et
2476 2914 2547 2959 se
2590 2892 2670 2958 ab
2712 2894 2846 2959 illis

927 2981 1304 3049 exauditum
1346 2982 1430 3047 iri
1472 2987 1764 3065 sperant:
1826 3001 2036 3064 neque
2079 2980 2255 3045 enim
2297 2978 2508 3045 ullum
2552 2976 2681 3044 Dei
2723 2977 2848 3044 hac

928 3067 1009 3134 de
1049 3089 1125 3133 re
1165 3066 1544 3133 mandatum
1582 3065 1835 3132 adferre
1870 3073 2156 3148 possunt.
2245 3064 2684 3146 Quamobrem
2718 3063 2846 3131 dis-

928 3173 1148 3221 camus
1192 3161 1257 3218 et
1299 3161 1516 3218 ratum
1562 3150 1933 3227 habeamus,
1976 3172 2094 3217 nos
2138 3150 2222 3216 ad
2263 3149 2391 3216 Dei
2431 3170 2657 3216 servos
2702 3170 2846 3214 con-

922 3238 1270 3322 fugientes,
1304 3246 1372 3303 et
1403 3236 2038 3337 cupientesprecum
2073 3235 2360 3320 ipsorum
2390 3235 2846 3335 intercessione

927 3323 1100 3475 3233
1140 3323 1730 3489 h2333,¹2{²;'3;,.
1747 3321 1814 3471 ’ἓ
1843 3319 2847 3490 υῑίἓθξῗιέὲέἰὰῑὲρὲῗέὲῖἳὲ

930 3494 1221 3576 ipsorum
1283 3493 1518 3571 officio,
1595 3490 2123 3558 intercedendum
2187 3512 2306 3575 pro
2370 3491 2610 3574 populo
2671 3489 2847 3574 apud

922 3579 1177 3645 Deum:
1223 3598 1298 3645 ac
1339 3576 1613 3661 proinde
1647 3576 1837 3643 modo
1872 3599 1954 3642 ne
1987 3576 2231 3642 limites
2265 3576 2843 3659 transgrediamur,

921 3663 1113 3729 nobis
1170 3661 1346 3728 istud
1404 3684 1546 3729 esse
1600 3683 1641 3727 a
1684 3663 1826 3728 Deo
1869 3683 1999 3727 non
2045 3662 2235 3728 modo
2276 3682 2673 3746 concessum,
2729 3663 2844 3729 sed

921 3748 1123 3814 etiam
1183 3749 1673 3832 praescriptum.
1764 3747 1895 3815 Sed
1955 3747 2131 3814 aliud
2188 3747 2402 3814 adhuc
2453 3746 2650 3832 longe
2691 3767 2845 3831 gra-

924 3834 1074 3899 vius
1106 3833 1179 3897 in
1211 3833 1357 3899 istis
1388 3834 1643 3900 miseris
1678 3833 1912 3900 vitium
1946 3834 2212 3914 obtinet,
2256 3831 2429 3916 qnod
2465 3832 2549 3897 ad
2584 3843 2846 3900 sanctos

925 3918 1356 4007 confugiunt,⁸
1391 3939 1530 3984 non
1571 3927 1827 3984 tantum
1869 3925 1947 3984 ιιι
1985 3920 2444 3985 intercessores
2483 3917 2630 3985 illos
2673 3918 2856 4000 apud.

927 4003 1149 4069 Deum
1214 4003 1523 4071 habeant:
1594 4004 1707 4070 sed
1771 4013 1848 4069 ut
1905 4005 1975 4069 in
2039 4004 2169 4070 illis
2213 4002 2543 4069 confidant
2585 4011 2653 4069 et
2692 4024 2847 4070 con-

925 4088 1284 4172 quiescant,
1377 4097 1488 4156 tan
1535 4111 1682 4157 uam
1747 4110 1971 4173 preces
2034 4110 2184 4155 suas
2249 4087 2668 4156 exaudituris.
2755 4090 2847 4154 Et

927 4172 1187 4257 quidem
1231 4173 1415 4240 Deus
1459 4111 1541 4239 οἳ»
1581 4174 1712 4240 illis
1752 4174 2064 4241 oblivioni
2100 4174 2393 4254 traditur,
2435 4195 2634 4256 quum
2672 4175 2847 4258 quis·

927 4280 1056 4343 que
1113 4259 1195 4325 ad
1255 4269 1604 4342 patronum
1656 4259 1968 4342 confugit,
2025 4281 2214 4342 quem
2260 4260 2385 4327 sibi
2430 4259 2676 4344 deligit,
2735 4267 2849 4326 aut

927 4365 1121 4428 quem
1206 4345 1509 4412 invocare
1596 4346 1952 4413 consuevit.
2041 4345 2263 4427 Quare
2324 4345 2567 4410 multas
2622 4367 2847 4430 preces

925 4450 1146 4497 coram
1220 4429 1414 4511 idolo,
1493 4430 1666 4514 quod
1729 4430 1850 4497 sibi
1891 4433 2250 4512 finxerunt,
2318 4429 2847 4497 demurmurant:

926 4515 1038 4583 alii
1097 4515 1358 4599 quidem
1405 4516 1727 4600 virginem
1771 4515 2069 4596 Mariam,
2126 4517 2240 4582 alii
2283 4523 2577 4583 sanctum
2622 4516 2848 4584 Chris-

928 4601 1298 4685 tophorum,
1365 4602 1476 4667 alii
1535 4602 1736 4667 alium
1773 4622 1854 4667 ex
1892 4611 2266 4669 sanctorum
2299 4601 2719 4668 multitudine
2753 4604 2850 4667 in-

925 4696 1263 4753 vocantes:
1339 4694 1530 4770 atque
1599 4687 1692 4752 ita
1757 4685 1886 4752 sibi
1940 4688 2339 4771 persuadent
2392 4708 2462 4753 se
2517 4688 2660 4754 Deo
2718 4709 2846 4753 non

925 4772 1238 4856 indigere.
1312 4771 1565 4839 Omitto
1597 4773 1666 4838 in
1704 4775 2070 4855 praesentia
2103 4773 2399 4840 sacrificii
2433 4772 2614 4839 illius
2647 4774 2848 4841 semel

926 4878 1045 4941 pro
1088 4858 1274 4925 nobis
1317 4859 1514 4924 oblati
1559 4881 1600 4924 a
1641 4858 1928 4925 Domino
1971 4866 2197 4925 nostro
2229 4860 2382 4925 Iesu
2416 4858 2683 4926 Christo
2717 4879 2849 4924 me-

927 4942 1200 5008 moriam
1263 4944 1613 5023 obliterari,
1680 4952 1745 5009 et
1806 4943 1968 5010 illud
2032 4945 2380 5028 imperium
2433 4944 2606 5027 quod
2656 4944 2755 5009 illi
2811 4965 2850 5010 a

925 5037 1110 5109 patre
1172 5029 1394 5095 datum
1460 5039 1577 5110 est,
1653 5029 1738 5095 ab
1800 5028 2032 5096 iisdem
2098 5029 2357 5097 aboleri.
2444 5028 2609 5111 Quis
2673 5031 2848 5096 enim

923 5113 1100 5179 inter
1210 5116 1452 5197 apiatas
1513 5115 1700 5180 illum
1764 5115 1832 5180 in
1897 5115 2290 5181 adiutorium
2354 5135 2546 5181 suum
2611 5116 2845 5183 vocat?

923 5198 1072 5279 quis
1112 5136 1206 5265 ad
1240 5200 1425 5267 illum
1468 5208 1542 5267 ut
1583 5221 1776 5268 suum
1815 5201 2312 5268 intercessorem
2358 5209 2426 5267 et
2459 5200 2847 5267 advocatum

2529 315 2939 383 HOMILIA
2979 316 3241 383 xmn.
4667 318 4748 387 716

2935 502 3270 589 confugit?
3356 502 3439 569 In
3482 505 3671 572 turba
3713 503 3975 588 quidem
4016 523 4172 571 sane
4213 504 4294 569 ab
4328 503 4459 569 illis
4485 507 4754 591 invocatur,

2935 590 3051 656 sed
3108 588 3565 674 ignorantibus
3618 592 3834 674 ipsum
3876 589 4002 656 hoc
4044 589 4116 654 in
4159 610 4228 654 se
4270 610 4470 655 unum
4506 593 4757 675 recepine,

2933 674 3228 742 fidelium
3285 694 3510 760 preces
3566 675 3650 740 ad
3692 696 3764 741 se
3804 675 4313 760 confugientium
4357 674 4495 741 Deo
4532 680 4667 760 patri
4695 682 4757 744 oi·

2934 762 3123 841 ferre,
3167 768 3236 827 et
3273 772 3496 847 gratas
3528 761 3761 845 facere,
3804 768 3871 826 et
3904 768 3980 825 ut
4012 759 4446 826 exaudiantur
4475 762 4759 860 impes-are.

2934 846 3225 930 Papatus
3281 846 3455 912 istud
3499 847 3787 912 officium
3828 844 4079 911 Christi
4122 847 4385 930 penitus
4427 847 4522 911 vel
4559 860 4760 933 ignoret,

2936 931 3042 998 vel
3106 931 3338 999 abolet.
3424 931 3561 999 Nos
3624 932 3845 1014 itaque
3908 932 4141 996 melius
4201 930 4431 1009 edocti,
4489 931 4573 996 sic
4606 953 4761 999 comm

2936 1038 3160 1101 preces
3214 1027 3284 1082 et
3335 1019 3657 1084 orationes
3712 1016 4132 1100 imploremus
4185 1016 4419 1098 quibus
4461 1017 4623 1082 Deus
4654 1019 4763 1084 illud

2937 1123 3103 1168 onus
3158 1102 3480 1186 imposuit,
3546 1124 3629 1169 ne
3683 1104 3925 1187 positos
3980 1101 4217 1167 limites
4280 1102 4763 1186 transgrediamur.

2938 1189 3029 1254 Et
3100 1208 3185 1253 ne
3247 1190 3317 1253 in
3382 1187 3706 1271 precando
3771 1195 4112 1272 propterea
4172 1188 4375 1253 simus
4438 1187 4767 1269 remissiores,

2941 1274 3125 1357 quasi
3179 1274 3507 1339 sufficeret
3559 1274 3738 1351 alios,
3800 1274 3987 1341 nobis
4044 1273 4461 1353 cessantibus,
4508 1292 4612 1356 pro
4644 1274 4768 1339 noh:

2940 1360 3225 1443 precari:
3282 1359 3397 1425 sed
3455 1360 3672 1442 potius
3728 1358 4038 1443 coniungi
4093 1378 4317 1441 preces
4374 1369 4614 1425 nostras
4647 1380 4772 1443 opor-

2941 1454 3077 1510 tere
3133 1446 3413 1511 sciamus
3467 1465 3615 1512 cum
3671 1444 3960 1511 omnium
4002 1444 4121 1528 qui
4160 1452 4296 1508 toto
4337 1453 4639 1509 terrarum
4671 1445 4770 1509 orbe

2942 1529 3217 1613 dispersi
3291 1537 3448 1595 sunt
3500 1529 3790 1596 fidelium
3848 1528 3979 1594 Dei
4034 1549 4372 1595 servorum
4428 1528 4772 1595 orationibm:

2943 1623 3013 1681 et
3086 1616 3160 1679 in
3224 1614 3487 1681 illorum
3551 1636 3824 1681 numero
3890 1614 4135 1691 haberi,
4213 1624 4289 1680 ut
4351 1612 4629 1680 membra
4677 1615 4775 1680 Iesu

2944 1700 3195 1766 Christi
3257 1702 3524 1767 fiamus:
3593 1708 3661 1766 et
3721 1701 3793 1766 in
3858 1699 4046 1766 uobis
4108 1700 4478 1784 impleatur,
4554 1699 4693 1785 quod
4734 1701 4779 1765 in

2942 1785 3205 1852 Psalmo
3279 1794 3466 1869 rogat
3527 1785 3890 1869 Propheta:
3977 1785 4264 1852 Domine
4326 1795 4636 1851 memento
4682 1787 4777 1850 mei

2943 1871 3171 1954 Neque
3227 1872 3400 1936 enim
3445 1891 3734 1955 unquam
3776 1872 4049 1956 gratiam
4092 1871 4264 1954 apud
4311 1871 4522 1936 Deum
4559 1870 4777 1935 inveniro

2942 1959 3344 2040 poterimus,·
3378 1978 3588 2040 neque
3630 1958 3712 2024 ab
3754 1957 3867 2022 illo
3910 1955 4262 2040 quidquam
4305 1957 4656 2040 impetrare,
4697 1956 4776 2020 nisi

2942 2044 3014 2106 in
3069 2042 3274 2125 ipsius
3331 2042 3597 2109 ecclesia
3650 2062 4051 2120 censeamur,
4108 2050 4177 2108 et
4226 2042 4298 2107 in
4341 2042 4668 2109 electorum
4701 2062 4777 2105 nu·

2943 2149 3121 2193 mero
3175 2127 3566 2193 habeamur:
3624 2134 3693 2193 et
3746 2147 3931 2193 amor
3983 2126 4096 2193 ille
4151 2128 4478 2211 gratuitus
4527 2147 4641 2209 quo
4672 2124 4781 2191 filiu

2942 2212 3393 2297 complectitur
3450 2214 3521 2278 in
3575 2233 3695 2279 nos
3749 2213 3944 2277 etiam
3990 2222 4303 2296 tanquam
4345 2233 4498 2278 cum
4537 2213 4653 2278 illis
4682 2231 4781 2277 con·

2942 2299 3197 2364 iunctos
3265 2298 3660 2364 effundatur.
3748 2299 4046 2381 Denique
4117 2297 4552 2364 humilitatem
4602 2318 4637 2362 a
4678 2314 4784 2361 ven

2942 2382 3071 2449 fide
3136 2390 3203 2449 et
3254 2383 3527 2450 caritate
3584 2386 3655 2449 in
3711 2385 4082 2469 proximum
4126 2403 4255 2449 non
4301 2382 4537 2449 debere
4577 2381 4783 2463 disiungi

2944 2478 3196 2535 certum
3238 2478 3357 2535 est.
3446 2469 3581 2535 Sed
3622 2489 3960 2553 quaenam,
4004 2467 4283 2548 obsecro,
4329 2471 4701 2552 papistarum
4723 2474 4784 2530 est

2944 2553 3326 2620 humilitas?
3414 2554 3652 2621 Procul
3708 2575 3747 2620 a
3802 2554 3945 2620 Deo
3986 2554 4306 2634 recedere,
4364 2564 4433 2620 et
4474 2575 4587 2637 per
4620 2552 4785 2617 multu

2945 2640 3257 2707 circuitus
3301 2659 3535 2720 errare,
3579 2649 3647 2705 et
3686 2639 4197 2707 innumerabiles
4239 2648 4549 2723 patronos
4581 2638 4683 2704 sibi
4708 2638 4784 2701 fin-

2948 2746 3126 2811 gere:
3185 2732 3252 2790 et
3308 2725 3376 2789 in
3434 2725 3561 2791 isto
3603 2735 3867 2809 stupore
3911 2716 4454 2791 tamen⁰multum
4498 2726 4713 2802 vexari,
4748 2732 4786 2785 et

2945 2813 3207 2876 inanem
3273 2829 3535 2895 operam
3591 2811 3833 2878 ludere.
3922 2810 4153 2894 Itaque
4208 2809 4376 2877 nihil
4431 2812 4556 2876 nisi
4602 2806 4785 2875 mim

2947 2904 3047 2963 est
3087 2896 3161 2961 in
3193 2895 3341 2975 illis,
3384 2896 3494 2979 qui
3529 2895 3678 2963 licet
3713 2917 3854 2963 sese
3891 2896 4001 2961 diu
4037 2898 4446 2978 multumque
4481 2900 4787 2978 torquentes,

2948 2981 3118 3048 nihil
3161 2988 3379 3047 tamen
3424 2990 3839 3065 promovent:
3892 3002 4104 3066 neque
4149 2982 4231 3048 de
4270 2981 4401 3047 Dei
4448 3002 4599 3065 erga
4635 3000 4692 3046 se
4721 2997 4787 3040 ro·

2947 3066 3201 3133 luntate
3259 3067 3568 3134 certiores
3623 3068 3807 3134 fiunt.
3898 3066 4075 3135 Sane
4131 3069 4341 3133 fateor
4399 3074 4678 3150 oportere
4716 3080 4788 3126 nm

2947 3152 3381 3218 humilitatem
3447 3159 3516 3218 et
3573 3153 3953 3219 modestiam
4008 3153 4076 3218 in
4133 3153 4365 3236 primis
4422 3152 4640 3219 colere.
4706 3144 4789 3213 Sed

2948 3258 3084 3303 non
3128 3237 3273 3303 ideo
3315 3238 3566 3304 meritis
3610 3238 3854 3305 nostris
3897 3238 3977 3304 ad
4016 3238 4229 3304 Deum
4264 3239 4536 3321 propius
4566 3232 4790 3303 accedere

2947 3344 3132 3407 posse
3185 3322 3359 3389 dico:
3415 3331 3481 3389 et
3521 3333 3743 3389 tamen
3788 3323 4190 3390 cessantibus
4230 3324 4488 3390 meritis
4531 3343 4647 3388 non
4682 3319 4789 3382 dee-

2948 3411 3164 3475 nimus
3222 3409 3306 3474 ad
3360 3409 3575 3492 ipsum
3632 3410 3879 3489 venire,
3945 3417 4015 3475 et
4070 3429 4334 3494 sperare
4392 3429 4514 3474 nos
4567 3407 4695 3473 licet
4730 3403 4790 3466 in·

2948 3493 3179 3578 dignos
3220 3502 3437 3559 tamen
3483 3515 3524 3560 a
3566 3495 3709 3561 Deo
3752 3494 4174 3578 recipiendos,
4233 3504 4301 3560 et
4343 3502 4649 3576 tanquam
4680 3488 4791 3555 filiu

2946 3579 3293 3657 habendos,
3338 3600 3541 3662 quum
3583 3582 3834 3665 corpori
3879 3580 4144 3645 Domini
4188 3582 4397 3646 nostri
4431 3579 4582 3644 Iesu
4612 3574 4788 3642 chrisa

2940 3665 3277 3732 coniuncti
3327 3664 3661 3743 fuerimus,
3722 3674 3789 3731 et
3828 3665 4014 3732 illum
4059 3676 4136 3731 ut
4175 3673 4373 3748 caput
4414 3672 4688 3731 nostrum
4717 3677 4788 3740 ng·

2947 3751 3339 3819 noverimus.

3118 3837 3210 3901 Et
3266 3836 3346 3901 de
3405 3835 3552 3901 istis
3597 3836 3945 3903 hactenus:
4003 3844 4368 3921 sequuntur
4412 3834 4692 3914 deinceps
4718 3844 4788 3909 pt>

2950 3921 3085 4004 puli
3123 3919 3336 4001 verba,
3373 3921 3604 4005 quibus
3638 3924 3983 3988 confitetur
4015 3943 4262 3989 novum
4296 3921 4479 3987 istud
4513 3924 4787 4005 pacatum,

2948 4005 3120 4090 quod
3172 4006 3492 4072 adiecerat
3547 4006 3630 4071 ad
3684 4006 4036 4090 superiora,
4101 4028 4322 4092 regem
4382 4002 4667 4091 petendo,
4709 4014 4786 4099 qu?

2949 4111 3253 4177 magnam
3304 4089 3910 4158 condemnationem
3953 4093 4025 4158 in
4067 4114 4138 4159 se
4260 4099 4600 4158 rtraxerat.
4672 4086 4789 4150 Dm

2947 4178 3166 4260 itaque
3231 4195 3534 4260 magnam
3597 4177 3778 4244 illam
3843 4178 4046 4244 fuisse
4110 4199 4150 4243 o
4238 4198 4448 4255 usam,
4512 4171 4661 4259 quod
4704 4186 4788 4235 nun

2949 4263 3237 4330 contenti
3294 4270 3469 4328 statu
3520 4264 3753 4347 priore,
3813 4264 3883 4329 in
3948 4283 4073 4347 quo
4134 4263 4317 4330 Deus
4374 4263 4525 4328 illos
4564 4280 4686 4357 esse
4716 4276 4787 4317 vo·

2948 4350 3176 4426 luerat,
3244 4368 3464 4432 regem
3528 4349 3653 4413 sibi
3717 4349 3859 4415 dari
3920 4356 4300 4434 expetentes
4364 4350 4533 4414 iram
4570 4345 4679 4409 Dm
4709 4340 4785 4402 w

2948 4435 3202 4500 ratione
3242 4433 3313 4497 in
3349 4454 3420 4499 se
3453 4441 3930 4516 provocassent.
4019 4434 4464 4500 Nihilominus
4500 4425 4789 4499 Samuelem

2948 4529 3200 4604 rogant,
3242 4528 3318 4583 ut
3351 4538 3470 4600 pro
3503 4538 3576 4584 se
3607 4521 3779 4603 apud
3815 4519 4034 4587 Deum
4070 4519 4400 4586 interceda
4489 4517 4789 4591 veniamque

2950 4604 3348 4688 deprecetur,
3403 4624 3489 4669 ne
3532 4607 3914 4672 moriantur.
4001 4606 4084 4671 In
4125 4607 4352 4690 primis
4394 4626 4436 4670 o
4548 4595 4790 4666 rvandum

2947 4702 3065 4768 est,
3111 4690 3423 4773 populum
3466 4710 3507 4753 a
3541 4689 3851 4756 Samuele
3884 4698 4122 4775 petere,
4167 4702 4240 4756 ut
4274 4692 4440 4754 iram
4479 4686 4600 4754 Dei
4628 4683 4788 4767 planet

2947 4775 3843 4943 ειῃιορῖὲῖεωῑεῑιθιιεῖέ
3864 4778 4256 4928 36330333
4298 4767 4789 4928 {trizene

2948 4947 3198 5030 Nempe
3242 4945 3458 5012 Deum
3502 4946 3626 5012 sibi
3666 4949 3988 5015 offensum
4023 4954 4336 5015 senserat.
4425 4942 4608 5012 Unde
4636 4937 4787 5004 obser·

2947 5032 3251 5111 vandum,
3307 5031 3815 5118 quotiescunque
3854 5035 4038 5101 Deus
4078 5035 4214 5099 irae
4251 5054 4407 5099 suae
4448 5032 4680 5116 signum
4712 5019 4786 5084 ⁸¹1·

2949 5116 3122 5200 quod
3189 5118 3472 5198 exhibet,
3541 5129 3817 5186 mortem
3877 5141 4018 5187 esse
4073 5119 4260 5185 nobis
4316 5128 4612 5200 tanquam
4658 5124 4785 5207 prffl’

2947 5211 3201 5269 sentem
3244 5203 3677 5271 metuendam.
3765 5205 3904 5272 Nae
3945 5206 4318 5289 quicunque
4359 5204 4618 5270 alicuius
4650 5197 4784 5263 Pru*
