<?xml version="1.0" encoding="UTF-8"?>
<!DOCTYPE html PUBLIC "-//W3C//DTD XHTML 1.0 Transitional//EN"
    "http://www.w3.org/TR/xhtml1/DTD/xhtml1-transitional.dtd">
<html xmlns="http://www.w3.org/1999/xhtml" xml:lang="en" lang="en">
 <head>
  <title>
</title>
<meta http-equiv="Content-Type" content="text/html;charset=utf-8" />
  <meta name='ocr-system' content='tesseract 3.04.00' />
  <meta name='ocr-capabilities' content='ocr_page ocr_carea ocr_par ocr_line ocrx_word'/>
</head>
<body>
  <div class='ocr_page' id='page_1' title='image "./ioanniscalvinio07unkngoog_0487.png"; bbox 0 0 5059 6059; ppageno 0'>
   <div class='ocr_carea' id='block_1_1' title="bbox 292 293 4256 378">
    <p class='ocr_par' dir='ltr' id='par_1_1' title="bbox 292 293 4256 378">
     <span class='ocr_line' id='line_1_1' title="bbox 292 293 4256 378; baseline 0 -14"><span class='ocrx_word' id='word_1_1' title='bbox 292 294 403 364; x_wconf 85' lang='lat'>101</span> <span class='ocrx_word' id='word_1_2' title='bbox 1614 293 1713 361; x_wconf 87' lang='lat' dir='ltr'>IN</span> <span class='ocrx_word' id='word_1_3' title='bbox 1758 294 1812 361; x_wconf 93' lang='lat'>1.</span> <span class='ocrx_word' id='word_1_4' title='bbox 1857 295 2038 368; x_wconf 88' lang='lat' dir='ltr'>LIB.</span> <span class='ocrx_word' id='word_1_5' title='bbox 2087 294 2486 368; x_wconf 73' lang='lat' dir='ltr'>SAMUEL.</span> <span class='ocrx_word' id='word_1_6' title='bbox 2531 297 2731 366; x_wconf 76' lang='lat' dir='ltr'>CAP.</span> <span class='ocrx_word' id='word_1_7' title='bbox 2777 299 2933 364; x_wconf 83' lang='lat' dir='ltr'>XV.</span> <span class='ocrx_word' id='word_1_8' title='bbox 4128 309 4256 378; x_wconf 77' lang='lat'>202</span> 
     </span>
    </p>
   </div>
   <div class='ocr_carea' id='block_1_2' title="bbox 237 483 2216 5034">
    <p class='ocr_par' dir='ltr' id='par_1_2' title="bbox 237 483 2213 1682">
     <span class='ocr_line' id='line_1_2' title="bbox 287 483 2212 554; baseline 0 -2"><span class='ocrx_word' id='word_1_9' title='bbox 287 487 424 552; x_wconf 86' lang='lat' dir='ltr'>eius</span> <span class='ocrx_word' id='word_1_10' title='bbox 465 504 505 549; x_wconf 90' lang='lat' dir='ltr'>a</span> <span class='ocrx_word' id='word_1_11' title='bbox 607 503 689 549; x_wconf 89' lang='lat' dir='ltr'>uo</span> <span class='ocrx_word' id='word_1_12' title='bbox 747 485 983 552; x_wconf 85' lang='lat' dir='ltr'>missus</span> <span class='ocrx_word' id='word_1_13' title='bbox 1041 494 1144 552; x_wconf 85' lang='lat' dir='ltr'>est</span> <span class='ocrx_word' id='word_1_14' title='bbox 1198 485 1603 552; x_wconf 80' lang='lat' dir='ltr'>voluntatem</span> <span class='ocrx_word' id='word_1_15' title='bbox 1651 484 1815 550; x_wconf 86' lang='lat' dir='ltr'>nihil</span> <span class='ocrx_word' id='word_1_16' title='bbox 1877 483 2051 554; x_wconf 85' lang='lat' dir='ltr'>dicat</span> <span class='ocrx_word' id='word_1_17' title='bbox 2095 494 2212 552; x_wconf 86' lang='lat' dir='ltr'>aut</span> 
     </span>
     <span class='ocr_line' id='line_1_3' title="bbox 285 568 2210 655; baseline 0 -17"><span class='ocrx_word' id='word_1_18' title='bbox 285 569 491 638; x_wconf 74' lang='lat' dir='ltr'>faciat.</span> <span class='ocrx_word' id='word_1_19' title='bbox 635 568 714 636; x_wconf 89' lang='lat' dir='ltr'>ed</span> <span class='ocrx_word' id='word_1_20' title='bbox 773 570 892 638; x_wconf 89' lang='lat' dir='ltr'>hoc</span> <span class='ocrx_word' id='word_1_21' title='bbox 943 571 1010 644; x_wconf 81' lang='lat' dir='ltr'>in</span> <span class='ocrx_word' id='word_1_22' title='bbox 1073 569 1302 654; x_wconf 80' lang='lat' dir='ltr'>primis</span> <span class='ocrx_word' id='word_1_23' title='bbox 1364 571 1542 636; x_wconf 86' lang='lat' dir='ltr'>verbi</span> <span class='ocrx_word' id='word_1_24' title='bbox 1608 569 1817 638; x_wconf 82' lang='lat' dir='ltr'>divini</span> <span class='ocrx_word' id='word_1_25' title='bbox 1861 591 2210 655; x_wconf 76' lang='lat' dir='ltr'><strong>praecones</strong></span> 
     </span>
     <span class='ocr_line' id='line_1_4' title="bbox 285 656 2211 740; baseline 0.001 -16"><span class='ocrx_word' id='word_1_26' title='bbox 285 657 576 740; x_wconf 80' lang='lat' dir='ltr'>respicit,</span> <span class='ocrx_word' id='word_1_27' title='bbox 644 677 805 739; x_wconf 88' lang='lat' dir='ltr'>quos</span> <span class='ocrx_word' id='word_1_28' title='bbox 860 657 1057 724; x_wconf 85' lang='lat' dir='ltr'>etiam</span> <span class='ocrx_word' id='word_1_29' title='bbox 1111 657 1166 722; x_wconf 91' lang='lat' dir='ltr'>si</span> <span class='ocrx_word' id='word_1_30' title='bbox 1226 678 1373 722; x_wconf 92' lang='lat' dir='ltr'>cum</span> <span class='ocrx_word' id='word_1_31' title='bbox 1434 656 1811 739; x_wconf 84' lang='lat' dir='ltr'>parentibus</span> <span class='ocrx_word' id='word_1_32' title='bbox 1864 671 1932 722; x_wconf 90' lang='lat' dir='ltr'>et</span> <span class='ocrx_word' id='word_1_33' title='bbox 1988 658 2211 725; x_wconf 88' lang='lat' dir='ltr'>amicis</span> 
     </span>
     <span class='ocr_line' id='line_1_5' title="bbox 285 742 2213 825; baseline 0 -15"><span class='ocrx_word' id='word_1_34' title='bbox 285 743 534 810; x_wconf 84' lang='lat' dir='ltr'>intimis</span> <span class='ocrx_word' id='word_1_35' title='bbox 579 762 683 808; x_wconf 86' lang='lat' dir='ltr'>res</span> <span class='ocrx_word' id='word_1_36' title='bbox 723 742 858 807; x_wconf 87' lang='lat' dir='ltr'>illis</span> <span class='ocrx_word' id='word_1_37' title='bbox 899 744 1007 825; x_wconf 88' lang='lat' dir='ltr'>sit,</span> <span class='ocrx_word' id='word_1_38' title='bbox 1070 742 1266 810; x_wconf 87' lang='lat' dir='ltr'>nullis</span> <span class='ocrx_word' id='word_1_39' title='bbox 1312 754 1529 808; x_wconf 89' lang='lat' dir='ltr'>tamen</span> <span class='ocrx_word' id='word_1_40' title='bbox 1575 742 1834 808; x_wconf 89' lang='lat' dir='ltr'>illorum</span> <span class='ocrx_word' id='word_1_41' title='bbox 1880 742 2213 810; x_wconf 89' lang='lat' dir='ltr'>blanditiis</span> 
     </span>
     <span class='ocr_line' id='line_1_6' title="bbox 285 827 2212 912; baseline -0.001 -16"><span class='ocrx_word' id='word_1_42' title='bbox 285 830 470 904; x_wconf 81' lang='lat' dir='ltr'>flocti,</span> <span class='ocrx_word' id='word_1_43' title='bbox 513 848 726 910; x_wconf 85' lang='lat' dir='ltr'>neque</span> <span class='ocrx_word' id='word_1_44' title='bbox 772 827 851 894; x_wconf 91' lang='lat' dir='ltr'>de</span> <span class='ocrx_word' id='word_1_45' title='bbox 897 827 1120 896; x_wconf 85' lang='lat' dir='ltr'>divina</span> <span class='ocrx_word' id='word_1_46' title='bbox 1161 829 1511 894; x_wconf 82' lang='lat' dir='ltr'>severitate</span> <span class='ocrx_word' id='word_1_47' title='bbox 1554 827 1904 910; x_wconf 77' lang='lat' dir='ltr'><strong>quidquam</strong></span> <span class='ocrx_word' id='word_1_48' title='bbox 1964 841 2212 912; x_wconf 78' lang='lat' dir='ltr'><strong>oportet</strong></span> 
     </span>
     <span class='ocr_line' id='line_1_7' title="bbox 285 912 2213 999; baseline -0.001 -17"><span class='ocrx_word' id='word_1_49' title='bbox 285 917 644 982; x_wconf 74' lang='lat' dir='ltr'>remittere:</span> <span class='ocrx_word' id='word_1_50' title='bbox 712 912 823 980; x_wconf 89' lang='lat' dir='ltr'>sed</span> <span class='ocrx_word' id='word_1_51' title='bbox 888 916 1105 998; x_wconf 87' lang='lat' dir='ltr'>potius</span> <span class='ocrx_word' id='word_1_52' title='bbox 1169 912 1484 980; x_wconf 87' lang='lat' dir='ltr'>adversus</span> <span class='ocrx_word' id='word_1_53' title='bbox 1542 913 1866 998; x_wconf 90' lang='lat' dir='ltr'>improbos</span> <span class='ocrx_word' id='word_1_54' title='bbox 1923 927 1990 981; x_wconf 91' lang='lat' dir='ltr'>et</span> <span class='ocrx_word' id='word_1_55' title='bbox 2032 915 2213 999; x_wconf 84' lang='lat' dir='ltr'>flagi-</span> 
     </span>
     <span class='ocr_line' id='line_1_8' title="bbox 286 999 2211 1083; baseline -0.001 -16"><span class='ocrx_word' id='word_1_56' title='bbox 286 1003 478 1067; x_wconf 87' lang='lat' dir='ltr'>tiosos</span> <span class='ocrx_word' id='word_1_57' title='bbox 502 1003 597 1068; x_wconf 84' lang='lat' dir='ltr'>uti</span> <span class='ocrx_word' id='word_1_58' title='bbox 620 999 1234 1066; x_wconf 88' lang='lat' dir='ltr'>comminationibus</span> <span class='ocrx_word' id='word_1_59' title='bbox 1256 1011 1324 1066; x_wconf 85' lang='lat' dir='ltr'>et</span> <span class='ocrx_word' id='word_1_60' title='bbox 1347 999 1961 1081; x_wconf 71' lang='lat' dir='ltr'>reprehensionibus</span> <span class='ocrx_word' id='word_1_61' title='bbox 1995 1021 2211 1083; x_wconf 87' lang='lat' dir='ltr'>asper·</span> 
     </span>
     <span class='ocr_line' id='line_1_9' title="bbox 285 1084 2212 1170; baseline -0.001 -16"><span class='ocrx_word' id='word_1_62' title='bbox 285 1089 482 1163; x_wconf 87' lang='lat' dir='ltr'>rimis,</span> <span class='ocrx_word' id='word_1_63' title='bbox 539 1102 604 1152; x_wconf 79' lang='lat' dir='ltr'>et</span> <span class='ocrx_word' id='word_1_64' title='bbox 659 1086 728 1150; x_wconf 91' lang='lat' dir='ltr'>in</span> <span class='ocrx_word' id='word_1_65' title='bbox 788 1086 1015 1170; x_wconf 85' lang='lat' dir='ltr'>primis</span> <span class='ocrx_word' id='word_1_66' title='bbox 1059 1084 1372 1152; x_wconf 86' lang='lat' dir='ltr'>adversus</span> <span class='ocrx_word' id='word_1_67' title='bbox 1435 1107 1542 1152; x_wconf 88' lang='lat' dir='ltr'>cos</span> <span class='ocrx_word' id='word_1_68' title='bbox 1586 1085 1697 1167; x_wconf 86' lang='lat' dir='ltr'>qui</span> <span class='ocrx_word' id='word_1_69' title='bbox 1743 1087 1809 1152; x_wconf 87' lang='lat' dir='ltr'>in</span> <span class='ocrx_word' id='word_1_70' title='bbox 1855 1087 2212 1169; x_wconf 87' lang='lat' dir='ltr'>pertinacia</span> 
     </span>
     <span class='ocr_line' id='line_1_10' title="bbox 283 1170 2210 1242; baseline -0.001 -3"><span class='ocrx_word' id='word_1_71' title='bbox 283 1173 758 1242; x_wconf 86' lang='lat' dir='ltr'>occallueruut:</span> <span class='ocrx_word' id='word_1_72' title='bbox 819 1194 900 1238; x_wconf 89' lang='lat' dir='ltr'>ne</span> <span class='ocrx_word' id='word_1_73' title='bbox 957 1172 1105 1236; x_wconf 79' lang='lat' dir='ltr'>illos</span> <span class='ocrx_word' id='word_1_74' title='bbox 1162 1191 1282 1236; x_wconf 87' lang='lat' dir='ltr'>sua</span> <span class='ocrx_word' id='word_1_75' title='bbox 1336 1170 1605 1235; x_wconf 79' lang='lat' dir='ltr'>lenitate</span> <span class='ocrx_word' id='word_1_76' title='bbox 1661 1171 1766 1236; x_wconf 85' lang='lat' dir='ltr'>vel</span> <span class='ocrx_word' id='word_1_77' title='bbox 1827 1171 2085 1236; x_wconf 87' lang='lat' dir='ltr'>silentio</span> <span class='ocrx_word' id='word_1_78' title='bbox 2143 1173 2210 1238; x_wconf 89' lang='lat' dir='ltr'>in</span> 
     </span>
     <span class='ocr_line' id='line_1_11' title="bbox 281 1255 2209 1338; baseline 0 -14"><span class='ocrx_word' id='word_1_79' title='bbox 281 1271 552 1324; x_wconf 84' lang='lat' dir='ltr'>mortem</span> <span class='ocrx_word' id='word_1_80' title='bbox 601 1257 887 1322; x_wconf 86' lang='lat' dir='ltr'>trahant.</span> <span class='ocrx_word' id='word_1_81' title='bbox 949 1255 1391 1338; x_wconf 78' lang='lat' dir='ltr'>Quamobrem</span> <span class='ocrx_word' id='word_1_82' title='bbox 1427 1256 1711 1322; x_wconf 87' lang='lat' dir='ltr'>officium</span> <span class='ocrx_word' id='word_1_83' title='bbox 1759 1269 1862 1324; x_wconf 89' lang='lat' dir='ltr'>est</span> <span class='ocrx_word' id='word_1_84' title='bbox 1905 1278 2209 1324; x_wconf 88' lang='lat' dir='ltr'>verorum</span> 
     </span>
     <span class='ocr_line' id='line_1_12' title="bbox 282 1340 2210 1428; baseline -0.001 -18"><span class='ocrx_word' id='word_1_85' title='bbox 282 1355 616 1428; x_wconf 81' lang='lat' dir='ltr'>pastorum</span> <span class='ocrx_word' id='word_1_86' title='bbox 663 1341 1069 1426; x_wconf 76' lang='lat' dir='ltr'>fidoi-umque</span> <span class='ocrx_word' id='word_1_87' title='bbox 1111 1340 1241 1407; x_wconf 91' lang='lat' dir='ltr'>Dei</span> <span class='ocrx_word' id='word_1_88' title='bbox 1296 1362 1660 1421; x_wconf 82' lang='lat' dir='ltr'>servorum,</span> <span class='ocrx_word' id='word_1_89' title='bbox 1715 1343 1953 1425; x_wconf 85' lang='lat' dir='ltr'>quibus</span> <span class='ocrx_word' id='word_1_90' title='bbox 1996 1343 2063 1410; x_wconf 88' lang='lat' dir='ltr'>in</span> <span class='ocrx_word' id='word_1_91' title='bbox 2109 1363 2210 1408; x_wconf 87' lang='lat' dir='ltr'>ec-</span> 
     </span>
     <span class='ocr_line' id='line_1_13' title="bbox 282 1425 2210 1508; baseline -0.001 -12"><span class='ocrx_word' id='word_1_92' title='bbox 282 1430 478 1496; x_wconf 87' lang='lat' dir='ltr'>clesia</span> <span class='ocrx_word' id='word_1_93' title='bbox 520 1425 795 1496; x_wconf 80' lang='lat' dir='ltr'>docendi</span> <span class='ocrx_word' id='word_1_94' title='bbox 828 1448 983 1494; x_wconf 89' lang='lat' dir='ltr'>cura</span> <span class='ocrx_word' id='word_1_95' title='bbox 1026 1426 1419 1496; x_wconf 82' lang='lat' dir='ltr'>demandata</span> <span class='ocrx_word' id='word_1_96' title='bbox 1450 1437 1567 1508; x_wconf 87' lang='lat' dir='ltr'>est,</span> <span class='ocrx_word' id='word_1_97' title='bbox 1605 1427 2021 1494; x_wconf 84' lang='lat' dir='ltr'>vehementer</span> <span class='ocrx_word' id='word_1_98' title='bbox 2041 1429 2210 1494; x_wconf 86' lang='lat' dir='ltr'>affici</span> 
     </span>
     <span class='ocr_line' id='line_1_14' title="bbox 279 1512 2202 1596; baseline -0.003 -13"><span class='ocrx_word' id='word_1_99' title='bbox 279 1527 351 1583; x_wconf 89' lang='lat' dir='ltr'>et</span> <span class='ocrx_word' id='word_1_100' title='bbox 406 1513 622 1582; x_wconf 77' lang='lat' dir='ltr'>dolere</span> <span class='ocrx_word' id='word_1_101' title='bbox 674 1513 798 1580; x_wconf 88' lang='lat' dir='ltr'>sibi</span> <span class='ocrx_word' id='word_1_102' title='bbox 854 1513 1264 1580; x_wconf 85' lang='lat' dir='ltr'>commissam</span> <span class='ocrx_word' id='word_1_103' title='bbox 1319 1512 1576 1596; x_wconf 81' lang='lat' dir='ltr'>plebem</span> <span class='ocrx_word' id='word_1_104' title='bbox 1622 1513 1915 1580; x_wconf 83' lang='lat' dir='ltr'>videntes</span> <span class='ocrx_word' id='word_1_105' title='bbox 1959 1517 2021 1582; x_wconf 83' lang='lat' dir='ltr'>in</span> <span class='ocrx_word' id='word_1_106' title='bbox 2072 1513 2202 1579; x_wconf 76' lang='lat' dir='ltr'>exi-</span> 
     </span>
     <span class='ocr_line' id='line_1_15' title="bbox 237 1597 2210 1682; baseline -0.002 -14"><span class='ocrx_word' id='word_1_107' title='bbox 237 1602 441 1668; x_wconf 80' lang='lat' dir='ltr'>‘tium</span> <span class='ocrx_word' id='word_1_108' title='bbox 500 1620 707 1679; x_wconf 88' lang='lat' dir='ltr'>ruere,</span> <span class='ocrx_word' id='word_1_109' title='bbox 763 1609 829 1664; x_wconf 87' lang='lat' dir='ltr'>et</span> <span class='ocrx_word' id='word_1_110' title='bbox 885 1611 1144 1664; x_wconf 83' lang='lat' dir='ltr'>causam</span> <span class='ocrx_word' id='word_1_111' title='bbox 1203 1597 1465 1664; x_wconf 88' lang='lat' dir='ltr'>illorum</span> <span class='ocrx_word' id='word_1_112' title='bbox 1525 1598 1696 1682; x_wconf 87' lang='lat' dir='ltr'>apud</span> <span class='ocrx_word' id='word_1_113' title='bbox 1739 1597 1956 1666; x_wconf 89' lang='lat' dir='ltr'>Deum</span> <span class='ocrx_word' id='word_1_114' title='bbox 1998 1621 2210 1682; x_wconf 84' lang='lat' dir='ltr'>agere,</span> 
     </span>
    </p>

    <p class='ocr_par' dir='ltr' id='par_1_3' title="bbox 251 1683 2216 4084">
     <span class='ocr_line' id='line_1_16' title="bbox 329 1683 2210 1769; baseline 0 -19"><span class='ocrx_word' id='word_1_115' title='bbox 329 1685 707 1769; x_wconf 72' lang='lat' dir='ltr'>renibusque</span> <span class='ocrx_word' id='word_1_116' title='bbox 741 1705 859 1768; x_wconf 88' lang='lat' dir='ltr'>pro</span> <span class='ocrx_word' id='word_1_117' title='bbox 896 1684 1104 1750; x_wconf 85' lang='lat' dir='ltr'>salute</span> <span class='ocrx_word' id='word_1_118' title='bbox 1139 1684 1362 1767; x_wconf 89' lang='lat' dir='ltr'>populi</span> <span class='ocrx_word' id='word_1_119' title='bbox 1401 1683 1754 1749; x_wconf 89' lang='lat' dir='ltr'>sollicitare</span> <span class='ocrx_word' id='word_1_120' title='bbox 1789 1704 1906 1768; x_wconf 88' lang='lat' dir='ltr'>pro</span> <span class='ocrx_word' id='word_1_121' title='bbox 1945 1685 2210 1750; x_wconf 89' lang='lat' dir='ltr'>viribus.</span> 
     </span>
     <span class='ocr_line' id='line_1_17' title="bbox 275 1710 2211 1854; baseline -0.002 -15"><span class='ocrx_word' id='word_1_122' title='bbox 275 1710 374 1839; x_wconf 54' lang='lat' dir='ltr'>fit</span> <span class='ocrx_word' id='word_1_123' title='bbox 431 1770 853 1838; x_wconf 89' lang='lat' dir='ltr'>nihilominus</span> <span class='ocrx_word' id='word_1_124' title='bbox 912 1779 1129 1835; x_wconf 90' lang='lat' dir='ltr'>tamen</span> <span class='ocrx_word' id='word_1_125' title='bbox 1192 1769 1358 1836; x_wconf 83' lang='lat' dir='ltr'><strong>nihil</strong></span> <span class='ocrx_word' id='word_1_126' title='bbox 1405 1767 1485 1834; x_wconf 90' lang='lat' dir='ltr'>de</span> <span class='ocrx_word' id='word_1_127' title='bbox 1528 1767 1724 1836; x_wconf 85' lang='lat' dir='ltr'>officii</span> <span class='ocrx_word' id='word_1_128' title='bbox 1770 1771 1869 1835; x_wconf 91' lang='lat' dir='ltr'>sui</span> <span class='ocrx_word' id='word_1_129' title='bbox 1916 1771 2211 1854; x_wconf 86' lang='lat' dir='ltr'>partibus</span> 
     </span>
     <span class='ocr_line' id='line_1_18' title="bbox 275 1853 2212 1940; baseline -0.002 -15"><span class='ocrx_word' id='word_1_130' title='bbox 275 1859 630 1936; x_wconf 83' lang='lat' dir='ltr'>remittere,</span> <span class='ocrx_word' id='word_1_131' title='bbox 679 1876 886 1938; x_wconf 87' lang='lat' dir='ltr'>neque</span> <span class='ocrx_word' id='word_1_132' title='bbox 922 1855 1072 1922; x_wconf 89' lang='lat' dir='ltr'>ullis</span> <span class='ocrx_word' id='word_1_133' title='bbox 1107 1857 1340 1921; x_wconf 86' lang='lat' dir='ltr'>terreri</span> <span class='ocrx_word' id='word_1_134' title='bbox 1377 1853 1714 1922; x_wconf 84' lang='lat' dir='ltr'>hominum</span> <span class='ocrx_word' id='word_1_135' title='bbox 1751 1856 1964 1936; x_wconf 92' lang='lat' dir='ltr'>minis,</span> <span class='ocrx_word' id='word_1_136' title='bbox 2001 1877 2212 1940; x_wconf 89' lang='lat' dir='ltr'>neque</span> 
     </span>
     <span class='ocr_line' id='line_1_19' title="bbox 275 1939 2211 2026; baseline -0.002 -14"><span class='ocrx_word' id='word_1_137' title='bbox 275 1955 553 2012; x_wconf 83' lang='lat' dir='ltr'>externa</span> <span class='ocrx_word' id='word_1_138' title='bbox 605 1942 848 2026; x_wconf 85' lang='lat' dir='ltr'>specie:</span> <span class='ocrx_word' id='word_1_139' title='bbox 909 1941 1021 2006; x_wconf 91' lang='lat' dir='ltr'>sed</span> <span class='ocrx_word' id='word_1_140' title='bbox 1086 1939 1457 2008; x_wconf 82' lang='lat' dir='ltr'>vehementi</span> <span class='ocrx_word' id='word_1_141' title='bbox 1517 1940 1736 2008; x_wconf 87' lang='lat' dir='ltr'>studio</span> <span class='ocrx_word' id='word_1_142' title='bbox 1794 1942 2041 2024; x_wconf 90' lang='lat' dir='ltr'>gloriae</span> <span class='ocrx_word' id='word_1_143' title='bbox 2086 1942 2211 2008; x_wconf 86' lang='lat' dir='ltr'>Dei</span> 
     </span>
     <span class='ocr_line' id='line_1_20' title="bbox 274 2025 2212 2110; baseline -0.004 -12"><span class='ocrx_word' id='word_1_144' title='bbox 274 2029 466 2098; x_wconf 85' lang='lat' dir='ltr'>duci:</span> <span class='ocrx_word' id='word_1_145' title='bbox 520 2040 587 2098; x_wconf 88' lang='lat' dir='ltr'>et</span> <span class='ocrx_word' id='word_1_146' title='bbox 644 2028 848 2110; x_wconf 88' lang='lat' dir='ltr'>ipsius</span> <span class='ocrx_word' id='word_1_147' title='bbox 904 2025 1143 2093; x_wconf 90' lang='lat' dir='ltr'>iudicia</span> <span class='ocrx_word' id='word_1_148' title='bbox 1201 2026 1614 2109; x_wconf 88' lang='lat' dir='ltr'>peccantibus</span> <span class='ocrx_word' id='word_1_149' title='bbox 1674 2026 2080 2108; x_wconf 86' lang='lat' dir='ltr'>denuntiare,</span> <span class='ocrx_word' id='word_1_150' title='bbox 2146 2038 2212 2091; x_wconf 88' lang='lat' dir='ltr'>et</span> 
     </span>
     <span class='ocr_line' id='line_1_21' title="bbox 272 2111 2214 2194; baseline -0.003 -11"><span class='ocrx_word' id='word_1_151' title='bbox 272 2136 508 2184; x_wconf 77' lang='lat' dir='ltr'>severe</span> <span class='ocrx_word' id='word_1_152' title='bbox 572 2112 829 2180; x_wconf 90' lang='lat' dir='ltr'>eosdem</span> <span class='ocrx_word' id='word_1_153' title='bbox 888 2113 1244 2194; x_wconf 89' lang='lat' dir='ltr'>increpare.</span> <span class='ocrx_word' id='word_1_154' title='bbox 1333 2111 1518 2178; x_wconf 88' lang='lat' dir='ltr'>Haec</span> <span class='ocrx_word' id='word_1_155' title='bbox 1575 2112 1747 2177; x_wconf 91' lang='lat' dir='ltr'>enim</span> <span class='ocrx_word' id='word_1_156' title='bbox 1806 2133 1964 2178; x_wconf 90' lang='lat' dir='ltr'>sane</span> <span class='ocrx_word' id='word_1_157' title='bbox 2021 2112 2214 2178; x_wconf 89' lang='lat' dir='ltr'>unica</span> 
     </span>
     <span class='ocr_line' id='line_1_22' title="bbox 273 2197 2212 2282; baseline -0.003 -14"><span class='ocrx_word' id='word_1_158' title='bbox 273 2204 451 2268; x_wconf 86' lang='lat' dir='ltr'>ratio</span> <span class='ocrx_word' id='word_1_159' title='bbox 515 2213 614 2267; x_wconf 90' lang='lat' dir='ltr'>est</span> <span class='ocrx_word' id='word_1_160' title='bbox 675 2198 825 2264; x_wconf 91' lang='lat' dir='ltr'>illos</span> <span class='ocrx_word' id='word_1_161' title='bbox 883 2219 922 2264; x_wconf 90' lang='lat' dir='ltr'>e</span> <span class='ocrx_word' id='word_1_162' title='bbox 977 2197 1284 2280; x_wconf 89' lang='lat' dir='ltr'>periculis</span> <span class='ocrx_word' id='word_1_163' title='bbox 1338 2199 1406 2262; x_wconf 92' lang='lat' dir='ltr'>in</span> <span class='ocrx_word' id='word_1_164' title='bbox 1473 2217 1637 2280; x_wconf 88' lang='lat' dir='ltr'>quae</span> <span class='ocrx_word' id='word_1_165' title='bbox 1704 2219 1775 2263; x_wconf 84' lang='lat' dir='ltr'>se</span> <span class='ocrx_word' id='word_1_166' title='bbox 1823 2199 2212 2282; x_wconf 72' lang='lat' dir='ltr'>conficiunt,</span> 
     </span>
     <span class='ocr_line' id='line_1_23' title="bbox 271 2282 2212 2366; baseline -0.003 -11"><span class='ocrx_word' id='word_1_167' title='bbox 271 2290 480 2355; x_wconf 83' lang='lat' dir='ltr'>immo</span> <span class='ocrx_word' id='word_1_168' title='bbox 521 2309 604 2352; x_wconf 83' lang='lat' dir='ltr'>ex</span> <span class='ocrx_word' id='word_1_169' title='bbox 647 2284 880 2350; x_wconf 87' lang='lat' dir='ltr'>ultimo</span> <span class='ocrx_word' id='word_1_170' title='bbox 926 2284 1146 2363; x_wconf 83' lang='lat' dir='ltr'>exitio,</span> <span class='ocrx_word' id='word_1_171' title='bbox 1200 2282 1555 2366; x_wconf 88' lang='lat' dir='ltr'>eripiendi:</span> <span class='ocrx_word' id='word_1_172' title='bbox 1613 2305 1813 2366; x_wconf 93' lang='lat' dir='ltr'>quum</span> <span class='ocrx_word' id='word_1_173' title='bbox 1871 2295 2098 2350; x_wconf 88' lang='lat' dir='ltr'>contra</span> <span class='ocrx_word' id='word_1_174' title='bbox 2155 2284 2212 2350; x_wconf 90' lang='lat' dir='ltr'>si</span> 
     </span>
     <span class='ocr_line' id='line_1_24' title="bbox 273 2368 2213 2444; baseline -0.003 -4"><span class='ocrx_word' id='word_1_175' title='bbox 273 2375 364 2440; x_wconf 89' lang='lat' dir='ltr'>de</span> <span class='ocrx_word' id='word_1_176' title='bbox 409 2372 760 2439; x_wconf 83' lang='lat' dir='ltr'>severitate</span> <span class='ocrx_word' id='word_1_177' title='bbox 802 2370 911 2435; x_wconf 75' lang='lat' dir='ltr'>vel</span> <span class='ocrx_word' id='word_1_178' title='bbox 957 2368 1282 2436; x_wconf 85' lang='lat' dir='ltr'>tantillum</span> <span class='ocrx_word' id='word_1_179' title='bbox 1328 2371 1721 2444; x_wconf 79' lang='lat' dir='ltr'>remittatur,</span> <span class='ocrx_word' id='word_1_180' title='bbox 1764 2383 1832 2436; x_wconf 91' lang='lat' dir='ltr'>et</span> <span class='ocrx_word' id='word_1_181' title='bbox 1874 2369 1955 2434; x_wconf 90' lang='lat' dir='ltr'>iis</span> <span class='ocrx_word' id='word_1_182' title='bbox 2000 2369 2213 2436; x_wconf 87' lang='lat' dir='ltr'>indul-</span> 
     </span>
     <span class='ocr_line' id='line_1_25' title="bbox 265 2454 2212 2545; baseline -0.003 -20"><span class='ocrx_word' id='word_1_183' title='bbox 265 2473 512 2545; x_wconf 83' lang='lat' dir='ltr'>geatur</span> <span class='ocrx_word' id='word_1_184' title='bbox 554 2458 667 2540; x_wconf 90' lang='lat' dir='ltr'>qui</span> <span class='ocrx_word' id='word_1_185' title='bbox 711 2456 838 2521; x_wconf 90' lang='lat' dir='ltr'>Dei</span> <span class='ocrx_word' id='word_1_186' title='bbox 899 2454 1216 2523; x_wconf 89' lang='lat' dir='ltr'>adversus</span> <span class='ocrx_word' id='word_1_187' title='bbox 1259 2476 1330 2518; x_wconf 90' lang='lat' dir='ltr'>se</span> <span class='ocrx_word' id='word_1_188' title='bbox 1389 2454 1553 2522; x_wconf 88' lang='lat' dir='ltr'>iram</span> <span class='ocrx_word' id='word_1_189' title='bbox 1615 2464 2076 2538; x_wconf 82' lang='lat' dir='ltr'>provocarunt,</span> <span class='ocrx_word' id='word_1_190' title='bbox 2135 2476 2212 2520; x_wconf 91' lang='lat' dir='ltr'>ea</span> 
     </span>
     <span class='ocr_line' id='line_1_26' title="bbox 268 2538 2213 2628; baseline -0.004 -16"><span class='ocrx_word' id='word_1_191' title='bbox 268 2543 685 2628; x_wconf 82' lang='lat' dir='ltr'>indulgentia</span> <span class='ocrx_word' id='word_1_192' title='bbox 732 2542 820 2607; x_wconf 88' lang='lat' dir='ltr'>sit</span> <span class='ocrx_word' id='word_1_193' title='bbox 865 2541 1071 2605; x_wconf 80' lang='lat' dir='ltr'>veluti</span> <span class='ocrx_word' id='word_1_194' title='bbox 1115 2538 1375 2625; x_wconf 79' lang='lat' dir='ltr'>gladius</span> <span class='ocrx_word' id='word_1_195' title='bbox 1418 2540 1529 2623; x_wconf 91' lang='lat' dir='ltr'>qui</span> <span class='ocrx_word' id='word_1_196' title='bbox 1586 2539 1656 2606; x_wconf 89' lang='lat' dir='ltr'>in</span> <span class='ocrx_word' id='word_1_197' title='bbox 1707 2542 1929 2607; x_wconf 83' lang='lat' dir='ltr'>furiosi</span> <span class='ocrx_word' id='word_1_198' title='bbox 1976 2562 2213 2607; x_wconf 89' lang='lat' dir='ltr'>manus</span> 
     </span>
     <span class='ocr_line' id='line_1_27' title="bbox 269 2623 2209 2712; baseline -0.002 -14"><span class='ocrx_word' id='word_1_199' title='bbox 269 2630 362 2698; x_wconf 79' lang='lat' dir='ltr'>ad</span> <span class='ocrx_word' id='word_1_200' title='bbox 423 2651 492 2696; x_wconf 87' lang='lat' dir='ltr'>so</span> <span class='ocrx_word' id='word_1_201' title='bbox 543 2625 971 2712; x_wconf 84' lang='lat' dir='ltr'>iugulandum</span> <span class='ocrx_word' id='word_1_202' title='bbox 1030 2623 1358 2704; x_wconf 87' lang='lat' dir='ltr'>tradatur,</span> <span class='ocrx_word' id='word_1_203' title='bbox 1416 2637 1532 2692; x_wconf 91' lang='lat' dir='ltr'>aut</span> <span class='ocrx_word' id='word_1_204' title='bbox 1589 2625 1671 2691; x_wconf 90' lang='lat' dir='ltr'>ab</span> <span class='ocrx_word' id='word_1_205' title='bbox 1734 2628 1919 2709; x_wconf 87' lang='lat' dir='ltr'>aquis</span> <span class='ocrx_word' id='word_1_206' title='bbox 1985 2639 2209 2694; x_wconf 89' lang='lat' dir='ltr'>erutus</span> 
     </span>
     <span class='ocr_line' id='line_1_28' title="bbox 269 2711 2208 2801; baseline -0.002 -17"><span class='ocrx_word' id='word_1_207' title='bbox 269 2717 494 2801; x_wconf 85' lang='lat' dir='ltr'>magis</span> <span class='ocrx_word' id='word_1_208' title='bbox 535 2716 988 2796; x_wconf 74' lang='lat' dir='ltr'>immergatur,</span> <span class='ocrx_word' id='word_1_209' title='bbox 1045 2711 1223 2799; x_wconf 62' lang='lat' dir='ltr'>etin</span> <span class='ocrx_word' id='word_1_210' title='bbox 1272 2713 1584 2797; x_wconf 79' lang='lat' dir='ltr'>abyssum</span> <span class='ocrx_word' id='word_1_211' title='bbox 1631 2712 2208 2796; x_wconf 73' lang='lat' dir='ltr'>profundissimam</span> 
     </span>
     <span class='ocr_line' id='line_1_29' title="bbox 265 2794 2207 2882; baseline -0.003 -12"><span class='ocrx_word' id='word_1_212' title='bbox 265 2803 635 2870; x_wconf 73' lang='lat' dir='ltr'>inferorum</span> <span class='ocrx_word' id='word_1_213' title='bbox 677 2799 1104 2882; x_wconf 69' lang='lat' dir='ltr'>demergatur.</span> <span class='ocrx_word' id='word_1_214' title='bbox 1197 2794 1455 2864; x_wconf 83' lang='lat' dir='ltr'>Scimus</span> <span class='ocrx_word' id='word_1_215' title='bbox 1512 2798 1688 2865; x_wconf 87' lang='lat' dir='ltr'>enim</span> <span class='ocrx_word' id='word_1_216' title='bbox 1732 2798 1904 2876; x_wconf 85' lang='lat' dir='ltr'>hanc</span> <span class='ocrx_word' id='word_1_217' title='bbox 1949 2800 2207 2866; x_wconf 89' lang='lat' dir='ltr'>unicam</span> 
     </span>
     <span class='ocr_line' id='line_1_30' title="bbox 266 2881 2210 2967; baseline -0.003 -12"><span class='ocrx_word' id='word_1_218' title='bbox 266 2909 423 2956; x_wconf 85' lang='lat' dir='ltr'>esse</span> <span class='ocrx_word' id='word_1_219' title='bbox 465 2886 785 2951; x_wconf 90' lang='lat' dir='ltr'>rationem</span> <span class='ocrx_word' id='word_1_220' title='bbox 830 2885 1087 2948; x_wconf 83' lang='lat' dir='ltr'>veniam</span> <span class='ocrx_word' id='word_1_221' title='bbox 1124 2881 1203 2947; x_wconf 95' lang='lat' dir='ltr'>de</span> <span class='ocrx_word' id='word_1_222' title='bbox 1241 2885 1520 2966; x_wconf 88' lang='lat' dir='ltr'>peccatis</span> <span class='ocrx_word' id='word_1_223' title='bbox 1554 2904 1593 2947; x_wconf 92' lang='lat' dir='ltr'>a</span> <span class='ocrx_word' id='word_1_224' title='bbox 1617 2884 1757 2950; x_wconf 92' lang='lat' dir='ltr'>Deo</span> <span class='ocrx_word' id='word_1_225' title='bbox 1795 2885 2210 2967; x_wconf 85' lang='lat' dir='ltr'>impetrandi,</span> 
     </span>
     <span class='ocr_line' id='line_1_31' title="bbox 265 2967 2206 3066; baseline -0.004 -26"><span class='ocrx_word' id='word_1_226' title='bbox 265 2989 352 3040; x_wconf 83' lang='lat' dir='ltr'>ut</span> <span class='ocrx_word' id='word_1_227' title='bbox 400 2981 768 3055; x_wconf 86' lang='lat' dir='ltr'>peccatores</span> <span class='ocrx_word' id='word_1_228' title='bbox 811 2980 942 3036; x_wconf 85' lang='lat' dir='ltr'>tam</span> <span class='ocrx_word' id='word_1_229' title='bbox 990 2967 1159 3036; x_wconf 88' lang='lat' dir='ltr'>serio</span> <span class='ocrx_word' id='word_1_230' title='bbox 1211 2978 1630 3066; x_wconf 77' lang='lat' dir='ltr'>peccatorum</span> <span class='ocrx_word' id='word_1_231' title='bbox 1682 2990 1877 3038; x_wconf 88' lang='lat' dir='ltr'>sensu</span> <span class='ocrx_word' id='word_1_232' title='bbox 1922 2971 2206 3036; x_wconf 82' lang='lat' dir='ltr'>affician-</span> 
     </span>
     <span class='ocr_line' id='line_1_32' title="bbox 267 3054 2206 3138; baseline -0.002 -12"><span class='ocrx_word' id='word_1_233' title='bbox 267 3070 410 3138; x_wconf 80' lang='lat' dir='ltr'>tur,</span> <span class='ocrx_word' id='word_1_234' title='bbox 469 3067 545 3123; x_wconf 88' lang='lat' dir='ltr'>ut</span> <span class='ocrx_word' id='word_1_235' title='bbox 587 3054 711 3122; x_wconf 88' lang='lat' dir='ltr'>sibi</span> <span class='ocrx_word' id='word_1_236' title='bbox 754 3055 914 3138; x_wconf 82' lang='lat' dir='ltr'>ipsis</span> <span class='ocrx_word' id='word_1_237' title='bbox 958 3062 1418 3120; x_wconf 77' lang='lat' dir='ltr'>renunciantes</span> <span class='ocrx_word' id='word_1_238' title='bbox 1462 3076 1680 3122; x_wconf 86' lang='lat' dir='ltr'>coram</span> <span class='ocrx_word' id='word_1_239' title='bbox 1726 3055 1929 3137; x_wconf 79' lang='lat' dir='ltr'>ipsius</span> <span class='ocrx_word' id='word_1_240' title='bbox 1973 3055 2206 3122; x_wconf 80' lang='lat' dir='ltr'>maies-</span> 
     </span>
     <span class='ocr_line' id='line_1_33' title="bbox 267 3138 2210 3225; baseline -0.001 -14"><span class='ocrx_word' id='word_1_241' title='bbox 267 3154 422 3211; x_wconf 81' lang='lat' dir='ltr'>tate</span> <span class='ocrx_word' id='word_1_242' title='bbox 491 3142 700 3225; x_wconf 84' lang='lat' dir='ltr'>magis</span> <span class='ocrx_word' id='word_1_243' title='bbox 765 3161 840 3206; x_wconf 88' lang='lat' dir='ltr'>ac</span> <span class='ocrx_word' id='word_1_244' title='bbox 904 3138 1116 3223; x_wconf 86' lang='lat' dir='ltr'>magis</span> <span class='ocrx_word' id='word_1_245' title='bbox 1182 3138 1587 3206; x_wconf 81' lang='lat' dir='ltr'>deiicientur.</span> <span class='ocrx_word' id='word_1_246' title='bbox 1715 3139 1792 3204; x_wconf 89' lang='lat' dir='ltr'>Id</span> <span class='ocrx_word' id='word_1_247' title='bbox 1861 3162 2013 3206; x_wconf 84' lang='lat' dir='ltr'>vero</span> <span class='ocrx_word' id='word_1_248' title='bbox 2079 3162 2210 3223; x_wconf 84' lang='lat' dir='ltr'>quo</span> 
     </span>
     <span class='ocr_line' id='line_1_34' title="bbox 263 3223 2208 3309; baseline -0.002 -12"><span class='ocrx_word' id='word_1_249' title='bbox 263 3229 477 3300; x_wconf 85' lang='lat' dir='ltr'>modo</span> <span class='ocrx_word' id='word_1_250' title='bbox 534 3231 666 3305; x_wconf 90' lang='lat' dir='ltr'>fiet,</span> <span class='ocrx_word' id='word_1_251' title='bbox 721 3226 844 3294; x_wconf 86' lang='lat' dir='ltr'>nisi</span> <span class='ocrx_word' id='word_1_252' title='bbox 907 3223 988 3289; x_wconf 91' lang='lat' dir='ltr'>ab</span> <span class='ocrx_word' id='word_1_253' title='bbox 1048 3224 1159 3291; x_wconf 91' lang='lat' dir='ltr'>illo</span> <span class='ocrx_word' id='word_1_254' title='bbox 1219 3235 1503 3301; x_wconf 87' lang='lat' dir='ltr'>veterno,</span> <span class='ocrx_word' id='word_1_255' title='bbox 1558 3226 1628 3292; x_wconf 92' lang='lat' dir='ltr'>in</span> <span class='ocrx_word' id='word_1_256' title='bbox 1687 3246 1815 3309; x_wconf 90' lang='lat' dir='ltr'>quo</span> <span class='ocrx_word' id='word_1_257' title='bbox 1874 3247 1912 3290; x_wconf 90' lang='lat' dir='ltr'>a</span> <span class='ocrx_word' id='word_1_258' title='bbox 1970 3236 2208 3294; x_wconf 84' lang='lat' dir='ltr'>natura</span> 
     </span>
     <span class='ocr_line' id='line_1_35' title="bbox 264 3311 2206 3396; baseline -0.004 -12"><span class='ocrx_word' id='word_1_259' title='bbox 264 3314 600 3390; x_wconf 85' lang='lat' dir='ltr'>desident,</span> <span class='ocrx_word' id='word_1_260' title='bbox 657 3312 1047 3380; x_wconf 70' lang='lat' dir='ltr'>excitentur.</span> <span class='ocrx_word' id='word_1_261' title='bbox 1136 3314 1222 3376; x_wconf 85' lang='lat' dir='ltr'>At</span> <span class='ocrx_word' id='word_1_262' title='bbox 1285 3312 1342 3376; x_wconf 91' lang='lat' dir='ltr'>si</span> <span class='ocrx_word' id='word_1_263' title='bbox 1385 3311 1678 3394; x_wconf 82' lang='lat' dir='ltr'>pulvillis</span> <span class='ocrx_word' id='word_1_264' title='bbox 1726 3311 1926 3379; x_wconf 81' lang='lat' dir='ltr'>veluti</span> <span class='ocrx_word' id='word_1_265' title='bbox 1972 3333 2206 3396; x_wconf 81' lang='lat' dir='ltr'>suppo-</span> 
     </span>
     <span class='ocr_line' id='line_1_36' title="bbox 261 3397 2213 3481; baseline -0.004 -11"><span class='ocrx_word' id='word_1_266' title='bbox 261 3403 434 3470; x_wconf 80' lang='lat' dir='ltr'>sitis</span> <span class='ocrx_word' id='word_1_267' title='bbox 473 3401 838 3477; x_wconf 82' lang='lat' dir='ltr'>foveantur,</span> <span class='ocrx_word' id='word_1_268' title='bbox 896 3406 962 3460; x_wconf 92' lang='lat' dir='ltr'>et</span> <span class='ocrx_word' id='word_1_269' title='bbox 1019 3397 1183 3462; x_wconf 92' lang='lat' dir='ltr'>hene</span> <span class='ocrx_word' id='word_1_270' title='bbox 1240 3417 1387 3462; x_wconf 90' lang='lat' dir='ltr'>cum</span> <span class='ocrx_word' id='word_1_271' title='bbox 1432 3397 1591 3481; x_wconf 89' lang='lat' dir='ltr'>ipsis</span> <span class='ocrx_word' id='word_1_272' title='bbox 1629 3397 1736 3480; x_wconf 82' lang='lat' dir='ltr'>agi</span> <span class='ocrx_word' id='word_1_273' title='bbox 1785 3399 2213 3480; x_wconf 74' lang='lat' dir='ltr'>persuadean-</span> 
     </span>
     <span class='ocr_line' id='line_1_37' title="bbox 265 3482 2209 3568; baseline -0.003 -14"><span class='ocrx_word' id='word_1_274' title='bbox 265 3503 429 3554; x_wconf 83' lang='lat' dir='ltr'>tur:</span> <span class='ocrx_word' id='word_1_275' title='bbox 488 3506 643 3553; x_wconf 88' lang='lat' dir='ltr'>sane</span> <span class='ocrx_word' id='word_1_276' title='bbox 700 3483 972 3568; x_wconf 83' lang='lat' dir='ltr'>perinde</span> <span class='ocrx_word' id='word_1_277' title='bbox 1018 3491 1117 3548; x_wconf 88' lang='lat' dir='ltr'>est</span> <span class='ocrx_word' id='word_1_278' title='bbox 1160 3504 1234 3547; x_wconf 92' lang='lat' dir='ltr'>ac</span> <span class='ocrx_word' id='word_1_279' title='bbox 1277 3482 1333 3548; x_wconf 89' lang='lat' dir='ltr'>si</span> <span class='ocrx_word' id='word_1_280' title='bbox 1377 3482 1691 3550; x_wconf 86' lang='lat' dir='ltr'>adversus</span> <span class='ocrx_word' id='word_1_281' title='bbox 1737 3484 1947 3549; x_wconf 91' lang='lat' dir='ltr'>Deum</span> <span class='ocrx_word' id='word_1_282' title='bbox 1996 3486 2209 3548; x_wconf 84' lang='lat' dir='ltr'>insur-</span> 
     </span>
     <span class='ocr_line' id='line_1_38' title="bbox 255 3567 2214 3674; baseline -0.002 -34"><span class='ocrx_word' id='word_1_283' title='bbox 255 3594 438 3674; x_wconf 71' lang='lat' dir='ltr'>gere</span> <span class='ocrx_word' id='word_1_284' title='bbox 478 3570 843 3653; x_wconf 87' lang='lat' dir='ltr'>bellumque</span> <span class='ocrx_word' id='word_1_285' title='bbox 888 3567 1015 3652; x_wconf 84' lang='lat' dir='ltr'>ipsi</span> <span class='ocrx_word' id='word_1_286' title='bbox 1061 3568 1301 3634; x_wconf 85' lang='lat' dir='ltr'>inferre</span> <span class='ocrx_word' id='word_1_287' title='bbox 1340 3569 1742 3646; x_wconf 84' lang='lat' dir='ltr'>docerentur,</span> <span class='ocrx_word' id='word_1_288' title='bbox 1785 3577 1855 3634; x_wconf 87' lang='lat' dir='ltr'>et</span> <span class='ocrx_word' id='word_1_289' title='bbox 1898 3570 2214 3636; x_wconf 87' lang='lat' dir='ltr'>adversus</span> 
     </span>
     <span class='ocr_line' id='line_1_39' title="bbox 252 3652 2214 3738; baseline -0.003 -11"><span class='ocrx_word' id='word_1_290' title='bbox 252 3662 467 3727; x_wconf 71' lang='lat' dir='ltr'>illum</span> <span class='ocrx_word' id='word_1_291' title='bbox 511 3659 937 3722; x_wconf 74' lang='lat' dir='ltr'>armarentur.</span> <span class='ocrx_word' id='word_1_292' title='bbox 1022 3652 1118 3720; x_wconf 90' lang='lat' dir='ltr'>At</span> <span class='ocrx_word' id='word_1_293' title='bbox 1176 3657 1438 3738; x_wconf 84' lang='lat' dir='ltr'>proprio</span> <span class='ocrx_word' id='word_1_294' title='bbox 1493 3654 1634 3718; x_wconf 89' lang='lat' dir='ltr'>illos</span> <span class='ocrx_word' id='word_1_295' title='bbox 1686 3653 1903 3738; x_wconf 86' lang='lat' dir='ltr'>gladio</span> <span class='ocrx_word' id='word_1_296' title='bbox 1950 3655 2214 3722; x_wconf 88' lang='lat' dir='ltr'>tandem</span> 
     </span>
     <span class='ocr_line' id='line_1_40' title="bbox 254 3738 2208 3831; baseline -0.001 -23"><span class='ocrx_word' id='word_1_297' title='bbox 254 3743 562 3831; x_wconf 84' lang='lat' dir='ltr'>iugulari</span> <span class='ocrx_word' id='word_1_298' title='bbox 609 3751 887 3824; x_wconf 86' lang='lat' dir='ltr'>oportet.</span> <span class='ocrx_word' id='word_1_299' title='bbox 977 3738 1414 3821; x_wconf 80' lang='lat' dir='ltr'>Quamobrem</span> <span class='ocrx_word' id='word_1_300' title='bbox 1464 3761 1726 3808; x_wconf 87' lang='lat' dir='ltr'>necesse</span> <span class='ocrx_word' id='word_1_301' title='bbox 1778 3751 1878 3805; x_wconf 91' lang='lat' dir='ltr'>est</span> <span class='ocrx_word' id='word_1_302' title='bbox 1919 3762 2029 3806; x_wconf 88' lang='lat' dir='ltr'>eos</span> <span class='ocrx_word' id='word_1_303' title='bbox 2074 3761 2208 3807; x_wconf 91' lang='lat' dir='ltr'>om·</span> 
     </span>
     <span class='ocr_line' id='line_1_41' title="bbox 255 3824 2212 3912; baseline -0.005 -14"><span class='ocrx_word' id='word_1_304' title='bbox 255 3854 416 3905; x_wconf 83' lang='lat' dir='ltr'>nes,</span> <span class='ocrx_word' id='word_1_305' title='bbox 474 3827 706 3912; x_wconf 86' lang='lat' dir='ltr'>quibus</span> <span class='ocrx_word' id='word_1_306' title='bbox 765 3825 970 3891; x_wconf 86' lang='lat' dir='ltr'>divini</span> <span class='ocrx_word' id='word_1_307' title='bbox 1031 3824 1211 3891; x_wconf 82' lang='lat' dir='ltr'>verbi</span> <span class='ocrx_word' id='word_1_308' title='bbox 1272 3827 1616 3892; x_wconf 88' lang='lat' dir='ltr'>commissa</span> <span class='ocrx_word' id='word_1_309' title='bbox 1657 3835 1760 3890; x_wconf 90' lang='lat' dir='ltr'>est</span> <span class='ocrx_word' id='word_1_310' title='bbox 1803 3825 2212 3908; x_wconf 79' lang='lat' dir='ltr'>praedicatio,</span> 
     </span>
     <span class='ocr_line' id='line_1_42' title="bbox 251 3910 2216 3995; baseline -0.004 -11"><span class='ocrx_word' id='word_1_311' title='bbox 251 3919 319 3984; x_wconf 81' lang='lat' dir='ltr'>si</span> <span class='ocrx_word' id='word_1_312' title='bbox 375 3913 593 3980; x_wconf 81' lang='lat' dir='ltr'>officio</span> <span class='ocrx_word' id='word_1_313' title='bbox 633 3933 751 3978; x_wconf 90' lang='lat' dir='ltr'>suo</span> <span class='ocrx_word' id='word_1_314' title='bbox 794 3911 983 3995; x_wconf 86' lang='lat' dir='ltr'>fungi</span> <span class='ocrx_word' id='word_1_315' title='bbox 1028 3911 1273 3989; x_wconf 89' lang='lat' dir='ltr'>volunt,</span> <span class='ocrx_word' id='word_1_316' title='bbox 1309 3910 1391 3976; x_wconf 94' lang='lat' dir='ltr'>ad</span> <span class='ocrx_word' id='word_1_317' title='bbox 1435 3911 1914 3978; x_wconf 77' lang='lat' dir='ltr'>humanitatem</span> <span class='ocrx_word' id='word_1_318' title='bbox 1950 3910 2216 3994; x_wconf 90' lang='lat' dir='ltr'>quidem</span> 
     </span>
     <span class='ocr_line' id='line_1_43' title="bbox 251 3997 2211 4084; baseline -0.003 -14"><span class='ocrx_word' id='word_1_319' title='bbox 251 4023 421 4070; x_wconf 82' lang='lat' dir='ltr'>esee</span> <span class='ocrx_word' id='word_1_320' title='bbox 464 4018 840 4084; x_wconf 84' lang='lat' dir='ltr'>propensos,</span> <span class='ocrx_word' id='word_1_321' title='bbox 877 4018 1230 4082; x_wconf 88' lang='lat' dir='ltr'>eorumque</span> <span class='ocrx_word' id='word_1_322' title='bbox 1262 3997 1557 4064; x_wconf 90' lang='lat' dir='ltr'>omnium</span> <span class='ocrx_word' id='word_1_323' title='bbox 1603 4017 1912 4079; x_wconf 87' lang='lat' dir='ltr'>quaerere</span> <span class='ocrx_word' id='word_1_324' title='bbox 1936 3997 2211 4064; x_wconf 87' lang='lat' dir='ltr'>salutem</span> 
     </span>
    </p>

    <p class='ocr_par' dir='ltr' id='par_1_4' title="bbox 249 4083 2214 5034">
     <span class='ocr_line' id='line_1_44' title="bbox 311 4083 2211 4168; baseline -0.004 -13"><span class='ocrx_word' id='word_1_325' title='bbox 311 4090 394 4155; x_wconf 85' lang='lat' dir='ltr'>ui</span> <span class='ocrx_word' id='word_1_326' title='bbox 454 4083 581 4152; x_wconf 87' lang='lat' dir='ltr'>sibi</span> <span class='ocrx_word' id='word_1_327' title='bbox 635 4083 960 4152; x_wconf 86' lang='lat' dir='ltr'>commissi</span> <span class='ocrx_word' id='word_1_328' title='bbox 1019 4092 1213 4150; x_wconf 87' lang='lat' dir='ltr'>sunt:</span> <span class='ocrx_word' id='word_1_329' title='bbox 1284 4084 1700 4168; x_wconf 83' lang='lat' dir='ltr'>graviterque</span> <span class='ocrx_word' id='word_1_330' title='bbox 1759 4084 1944 4165; x_wconf 83' lang='lat' dir='ltr'>angi,</span> <span class='ocrx_word' id='word_1_331' title='bbox 2012 4103 2211 4166; x_wconf 90' lang='lat' dir='ltr'>quum</span> 
     </span>
     <span class='ocr_line' id='line_1_45' title="bbox 251 4112 2212 4254; baseline -0.004 -13"><span class='ocrx_word' id='word_1_332' title='bbox 251 4112 614 4241; x_wconf 52' lang='lat' dir='ltr'>doctrinae</span> <span class='ocrx_word' id='word_1_333' title='bbox 657 4191 814 4237; x_wconf 85' lang='lat' dir='ltr'>suae</span> <span class='ocrx_word' id='word_1_334' title='bbox 877 4189 1294 4254; x_wconf 88' lang='lat' dir='ltr'>progressum</span> <span class='ocrx_word' id='word_1_335' title='bbox 1338 4178 1408 4234; x_wconf 90' lang='lat' dir='ltr'>et</span> <span class='ocrx_word' id='word_1_336' title='bbox 1449 4168 1731 4236; x_wconf 81' lang='lat' dir='ltr'>fructum</span> <span class='ocrx_word' id='word_1_337' title='bbox 1778 4179 2036 4236; x_wconf 83' lang='lat' dir='ltr'>tantum</span> <span class='ocrx_word' id='word_1_338' title='bbox 2081 4189 2212 4234; x_wconf 90' lang='lat' dir='ltr'>non</span> 
     </span>
     <span class='ocr_line' id='line_1_46' title="bbox 251 4255 2214 4340; baseline -0.005 -12"><span class='ocrx_word' id='word_1_339' title='bbox 251 4258 508 4328; x_wconf 84' lang='lat' dir='ltr'>vident</span> <span class='ocrx_word' id='word_1_340' title='bbox 551 4269 869 4340; x_wconf 88' lang='lat' dir='ltr'>quantum</span> <span class='ocrx_word' id='word_1_341' title='bbox 914 4265 1271 4338; x_wconf 83' lang='lat' dir='ltr'>sperarant,</span> <span class='ocrx_word' id='word_1_342' title='bbox 1329 4266 1396 4319; x_wconf 90' lang='lat' dir='ltr'>et</span> <span class='ocrx_word' id='word_1_343' title='bbox 1451 4255 1679 4322; x_wconf 81' lang='lat' dir='ltr'>referri</span> <span class='ocrx_word' id='word_1_344' title='bbox 1727 4275 1845 4338; x_wconf 91' lang='lat' dir='ltr'>par</span> <span class='ocrx_word' id='word_1_345' title='bbox 1888 4266 2086 4321; x_wconf 86' lang='lat' dir='ltr'>esset:</span> <span class='ocrx_word' id='word_1_346' title='bbox 2146 4262 2214 4319; x_wconf 90' lang='lat' dir='ltr'>et</span> 
     </span>
     <span class='ocr_line' id='line_1_47' title="bbox 253 4341 2211 4424; baseline -0.005 -10"><span class='ocrx_word' id='word_1_347' title='bbox 253 4359 506 4414; x_wconf 77' lang='lat' dir='ltr'>tamen</span> <span class='ocrx_word' id='word_1_348' title='bbox 548 4341 862 4408; x_wconf 86' lang='lat' dir='ltr'>adversus</span> <span class='ocrx_word' id='word_1_349' title='bbox 947 4341 1268 4406; x_wconf 84' lang='lat' dir='ltr'>ertinaces</span> <span class='ocrx_word' id='word_1_350' title='bbox 1309 4360 1537 4406; x_wconf 80' lang='lat' dir='ltr'>severe</span> <span class='ocrx_word' id='word_1_351' title='bbox 1594 4360 1807 4423; x_wconf 85' lang='lat' dir='ltr'>agere,</span> <span class='ocrx_word' id='word_1_352' title='bbox 1863 4354 1933 4405; x_wconf 86' lang='lat' dir='ltr'>et</span> <span class='ocrx_word' id='word_1_353' title='bbox 1974 4342 2211 4424; x_wconf 88' lang='lat' dir='ltr'>imper·</span> 
     </span>
     <span class='ocr_line' id='line_1_48' title="bbox 251 4423 2214 4508; baseline -0.005 -8"><span class='ocrx_word' id='word_1_354' title='bbox 251 4430 546 4500; x_wconf 79' lang='lat' dir='ltr'>territos</span> <span class='ocrx_word' id='word_1_355' title='bbox 589 4448 729 4494; x_wconf 88' lang='lat' dir='ltr'>esse</span> <span class='ocrx_word' id='word_1_356' title='bbox 773 4427 841 4491; x_wconf 93' lang='lat' dir='ltr'>in</span> <span class='ocrx_word' id='word_1_357' title='bbox 929 4425 1348 4494; x_wconf 84' lang='lat' dir='ltr'>enuntiandis</span> <span class='ocrx_word' id='word_1_358' title='bbox 1392 4423 1629 4491; x_wconf 88' lang='lat' dir='ltr'>divinis</span> <span class='ocrx_word' id='word_1_359' title='bbox 1663 4424 1939 4508; x_wconf 89' lang='lat' dir='ltr'>iudiciis,</span> <span class='ocrx_word' id='word_1_360' title='bbox 1974 4438 2050 4492; x_wconf 86' lang='lat' dir='ltr'>ut</span> <span class='ocrx_word' id='word_1_361' title='bbox 2092 4424 2214 4491; x_wconf 86' lang='lat' dir='ltr'>sibi</span> 
     </span>
     <span class='ocr_line' id='line_1_49' title="bbox 251 4511 2209 4594; baseline -0.004 -8"><span class='ocrx_word' id='word_1_362' title='bbox 251 4541 302 4586; x_wconf 80' lang='lat' dir='ltr'>a</span> <span class='ocrx_word' id='word_1_363' title='bbox 407 4516 552 4582; x_wconf 90' lang='lat' dir='ltr'>Deo</span> <span class='ocrx_word' id='word_1_364' title='bbox 640 4512 1018 4580; x_wconf 78' lang='lat' dir='ltr'>commissae</span> <span class='ocrx_word' id='word_1_365' title='bbox 1097 4511 1431 4578; x_wconf 88' lang='lat' dir='ltr'>doctrinae</span> <span class='ocrx_word' id='word_1_366' title='bbox 1504 4512 1916 4579; x_wconf 82' lang='lat' dir='ltr'>autoritatem</span> <span class='ocrx_word' id='word_1_367' title='bbox 1997 4511 2209 4594; x_wconf 91' lang='lat' dir='ltr'>palam</span> 
     </span>
     <span class='ocr_line' id='line_1_50' title="bbox 249 4594 2209 4681; baseline -0.005 -9"><span class='ocrx_word' id='word_1_368' title='bbox 249 4599 724 4672; x_wconf 79' lang='lat' dir='ltr'>manifestent.</span> <span class='ocrx_word' id='word_1_369' title='bbox 810 4597 1030 4681; x_wconf 89' lang='lat' dir='ltr'>Atque</span> <span class='ocrx_word' id='word_1_370' title='bbox 1075 4597 1270 4662; x_wconf 87' lang='lat' dir='ltr'>talem</span> <span class='ocrx_word' id='word_1_371' title='bbox 1315 4620 1386 4664; x_wconf 91' lang='lat' dir='ltr'>se</span> <span class='ocrx_word' id='word_1_372' title='bbox 1431 4594 1700 4664; x_wconf 85' lang='lat' dir='ltr'>Samuel</span> <span class='ocrx_word' id='word_1_373' title='bbox 1741 4598 1975 4681; x_wconf 85' lang='lat' dir='ltr'>gessit:</span> <span class='ocrx_word' id='word_1_374' title='bbox 2026 4596 2209 4664; x_wconf 84' lang='lat' dir='ltr'>Sauli</span> 
     </span>
     <span class='ocr_line' id='line_1_51' title="bbox 251 4683 2210 4774; baseline -0.003 -22"><span class='ocrx_word' id='word_1_375' title='bbox 251 4688 423 4774; x_wconf 81' lang='lat' dir='ltr'>regi</span> <span class='ocrx_word' id='word_1_376' title='bbox 469 4685 861 4752; x_wconf 86' lang='lat' dir='ltr'>denuntians</span> <span class='ocrx_word' id='word_1_377' title='bbox 909 4683 1181 4748; x_wconf 86' lang='lat' dir='ltr'>Domini</span> <span class='ocrx_word' id='word_1_378' title='bbox 1224 4685 1454 4764; x_wconf 90' lang='lat' dir='ltr'>minas,</span> <span class='ocrx_word' id='word_1_379' title='bbox 1495 4684 1696 4749; x_wconf 91' lang='lat' dir='ltr'>immo</span> <span class='ocrx_word' id='word_1_380' title='bbox 1741 4683 2210 4750; x_wconf 73' lang='lat' dir='ltr'>exauctoratio-</span> 
     </span>
     <span class='ocr_line' id='line_1_52' title="bbox 253 4767 2208 4854; baseline -0.005 -11"><span class='ocrx_word' id='word_1_381' title='bbox 253 4795 432 4843; x_wconf 85' lang='lat' dir='ltr'>nem</span> <span class='ocrx_word' id='word_1_382' title='bbox 481 4781 549 4837; x_wconf 84' lang='lat' dir='ltr'>et</span> <span class='ocrx_word' id='word_1_383' title='bbox 590 4770 1026 4838; x_wconf 83' lang='lat' dir='ltr'>reiectionem.</span> <span class='ocrx_word' id='word_1_384' title='bbox 1097 4769 1298 4853; x_wconf 86' lang='lat' dir='ltr'>Atqui</span> <span class='ocrx_word' id='word_1_385' title='bbox 1337 4770 1550 4854; x_wconf 88' lang='lat' dir='ltr'>prima</span> <span class='ocrx_word' id='word_1_386' title='bbox 1592 4770 1806 4833; x_wconf 75' lang='lat' dir='ltr'>fronte</span> <span class='ocrx_word' id='word_1_387' title='bbox 1825 4767 1990 4835; x_wconf 87' lang='lat' dir='ltr'>Saul</span> <span class='ocrx_word' id='word_1_388' title='bbox 2038 4767 2208 4853; x_wconf 83' lang='lat' dir='ltr'>apud</span> 
     </span>
     <span class='ocr_line' id='line_1_53' title="bbox 257 4854 2212 4940; baseline -0.001 -16"><span class='ocrx_word' id='word_1_389' title='bbox 257 4855 664 4932; x_wconf 76' lang='lat' dir='ltr'>Samuelem</span> <span class='ocrx_word' id='word_1_390' title='bbox 715 4855 897 4940; x_wconf 88' lang='lat' dir='ltr'>quasi</span> <span class='ocrx_word' id='word_1_391' title='bbox 950 4875 1024 4920; x_wconf 87' lang='lat' dir='ltr'>re</span> <span class='ocrx_word' id='word_1_392' title='bbox 1080 4855 1244 4922; x_wconf 88' lang='lat' dir='ltr'>bene</span> <span class='ocrx_word' id='word_1_393' title='bbox 1301 4867 1367 4920; x_wconf 89' lang='lat' dir='ltr'>et</span> <span class='ocrx_word' id='word_1_394' title='bbox 1424 4875 1508 4918; x_wconf 87' lang='lat' dir='ltr'>ex</span> <span class='ocrx_word' id='word_1_395' title='bbox 1567 4854 1835 4934; x_wconf 78' lang='lat' dir='ltr'>Domini</span> <span class='ocrx_word' id='word_1_396' title='bbox 1902 4855 2212 4922; x_wconf 83' lang='lat' dir='ltr'>mandato</span> 
     </span>
     <span class='ocr_line' id='line_1_54' title="bbox 253 4938 2211 5034; baseline 0.001 -25"><span class='ocrx_word' id='word_1_397' title='bbox 253 4957 471 5034; x_wconf 72' lang='lat' dir='ltr'>gesta</span> <span class='ocrx_word' id='word_1_398' title='bbox 514 4941 850 5029; x_wconf 84' lang='lat' dir='ltr'>gloriatur,</span> <span class='ocrx_word' id='word_1_399' title='bbox 894 4952 966 5007; x_wconf 88' lang='lat' dir='ltr'>ut</span> <span class='ocrx_word' id='word_1_400' title='bbox 1007 4941 1220 5009; x_wconf 85' lang='lat' dir='ltr'>solent</span> <span class='ocrx_word' id='word_1_401' title='bbox 1263 4938 1557 5008; x_wconf 83' lang='lat' dir='ltr'>homines</span> <span class='ocrx_word' id='word_1_402' title='bbox 1601 4940 1683 5006; x_wconf 86' lang='lat' dir='ltr'>de</span> <span class='ocrx_word' id='word_1_403' title='bbox 1726 4940 1864 5005; x_wconf 89' lang='lat' dir='ltr'>suis</span> <span class='ocrx_word' id='word_1_404' title='bbox 1907 4939 2211 5023; x_wconf 80' lang='lat' dir='ltr'>operibus</span> 
     </span>
    </p>
   </div>
   <div class='ocr_carea' id='block_1_3' title="bbox 255 5024 2224 5110">
    <p class='ocr_par' dir='ltr' id='par_1_5' title="bbox 255 5024 2224 5110">
     <span class='ocr_line' id='line_1_55' title="bbox 255 5024 2224 5110; baseline -0.004 -8"><span class='ocrx_word' id='word_1_405' title='bbox 255 5035 524 5110; x_wconf 74' lang='lat' dir='ltr'>efferri,</span> <span class='ocrx_word' id='word_1_406' title='bbox 589 5038 657 5094; x_wconf 86' lang='lat' dir='ltr'>et</span> <span class='ocrx_word' id='word_1_407' title='bbox 718 5026 933 5096; x_wconf 82' lang='lat' dir='ltr'>nescio</span> <span class='ocrx_word' id='word_1_408' title='bbox 998 5047 1193 5109; x_wconf 80' lang='lat' dir='ltr'>quam</span> <span class='ocrx_word' id='word_1_409' title='bbox 1257 5026 1327 5092; x_wconf 90' lang='lat' dir='ltr'>in</span> <span class='ocrx_word' id='word_1_410' title='bbox 1387 5024 1519 5092; x_wconf 89' lang='lat' dir='ltr'>illis</span> <span class='ocrx_word' id='word_1_411' title='bbox 1573 5026 1695 5093; x_wconf 89' lang='lat' dir='ltr'>sibi</span> <span class='ocrx_word' id='word_1_412' title='bbox 1751 5025 2224 5108; x_wconf 74' lang='lat' dir='ltr'>perfectionem,</span> 
     </span>
    </p>
   </div>
   <div class='ocr_carea' id='block_1_4' title="bbox 255 5109 2212 5284">
    <p class='ocr_par' dir='ltr' id='par_1_6' title="bbox 255 5109 2212 5284">
     <span class='ocr_line' id='line_1_56' title="bbox 255 5109 2210 5202; baseline -0.005 -15"><span class='ocrx_word' id='word_1_413' title='bbox 255 5114 670 5202; x_wconf 79' lang='lat' dir='ltr'>imaginari:</span> <span class='ocrx_word' id='word_1_414' title='bbox 734 5109 1276 5197; x_wconf 84' lang='lat' dir='ltr'>quemadmodum</span> <span class='ocrx_word' id='word_1_415' title='bbox 1321 5124 1386 5176; x_wconf 86' lang='lat' dir='ltr'>et</span> <span class='ocrx_word' id='word_1_416' title='bbox 1442 5131 1515 5177; x_wconf 89' lang='lat' dir='ltr'>sa</span> <span class='ocrx_word' id='word_1_417' title='bbox 1559 5111 1700 5180; x_wconf 85' lang='lat' dir='ltr'>iens</span> <span class='ocrx_word' id='word_1_418' title='bbox 1742 5110 1860 5176; x_wconf 90' lang='lat' dir='ltr'>ille</span> <span class='ocrx_word' id='word_1_419' title='bbox 1899 5110 2210 5179; x_wconf 84' lang='lat' dir='ltr'>Salomon</span> 
     </span>
     <span class='ocr_line' id='line_1_57' title="bbox 259 5196 2212 5284; baseline -0.002 -15"><span class='ocrx_word' id='word_1_420' title='bbox 259 5201 466 5284; x_wconf 76' lang='lat' dir='ltr'>dicit,</span> <span class='ocrx_word' id='word_1_421' title='bbox 510 5220 769 5284; x_wconf 87' lang='lat' dir='ltr'>semper</span> <span class='ocrx_word' id='word_1_422' title='bbox 811 5207 989 5265; x_wconf 89' lang='lat' dir='ltr'>recta</span> <span class='ocrx_word' id='word_1_423' title='bbox 1032 5196 1237 5264; x_wconf 80' lang='lat' dir='ltr'>videri</span> <span class='ocrx_word' id='word_1_424' title='bbox 1287 5197 1530 5264; x_wconf 89' lang='lat' dir='ltr'>homini</span> <span class='ocrx_word' id='word_1_425' title='bbox 1580 5219 1655 5266; x_wconf 87' lang='lat' dir='ltr'>us</span> <span class='ocrx_word' id='word_1_426' title='bbox 1696 5215 1819 5265; x_wconf 88' lang='lat' dir='ltr'>sua</span> <span class='ocrx_word' id='word_1_427' title='bbox 1859 5217 2085 5280; x_wconf 87' lang='lat' dir='ltr'>opera:</span> <span class='ocrx_word' id='word_1_428' title='bbox 2136 5217 2212 5266; x_wconf 86' lang='lat' dir='ltr'>ac</span> 
     </span>
    </p>
   </div>
   <div class='ocr_carea' id='block_1_5' title="bbox 2310 485 4251 5354">
    <p class='ocr_par' dir='ltr' id='par_1_7' title="bbox 2310 485 4251 5354">
     <span class='ocr_line' id='line_1_58' title="bbox 2312 485 4249 571; baseline 0.007 -17"><span class='ocrx_word' id='word_1_429' title='bbox 2312 489 2368 554; x_wconf 88' lang='lat' dir='ltr'>si</span> <span class='ocrx_word' id='word_1_430' title='bbox 2413 485 2658 556; x_wconf 87' lang='lat' dir='ltr'>iudices</span> <span class='ocrx_word' id='word_1_431' title='bbox 2701 488 2770 554; x_wconf 89' lang='lat' dir='ltr'>in</span> <span class='ocrx_word' id='word_1_432' title='bbox 2814 509 2936 555; x_wconf 87' lang='lat' dir='ltr'>sua</span> <span class='ocrx_word' id='word_1_433' title='bbox 2974 508 3177 558; x_wconf 87' lang='lat' dir='ltr'>causa</span> <span class='ocrx_word' id='word_1_434' title='bbox 3215 487 3671 571; x_wconf 85' lang='lat' dir='ltr'>adhibeantur,</span> <span class='ocrx_word' id='word_1_435' title='bbox 3714 513 3788 560; x_wconf 88' lang='lat' dir='ltr'>se</span> <span class='ocrx_word' id='word_1_436' title='bbox 3828 496 3956 564; x_wconf 87' lang='lat' dir='ltr'>sibi</span> <span class='ocrx_word' id='word_1_437' title='bbox 3993 518 4249 568; x_wconf 82' lang='lat' dir='ltr'>summa</span> 
     </span>
     <span class='ocr_line' id='line_1_59' title="bbox 2314 572 4249 662; baseline 0.007 -24"><span class='ocrx_word' id='word_1_438' title='bbox 2314 572 2507 639; x_wconf 87' lang='lat' dir='ltr'>laude</span> <span class='ocrx_word' id='word_1_439' title='bbox 2553 573 2809 657; x_wconf 83' lang='lat' dir='ltr'>dignos·</span> <span class='ocrx_word' id='word_1_440' title='bbox 2835 595 3092 658; x_wconf 87' lang='lat' dir='ltr'>semper</span> <span class='ocrx_word' id='word_1_441' title='bbox 3137 575 3364 641; x_wconf 87' lang='lat' dir='ltr'>videri.</span> <span class='ocrx_word' id='word_1_442' title='bbox 3456 576 3679 658; x_wconf 79' lang='lat' dir='ltr'>Quare</span> <span class='ocrx_word' id='word_1_443' title='bbox 3736 581 3848 662; x_wconf 91' lang='lat' dir='ltr'>qui</span> <span class='ocrx_word' id='word_1_444' title='bbox 3907 593 4163 650; x_wconf 82' lang='lat' dir='ltr'>tantum</span> <span class='ocrx_word' id='word_1_445' title='bbox 4209 607 4249 652; x_wconf 90' lang='lat' dir='ltr'>a</span> 
     </span>
     <span class='ocr_line' id='line_1_60' title="bbox 2315 657 4247 745; baseline 0.007 -22"><span class='ocrx_word' id='word_1_446' title='bbox 2315 659 2541 726; x_wconf 85' lang='lat' dir='ltr'>limine</span> <span class='ocrx_word' id='word_1_447' title='bbox 2583 657 2712 723; x_wconf 92' lang='lat' dir='ltr'>Dei</span> <span class='ocrx_word' id='word_1_448' title='bbox 2757 658 3011 726; x_wconf 88' lang='lat' dir='ltr'>cultum</span> <span class='ocrx_word' id='word_1_449' title='bbox 3052 660 3376 739; x_wconf 84' lang='lat' dir='ltr'>salutarit,</span> <span class='ocrx_word' id='word_1_450' title='bbox 3421 663 3946 745; x_wconf 82' lang='lat' dir='ltr'>religiosissimus</span> <span class='ocrx_word' id='word_1_451' title='bbox 3989 670 4109 736; x_wconf 87' lang='lat' dir='ltr'>sibi</span> <span class='ocrx_word' id='word_1_452' title='bbox 4147 673 4247 736; x_wconf 87' lang='lat' dir='ltr'>vi-</span> 
     </span>
     <span class='ocr_line' id='line_1_61' title="bbox 2314 743 4243 839; baseline 0.007 -29"><span class='ocrx_word' id='word_1_453' title='bbox 2314 745 2591 826; x_wconf 83' lang='lat' dir='ltr'>debitur,</span> <span class='ocrx_word' id='word_1_454' title='bbox 2637 743 2984 828; x_wconf 78' lang='lat' dir='ltr'>Deumque</span> <span class='ocrx_word' id='word_1_455' title='bbox 3034 744 3425 812; x_wconf 88' lang='lat' dir='ltr'>demeritus:</span> <span class='ocrx_word' id='word_1_456' title='bbox 3470 750 3578 831; x_wconf 90' lang='lat' dir='ltr'>qui</span> <span class='ocrx_word' id='word_1_457' title='bbox 3626 750 3950 819; x_wconf 78' lang='lat' dir='ltr'>laudabile</span> <span class='ocrx_word' id='word_1_458' title='bbox 3986 754 4243 839; x_wconf 88' lang='lat' dir='ltr'>aliquod</span> 
     </span>
     <span class='ocr_line' id='line_1_62' title="bbox 2314 831 4244 924; baseline 0.008 -29"><span class='ocrx_word' id='word_1_459' title='bbox 2314 831 2565 898; x_wconf 77' lang='lat' dir='ltr'>facinus</span> <span class='ocrx_word' id='word_1_460' title='bbox 2608 833 2903 916; x_wconf 77' lang='lat' dir='ltr'>gesserit,</span> <span class='ocrx_word' id='word_1_461' title='bbox 2944 832 3204 898; x_wconf 85' lang='lat' dir='ltr'>etiamsi</span> <span class='ocrx_word' id='word_1_462' title='bbox 3248 833 3408 901; x_wconf 85' lang='lat' dir='ltr'>vitio</span> <span class='ocrx_word' id='word_1_463' title='bbox 3451 854 3585 902; x_wconf 89' lang='lat' dir='ltr'>non</span> <span class='ocrx_word' id='word_1_464' title='bbox 3629 847 3866 918; x_wconf 85' lang='lat' dir='ltr'>careat,</span> <span class='ocrx_word' id='word_1_465' title='bbox 3926 839 4136 924; x_wconf 88' lang='lat' dir='ltr'>gloria</span> <span class='ocrx_word' id='word_1_466' title='bbox 4178 856 4244 909; x_wconf 76' lang='lat' dir='ltr'>et</span> 
     </span>
     <span class='ocr_line' id='line_1_63' title="bbox 2315 916 4244 1008; baseline 0.007 -27"><span class='ocrx_word' id='word_1_467' title='bbox 2315 916 2792 1000; x_wconf 81' lang='lat' dir='ltr'>praedicatione</span> <span class='ocrx_word' id='word_1_468' title='bbox 2856 938 2929 982; x_wconf 91' lang='lat' dir='ltr'>se</span> <span class='ocrx_word' id='word_1_469' title='bbox 2944 967 2959 995; x_wconf 89' lang='lat'>,</span> <span class='ocrx_word' id='word_1_470' title='bbox 3025 918 3287 986; x_wconf 87' lang='lat' dir='ltr'>reiectis</span> <span class='ocrx_word' id='word_1_471' title='bbox 3346 940 3387 986; x_wconf 89' lang='lat' dir='ltr'>a</span> <span class='ocrx_word' id='word_1_472' title='bbox 3450 930 3638 1006; x_wconf 81' lang='lat' dir='ltr'>tergo</span> <span class='ocrx_word' id='word_1_473' title='bbox 3715 923 3923 1007; x_wconf 85' lang='lat' dir='ltr'>vitiis,</span> <span class='ocrx_word' id='word_1_474' title='bbox 4001 927 4244 1008; x_wconf 79' lang='lat' dir='ltr'>efferet,</span> 
     </span>
     <span class='ocr_line' id='line_1_64' title="bbox 2315 1003 4243 1090; baseline 0.007 -23"><span class='ocrx_word' id='word_1_475' title='bbox 2315 1021 2629 1085; x_wconf 86' lang='lat' dir='ltr'>suamque</span> <span class='ocrx_word' id='word_1_476' title='bbox 2676 1003 2984 1067; x_wconf 82' lang='lat' dir='ltr'>virtut-em</span> <span class='ocrx_word' id='word_1_477' title='bbox 3033 1003 3310 1072; x_wconf 88' lang='lat' dir='ltr'>mirifice</span> <span class='ocrx_word' id='word_1_478' title='bbox 3352 1005 3769 1090; x_wconf 85' lang='lat' dir='ltr'>praedicabit,</span> <span class='ocrx_word' id='word_1_479' title='bbox 3822 1020 3888 1073; x_wconf 91' lang='lat' dir='ltr'>et</span> <span class='ocrx_word' id='word_1_480' title='bbox 3930 1011 4243 1080; x_wconf 77' lang='lat' dir='ltr'>terminos</span> 
     </span>
     <span class='ocr_line' id='line_1_65' title="bbox 2313 1087 4244 1171; baseline 0.008 -20"><span class='ocrx_word' id='word_1_481' title='bbox 2313 1088 2665 1152; x_wconf 85' lang='lat' dir='ltr'>modestiae</span> <span class='ocrx_word' id='word_1_482' title='bbox 2702 1088 3041 1154; x_wconf 84' lang='lat' dir='ltr'>transiliet.</span> <span class='ocrx_word' id='word_1_483' title='bbox 3110 1087 3213 1154; x_wconf 89' lang='lat' dir='ltr'>Ita</span> <span class='ocrx_word' id='word_1_484' title='bbox 3257 1113 3327 1156; x_wconf 90' lang='lat' dir='ltr'>se</span> <span class='ocrx_word' id='word_1_485' title='bbox 3372 1092 3539 1171; x_wconf 80' lang='lat' dir='ltr'>gerit</span> <span class='ocrx_word' id='word_1_486' title='bbox 3582 1091 3702 1159; x_wconf 89' lang='lat' dir='ltr'>hoc</span> <span class='ocrx_word' id='word_1_487' title='bbox 3740 1093 4086 1164; x_wconf 80' lang='lat' dir='ltr'>locoSaul.</span> <span class='ocrx_word' id='word_1_488' title='bbox 4152 1099 4244 1166; x_wconf 68' lang='lat' dir='ltr'>Et</span> 
     </span>
     <span class='ocr_line' id='line_1_66' title="bbox 2313 1173 4243 1263; baseline 0.006 -25"><span class='ocrx_word' id='word_1_489' title='bbox 2313 1193 2471 1238; x_wconf 86' lang='lat' dir='ltr'>sane</span> <span class='ocrx_word' id='word_1_490' title='bbox 2514 1183 2775 1256; x_wconf 87' lang='lat' dir='ltr'>poterat</span> <span class='ocrx_word' id='word_1_491' title='bbox 2816 1174 2926 1238; x_wconf 88' lang='lat' dir='ltr'>ille</span> <span class='ocrx_word' id='word_1_492' title='bbox 2970 1173 3227 1257; x_wconf 90' lang='lat' dir='ltr'>quidem</span> <span class='ocrx_word' id='word_1_493' title='bbox 3255 1197 3422 1254; x_wconf 62' lang='lat' dir='ltr'>,vere</span> <span class='ocrx_word' id='word_1_494' title='bbox 3456 1178 3689 1263; x_wconf 84' lang='lat' dir='ltr'>dicere,</span> <span class='ocrx_word' id='word_1_495' title='bbox 3725 1201 3794 1246; x_wconf 90' lang='lat' dir='ltr'>ee</span> <span class='ocrx_word' id='word_1_496' title='bbox 3814 1178 3960 1247; x_wconf 89' lang='lat' dir='ltr'>Deo</span> <span class='ocrx_word' id='word_1_497' title='bbox 3995 1204 4243 1254; x_wconf 87' lang='lat' dir='ltr'>morem</span> 
     </span>
     <span class='ocr_line' id='line_1_67' title="bbox 2313 1259 4243 1346; baseline 0.006 -21"><span class='ocrx_word' id='word_1_498' title='bbox 2313 1259 2623 1342; x_wconf 80' lang='lat' dir='ltr'>gessisse:</span> <span class='ocrx_word' id='word_1_499' title='bbox 2671 1260 3190 1342; x_wconf 86' lang='lat' dir='ltr'>quandoquidem</span> <span class='ocrx_word' id='word_1_500' title='bbox 3230 1284 3307 1328; x_wconf 83' lang='lat' dir='ltr'>se</span> <span class='ocrx_word' id='word_1_501' title='bbox 3347 1262 3426 1330; x_wconf 85' lang='lat' dir='ltr'>ad</span> <span class='ocrx_word' id='word_1_502' title='bbox 3472 1263 3600 1328; x_wconf 86' lang='lat' dir='ltr'>iter</span> <span class='ocrx_word' id='word_1_503' title='bbox 3642 1268 4032 1346; x_wconf 80' lang='lat' dir='ltr'>accinxerat,</span> <span class='ocrx_word' id='word_1_504' title='bbox 4077 1269 4243 1336; x_wconf 88' lang='lat' dir='ltr'>mili·</span> 
     </span>
     <span class='ocr_line' id='line_1_68' title="bbox 2315 1345 4243 1436; baseline 0.008 -29"><span class='ocrx_word' id='word_1_505' title='bbox 2315 1356 2573 1427; x_wconf 89' lang='lat' dir='ltr'>temque</span> <span class='ocrx_word' id='word_1_506' title='bbox 2638 1345 2805 1410; x_wconf 87' lang='lat' dir='ltr'>mira</span> <span class='ocrx_word' id='word_1_507' title='bbox 2869 1345 3148 1428; x_wconf 83' lang='lat' dir='ltr'>quadam</span> <span class='ocrx_word' id='word_1_508' title='bbox 3211 1348 3545 1415; x_wconf 84' lang='lat' dir='ltr'>celeritate</span> <span class='ocrx_word' id='word_1_509' title='bbox 3608 1353 4108 1436; x_wconf 81' lang='lat' dir='ltr'>conscripserat,</span> <span class='ocrx_word' id='word_1_510' title='bbox 4174 1368 4243 1422; x_wconf 80' lang='lat' dir='ltr'>et</span> 
     </span>
     <span class='ocr_line' id='line_1_69' title="bbox 2312 1429 4243 1516; baseline 0.006 -20"><span class='ocrx_word' id='word_1_511' title='bbox 2312 1429 2714 1496; x_wconf 87' lang='lat' dir='ltr'>Amalecitas</span> <span class='ocrx_word' id='word_1_512' title='bbox 2736 1431 3220 1514; x_wconf 75' lang='lat' dir='ltr'>proscripserat,</span> <span class='ocrx_word' id='word_1_513' title='bbox 3268 1455 3466 1516; x_wconf 84' lang='lat' dir='ltr'>seque</span> <span class='ocrx_word' id='word_1_514' title='bbox 3500 1435 3570 1502; x_wconf 83' lang='lat' dir='ltr'>in</span> <span class='ocrx_word' id='word_1_515' title='bbox 3606 1434 3729 1504; x_wconf 85' lang='lat' dir='ltr'>hoc</span> <span class='ocrx_word' id='word_1_516' title='bbox 3764 1437 3932 1504; x_wconf 90' lang='lat' dir='ltr'>bello</span> <span class='ocrx_word' id='word_1_517' title='bbox 3975 1445 4243 1508; x_wconf 86' lang='lat' dir='ltr'>strenue</span> 
     </span>
     <span class='ocr_line' id='line_1_70' title="bbox 2312 1514 4243 1612; baseline 0.007 -34"><span class='ocrx_word' id='word_1_518' title='bbox 2312 1528 2635 1598; x_wconf 58' lang='lat' dir='ltr'>gesserat:</span> <span class='ocrx_word' id='word_1_519' title='bbox 2681 1516 2750 1579; x_wconf 91' lang='lat' dir='ltr'>in</span> <span class='ocrx_word' id='word_1_520' title='bbox 2794 1514 2917 1594; x_wconf 84' lang='lat' dir='ltr'>his,</span> <span class='ocrx_word' id='word_1_521' title='bbox 2962 1517 3249 1599; x_wconf 87' lang='lat' dir='ltr'>inquam,</span> <span class='ocrx_word' id='word_1_522' title='bbox 3290 1519 3594 1588; x_wconf 85' lang='lat' dir='ltr'>omuibus</span> <span class='ocrx_word' id='word_1_523' title='bbox 3636 1542 3794 1587; x_wconf 78' lang='lat' dir='ltr'>vere</span> <span class='ocrx_word' id='word_1_524' title='bbox 3830 1525 4043 1612; x_wconf 89' lang='lat' dir='ltr'>potuit</span> <span class='ocrx_word' id='word_1_525' title='bbox 4080 1524 4243 1594; x_wconf 91' lang='lat' dir='ltr'>Saul</span> 
     </span>
     <span class='ocr_line' id='line_1_71' title="bbox 2313 1599 4243 1687; baseline 0.007 -20"><span class='ocrx_word' id='word_1_526' title='bbox 2313 1623 2382 1668; x_wconf 89' lang='lat' dir='ltr'>se</span> <span class='ocrx_word' id='word_1_527' title='bbox 2410 1599 2551 1665; x_wconf 93' lang='lat' dir='ltr'>Deo</span> <span class='ocrx_word' id='word_1_528' title='bbox 2588 1601 2988 1684; x_wconf 87' lang='lat' dir='ltr'>morigerum</span> <span class='ocrx_word' id='word_1_529' title='bbox 3026 1602 3227 1669; x_wconf 79' lang='lat' dir='ltr'>fuisse</span> <span class='ocrx_word' id='word_1_530' title='bbox 3268 1605 3656 1687; x_wconf 82' lang='lat' dir='ltr'>praedicare.</span> <span class='ocrx_word' id='word_1_531' title='bbox 3725 1607 3974 1676; x_wconf 87' lang='lat' dir='ltr'>Verum</span> <span class='ocrx_word' id='word_1_532' title='bbox 4019 1620 4243 1680; x_wconf 89' lang='lat' dir='ltr'>tamen</span> 
     </span>
     <span class='ocr_line' id='line_1_72' title="bbox 2313 1686 4241 1781; baseline 0.009 -32"><span class='ocrx_word' id='word_1_533' title='bbox 2313 1707 2536 1770; x_wconf 87' lang='lat' dir='ltr'>regem</span> <span class='ocrx_word' id='word_1_534' title='bbox 2590 1699 2819 1752; x_wconf 86' lang='lat' dir='ltr'>contra</span> <span class='ocrx_word' id='word_1_535' title='bbox 2873 1686 3000 1752; x_wconf 91' lang='lat' dir='ltr'>Dei</span> <span class='ocrx_word' id='word_1_536' title='bbox 3060 1699 3475 1772; x_wconf 87' lang='lat' dir='ltr'>praeceptum</span> <span class='ocrx_word' id='word_1_537' title='bbox 3534 1694 3928 1760; x_wconf 80' lang='lat' dir='ltr'>reservavit:</span> <span class='ocrx_word' id='word_1_538' title='bbox 3988 1698 4055 1763; x_wconf 85' lang='lat' dir='ltr'>in</span> <span class='ocrx_word' id='word_1_539' title='bbox 4113 1719 4241 1781; x_wconf 89' lang='lat' dir='ltr'>quo</span> 
     </span>
     <span class='ocr_line' id='line_1_73' title="bbox 2314 1772 4242 1866; baseline 0.009 -33"><span class='ocrx_word' id='word_1_540' title='bbox 2314 1772 2598 1855; x_wconf 88' lang='lat' dir='ltr'>primum</span> <span class='ocrx_word' id='word_1_541' title='bbox 2624 1772 2912 1855; x_wconf 85' lang='lat' dir='ltr'>graviter</span> <span class='ocrx_word' id='word_1_542' title='bbox 2948 1772 3030 1837; x_wconf 91' lang='lat' dir='ltr'>ab</span> <span class='ocrx_word' id='word_1_543' title='bbox 3065 1774 3176 1838; x_wconf 91' lang='lat' dir='ltr'>illo</span> <span class='ocrx_word' id='word_1_544' title='bbox 3201 1785 3535 1857; x_wconf 88' lang='lat' dir='ltr'>peccatum</span> <span class='ocrx_word' id='word_1_545' title='bbox 3583 1790 3699 1843; x_wconf 88' lang='lat' dir='ltr'>est.</span> <span class='ocrx_word' id='word_1_546' title='bbox 3760 1778 4018 1849; x_wconf 76' lang='lat' dir='ltr'>Deinde</span> <span class='ocrx_word' id='word_1_547' title='bbox 4053 1803 4242 1866; x_wconf 84' lang='lat' dir='ltr'>prae-</span> 
     </span>
     <span class='ocr_line' id='line_1_74' title="bbox 2314 1858 4238 1945; baseline 0.007 -22"><span class='ocrx_word' id='word_1_548' title='bbox 2314 1858 2462 1924; x_wconf 80' lang='lat' dir='ltr'>dam</span> <span class='ocrx_word' id='word_1_549' title='bbox 2531 1878 2613 1924; x_wconf 84' lang='lat' dir='ltr'>ex</span> <span class='ocrx_word' id='word_1_550' title='bbox 2680 1859 2916 1941; x_wconf 81' lang='lat' dir='ltr'>opimis</span> <span class='ocrx_word' id='word_1_551' title='bbox 2984 1859 3215 1926; x_wconf 81' lang='lat' dir='ltr'>ovibus</span> <span class='ocrx_word' id='word_1_552' title='bbox 3279 1870 3344 1928; x_wconf 89' lang='lat' dir='ltr'>et</span> <span class='ocrx_word' id='word_1_553' title='bbox 3400 1861 3600 1930; x_wconf 87' lang='lat' dir='ltr'>hobus</span> <span class='ocrx_word' id='word_1_554' title='bbox 3656 1863 3914 1945; x_wconf 80' lang='lat' dir='ltr'>fecerat,</span> <span class='ocrx_word' id='word_1_555' title='bbox 3979 1887 4238 1935; x_wconf 86' lang='lat' dir='ltr'>eausam</span> 
     </span>
     <span class='ocr_line' id='line_1_75' title="bbox 2313 1941 4235 2027; baseline 0.006 -18"><span class='ocrx_word' id='word_1_556' title='bbox 2313 1941 2577 2027; x_wconf 78' lang='lat' dir='ltr'>quidem</span> <span class='ocrx_word' id='word_1_557' title='bbox 2634 1944 2993 2025; x_wconf 78' lang='lat' dir='ltr'>speciosam</span> <span class='ocrx_word' id='word_1_558' title='bbox 3053 1945 3335 2013; x_wconf 86' lang='lat' dir='ltr'>afferens</span> <span class='ocrx_word' id='word_1_559' title='bbox 3388 1959 3463 2016; x_wconf 88' lang='lat' dir='ltr'>ut</span> <span class='ocrx_word' id='word_1_560' title='bbox 3507 1948 3647 2018; x_wconf 91' lang='lat' dir='ltr'>Deo</span> <span class='ocrx_word' id='word_1_561' title='bbox 3711 1950 4235 2024; x_wconf 81' lang='lat' dir='ltr'>immolarentur:</span> 
     </span>
     <span class='ocr_line' id='line_1_76' title="bbox 2313 2028 4239 2124; baseline 0.009 -33"><span class='ocrx_word' id='word_1_562' title='bbox 2313 2029 2447 2105; x_wconf 85' lang='lat' dir='ltr'>sed,</span> <span class='ocrx_word' id='word_1_563' title='bbox 2504 2039 2579 2094; x_wconf 87' lang='lat' dir='ltr'>ut</span> <span class='ocrx_word' id='word_1_564' title='bbox 2633 2028 2860 2094; x_wconf 86' lang='lat' dir='ltr'>demus</span> <span class='ocrx_word' id='word_1_565' title='bbox 2924 2029 3287 2114; x_wconf 86' lang='lat' dir='ltr'>simplicem</span> <span class='ocrx_word' id='word_1_566' title='bbox 3350 2043 3417 2098; x_wconf 90' lang='lat' dir='ltr'>et</span> <span class='ocrx_word' id='word_1_567' title='bbox 3468 2044 3720 2101; x_wconf 85' lang='lat' dir='ltr'>rectum</span> <span class='ocrx_word' id='word_1_568' title='bbox 3780 2039 3976 2104; x_wconf 81' lang='lat' dir='ltr'>fuisse</span> <span class='ocrx_word' id='word_1_569' title='bbox 4033 2040 4239 2124; x_wconf 83' lang='lat' dir='ltr'>ipsius</span> 
     </span>
     <span class='ocr_line' id='line_1_77' title="bbox 2313 2114 4239 2202; baseline 0.007 -22"><span class='ocrx_word' id='word_1_570' title='bbox 2313 2115 2623 2191; x_wconf 87' lang='lat' dir='ltr'>animum,</span> <span class='ocrx_word' id='word_1_571' title='bbox 2644 2125 2735 2196; x_wconf 52' lang='lat' dir='ltr'>,et</span> <span class='ocrx_word' id='word_1_572' title='bbox 2768 2114 2839 2182; x_wconf 86' lang='lat' dir='ltr'>in</span> <span class='ocrx_word' id='word_1_573' title='bbox 2864 2115 2991 2181; x_wconf 92' lang='lat' dir='ltr'>Dei</span> <span class='ocrx_word' id='word_1_574' title='bbox 3022 2115 3273 2182; x_wconf 85' lang='lat' dir='ltr'>cultum</span> <span class='ocrx_word' id='word_1_575' title='bbox 3311 2139 3724 2202; x_wconf 89' lang='lat' dir='ltr'>propensum,</span> <span class='ocrx_word' id='word_1_576' title='bbox 3768 2133 3987 2190; x_wconf 86' lang='lat' dir='ltr'>tamen</span> <span class='ocrx_word' id='word_1_577' title='bbox 4017 2135 4239 2193; x_wconf 82' lang='lat' dir='ltr'>contra</span> 
     </span>
     <span class='ocr_line' id='line_1_78' title="bbox 2312 2200 4238 2295; baseline 0.008 -31"><span class='ocrx_word' id='word_1_578' title='bbox 2312 2200 2437 2265; x_wconf 91' lang='lat' dir='ltr'>Dei</span> <span class='ocrx_word' id='word_1_579' title='bbox 2465 2210 2883 2282; x_wconf 86' lang='lat' dir='ltr'>praeceptum</span> <span class='ocrx_word' id='word_1_580' title='bbox 2925 2215 3325 2283; x_wconf 83' lang='lat' dir='ltr'>peccaverat.</span> <span class='ocrx_word' id='word_1_581' title='bbox 3391 2203 3546 2283; x_wconf 86' lang='lat' dir='ltr'>Sed,</span> <span class='ocrx_word' id='word_1_582' title='bbox 3581 2219 3657 2271; x_wconf 86' lang='lat' dir='ltr'>ut</span> <span class='ocrx_word' id='word_1_583' title='bbox 3688 2217 3843 2274; x_wconf 87' lang='lat' dir='ltr'>ante</span> <span class='ocrx_word' id='word_1_584' title='bbox 3879 2210 4238 2295; x_wconf 85' lang='lat' dir='ltr'>attigimus,</span> 
     </span>
     <span class='ocr_line' id='line_1_79' title="bbox 2314 2285 4239 2371; baseline 0.008 -22"><span class='ocrx_word' id='word_1_585' title='bbox 2314 2285 2528 2367; x_wconf 85' lang='lat' dir='ltr'>turpis</span> <span class='ocrx_word' id='word_1_586' title='bbox 2572 2285 2849 2352; x_wconf 83' lang='lat' dir='ltr'>avaritia</span> <span class='ocrx_word' id='word_1_587' title='bbox 2885 2288 3227 2371; x_wconf 85' lang='lat' dir='ltr'>tegebatur</span> <span class='ocrx_word' id='word_1_588' title='bbox 3268 2288 3670 2357; x_wconf 90' lang='lat' dir='ltr'>oblationum</span> <span class='ocrx_word' id='word_1_589' title='bbox 3714 2301 3782 2357; x_wconf 88' lang='lat' dir='ltr'>et</span> <span class='ocrx_word' id='word_1_590' title='bbox 3824 2296 4239 2364; x_wconf 84' lang='lat' dir='ltr'>victimarum</span> 
     </span>
     <span class='ocr_line' id='line_1_80' title="bbox 2313 2371 4243 2455; baseline 0.007 -18"><span class='ocrx_word' id='word_1_591' title='bbox 2313 2371 2599 2455; x_wconf 85' lang='lat' dir='ltr'>specioso</span> <span class='ocrx_word' id='word_1_592' title='bbox 2658 2373 2941 2438; x_wconf 89' lang='lat' dir='ltr'>nomine.</span> <span class='ocrx_word' id='word_1_593' title='bbox 3028 2374 3118 2438; x_wconf 88' lang='lat' dir='ltr'>Et</span> <span class='ocrx_word' id='word_1_594' title='bbox 3173 2375 3267 2440; x_wconf 88' lang='lat' dir='ltr'>ita</span> <span class='ocrx_word' id='word_1_595' title='bbox 3314 2376 3525 2442; x_wconf 82' lang='lat' dir='ltr'>solent</span> <span class='ocrx_word' id='word_1_596' title='bbox 3568 2376 3866 2446; x_wconf 87' lang='lat' dir='ltr'>homines</span> <span class='ocrx_word' id='word_1_597' title='bbox 3907 2381 3978 2446; x_wconf 89' lang='lat' dir='ltr'>in</span> <span class='ocrx_word' id='word_1_598' title='bbox 4024 2384 4243 2450; x_wconf 80' lang='lat' dir='ltr'>varias</span> 
     </span>
     <span class='ocr_line' id='line_1_81' title="bbox 2315 2457 4238 2546; baseline 0.006 -23"><span class='ocrx_word' id='word_1_599' title='bbox 2315 2478 2385 2523; x_wconf 90' lang='lat' dir='ltr'>se</span> <span class='ocrx_word' id='word_1_600' title='bbox 2427 2457 2670 2521; x_wconf 85' lang='lat' dir='ltr'>formas</span> <span class='ocrx_word' id='word_1_601' title='bbox 2715 2467 2989 2535; x_wconf 82' lang='lat' dir='ltr'>vertere,</span> <span class='ocrx_word' id='word_1_602' title='bbox 3040 2470 3111 2523; x_wconf 91' lang='lat' dir='ltr'>et</span> <span class='ocrx_word' id='word_1_603' title='bbox 3152 2480 3191 2524; x_wconf 84' lang='lat' dir='ltr'>a</span> <span class='ocrx_word' id='word_1_604' title='bbox 3235 2471 3413 2527; x_wconf 84' lang='lat' dir='ltr'>recta</span> <span class='ocrx_word' id='word_1_605' title='bbox 3471 2462 3579 2528; x_wconf 84' lang='lat' dir='ltr'>via</span> <span class='ocrx_word' id='word_1_606' title='bbox 3635 2464 3957 2546; x_wconf 78' lang='lat' dir='ltr'>recedere,</span> <span class='ocrx_word' id='word_1_607' title='bbox 4021 2466 4238 2534; x_wconf 91' lang='lat' dir='ltr'>Deum</span> 
     </span>
     <span class='ocr_line' id='line_1_82' title="bbox 2315 2541 4241 2633; baseline 0.007 -27"><span class='ocrx_word' id='word_1_608' title='bbox 2315 2541 2519 2608; x_wconf 85' lang='lat' dir='ltr'>veluti</span> <span class='ocrx_word' id='word_1_609' title='bbox 2566 2542 2814 2608; x_wconf 85' lang='lat' dir='ltr'>socium</span> <span class='ocrx_word' id='word_1_610' title='bbox 2860 2542 3267 2624; x_wconf 85' lang='lat' dir='ltr'>advocantes,</span> <span class='ocrx_word' id='word_1_611' title='bbox 3312 2557 3380 2611; x_wconf 90' lang='lat' dir='ltr'>et</span> <span class='ocrx_word' id='word_1_612' title='bbox 3418 2547 3490 2614; x_wconf 85' lang='lat' dir='ltr'>in</span> <span class='ocrx_word' id='word_1_613' title='bbox 3535 2557 3785 2631; x_wconf 86' lang='lat' dir='ltr'>partem</span> <span class='ocrx_word' id='word_1_614' title='bbox 3822 2550 4099 2633; x_wconf 84' lang='lat' dir='ltr'>praedae</span> <span class='ocrx_word' id='word_1_615' title='bbox 4133 2553 4241 2619; x_wconf 89' lang='lat' dir='ltr'>ad-</span> 
     </span>
     <span class='ocr_line' id='line_1_83' title="bbox 2315 2628 4239 2707; baseline 0.006 -13"><span class='ocrx_word' id='word_1_616' title='bbox 2315 2629 2666 2694; x_wconf 86' lang='lat' dir='ltr'>mittentes.</span> <span class='ocrx_word' id='word_1_617' title='bbox 2777 2628 2936 2695; x_wconf 82' lang='lat' dir='ltr'>Esto</span> <span class='ocrx_word' id='word_1_618' title='bbox 3002 2639 3259 2707; x_wconf 87' lang='lat' dir='ltr'>tamen,</span> <span class='ocrx_word' id='word_1_619' title='bbox 3324 2630 3490 2698; x_wconf 87' lang='lat' dir='ltr'>Saul</span> <span class='ocrx_word' id='word_1_620' title='bbox 3553 2633 3691 2700; x_wconf 88' lang='lat' dir='ltr'>solo</span> <span class='ocrx_word' id='word_1_621' title='bbox 3754 2634 3959 2703; x_wconf 84' lang='lat' dir='ltr'>divini</span> <span class='ocrx_word' id='word_1_622' title='bbox 4024 2639 4239 2705; x_wconf 84' lang='lat' dir='ltr'>cultus</span> 
     </span>
     <span class='ocr_line' id='line_1_84' title="bbox 2314 2712 4237 2808; baseline 0.007 -28"><span class='ocrx_word' id='word_1_623' title='bbox 2314 2733 2536 2780; x_wconf 89' lang='lat' dir='ltr'>amore</span> <span class='ocrx_word' id='word_1_624' title='bbox 2574 2723 2641 2777; x_wconf 90' lang='lat' dir='ltr'>et</span> <span class='ocrx_word' id='word_1_625' title='bbox 2683 2712 2898 2780; x_wconf 88' lang='lat' dir='ltr'>studio</span> <span class='ocrx_word' id='word_1_626' title='bbox 2942 2714 3065 2782; x_wconf 88' lang='lat' dir='ltr'>has</span> <span class='ocrx_word' id='word_1_627' title='bbox 3108 2716 3389 2798; x_wconf 83' lang='lat' dir='ltr'>pecudes</span> <span class='ocrx_word' id='word_1_628' title='bbox 3432 2719 3499 2786; x_wconf 91' lang='lat' dir='ltr'>in</span> <span class='ocrx_word' id='word_1_629' title='bbox 3549 2719 3847 2787; x_wconf 88' lang='lat' dir='ltr'>victimas</span> <span class='ocrx_word' id='word_1_630' title='bbox 3890 2733 3956 2787; x_wconf 93' lang='lat' dir='ltr'>et</span> <span class='ocrx_word' id='word_1_631' title='bbox 3999 2726 4237 2808; x_wconf 84' lang='lat' dir='ltr'>gratia·</span> 
     </span>
     <span class='ocr_line' id='line_1_85' title="bbox 2315 2801 4238 2893; baseline 0.006 -29"><span class='ocrx_word' id='word_1_632' title='bbox 2315 2821 2461 2864; x_wconf 90' lang='lat' dir='ltr'>rum</span> <span class='ocrx_word' id='word_1_633' title='bbox 2522 2801 2809 2866; x_wconf 89' lang='lat' dir='ltr'>actiones</span> <span class='ocrx_word' id='word_1_634' title='bbox 2866 2803 3248 2868; x_wconf 87' lang='lat' dir='ltr'>reservarit:</span> <span class='ocrx_word' id='word_1_635' title='bbox 3302 2802 3505 2868; x_wconf 90' lang='lat' dir='ltr'>stulta</span> <span class='ocrx_word' id='word_1_636' title='bbox 3560 2804 3989 2874; x_wconf 85' lang='lat' dir='ltr'>nihilominus</span> <span class='ocrx_word' id='word_1_637' title='bbox 4030 2811 4238 2893; x_wconf 87' lang='lat' dir='ltr'>ipsius</span> 
     </span>
     <span class='ocr_line' id='line_1_86' title="bbox 2313 2885 4236 2976; baseline 0.007 -27"><span class='ocrx_word' id='word_1_638' title='bbox 2313 2886 2587 2952; x_wconf 88' lang='lat' dir='ltr'>intentio</span> <span class='ocrx_word' id='word_1_639' title='bbox 2651 2885 2792 2961; x_wconf 79' lang='lat' dir='ltr'>fuit,</span> <span class='ocrx_word' id='word_1_640' title='bbox 2858 2896 2925 2951; x_wconf 89' lang='lat' dir='ltr'>et</span> <span class='ocrx_word' id='word_1_641' title='bbox 2987 2887 3171 2952; x_wconf 90' lang='lat' dir='ltr'>nullo</span> <span class='ocrx_word' id='word_1_642' title='bbox 3234 2887 3424 2956; x_wconf 90' lang='lat' dir='ltr'>modo</span> <span class='ocrx_word' id='word_1_643' title='bbox 3488 2889 3822 2956; x_wconf 87' lang='lat' dir='ltr'>toleranda</span> <span class='ocrx_word' id='word_1_644' title='bbox 3882 2896 4236 2976; x_wconf 80' lang='lat' dir='ltr'>excusatio,</span> 
     </span>
     <span class='ocr_line' id='line_1_87' title="bbox 2311 2968 4239 3057; baseline 0.006 -22"><span class='ocrx_word' id='word_1_645' title='bbox 2311 2991 2503 3053; x_wconf 90' lang='lat' dir='ltr'>quam</span> <span class='ocrx_word' id='word_1_646' title='bbox 2551 2972 2689 3054; x_wconf 90' lang='lat' dir='ltr'>ipse</span> <span class='ocrx_word' id='word_1_647' title='bbox 2731 2968 2854 3036; x_wconf 87' lang='lat' dir='ltr'>sihi</span> <span class='ocrx_word' id='word_1_648' title='bbox 2900 2971 3193 3038; x_wconf 84' lang='lat' dir='ltr'>finxerat.</span> <span class='ocrx_word' id='word_1_649' title='bbox 3285 2972 3391 3040; x_wconf 83' lang='lat' dir='ltr'>Ex</span> <span class='ocrx_word' id='word_1_650' title='bbox 3451 2995 3578 3057; x_wconf 91' lang='lat' dir='ltr'>quo</span> <span class='ocrx_word' id='word_1_651' title='bbox 3632 2975 3941 3044; x_wconf 90' lang='lat' dir='ltr'>discimus</span> <span class='ocrx_word' id='word_1_652' title='bbox 3982 3000 4059 3045; x_wconf 90' lang='lat' dir='ltr'>eo</span> <span class='ocrx_word' id='word_1_653' title='bbox 4103 3002 4239 3047; x_wconf 85' lang='lat' dir='ltr'>ma-</span> 
     </span>
     <span class='ocr_line' id='line_1_88' title="bbox 2311 3056 4238 3144; baseline 0.006 -24"><span class='ocrx_word' id='word_1_654' title='bbox 2311 3056 2449 3121; x_wconf 86' lang='lat' dir='ltr'>iore</span> <span class='ocrx_word' id='word_1_655' title='bbox 2514 3075 2671 3120; x_wconf 90' lang='lat' dir='ltr'>cura</span> <span class='ocrx_word' id='word_1_656' title='bbox 2735 3068 2801 3135; x_wconf 80' lang='lat' dir='ltr'>et</span> <span class='ocrx_word' id='word_1_657' title='bbox 2862 3056 3078 3126; x_wconf 79' lang='lat' dir='ltr'>studio</span> <span class='ocrx_word' id='word_1_658' title='bbox 3142 3057 3487 3126; x_wconf 85' lang='lat' dir='ltr'>nitendum</span> <span class='ocrx_word' id='word_1_659' title='bbox 3551 3059 3621 3125; x_wconf 90' lang='lat' dir='ltr'>in</span> <span class='ocrx_word' id='word_1_660' title='bbox 3686 3063 4104 3144; x_wconf 88' lang='lat' dir='ltr'>contrarium,</span> <span class='ocrx_word' id='word_1_661' title='bbox 4171 3076 4238 3133; x_wconf 88' lang='lat' dir='ltr'>et</span> 
     </span>
     <span class='ocr_line' id='line_1_89' title="bbox 2312 3141 4237 3225; baseline 0.005 -17"><span class='ocrx_word' id='word_1_662' title='bbox 2312 3141 2620 3225; x_wconf 89' lang='lat' dir='ltr'>quoniam</span> <span class='ocrx_word' id='word_1_663' title='bbox 2686 3151 2817 3206; x_wconf 84' lang='lat' dir='ltr'>tam</span> <span class='ocrx_word' id='word_1_664' title='bbox 2900 3142 3218 3224; x_wconf 81' lang='lat' dir='ltr'>proclives</span> <span class='ocrx_word' id='word_1_665' title='bbox 3282 3163 3505 3212; x_wconf 89' lang='lat' dir='ltr'>sumus</span> <span class='ocrx_word' id='word_1_666' title='bbox 3583 3144 3666 3210; x_wconf 88' lang='lat' dir='ltr'>ad</span> <span class='ocrx_word' id='word_1_667' title='bbox 3746 3147 4044 3214; x_wconf 85' lang='lat' dir='ltr'>violanda</span> <span class='ocrx_word' id='word_1_668' title='bbox 4109 3149 4237 3220; x_wconf 86' lang='lat' dir='ltr'>Dei</span> 
     </span>
     <span class='ocr_line' id='line_1_90' title="bbox 2310 3226 4241 3317; baseline 0.007 -26"><span class='ocrx_word' id='word_1_669' title='bbox 2310 3237 2673 3311; x_wconf 83' lang='lat' dir='ltr'>praecepta,</span> <span class='ocrx_word' id='word_1_670' title='bbox 2731 3226 2814 3291; x_wconf 88' lang='lat' dir='ltr'>ad</span> <span class='ocrx_word' id='word_1_671' title='bbox 2858 3229 3171 3296; x_wconf 88' lang='lat' dir='ltr'>amussim</span> <span class='ocrx_word' id='word_1_672' title='bbox 3216 3238 3437 3298; x_wconf 84' lang='lat' dir='ltr'>nostra</span> <span class='ocrx_word' id='word_1_673' title='bbox 3477 3231 3867 3314; x_wconf 85' lang='lat' dir='ltr'>pensitanda</span> <span class='ocrx_word' id='word_1_674' title='bbox 3906 3235 4095 3317; x_wconf 70' lang='lat' dir='ltr'>faeta,</span> <span class='ocrx_word' id='word_1_675' title='bbox 4154 3259 4241 3304; x_wconf 87' lang='lat' dir='ltr'>ne</span> 
     </span>
     <span class='ocr_line' id='line_1_91' title="bbox 2354 3314 4236 3403; baseline 0.007 -28"><span class='ocrx_word' id='word_1_676' title='bbox 2354 3314 2462 3377; x_wconf 91' lang='lat' dir='ltr'>uid</span> <span class='ocrx_word' id='word_1_677' title='bbox 2530 3325 2773 3378; x_wconf 87' lang='lat' dir='ltr'>temere</span> <span class='ocrx_word' id='word_1_678' title='bbox 2839 3324 3134 3394; x_wconf 85' lang='lat' dir='ltr'>geratur,</span> <span class='ocrx_word' id='word_1_679' title='bbox 3213 3324 3283 3381; x_wconf 88' lang='lat' dir='ltr'>et</span> <span class='ocrx_word' id='word_1_680' title='bbox 3352 3316 3663 3384; x_wconf 82' lang='lat' dir='ltr'>adversus</span> <span class='ocrx_word' id='word_1_681' title='bbox 3726 3318 3843 3385; x_wconf 88' lang='lat' dir='ltr'>illa</span> <span class='ocrx_word' id='word_1_682' title='bbox 3918 3332 4236 3403; x_wconf 81' lang='lat' dir='ltr'>peccetur.</span> 
     </span>
     <span class='ocr_line' id='line_1_92' title="bbox 2310 3334 4239 3481; baseline 0.007 -19"><span class='ocrx_word' id='word_1_683' title='bbox 2310 3334 2531 3480; x_wconf 45' lang='lat' dir='ltr'>Quare</span> <span class='ocrx_word' id='word_1_684' title='bbox 2579 3418 2781 3481; x_wconf 90' lang='lat' dir='ltr'>quum</span> <span class='ocrx_word' id='word_1_685' title='bbox 2827 3407 3075 3466; x_wconf 89' lang='lat' dir='ltr'>rectum</span> <span class='ocrx_word' id='word_1_686' title='bbox 3121 3401 3409 3468; x_wconf 86' lang='lat' dir='ltr'>animum</span> <span class='ocrx_word' id='word_1_687' title='bbox 3455 3402 3872 3472; x_wconf 82' lang='lat' dir='ltr'>habuerimus</span> <span class='ocrx_word' id='word_1_688' title='bbox 3916 3407 4057 3476; x_wconf 82' lang='lat' dir='ltr'>Deo</span> <span class='ocrx_word' id='word_1_689' title='bbox 4098 3427 4239 3475; x_wconf 86' lang='lat' dir='ltr'>ser·</span> 
     </span>
     <span class='ocr_line' id='line_1_93' title="bbox 2315 3484 4241 3575; baseline 0.005 -26"><span class='ocrx_word' id='word_1_690' title='bbox 2315 3484 2550 3560; x_wconf 86' lang='lat' dir='ltr'>viendi,</span> <span class='ocrx_word' id='word_1_691' title='bbox 2594 3494 2665 3548; x_wconf 90' lang='lat' dir='ltr'>et</span> <span class='ocrx_word' id='word_1_692' title='bbox 2707 3485 2831 3549; x_wconf 88' lang='lat' dir='ltr'>rite</span> <span class='ocrx_word' id='word_1_693' title='bbox 2873 3484 2956 3552; x_wconf 89' lang='lat' dir='ltr'>ad</span> <span class='ocrx_word' id='word_1_694' title='bbox 3002 3485 3295 3554; x_wconf 82' lang='lat' dir='ltr'>divinam</span> <span class='ocrx_word' id='word_1_695' title='bbox 3338 3490 3653 3556; x_wconf 88' lang='lat' dir='ltr'>amussim</span> <span class='ocrx_word' id='word_1_696' title='bbox 3691 3510 3811 3558; x_wconf 88' lang='lat' dir='ltr'>nos</span> <span class='ocrx_word' id='word_1_697' title='bbox 3854 3492 4241 3575; x_wconf 75' lang='lat' dir='ltr'>expenderi-</span> 
     </span>
     <span class='ocr_line' id='line_1_94' title="bbox 2314 3568 4239 3659; baseline 0.006 -25"><span class='ocrx_word' id='word_1_698' title='bbox 2314 3591 2487 3647; x_wconf 88' lang='lat' dir='ltr'>mus,</span> <span class='ocrx_word' id='word_1_699' title='bbox 2554 3568 2808 3635; x_wconf 86' lang='lat' dir='ltr'>nihilne</span> <span class='ocrx_word' id='word_1_700' title='bbox 2872 3572 3278 3655; x_wconf 77' lang='lat' dir='ltr'>corruptelae</span> <span class='ocrx_word' id='word_1_701' title='bbox 3343 3575 3713 3656; x_wconf 87' lang='lat' dir='ltr'>accesserit,</span> <span class='ocrx_word' id='word_1_702' title='bbox 3790 3587 4041 3644; x_wconf 80' lang='lat' dir='ltr'>certum</span> <span class='ocrx_word' id='word_1_703' title='bbox 4119 3591 4239 3659; x_wconf 79' lang='lat' dir='ltr'>est,</span> 
     </span>
     <span class='ocr_line' id='line_1_95' title="bbox 2311 3639 4236 3745; baseline 0.006 -25"><span class='ocrx_word' id='word_1_704' title='bbox 2311 3655 2504 3720; x_wconf 90' lang='lat' dir='ltr'>modo</span> <span class='ocrx_word' id='word_1_705' title='bbox 2550 3676 2633 3720; x_wconf 91' lang='lat' dir='ltr'>ne</span> <span class='ocrx_word' id='word_1_706' title='bbox 2676 3639 2863 3721; x_wconf 84' lang='lat' dir='ltr'>nobie</span> <span class='ocrx_word' id='word_1_707' title='bbox 2909 3656 3127 3724; x_wconf 88' lang='lat' dir='ltr'>fucum</span> <span class='ocrx_word' id='word_1_708' title='bbox 3173 3658 3502 3737; x_wconf 82' lang='lat' dir='ltr'>faciamus,</span> <span class='ocrx_word' id='word_1_709' title='bbox 3546 3661 4089 3745; x_wconf 88' lang='lat' dir='ltr'>semper-aliquid</span> <span class='ocrx_word' id='word_1_710' title='bbox 4136 3685 4236 3731; x_wconf 87' lang='lat' dir='ltr'>re·</span> 
     </span>
     <span class='ocr_line' id='line_1_96' title="bbox 2314 3740 4235 3824; baseline 0.006 -20"><span class='ocrx_word' id='word_1_711' title='bbox 2314 3741 2745 3824; x_wconf 88' lang='lat' dir='ltr'>prehensione</span> <span class='ocrx_word' id='word_1_712' title='bbox 2790 3740 3061 3824; x_wconf 88' lang='lat' dir='ltr'>dignum</span> <span class='ocrx_word' id='word_1_713' title='bbox 3108 3764 3224 3810; x_wconf 87' lang='lat' dir='ltr'>nos</span> <span class='ocrx_word' id='word_1_714' title='bbox 3269 3743 3671 3824; x_wconf 79' lang='lat' dir='ltr'>inventuros,</span> <span class='ocrx_word' id='word_1_715' title='bbox 3731 3756 3799 3812; x_wconf 88' lang='lat' dir='ltr'>et</span> <span class='ocrx_word' id='word_1_716' title='bbox 3851 3765 3985 3814; x_wconf 87' lang='lat' dir='ltr'>non</span> <span class='ocrx_word' id='word_1_717' title='bbox 4040 3748 4235 3816; x_wconf 89' lang='lat' dir='ltr'>talem</span> 
     </span>
     <span class='ocr_line' id='line_1_97' title="bbox 2314 3825 4245 3914; baseline 0.006 -24"><span class='ocrx_word' id='word_1_718' title='bbox 2314 3825 2512 3892; x_wconf 84' lang='lat' dir='ltr'>fuisse</span> <span class='ocrx_word' id='word_1_719' title='bbox 2570 3837 2838 3908; x_wconf 88' lang='lat' dir='ltr'>tamque</span> <span class='ocrx_word' id='word_1_720' title='bbox 2894 3827 3222 3911; x_wconf 85' lang='lat' dir='ltr'>integrum</span> <span class='ocrx_word' id='word_1_721' title='bbox 3281 3830 3584 3898; x_wconf 85' lang='lat' dir='ltr'>affectum</span> <span class='ocrx_word' id='word_1_722' title='bbox 3638 3832 3898 3914; x_wconf 89' lang='lat' dir='ltr'>qualem</span> <span class='ocrx_word' id='word_1_723' title='bbox 3956 3853 3997 3898; x_wconf 88' lang='lat' dir='ltr'>a</span> <span class='ocrx_word' id='word_1_724' title='bbox 4051 3836 4245 3902; x_wconf 85' lang='lat' dir='ltr'>nobis</span> 
     </span>
     <span class='ocr_line' id='line_1_98' title="bbox 2313 3910 4239 4000; baseline 0.006 -24"><span class='ocrx_word' id='word_1_725' title='bbox 2313 3910 2499 3978; x_wconf 84' lang='lat' dir='ltr'>Deus</span> <span class='ocrx_word' id='word_1_726' title='bbox 2555 3912 2852 3995; x_wconf 87' lang='lat' dir='ltr'>requirit.</span> <span class='ocrx_word' id='word_1_727' title='bbox 2938 3913 3172 3995; x_wconf 83' lang='lat' dir='ltr'>Itaque</span> <span class='ocrx_word' id='word_1_728' title='bbox 3229 3934 3529 3996; x_wconf 84' lang='lat' dir='ltr'>magnam</span> <span class='ocrx_word' id='word_1_729' title='bbox 3597 3917 3858 4000; x_wconf 84' lang='lat' dir='ltr'>quidem</span> <span class='ocrx_word' id='word_1_730' title='bbox 3922 3919 4239 3988; x_wconf 85' lang='lat' dir='ltr'>habemus</span> 
     </span>
     <span class='ocr_line' id='line_1_99' title="bbox 2317 3996 4238 4088; baseline 0.006 -26"><span class='ocrx_word' id='word_1_731' title='bbox 2317 4018 2432 4063; x_wconf 88' lang='lat' dir='ltr'>nos</span> <span class='ocrx_word' id='word_1_732' title='bbox 2497 4018 2714 4063; x_wconf 90' lang='lat' dir='ltr'>coram</span> <span class='ocrx_word' id='word_1_733' title='bbox 2774 3996 2919 4064; x_wconf 89' lang='lat' dir='ltr'>Deo</span> <span class='ocrx_word' id='word_1_734' title='bbox 2974 3997 3359 4066; x_wconf 80' lang='lat' dir='ltr'>humiliandi</span> <span class='ocrx_word' id='word_1_735' title='bbox 3415 4003 3836 4080; x_wconf 81' lang='lat' dir='ltr'>occasionem,</span> <span class='ocrx_word' id='word_1_736' title='bbox 3901 4005 4238 4088; x_wconf 83' lang='lat' dir='ltr'>eidemque</span> 
     </span>
     <span class='ocr_line' id='line_1_100' title="bbox 2313 4083 4238 4168; baseline 0.006 -22"><span class='ocrx_word' id='word_1_737' title='bbox 2313 4083 2562 4168; x_wconf 87' lang='lat' dir='ltr'>gratias</span> <span class='ocrx_word' id='word_1_738' title='bbox 2623 4083 2881 4167; x_wconf 83' lang='lat' dir='ltr'>agendi,</span> <span class='ocrx_word' id='word_1_739' title='bbox 2948 4104 3149 4166; x_wconf 87' lang='lat' dir='ltr'>quum</span> <span class='ocrx_word' id='word_1_740' title='bbox 3208 4093 3459 4151; x_wconf 87' lang='lat' dir='ltr'>rectum</span> <span class='ocrx_word' id='word_1_741' title='bbox 3517 4087 3807 4155; x_wconf 86' lang='lat' dir='ltr'>studium</span> <span class='ocrx_word' id='word_1_742' title='bbox 3862 4091 3967 4156; x_wconf 89' lang='lat' dir='ltr'>eui</span> <span class='ocrx_word' id='word_1_743' title='bbox 4024 4090 4238 4158; x_wconf 84' lang='lat' dir='ltr'>cultus</span> 
     </span>
     <span class='ocr_line' id='line_1_101' title="bbox 2314 4169 4238 4258; baseline 0.003 -25"><span class='ocrx_word' id='word_1_744' title='bbox 2314 4169 2500 4234; x_wconf 91' lang='lat' dir='ltr'>nobis</span> <span class='ocrx_word' id='word_1_745' title='bbox 2544 4169 2821 4252; x_wconf 86' lang='lat' dir='ltr'>largitus</span> <span class='ocrx_word' id='word_1_746' title='bbox 2865 4177 2997 4236; x_wconf 84' lang='lat' dir='ltr'>est:</span> <span class='ocrx_word' id='word_1_747' title='bbox 3040 4169 3154 4236; x_wconf 90' lang='lat' dir='ltr'>sed</span> <span class='ocrx_word' id='word_1_748' title='bbox 3197 4171 3462 4238; x_wconf 89' lang='lat' dir='ltr'>interim</span> <span class='ocrx_word' id='word_1_749' title='bbox 3501 4184 3715 4240; x_wconf 88' lang='lat' dir='ltr'>tamen</span> <span class='ocrx_word' id='word_1_750' title='bbox 3757 4174 4238 4258; x_wconf 82' lang='lat' dir='ltr'>agnoscendum</span> 
     </span>
     <span class='ocr_line' id='line_1_102' title="bbox 2312 4254 4237 4338; baseline 0.003 -18"><span class='ocrx_word' id='word_1_751' title='bbox 2312 4264 2430 4334; x_wconf 85' lang='lat' dir='ltr'>est,</span> <span class='ocrx_word' id='word_1_752' title='bbox 2475 4254 2618 4320; x_wconf 92' lang='lat' dir='ltr'>Deo</span> <span class='ocrx_word' id='word_1_753' title='bbox 2660 4274 2791 4320; x_wconf 92' lang='lat' dir='ltr'>non</span> <span class='ocrx_word' id='word_1_754' title='bbox 2834 4255 3059 4324; x_wconf 86' lang='lat' dir='ltr'>deesse</span> <span class='ocrx_word' id='word_1_755' title='bbox 3103 4276 3221 4321; x_wconf 90' lang='lat' dir='ltr'>nos</span> <span class='ocrx_word' id='word_1_756' title='bbox 3260 4258 3733 4325; x_wconf 85' lang='lat' dir='ltr'>condemnandi</span> <span class='ocrx_word' id='word_1_757' title='bbox 3779 4262 4138 4338; x_wconf 87' lang='lat' dir='ltr'>materiam,</span> <span class='ocrx_word' id='word_1_758' title='bbox 4182 4259 4237 4326; x_wconf 87' lang='lat' dir='ltr'>si</span> 
     </span>
     <span class='ocr_line' id='line_1_103' title="bbox 2313 4339 4232 4427; baseline 0.002 -21"><span class='ocrx_word' id='word_1_759' title='bbox 2313 4340 2474 4406; x_wconf 82' lang='lat' dir='ltr'>velit</span> <span class='ocrx_word' id='word_1_760' title='bbox 2514 4339 2587 4405; x_wconf 90' lang='lat' dir='ltr'>in</span> <span class='ocrx_word' id='word_1_761' title='bbox 2628 4360 2899 4423; x_wconf 88' lang='lat' dir='ltr'>operum</span> <span class='ocrx_word' id='word_1_762' title='bbox 2945 4349 3319 4408; x_wconf 84' lang='lat' dir='ltr'>nostrorum</span> <span class='ocrx_word' id='word_1_763' title='bbox 3366 4343 3915 4427; x_wconf 86' lang='lat' dir='ltr'>imperfectionem</span> <span class='ocrx_word' id='word_1_764' title='bbox 3975 4346 4232 4412; x_wconf 88' lang='lat' dir='ltr'>intueri.</span> 
     </span>
     <span class='ocr_line' id='line_1_104' title="bbox 2314 4424 4237 4513; baseline 0.003 -21"><span class='ocrx_word' id='word_1_765' title='bbox 2314 4424 2731 4509; x_wconf 76' lang='lat' dir='ltr'>Quapropter</span> <span class='ocrx_word' id='word_1_766' title='bbox 2785 4446 2990 4510; x_wconf 84' lang='lat' dir='ltr'>apage</span> <span class='ocrx_word' id='word_1_767' title='bbox 3044 4426 3426 4494; x_wconf 87' lang='lat' dir='ltr'>meritorum</span> <span class='ocrx_word' id='word_1_768' title='bbox 3485 4429 3830 4510; x_wconf 87' lang='lat' dir='ltr'>somnium,</span> <span class='ocrx_word' id='word_1_769' title='bbox 3882 4432 4071 4513; x_wconf 86' lang='lat' dir='ltr'>quale</span> <span class='ocrx_word' id='word_1_770' title='bbox 4113 4430 4237 4497; x_wconf 89' lang='lat' dir='ltr'>sihi</span> 
     </span>
     <span class='ocr_line' id='line_1_105' title="bbox 2314 4511 4233 4599; baseline 0.003 -22"><span class='ocrx_word' id='word_1_771' title='bbox 2314 4511 2607 4595; x_wconf 87' lang='lat' dir='ltr'>papistae</span> <span class='ocrx_word' id='word_1_772' title='bbox 2649 4512 2929 4595; x_wconf 84' lang='lat' dir='ltr'>fingunt,</span> <span class='ocrx_word' id='word_1_773' title='bbox 2972 4512 3083 4595; x_wconf 90' lang='lat' dir='ltr'>qui</span> <span class='ocrx_word' id='word_1_774' title='bbox 3121 4514 3352 4579; x_wconf 86' lang='lat' dir='ltr'>officiis</span> <span class='ocrx_word' id='word_1_775' title='bbox 3376 4513 3589 4579; x_wconf 89' lang='lat' dir='ltr'>Deum</span> <span class='ocrx_word' id='word_1_776' title='bbox 3628 4515 3943 4582; x_wconf 89' lang='lat' dir='ltr'>demereri</span> <span class='ocrx_word' id='word_1_777' title='bbox 3977 4527 4233 4599; x_wconf 88' lang='lat' dir='ltr'>putant,</span> 
     </span>
     <span class='ocr_line' id='line_1_106' title="bbox 2313 4599 4239 4685; baseline 0.003 -24"><span class='ocrx_word' id='word_1_778' title='bbox 2313 4609 2380 4661; x_wconf 87' lang='lat' dir='ltr'>et</span> <span class='ocrx_word' id='word_1_779' title='bbox 2423 4618 2543 4680; x_wconf 90' lang='lat' dir='ltr'>pro</span> <span class='ocrx_word' id='word_1_780' title='bbox 2578 4616 2851 4661; x_wconf 87' lang='lat' dir='ltr'>suorum</span> <span class='ocrx_word' id='word_1_781' title='bbox 2898 4617 3168 4679; x_wconf 88' lang='lat' dir='ltr'>operum</span> <span class='ocrx_word' id='word_1_782' title='bbox 3227 4599 3481 4665; x_wconf 88' lang='lat' dir='ltr'>ratione</span> <span class='ocrx_word' id='word_1_783' title='bbox 3530 4602 3888 4668; x_wconf 89' lang='lat' dir='ltr'>mercedem</span> <span class='ocrx_word' id='word_1_784' title='bbox 3934 4600 4239 4685; x_wconf 87' lang='lat' dir='ltr'>consequi</span> 
     </span>
     <span class='ocr_line' id='line_1_107' title="bbox 2315 4678 4238 4771; baseline 0.004 -24"><span class='ocrx_word' id='word_1_785' title='bbox 2315 4683 2565 4748; x_wconf 84' lang='lat' dir='ltr'>volunt.</span> <span class='ocrx_word' id='word_1_786' title='bbox 2661 4678 2883 4761; x_wconf 80' lang='lat' dir='ltr'>Quum</span> <span class='ocrx_word' id='word_1_787' title='bbox 2940 4693 3169 4750; x_wconf 87' lang='lat' dir='ltr'>contra</span> <span class='ocrx_word' id='word_1_788' title='bbox 3222 4685 3281 4751; x_wconf 88' lang='lat' dir='ltr'>si</span> <span class='ocrx_word' id='word_1_789' title='bbox 3346 4695 3572 4752; x_wconf 87' lang='lat' dir='ltr'>nostra</span> <span class='ocrx_word' id='word_1_790' title='bbox 3630 4706 3827 4768; x_wconf 85' lang='lat' dir='ltr'>opera</span> <span class='ocrx_word' id='word_1_791' title='bbox 3892 4685 4238 4771; x_wconf 78' lang='lat' dir='ltr'>diligenter</span> 
     </span>
     <span class='ocr_line' id='line_1_108' title="bbox 2312 4766 4237 4851; baseline 0.003 -17"><span class='ocrx_word' id='word_1_792' title='bbox 2312 4766 2763 4851; x_wconf 81' lang='lat' dir='ltr'>expendamus</span> <span class='ocrx_word' id='word_1_793' title='bbox 2820 4767 2960 4834; x_wconf 90' lang='lat' dir='ltr'>sine</span> <span class='ocrx_word' id='word_1_794' title='bbox 3014 4768 3162 4835; x_wconf 81' lang='lat' dir='ltr'>fuco</span> <span class='ocrx_word' id='word_1_795' title='bbox 3221 4779 3286 4834; x_wconf 89' lang='lat' dir='ltr'>et</span> <span class='ocrx_word' id='word_1_796' title='bbox 3349 4770 3776 4848; x_wconf 89' lang='lat' dir='ltr'>simulatione,</span> <span class='ocrx_word' id='word_1_797' title='bbox 3843 4771 3957 4837; x_wconf 90' lang='lat' dir='ltr'>illa</span> <span class='ocrx_word' id='word_1_798' title='bbox 4012 4772 4237 4840; x_wconf 81' lang='lat' dir='ltr'>multis</span> 
     </span>
     <span class='ocr_line' id='line_1_109' title="bbox 2311 4852 4239 4939; baseline 0.002 -19"><span class='ocrx_word' id='word_1_799' title='bbox 2311 4854 2587 4920; x_wconf 88' lang='lat' dir='ltr'>maculis</span> <span class='ocrx_word' id='word_1_800' title='bbox 2629 4861 2695 4918; x_wconf 91' lang='lat' dir='ltr'>et</span> <span class='ocrx_word' id='word_1_801' title='bbox 2737 4852 2916 4920; x_wconf 83' lang='lat' dir='ltr'>vitiis</span> <span class='ocrx_word' id='word_1_802' title='bbox 2942 4853 3173 4921; x_wconf 86' lang='lat' dir='ltr'>vitiata</span> <span class='ocrx_word' id='word_1_803' title='bbox 3216 4861 3281 4921; x_wconf 89' lang='lat' dir='ltr'>et</span> <span class='ocrx_word' id='word_1_804' title='bbox 3320 4866 3623 4938; x_wconf 64' lang='lat' dir='ltr'>corrupta</span> <span class='ocrx_word' id='word_1_805' title='bbox 3655 4855 4239 4939; x_wconf 86' lang='lat' dir='ltr'>deprehendamus.</span> 
     </span>
     <span class='ocr_line' id='line_1_110' title="bbox 2313 4937 4239 5022; baseline 0.004 -18"><span class='ocrx_word' id='word_1_806' title='bbox 2313 4937 2755 5020; x_wconf 75' lang='lat' dir='ltr'>Quamobrem</span> <span class='ocrx_word' id='word_1_807' title='bbox 2803 4939 2977 5010; x_wconf 84' lang='lat' dir='ltr'>absit</span> <span class='ocrx_word' id='word_1_808' title='bbox 3012 4939 3244 5022; x_wconf 88' lang='lat' dir='ltr'>procul</span> <span class='ocrx_word' id='word_1_809' title='bbox 3288 4960 3327 5004; x_wconf 92' lang='lat' dir='ltr'>a</span> <span class='ocrx_word' id='word_1_810' title='bbox 3366 4938 3550 5005; x_wconf 90' lang='lat' dir='ltr'>nobis</span> <span class='ocrx_word' id='word_1_811' title='bbox 3593 4940 3810 5008; x_wconf 89' lang='lat' dir='ltr'>inanis</span> <span class='ocrx_word' id='word_1_812' title='bbox 3852 4942 3979 5010; x_wconf 86' lang='lat' dir='ltr'>ista</span> <span class='ocrx_word' id='word_1_813' title='bbox 4010 4942 4239 5011; x_wconf 87' lang='lat' dir='ltr'>Saulis</span> 
     </span>
     <span class='ocr_line' id='line_1_111' title="bbox 2314 5022 4236 5113; baseline 0.005 -25"><span class='ocrx_word' id='word_1_814' title='bbox 2314 5024 2641 5109; x_wconf 82' lang='lat' dir='ltr'>gloriatio:</span> <span class='ocrx_word' id='word_1_815' title='bbox 2689 5022 2844 5091; x_wconf 83' lang='lat' dir='ltr'>Feci</span> <span class='ocrx_word' id='word_1_816' title='bbox 2884 5026 3045 5107; x_wconf 72' lang='lat' dir='ltr'>quoa</span> <span class='ocrx_word' id='word_1_817' title='bbox 3084 5023 3402 5090; x_wconf 66' lang='lat' dir='ltr'>Dominus</span> <span class='ocrx_word' id='word_1_818' title='bbox 3432 5026 3789 5107; x_wconf 71' lang='lat' dir='ltr'>praecepit:</span> <span class='ocrx_word' id='word_1_819' title='bbox 3848 5027 3963 5096; x_wconf 86' lang='lat' dir='ltr'>sed</span> <span class='ocrx_word' id='word_1_820' title='bbox 4019 5030 4236 5113; x_wconf 85' lang='lat' dir='ltr'>potius</span> 
     </span>
     <span class='ocr_line' id='line_1_112' title="bbox 2315 5107 4235 5196; baseline 0.005 -21"><span class='ocrx_word' id='word_1_821' title='bbox 2315 5110 2630 5178; x_wconf 89' lang='lat' dir='ltr'>dicamus:</span> <span class='ocrx_word' id='word_1_822' title='bbox 2680 5109 2879 5176; x_wconf 90' lang='lat' dir='ltr'>Volui</span> <span class='ocrx_word' id='word_1_823' title='bbox 2920 5108 3182 5194; x_wconf 84' lang='lat' dir='ltr'>quidem</span> <span class='ocrx_word' id='word_1_824' title='bbox 3220 5107 3386 5193; x_wconf 90' lang='lat' dir='ltr'>quod</span> <span class='ocrx_word' id='word_1_825' title='bbox 3421 5109 3613 5175; x_wconf 79' lang='lat' dir='ltr'>iussit</span> <span class='ocrx_word' id='word_1_826' title='bbox 3648 5112 3971 5182; x_wconf 78' lang='lat' dir='ltr'>Dominus</span> <span class='ocrx_word' id='word_1_827' title='bbox 4005 5117 4235 5196; x_wconf 84' lang='lat' dir='ltr'>faeere,</span> 
     </span>
     <span class='ocr_line' id='line_1_113' title="bbox 2315 5195 4251 5282; baseline 0.004 -20"><span class='ocrx_word' id='word_1_828' title='bbox 2315 5216 2546 5264; x_wconf 84' lang='lat' dir='ltr'>verum</span> <span class='ocrx_word' id='word_1_829' title='bbox 2588 5216 2716 5279; x_wconf 90' lang='lat' dir='ltr'>quo</span> <span class='ocrx_word' id='word_1_830' title='bbox 2752 5198 3020 5280; x_wconf 86' lang='lat' dir='ltr'>propius</span> <span class='ocrx_word' id='word_1_831' title='bbox 3054 5206 3293 5262; x_wconf 88' lang='lat' dir='ltr'>metam</span> <span class='ocrx_word' id='word_1_832' title='bbox 3328 5195 3625 5279; x_wconf 84' lang='lat' dir='ltr'>attigisse</span> <span class='ocrx_word' id='word_1_833' title='bbox 3659 5198 3824 5266; x_wconf 88' lang='lat' dir='ltr'>mihi</span> <span class='ocrx_word' id='word_1_834' title='bbox 3860 5200 4039 5269; x_wconf 75' lang='lat' dir='ltr'>visus</span> <span class='ocrx_word' id='word_1_835' title='bbox 4070 5222 4251 5282; x_wconf 83' lang='lat' dir='ltr'>sum,</span> 
     </span>
     <span class='ocr_line' id='line_1_114' title="bbox 3766 5299 3830 5354; baseline 0 -20"><span class='ocrx_word' id='word_1_836' title='bbox 3766 5299 3830 5354; x_wconf 64' lang='lat'>⁷0</span> 
     </span>
    </p>
   </div>
  </div>
 </body>
</html>
