5059 6059
297 310 434 377 233

310 512 470 594 post
515 523 739 570 necem
785 500 1065 567 dedecus
1109 509 1175 566 et
1220 501 1650 586 ignominiam
1693 522 2042 588 corporum
2100 522 2267 585 quae

314 595 462 660 sine
489 591 735 656 honore
757 588 1089 672 insepulta
1119 589 1407 654 iaceant:
1443 588 1557 656 sed
1596 611 1799 674 quum
1838 610 1969 655 non
2007 598 2265 653 tantum

314 678 569 765 giganti
625 675 722 741 illi
779 671 892 739 sed
962 672 1230 757 reliquis
1272 673 1468 739 etiam
1514 675 1891 741 Philistaeis
1931 675 2107 740 idem
2151 694 2266 757 op·

315 762 663 850 probrium
728 762 1057 841 minatur,
1120 760 1355 842 spiritu
1420 762 1801 845 prophetico
1867 768 1936 826 et
2000 760 2268 844 speciali

317 850 728 917 revelatione
791 847 1004 912 facere
1068 856 1321 911 certum
1384 857 1502 912 est.
1593 846 1943 915 Goliathus
2006 845 2266 929 quidem

317 956 445 1003 sua
503 936 744 1000 virtute
802 942 868 995 et
911 931 1143 997 robore
1189 932 1394 998 fretus
1439 933 1792 999 insultabat
1829 933 2268 998 adolescenti:

314 1021 438 1088 sed
495 1021 694 1104 longe
737 1017 929 1082 aliter
975 1017 1216 1096 David,
1269 1018 1383 1099 qui
1438 1039 1594 1084 sane
1639 1019 1833 1104 longe
1876 1020 2087 1101 impar
2128 1026 2269 1083 erat

317 1107 578 1176 viribus
621 1104 718 1170 illi
761 1125 909 1170 cum
956 1124 1083 1186 quo
1128 1103 1703 1188 congrediebatur:
1748 1105 1861 1170 sed
1898 1112 2114 1169 tamen
2139 1102 2269 1168 Dei

316 1194 554 1259 robore
598 1191 826 1267 fretus,
881 1198 948 1254 et
1004 1188 1085 1255 ab
1130 1190 1268 1272 ipso
1312 1190 1576 1274 speciali
1622 1192 1875 1257 ratione
1918 1191 2266 1257 confirma-

318 1289 454 1345 tus.
516 1277 738 1359 Quare
777 1296 858 1341 ne
893 1274 1257 1359 cogitemus
1293 1285 1535 1342 temere
1561 1276 1882 1342 Davidem
1921 1276 2266 1359 loquutum

317 1365 545 1443 fuisse,
606 1371 682 1428 ut
728 1361 920 1427 multi
963 1361 1177 1427 solent
1220 1362 1289 1425 in
1338 1384 1584 1428 vanum
1631 1365 1756 1429 Dei
1799 1383 2034 1428 nomen
2081 1381 2265 1426 assu·

315 1471 525 1528 mere,
570 1448 758 1532 quasi
803 1449 871 1512 in
917 1454 1237 1532 potestate
1280 1468 1400 1513 sua
1435 1449 1650 1514 Deum
1697 1447 2030 1522 haberent,
2076 1459 2142 1512 et
2184 1446 2267 1511 ab

320 1537 469 1619 ipso
528 1547 936 1619 regerentur,
995 1553 1035 1597 a
1093 1552 1224 1616 qua
1274 1535 1642 1601 temeritate
1685 1557 1845 1601 sane
1889 1534 2105 1599 David
2144 1532 2268 1597 fuit

319 1621 801 1697 alienissemus,
869 1618 980 1684 sed
1049 1630 1125 1684 ut
1181 1629 1335 1684 ante
1390 1620 1674 1687 vidimus
1729 1619 1999 1704 spiritus
2057 1617 2268 1684 sancti

318 1708 638 1793 peculiari
662 1720 843 1770 motu
878 1713 945 1769 et
978 1703 1263 1787 impulsu
1289 1705 1613 1770 Davidem
1650 1709 2004 1772 excitatum
2039 1705 2265 1781 fuisse,

317 1796 420 1861 sic
462 1793 687 1859 eodem
734 1793 941 1856 fretus
983 1791 1322 1856 victoriam
1384 1791 1463 1856 de
1506 1789 1693 1858 hoste
1736 1792 1862 1858 sibi
1906 1791 2264 1875 pollicetur,

317 1881 514 1947 euius
571 1898 794 1944 casum
852 1876 1090 1960 reliqui
1137 1876 1476 1942 Philistaei
1519 1888 1914 1962 sequantur:
1965 1874 2267 1960 quemad-

317 1964 592 2030 modum
654 1972 721 2029 et
777 1963 1130 2046 contigisse
1186 1961 1489 2047 deinceps
1537 1963 1924 2030 videbimus.
2013 1961 2265 2027 Idcirco

317 2050 716 2117 nominatim
753 2047 975 2113 obiicit
1020 2048 1127 2112 isti
1173 2048 1424 2132 giganti
1470 2050 1900 2115 contumelias
1941 2049 2011 2114 in
2048 2048 2264 2113 Deum

315 2138 561 2220 ipsum,
626 2132 795 2218 quod
838 2133 1195 2211 Israelita&
1264 2135 1501 2218 quibus
1562 2137 1700 2218 ipse
1745 2135 1927 2201 Deus
1992 2141 2267 2218 praeest,

317 2222 732 2306 despexisset
774 2227 843 2284 et
892 2219 1241 2303 opprobrio
1309 2219 1678 2287 habuisset:
1754 2223 1990 2304 quibus
2055 2219 2266 2285 verbis

311 2307 575 2374 indicat
631 2306 868 2389 impios
926 2327 1128 2388 quum
1174 2305 1489 2374 adversus
1533 2308 1745 2373 Deum
1790 2306 2268 2391 blasphemant,

312 2395 452 2460 sibi
515 2393 673 2477 ipsis
734 2392 977 2457 malum
1036 2412 1386 2457 accersere.
1473 2393 1609 2460 Nos
1665 2393 1885 2476 itaque
1943 2393 2268 2458 discamus

314 2493 486 2546 tunc
528 2478 816 2544 maxime
861 2475 1284 2543 assumendos
1326 2477 1582 2546 animos
1623 2479 1694 2544 in
1740 2478 1972 2545 mediis
2015 2476 2267 2544 afflicti·

311 2566 576 2650 onibus,
624 2584 828 2648 quum
874 2562 1093 2629 hostes
1137 2584 1213 2628 eo
1258 2563 1614 2630 deveniunt
1666 2565 2130 2649 impudentiae,
2190 2571 2264 2628 ut

312 2673 446 2718 nos
510 2649 818 2717 conviciis
882 2663 949 2714 et
1013 2649 1430 2715 contumeliis
1494 2651 1855 2717 afficientes
1914 2650 1985 2715 in
2044 2652 2262 2734 ipsum

311 2739 540 2804 Deum
603 2745 671 2801 et
734 2735 1007 2800 verbum
1075 2735 1283 2818 ipsius
1346 2736 1478 2801 sint
1545 2736 2024 2803 contumeliosi:
2091 2732 2260 2818 quod

308 2845 458 2890 non
502 2824 770 2905 impune
805 2821 1053 2886 laturos
1087 2822 1264 2904 ipsos
1299 2832 1401 2886 est
1434 2824 1886 2889 certissimum.
1938 2819 2261 2904 Exemplo

308 2906 501 2977 istud
543 2908 967 2974 confirmatur
1012 2908 1458 2991 Assyriorum,
1516 2929 1678 2991 quos
1722 2909 1903 2975 Deus
1953 2928 2071 2992 per
2114 2927 2261 2989 pro-

308 2995 587 3080 phetam
671 2993 980 3075 quoniam
1061 2992 1304 3076 populo
1369 2993 1733 3061 Israelitico
1813 2995 2258 3070 insultassent,

307 3079 640 3163 praedicit
698 3098 819 3145 sua
875 3100 1076 3144 manu
1138 3079 1481 3145 feriendos.
1571 3081 1740 3147 Nam
1797 3081 2095 3164 impurus
2148 3076 2260 3143 ille

303 3164 769 3235 Sancheribus
805 3165 1123 3230 Ezechiae
1177 3165 1318 3248 regi
1377 3175 1445 3230 et
1487 3167 1725 3250 populo
1766 3166 1860 3233 sic
1901 3164 2259 3231 insultave-

301 3263 444 3329 rat,
490 3263 565 3315 ut
608 3252 677 3315 in
721 3250 937 3335 ipsum
961 3249 1179 3315 Deum
1217 3249 1630 3333 blasphemas
1670 3272 1856 3319 voces
1899 3259 2257 3318 evomeret:

302 3337 742 3423 quamobrem
798 3336 985 3402 Deus
1029 3335 1382 3402 Ezechiam
1426 3358 1546 3421 per
1588 3339 1978 3422 prophetam
2029 3355 2259 3403 conso-

301 3426 527 3500 latus,
587 3422 716 3502 ait,
774 3442 844 3487 se
894 3421 1250 3488 vindictam
1310 3420 1389 3488 de
1448 3424 1738 3506 profanis
1792 3424 1922 3490 illis
1965 3433 2260 3506 sumptu-

303 3530 493 3589 rum,
535 3508 635 3574 his
677 3506 928 3574 verbis:
992 3506 1239 3589 Sprevt‘t
1289 3513 1345 3573 te
1405 3513 1466 3575 et
1515 3510 1925 3576 subsannavit
1979 3514 2034 3577 te
2090 3511 2264 3595 viv-90

305 3594 470 3680 filia
514 3592 704 3659 Sion:
736 3598 881 3677 post
918 3613 1180 3677 regnum
1220 3598 1397 3658 tuum
1438 3601 1622 3677 caput
1662 3598 1855 3661 movit
1889 3595 2030 3678 filia
2076 3597 2264 3663 Ieru-

311 3679 541 3750 salem.
612 3679 735 3745 Cui
768 3679 1180 3762 exprobrasti,
1218 3684 1275 3745 et
1312 3700 1496 3762 quem
1528 3681 2019 3765 blasphemasti?
2054 3688 2264 3751 contra

312 3787 511 3852 quem
564 3765 853 3831 unuani
908 3786 1107 3831 vocem
1159 3771 1352 3842 tuam,
1415 3771 1472 3831 et
1521 3767 1773 3834 elevasti
1827 3769 1898 3833 in
1963 3770 2265 3835 excelsum

313 3853 536 3919 oculos
577 3851 760 3918 tuos?
822 3850 1049 3918 Contra
1090 3856 1372 3917 sanctum
1415 3851 1639 3919 Israel.
1689 3854 1869 3919 Deus
1913 3875 2069 3939 ergo
2113 3855 2267 3938 quia

313 3937 686 4004 Ierusalem
732 3949 871 4003 erat
912 3936 985 4002 in
1020 3937 1229 4021 ipsius
1263 3938 1602 4021 praesidio,
1644 3947 1711 4004 et
1743 3938 1981 4004 ibidem
2019 3943 2265 4024 regiam

315 4023 552 4091 sedem
595 4037 912 4101 erexerat,
968 4023 1257 4088 minatur
1312 4045 1383 4089 se
1439 4024 1612 4107 quod
1657 4026 1915 4110 Assyrii
1959 4026 2266 4100 fiduciam

317 4112 400 4176 in
449 4109 664 4174 Deum
711 4108 976 4174 Israelis
1019 4109 1340 4174 Ezechiae
1398 4123 1467 4175 et
1522 4111 1763 4194 populo
1821 4113 2098 4196 superbe
2155 4135 2266 4178 ex·

315 4194 769 4281 probrassent,
807 4194 1159 4261 vindictam
1186 4195 1266 4261 de
1299 4196 1460 4279 ipsis
1495 4208 1933 4279 sumpturum,
1971 4218 2266 4265 causam-

315 4301 456 4433 3ue
514 4302 700 4346 suam
756 4280 1192 4360 defensurum,
1261 4291 1329 4347 et
1379 4284 1447 4348 in
1507 4282 1681 4365 ipsos
1727 4282 1945 4350 hostes
1990 4284 2266 4351 dedecus

375 4366 800 4432 erivaturum.
903 4366 1128 4448 Quare
1194 4367 1251 4433 si
1303 4367 1432 4433 Dei
1488 4369 1770 4453 insignia
1827 4369 2134 4448 feramus,
2200 4378 2269 4436 et

319 4473 467 4519 non
527 4453 675 4517 ficte
733 4472 943 4535 neque
990 4452 1293 4519 simulate
1338 4474 1574 4520 nomen
1619 4455 1825 4538 ipsius
1867 4456 2267 4533 invocemus,

319 4547 396 4607 et
441 4539 697 4604 alarum
741 4539 945 4620 ipsius
990 4540 1220 4605 umbra
1264 4548 1585 4624 tegamur,
1632 4539 1929 4607 hostibus
1972 4542 2266 4627 linguam

321 4624 683 4692 adversum
711 4645 827 4689 nos
852 4624 1226 4706 petulanter
1247 4626 1722 4704 exserentibus,
1770 4635 1837 4692 et
1858 4629 2042 4695 virus
2072 4650 2267 4694 suum

321 4710 733 4786 efflantibus,
794 4720 861 4775 et
920 4711 1285 4793 triumphos
1350 4711 1859 4791 instituentibus,
1925 4714 2268 4780 imminere

319 4797 638 4863 ultimum
685 4796 956 4861 exitium
1002 4817 1042 4861 a
1087 4798 1371 4863 Domino
1415 4799 1715 4879 sciamus,
1768 4799 1874 4864 cui
1917 4811 2073 4865 sunt
2114 4821 2268 4884 pro-

321 4883 713 4968 pinquiores
757 4902 885 4965 quo
921 4883 1392 4949 insolentiores.
1460 4885 1595 4950 Nos
1630 4885 1854 4967 itaque
1894 4896 2047 4953 tunc
2084 4893 2269 4952 tanto

321 4970 546 5051 magis
587 4969 915 5052 praesenti
962 4969 1180 5034 animo
1226 4970 1447 5060 simus,
1494 4979 1560 5035 et
1582 4969 1858 5037 Davidis
1894 4972 2266 5055 exemplum

321 5054 687 5134 imitemur,
730 5065 909 5119 certo
953 5054 1247 5138 persuasi
1290 5075 1418 5138 quo
1463 5056 1675 5140 magis
1719 5056 1938 5123 hostes
1974 5060 2269 5126 veritatis

322 5150 399 5206 et
465 5159 669 5225 purae
733 5139 1074 5225 religionis
1131 5141 1533 5208 insolescunt
1600 5152 1667 5207 et
1736 5141 2133 5224 efferuntur,
2201 5153 2271 5210 et

321 5224 733 5311 blasphemis
778 5226 1047 5294 vocibus
1089 5225 1216 5292 Dei
1260 5228 1668 5296 maiestatem
1712 5228 1999 5310 laedunt,
2043 5252 2267 5297 suum-

1616 313 1715 378 ΙΝ
1759 314 1814 380 Ι.
1861 313 2042 380 LIB.
2088 312 2489 381 SAMUEL.
2537 312 2737 380 GAP.
2781 314 3010 380 XVII.

4194 316 4325 382 234

2372 523 2499 586 que
2543 503 2614 568 in
2657 523 2778 569 nos
2823 505 3003 572 virus
3046 501 3293 583 efflant,
3349 522 3426 568 eo
3482 502 3980 586 propinquiores
4016 524 4160 571 esse
4195 527 4316 572 suo

2370 589 2606 654 exitio:
2652 598 2721 654 et
2763 611 2888 674 quo
2929 589 3138 674 magis
3181 590 3390 654 securi
3435 588 3556 655 sibi
3597 588 3920 669 videntur,
3963 599 4030 655 et
4065 590 4146 657 de
4184 594 4316 659 vic-

2372 675 2539 740 toria
2581 675 2741 741 certi
2787 677 2973 759 quasi
3019 674 3303 741 consiliis
3349 675 3488 740 suis
3532 674 3614 738 ad
3660 675 3908 740 exitum
3954 676 4311 759 perductis,

2370 781 2447 826 eo
2482 761 2683 912 ἕίιίιᾶε
2725 771 2793 828 et
2834 773 3164 827 momento
3209 759 3474 843 quidem
3511 781 3551 826 a
3575 760 3718 826 Deo
3760 762 3831 826 in
3877 762 4153 827 exitium
4201 763 4309 829 de-

2370 852 2480 911 tur
2525 867 2607 911 an
2658 869 2748 914 os.

2542 932 2907 1012 Pergamus
2962 931 3044 998 ad
3099 932 3423 1016 insignem
3483 931 3663 996 illam
3708 930 3990 998 Davidis
4043 942 4308 999 senten-

2373 1019 2562 1083 tiam:
2632 1018 2722 1084 Ec
2763 1020 2923 1086 sciat
2959 1018 3166 1083 omnis
3206 1023 3372 1083 terra
3416 1018 3569 1099 quia
3612 1022 3702 1082 est
3740 1017 3924 1084 Deus
3962 1020 4033 1084 in
4078 1018 4309 1101 Israel,

2371 1110 2428 1169 et
2468 1106 2715 1170 noverit
2754 1107 3050 1170 universa
3082 1103 3333 1170 ecclesia
3375 1102 3542 1180 haec,
3598 1104 3754 1186 quia
3796 1123 3919 1168 non
3963 1106 4029 1169 in
4071 1105 4308 1188 qhdio,

2369 1209 2477 1256 nec
2519 1190 2588 1255 in
2628 1190 2812 1256 hasta
2853 1191 3057 1256 salvat
3098 1188 3434 1255 Dominus,
3525 1188 3773 1254 Eadem
3830 1189 4029 1256 verba
4086 1193 4309 1257 David

2371 1296 2537 1358 quae
2580 1297 2783 1361 supra
2827 1277 3065 1359 repetit
3106 1274 3223 1341 sed
3258 1274 3418 1339 illud
3455 1274 3935 1340 observandum
3971 1276 4141 1360 quod
4180 1280 4307 1342 ait:

2369 1361 2458 1426 Et
2498 1362 2661 1428 sciat
2700 1364 2903 1428 omnis
2943 1366 3112 1426 terra
3151 1361 3304 1444 quia
3347 1365 3438 1425 est
3477 1359 3659 1426 Deus
3700 1362 3770 1426 in
3814 1362 4038 1427 Israel.
4129 1362 4305 1429 Nam

2369 1447 2515 1514 istis
2573 1447 2792 1515 verbis
2851 1447 3154 1526 declarat,
3214 1446 3449 1529 quibus
3506 1445 3775 1524 viribus,
3841 1469 3973 1531 qua
4037 1449 4311 1515 audacia

2369 1534 2576 1599 fretus
2621 1542 2755 1598 tam
2796 1531 3122 1616 intrepide
3158 1531 3543 1598 Goliathum
3592 1531 4029 1616 aggrediatur,
4073 1556 4309 1618 nempe

2370 1619 2498 1684 Doi
2545 1621 2804 1698 virtute,
2841 1619 2951 1703 qui
2996 1617 3267 1683 verbum
3304 1639 3494 1682 suum
3532 1618 3618 1682 sit
3652 1618 4056 1701 impleturus,
4103 1629 4169 1685 et
4203 1643 4307 1687 eo·

2368 1704 2630 1770 alesiam
2658 1725 2839 1771 suam
2865 1714 3217 1770 tutaturus.
3273 1702 3455 1767 Nihil
3500 1703 3702 1785 igitur
3746 1704 3852 1770 hic
3894 1705 4015 1770 sibi
4062 1719 4306 1772 temere

2372 1791 2592 1855 David
2650 1792 2860 1871 finxit,
2920 1799 2995 1854 ut
3049 1788 3331 1855 solemus
3394 1788 3780 1872 plerumque
3847 1790 4055 1855 multa
4117 1793 4306 1860 nobis

2370 1887 2616 1942 temere
2672 1875 3099 1961 persuadere:
3152 1886 3219 1940 et
3271 1875 3452 1939 inani
3516 1874 3793 1957 quadam
3845 1876 4115 1942 audacia
4159 1879 4308 1944 freti

2369 1972 2626 2029 montes
2669 1983 2896 2028 aureos
2940 1961 3125 2026 nobis
3165 1959 3474 2043 polliceri,
3521 1962 3704 2043 quasi
3752 1962 3959 2027 nubes
4003 1964 4180 2046 ipsas
4227 1965 4310 2029 si-

2367 2069 2518 2114 mus
2584 2047 3060 2115 transcensuri:
3137 2046 3249 2111 sed
3316 2045 3534 2111 David
3595 2046 3724 2112 Dei
3802 2049 4302 2131 promissionem

2370 2134 2721 2217 specialem
2782 2133 2863 2200 de
2918 2131 3193 2198 tutando
3252 2143 3317 2196 et
3361 2130 3764 2197 defendendo
3810 2133 4055 2199 Israele
4095 2136 4304 2218 respi-

2370 2219 2600 2286 ciebat.
2689 2219 2856 2286 Nam
2925 2228 3102 2284 terra
3159 2215 3419 2301 quidem
3475 2217 3785 2284 universa
3840 2230 3941 2285 est
3985 2220 4299 2287 lehovae:

2370 2305 2484 2371 sed
2529 2314 2748 2372 tamen
2792 2304 3106 2372 Israelem
3151 2303 3392 2369 scimus
3437 2304 3649 2368 Deum
3696 2306 3819 2370 sibi
3864 2307 3932 2371 in
3979 2307 4304 2389 peculium

2371 2391 2706 2476 delegisse.
2773 2390 2997 2472 Quare
3039 2410 3241 2473 quum
3286 2388 3446 2455 dicit
3486 2389 3702 2455 Deum
3747 2412 3890 2456 esse
3931 2394 4001 2456 in
4039 2391 4302 2472 Israele,

2369 2499 2499 2544 non
2547 2477 2944 2563 imaginatur
2989 2474 3317 2559 quandam
3361 2474 3721 2554 ecclesiam,
3778 2478 3890 2542 sed
3934 2478 4059 2543 Dei
4096 2478 4304 2561 ipsius

2370 2562 2591 2641 verbo,
2656 2562 2828 2648 quod
2895 2562 3120 2627 fallere
3184 2582 3316 2625 non
3382 2570 3615 2645 potest,
3679 2563 3932 2628 nititur.
4022 2561 4302 2644 Quando

2365 2651 2573 2736 igitur
2598 2651 2722 2716 Dei
2749 2670 2986 2715 nomen
3024 2659 3098 2712 ut
3133 2659 3390 2713 scutum
3417 2646 3715 2713 hostibus
3756 2648 4054 2727 obiicere,
4100 2669 4303 2733 eoque

2369 2738 2501 2823 tegi
2547 2735 2967 2815 voluerimus,
3028 2730 3245 2799 danda
3300 2754 3498 2818 opera
3554 2746 3676 2815 est,
3740 2744 3816 2800 ut
3858 2735 4061 2819 ipsius
4104 2735 4305 2800 verbo

2364 2823 2518 2889 freti
2562 2823 2790 2900 simus,
2849 2840 2932 2885 ne
2992 2828 3235 2884 temere
3278 2818 3440 2883 illud
3492 2841 3919 2900 assumamus,
3979 2831 4053 2886 ιιι
4110 2820 4305 2886 multi

2363 2909 2578 2976 solent
2646 2908 2768 2973 Dei
2832 2907 3095 2972 nomine
3151 2904 3438 2989 gloriari,
3509 2907 3620 2990 qui
3685 2917 3902 2970 tamen
3968 2906 4110 2971 eius
4168 2907 4306 2971 vir·

2364 3006 2572 3061 tutem
2601 2994 2926 3077 ignorant,
2963 3012 3174 3075 neque
3208 3011 3495 3074 unquam
3534 2993 3675 3058 eius
3712 2992 3974 3056 fuerunt
4006 2990 4302 3057 studiosi.

2363 3080 2805 3162 Quamobrem
2871 3079 2928 3145 si
2992 3086 3239 3143 rectam
3295 3098 3435 3143 esse
3495 3086 3562 3143 et
3627 3076 4047 3161 approbatam
4106 3077 4305 3142 fidem

2362 3177 2658 3233 nostram
2724 3166 3042 3249 cupimus,
3104 3171 3172 3228 et
3235 3182 3385 3228 cum
3450 3183 3528 3228 ea
3592 3163 3831 3229 fiducia
3889 3162 4306 3229 coniunctam

2363 3274 2492 3337 qua
2551 3252 2840 3319 hostium
2881 3257 3153 3318 conatus
3213 3248 3426 3314 ridere
3481 3252 3823 3333 possimus,
3888 3257 4143 3333 oportet
4184 3269 4306 3314 nos

2363 3347 2544 3408 certo
2610 3357 2955 3422 persuasos
3013 3357 3154 3402 esse
3196 3335 3326 3400 Dei
3388 3336 3659 3401 infinita
3722 3344 3789 3399 et
3843 3333 4305 3400 inaestimabili

2364 3425 2653 3492 bonitate
2680 3432 2748 3489 et
2787 3421 3133 3490 clementia
3176 3441 3296 3487 nos
3338 3441 3478 3488 esse
3522 3423 3589 3486 in
3635 3420 3803 3488 filios
3847 3419 4203 3504 adoptatos,
4239 3428 4307 3484 et

2364 3520 2440 3579 ut
2496 3530 2787 3578 essemus
2847 3510 3057 3593 ipsius
3113 3507 3385 3574 ecclesia
3441 3515 3733 3575 vocatos:
3801 3507 4071 3590 ideoque
4134 3505 4306 3572 velle

2366 3599 2583 3683 ipsum
2642 3618 2682 3663 a
2738 3595 2929 3661 nobis
2996 3601 3073 3661 ιιι
3135 3603 3393 3679 patrem
3454 3594 3766 3674 invocari,
3831 3602 3900 3658 et
3961 3612 4310 3675 persuasos

2368 3705 2509 3751 esse
2552 3703 2673 3749 nos
2717 3682 2922 3765 ipsius
2977 3700 3120 3746 esse
3169 3681 3356 3761 filios,
3414 3688 3479 3744 et
3535 3680 3882 3745 utilitatem
3944 3698 4112 3762 quae
4154 3675 4310 3743 inde

2369 3771 2448 3837 ad
2518 3790 2637 3836 nos
2702 3767 2872 3833 redit
2937 3786 3321 3851 agnoscere:
3404 3765 3573 3849 quod
3640 3786 3726 3830 ex
3792 3764 4124 3847 singulare
4190 3784 4311 3830 sua

2368 3852 2817 3923 misericordia
2861 3853 3142 3920 voluerit
3182 3853 3253 3918 in
3300 3851 3465 3918 lilios
3511 3850 3844 3936 adoptare.
3902 3850 4042 3916 Nos
4085 3851 4310 3933 itaque

2369 3942 2494 4010 Dei
2544 3941 2806 4006 nomine
2849 3938 3081 4004 laetari
3118 3959 3249 4004 non
3285 3958 3652 4023 possumus,
3697 3937 3825 4003 nisi
3858 3945 4105 4004 certam
4143 3936 4310 4001 fidu-

2369 4030 2535 4095 ciam
2558 4027 2627 4092 in
2656 4026 2800 4110 ipso
2832 4025 3210 4104 habeamus,
3252 4025 3482 4089 fretam
3521 4023 3648 4089 fide
3691 4043 3826 4089 non
3872 4022 4070 4088 dubia
4113 4041 4309 4105 quam

2368 4137 2452 4182 ex
2496 4112 2704 4198 ipsius
2747 4110 3088 4196 promissis
3132 4111 3503 4175 hausimus:
3545 4109 3650 4177 hic
3686 4110 3861 4174 enim
3898 4109 4128 4173 unicus
4164 4107 4309 4172 fons

2370 4210 2468 4267 est
2527 4207 2789 4264 nostrae
2846 4197 3141 4263 fiduciae.
3228 4195 3483 4263 Idcirco
3527 4195 3745 4279 itaque
3786 4194 4007 4261 David
4054 4192 4310 4257 dicebat

2369 4287 2586 4352 Deum
2631 4305 2773 4350 esse
2817 4284 2883 4350 in
2931 4283 3204 4349 Israele:
3264 4303 3396 4349 non
3441 4280 3618 4365 quod
3662 4303 3811 4347 eum
3858 4280 3979 4346 sibi
4026 4277 4306 4362 populus

2369 4379 2590 4457 posset
2631 4369 2978 4442 devincire,
3047 4367 3162 4434 sed
3221 4367 3391 4453 quod
3434 4390 3520 4433 ex
3563 4389 3745 4433 mera
3784 4366 4076 4433 bonitate
4119 4383 4310 4447 prae-

2371 4458 2649 4526 sentiam
2716 4477 2901 4522 suam
2965 4453 3056 4519 ibi
3109 4454 3440 4538 pollicitus
3497 4464 3688 4530 esset,
3753 4460 3819 4516 et
3873 4452 3942 4517 in
4002 4447 4306 4515 omnibus

2371 4543 2694 4629 angustiis
2738 4541 3076 4609 auxilium.
3156 4540 3293 4606 Nos
3336 4562 3491 4607 vero
3535 4539 3728 4605 hodie
3770 4538 3924 4604 licet
3962 4537 4050 4603 ab
4093 4535 4309 4601 Abra-

2368 4631 2564 4695 hamo
2620 4650 2751 4694 non
2811 4629 3122 4694 ducamus
3176 4627 3508 4709 originem,
3570 4636 3785 4690 tamen
3830 4625 3904 4688 in
3945 4623 4161 4690 locum
4206 4620 4306 4685 Is-

2371 4715 2750 4782 raelitarum
2787 4714 3235 4792 successimus,
3270 4710 3816 4796 quemadmodum
3855 4709 4039 4775 docet
4059 4705 4309 4773 Paulus

2373 4801 2722 4886 apostolus,
2789 4800 3094 4883 quoniam
3161 4800 3230 4863 in
3276 4798 3618 4865 Christum
3686 4797 3872 4861 insiti
3925 4816 4152 4862 sumus
4195 4793 4311 4876 qui

2372 4895 2569 4954 antea
2611 4907 2870 4953 eramus
2914 4885 3210 4964 oleaster,
3254 4885 3325 4949 in
3372 4882 3651 4948 radicem
3689 4882 3890 4965 illam,
3936 4882 4223 4964 inquam,
4271 4899 4312 4943 a

2374 4974 2515 5039 Deo
2558 4974 2699 5056 ipso
2741 4979 3207 5044 consecratam,
3252 4990 3454 5054 quum
3500 4989 3621 5052 per
3659 4967 3852 5033 fidem
3890 4966 4051 5032 facti
4085 4987 4309 5032 samus

2371 5058 2646 5124 Domini
2705 5058 2911 5124 nostri
2966 5056 3123 5122 Iesu
3182 5055 3431 5122 Christi
3492 5055 3804 5120 membra.
3895 5052 4042 5119 Hoc
4087 5053 4308 5135 itaque

2371 5144 2658 5212 sufficiat
2714 5165 2832 5210 nos
2885 5164 2926 5210 a
2968 5143 3111 5208 Deo
3161 5163 3279 5225 per
3321 5140 3733 5224 evangelium
3780 5140 3981 5206 fuisse
4025 5149 4306 5216 vocatos,

2372 5241 2441 5298 et
2480 5230 2946 5317 promissiones
2991 5227 3177 5295 nobis
3221 5228 3423 5295 factas
3467 5247 3586 5292 nos
3621 5227 3702 5292 ab
3738 5227 3882 5311 ipso
3918 5226 3988 5292 in
4025 5225 4307 5310 gratiam
