5059 6059
749 312 881 381 495

2326 309 2739 378 HOMILIA
2782 309 3180 380 LXXXVI.

4614 311 4719 377 496

925 499 1514 566 Verumenimvero
1589 498 2047 566 difficillimum
2124 499 2295 565 istud
2367 499 2694 564 humanae
2796 499 3016 586 frangi
3051 519 3315 566 necesse
3361 509 3461 565 est
3506 515 3880 566 nostrarum
3926 500 4303 584 possionum
4345 498 4723 584 violentiam,

758 597 1032 653 naturae
1088 585 1274 665 foret,
1334 585 1459 651 nisi
1507 585 1690 650 Deus
1748 584 1947 652 etiam
2005 583 2087 650 ad
2148 596 2404 651 nostros
2440 583 2696 652 dolores

754 670 1090 740 leniendos
1124 669 1368 752 aliquid
1401 671 1681 753 amplius
1713 669 1998 746 adderet,
2043 691 2297 754 nempe,
2341 690 2528 735 suam
2566 690 2699 736 esse

749 757 1045 825 ultionem
1088 761 1145 821 et
1199 756 1334 837 fore
1386 760 1458 820 ut
1510 756 1837 838 rependat:
1896 756 2130 839 quibus
2180 755 2399 822 verbis
2455 754 2696 839 duplex

752 843 919 912 ratio
976 842 1375 923 continetur,
1455 863 1687 924 nempe
1753 841 1837 908 ad
1917 841 2276 908 Dominum
2370 843 2696 925 pertinere

756 928 1111 997 vindictam
1164 936 1232 992 et
1289 927 1807 994 retributionem:
1881 927 2066 994 Deus
2142 928 2348 1011 igitur
2411 927 2698 992 ostendit

755 1014 883 1083 sibi
941 1034 1245 1098 magnam
1298 1012 1603 1079 iniuriam
1659 1013 1740 1078 ab
1809 1012 2183 1079 bominibus
2226 1014 2387 1091 fieri,
2446 1013 2698 1096 sibique

755 1104 859 1167 ius
904 1120 1096 1167 suum
1141 1098 1324 1182 eripi,
1368 1120 1567 1183 quum
1612 1120 1683 1164 se
1726 1099 1901 1182 ipsos
1948 1098 2170 1165 ulcisci
2214 1098 2467 1166 volunt.
2524 1098 2695 1164 Nam

755 1187 996 1256 idcirco
1041 1184 1197 1252 dicit
1237 1205 1380 1251 mea
1424 1184 1585 1250 ultio
1628 1195 1745 1262 est,
1807 1184 1993 1268 quasi
2037 1179 2214 1251 dicat
2255 1206 2343 1264 se,
2388 1185 2695 1268 quoniam

755 1273 988 1341 mundi
1033 1271 1235 1336 totius
1279 1270 1476 1335 iudex
1522 1280 1641 1349 est,
1687 1271 2030 1336 retinuisse
2073 1287 2274 1354 penes
2297 1290 2368 1336 se
2411 1279 2696 1355 potesta-

757 1373 888 1426 tem
933 1356 1357 1425 contumelias
1394 1375 1623 1422 omnes
1657 1367 1723 1420 et
1755 1357 2026 1422 iniurias
2062 1354 2432 1422 ulciscendi.
2480 1354 2696 1437 Quam

758 1446 1076 1511 ultionem
1104 1463 1235 1507 non
1275 1452 1527 1507 tantum
1564 1442 1633 1507 in
1670 1442 1974 1506 ultimum
2001 1443 2171 1507 diem
2198 1442 2446 1507 differri
2470 1441 2695 1507 existi·

757 1529 1073 1598 mandum
1116 1535 1236 1608 est,
1276 1526 1610 1594 sedetiam
1653 1549 1772 1611 per
1806 1528 2226 1612 magistratus
2260 1529 2327 1592 in
2378 1529 2478 1593 bis
2500 1526 2695 1592 terris

756 1614 1238 1683 administrari:
1314 1633 1509 1697 qnam
1575 1613 1657 1680 ob
1715 1633 1975 1679 causam
2039 1612 2123 1679 D.
2170 1612 2421 1679 Paulus
2486 1612 2693 1691 docet,

754 1704 1167 1786 mayistratus
1210 1719 1335 1764 non
1376 1704 1594 1765 temere
1628 1699 1918 1786 yladium
1957 1702 2234 1784 qestare‚·
2276 1700 2384 1764 sed
2418 1698 2546 1763 Dei
2580 1698 2697 1763 mi·

753 1789 986 1856 nistros
1029 1806 1175 1863 esse,
1237 1786 1471 1851 ultores
1524 1785 1612 1850 ad
1647 1787 1818 1849 iram
1860 1786 1920 1850 ei
1967 1786 2080 1866 qui
2121 1786 2284 1867 quod
2328 1785 2565 1850 malum
2606 1789 2696 1849 est

745 1874 979 1958 fecerit.
1070 1870 1517 1952 Quamobrem
1564 1871 1854 1953 privatos
1902 1870 2199 1937 homines
2244 1883 2518 1954 apparet
2553 1871 2694 1936 Deo

745 1963 850 2026 ius
894 1980 1086 2026 suum
1123 1957 1396 2038 eripere,
1456 1976 1661 2038 quum
1705 1977 1775 2021 se
1817 1957 1989 2040 ipsos
2031 1955 2251 2022 ulcisci
2297 1969 2364 2021 et
2405 1957 2695 2037 privatas

741 2046 1020 2112 iniurias
1042 2043 1345 2127 persequi
1369 2042 1626 2117 volunt,
1663 2049 1860 2124 atque
1883 2041 2282 2108 horrendum
2312 2062 2455 2108 esse
2491 2040 2692 2107 sacri·

745 2132 998 2217 legium
1057 2129 1371 2196 virtutem
1432 2135 1497 2191 et
1540 2128 1957 2193 autoritatem
2017 2128 2222 2211 ipsius
2279 2128 2373 2192 sic
2416 2125 2693 2194 abolere.

755 2219 928 2285 Nam
983 2213 1052 2281 si*
1103 2213 1387 2297 exempli
1445 2214 1660 2298 gratia
1717 2234 1936 2279 coram
1992 2223 2251 2279 terreno
2307 2211 2519 2279 iudice
2578 2233 2696 2296 pro

758 2302 1071 2370 tribunali
1116 2299 1383 2365 sedente
1426 2302 1600 2364 inter
1645 2297 1805 2365 duos
1849 2299 2183 2384 litigantes
2225 2300 2476 2364 oriatur
2498 2318 2696 2383 quae·

754 2391 898 2468 stio,
942 2397 1011 2453 et
1048 2385 1215 2452 alter
1249 2386 1526 2450 alterum
1564 2405 1786 2468 pugno
1819 2385 2114 2467 impetat,
2160 2384 2263 2449 vel
2299 2383 2516 2470 gladio
2552 2404 2695 2466 per-

754 2484 1067 2558 sequatur
1113 2472 1422 2537 iniuriam
1458 2469 1580 2537 sibi
1624 2469 1877 2535 illatam
1907 2470 2166 2540 ulturus
2208 2470 2278 2535 in
2323 2469 2695 2555 praesentia

755 2559 1008 2636 iudicis,
1039 2579 1128 2623 an
1163 2557 1430 2640 impune
1446 2555 1739 2621 laturum
1771 2555 1991 2638 ipsum
2027 2554 2467 2622 arbitramur?
2514 2554 2693 2621 Sane

756 2645 959 2713 iudex
1007 2642 1132 2709 sibi
1176 2643 1316 2709 fieri
1360 2641 1669 2707 iniuriam
1707 2642 1942 2707 merito
1984 2652 2437 2725 conqueratur,
2481 2661 2697 2708 suam-

755 2752 883 2818 que
924 2729 1153 2798 violari
1215 2729 1628 2794 autoritatem
1695 2726 1864 2811 quod
1933 2747 1973 2793 a
2029 2728 2441 2813 praesidente
2496 2726 2697 2793 fuerit

754 2815 1039 2903 petenda
1083 2814 1261 2893 ultio,
1305 2833 1499 2897 quam
1524 2813 1781 2896 privato
1814 2834 1934 2912 per
1963 2834 2033 2880 se
2077 2814 2289 2880 facere
2323 2835 2457 2879 non
2489 2812 2693 2878 licuit.

754 2905 902 2971 Hoc
960 2901 1019 2968 si
1069 2899 1314 2966 terreni
1383 2897 1630 2965 iudices
1686 2909 1919 2965 merito
1975 2906 2251 2983 possunt
2326 2898 2501 2982 quod
2559 2897 2698 2965 sint

754 2989 886 3055 Dei
949 2985 1151 3071 legati
1215 2993 1283 3050 et
1337 2984 1651 3051 ministri:
1721 2992 2033 3067 quantam
2099 2985 2497 3053 arbitramur
2553 3004 2696 3052 esse

755 3075 993 3143 summi
1032 3092 1256 3139 rerum
1300 3070 1592 3137 omnium
1629 3070 1860 3137 iudicis
1905 3073 2319 3137 autoritatem
2353 3082 2423 3137 et
2464 3077 2696 3156 poten·

755 3159 965 3230 tiam?
1023 3168 1090 3224 et
1144 3177 1361 3223 coram
1420 3177 1548 3240 quo
1605 3153 1870 3239 angelos
1943 3167 2223 3223 tremere
2281 3156 2525 3223 scimus
2543 3208 2559 3236 ,
2629 3166 2696 3220 et

753 3267 984 3314 omnes
1025 3264 1199 3328 genu
1243 3244 1504 3309 flectere
1540 3241 1843 3325 oportet?
1892 3241 2112 3327 Magni
2155 3243 2355 3326 igitur
2397 3241 2697 3309 facienda

762 3354 890 3401 vox
932 3331 1047 3396 illo
1103 3337 1203 3395 est
1245 3329 1531 3403 Domini,
1591 3347 1729 3392 mea
1770 3332 1859 3393 est
1913 3328 2087 3406 ultio,
2147 3328 2696 3411 quemadmodum

757 3440 878 3484 nos
920 3416 985 3482 id
1020 3415 1233 3482 facere
1263 3413 1512 3480 Paulus
1556 3412 1761 3480 docet.
1809 3412 2156 3480 Caeterum
2202 3425 2270 3479 et
2304 3414 2510 3480 altera
2544 3435 2697 3497 pars

757 3501 1141 3581 adiicienda,
1184 3499 1506 3583 siquidem
1545 3499 1726 3565 Deus
1761 3519 1893 3564 non
1938 3510 2193 3564 tantum
2240 3499 2585 3584 pollicetur
2628 3520 2699 3564 se

757 3588 1056 3656 ulturum
1097 3607 1207 3651 eos
1261 3585 1370 3669 qui
1414 3584 1673 3651 iniuriis
1719 3584 1879 3650 alios
1920 3584 2274 3663 affecerint,
2319 3587 2431 3652 sed
2476 3585 2696 3666 etiam,

757 3695 890 3744 non
947 3680 1355 3739 terrenorum
1411 3668 1700 3736 iudicum
1749 3675 1973 3750 ‘more,
2030 3669 2142 3754 qui
2199 3691 2394 3754 saepe
2453 3671 2699 3738 cedunt

758 3759 969 3838 malis,
1013 3766 1081 3826 et
1118 3756 1341 3823 favore
1375 3756 1481 3822 vel
1529 3756 1715 3821 donis
1758 3756 2051 3839 corrupti
2093 3756 2487 3823 facinorosos
2530 3756 2697 3822 elabi

760 3847 1009 3926 sinunt,
1069 3839 1174 3910 vel
1223 3841 1421 3908 etiam
1459 3862 1540 3907 ne
1588 3840 1861 3926 ligentia
1895 3851 1961 3908 et
1996 3842 2258 3927 ignavia
2290 3842 2545 3942 flagitia
2578 3843 2699 3907 im-

765 3931 997 4018 punita
1061 3927 1449 4010 relinquunt.
1604 3948 1688 3991 on
1752 3928 1847 3992 ita
1911 3949 2069 3994 vero
2135 3926 2319 3996 Deus
2384 3927 2698 3995 iudicium

764 4021 1076 4094 excercet,
1135 4031 1288 4079 nam
1329 4019 1406 4077 ut
1449 4034 1675 4078 omnes
1720 4013 1957 4080 iniuste
2014 4021 2284 4098 agentes
2328 4015 2700 4095 ulciscetur,

759 4104 856 4170 sic
898 4102 1097 4169 etiam
1136 4096 1414 4181 singulis
1457 4119 1572 4181 pro
1612 4099 1867 4165 meritis
1908 4098 2236 4184 rependet.
2273 4099 2455 4166 Hinc
2496 4100 2701 4185 igitur

764 4188 1092 4254 discamus
1149 4183 1284 4251 divi
1333 4183 1520 4249 Petri
1571 4183 2094 4252 exhortationem
2151 4185 2390 4253 animis
2457 4187 2701 4253 nostris

765 4274 963 4342 altius
995 4272 1289 4356 infigere,
1333 4289 1570 4353 nempe
1593 4290 1856 4336 causam
1893 4281 2182 4338 nostram
2218 4272 2287 4336 in
2314 4271 2440 4338 Dei
2462 4293 2700 4339 manus

767 4360 1056 4439 reiicere,
1101 4376 1295 4439 quem
1338 4355 1512 4421 inste
1553 4353 1839 4421 iudicare
1874 4355 2134 4437 scimus,
2170 4367 2236 4421 et
2270 4377 2404 4423 non
2449 4357 2592 4441 pati
2626 4368 2704 4424 ut

767 4444 1090 4529 impunita
1132 4449 1446 4507 maneant
1486 4439 1823 4519 maleficia,
1868 4449 1934 4506 et
1978 4443 2195 4508 miseri
2240 4451 2308 4508 et
2350 4443 2573 4510 afflicti
2619 4444 2703 4509 ad

767 4534 987 4615 ipsum
1044 4528 1490 4612 confugientes
1553 4546 1742 4609 opem
1805 4526 2011 4611 ipsius
2073 4536 2139 4593 et
2182 4528 2502 4594 auxilium
2570 4550 2701 4595 non

768 4617 1086 4686 sentiant:
1124 4613 1238 4681 sed
1283 4613 1552 4679 miseros
1596 4620 1662 4677 et
1697 4632 1954 4696 egenos,
1999 4618 2065 4677 et
2097 4613 2178 4681 ab
2213 4613 2359 4679 aliis
2395 4615 2703 4680 iniuriam

773 4722 998 4787 passos
1020 4719 1279 4783 semper
1300 4697 1615 4765 exaudiri.
1664 4696 2198 4780 Quandoquidem
2223 4699 2428 4784 igitur
2451 4711 2702 4766 eertum

772 4797 874 4854 est
895 4788 1112 4854 Deum
1148 4785 1433 4870 gemitus
1468 4782 1778 4850 exaudire
1814 4783 2163 4850 humilium
2202 4794 2268 4851 et
2303 4786 2704 4852 abiectorum

774 4873 1131 4951 hominum,
1187 4878 1255 4936 et
1295 4870 1571 4937 iniurias
1614 4867 1913 4954 persequi
1955 4869 2091 4935 suis
2131 4869 2370 4951 illatas,
2415 4869 2703 4937 eosdem·

773 4980 898 5043 que
960 4958 1032 5024 in
1097 4953 1398 5021 omnibus
1475 4955 1934 5021 afflictionibus
2010 4956 2365 5036 consolari,
2438 4976 2701 5022 causam

775 5051 1066 5111 nostram
1107 5043 1178 5108 in
1224 5042 1429 5124 ipsius
1473 5060 1711 5105 manus
1762 5040 2149 5120 reiiciamus,
2210 5050 2275 5107 et
2329 5063 2412 5108 ne
2455 5041 2705 5107 dubite-

775 5150 926 5196 mus
982 5128 1140 5211 quin
1200 5134 1568 5211 opportuno
1627 5136 1914 5210 tempore
1955 5147 2213 5210 semper
2256 5127 2578 5193 auxilium
2621 5131 2706 5195 sit

776 5213 961 5281 nobis
981 5213 1317 5279 allaturus.
1364 5214 1583 5297 Atque
1604 5213 1876 5280 istarum
1914 5212 2241 5302 rationum
2276 5213 2706 5281 meditatione

2798 605 3006 737 qufiim
3049 584 3368 652 adversus
3412 584 3634 654 hostes
3678 587 3951 666 saevire,
4010 587 4274 669 vimque
4319 586 4386 652 vi
4433 585 4719 670 repellere

2797 692 2869 739 eo
2922 672 3241 738 icitamur.

2966 756 3111 823 Iam
3148 757 3353 841 igitur
3388 757 3694 841 quoniam
3718 754 4000 832 Davidis
4042 757 4419 841 exemplum
4456 755 4726 823 diximus

2798 842 2985 909 nobis
3044 842 3152 908 hic
3192 842 3597 918 ¹imitandum
3659 843 3953 927 proponi,
4009 842 4347 927 sigillatim
4408 862 4581 925 quae
4636 842 4729 910 bic

2798 928 2989 995 nobis
3024 949 3063 994 a
3106 929 3339 1011 spiritu
3385 938 3614 994 sancto
3657 941 4111 1012 proponuntur
4140 925 4610 1010 expendamus.
4644 931 4730 994 Ac

2799 1014 3081 1096 primum
3127 1013 3292 1079 iilud
3335 1016 3652 1082 occurrit:
3703 1013 3792 1079 Et
3824 1033 4114 1097 egressus
4152 1014 4230 1081 de
4269 1013 4574 1095 spelunca
4615 1015 4729 1080 cla-

2799 1100 2993 1166 mavit
3024 1104 3170 1182 post
3208 1104 3444 1184 teryum
3470 1098 3630 1166 Saul
3663 1100 3902 1166 dicens.-
3946 1098 4216 1167 Domine
4248 1100 4341 1165 mi
4372 1119 4509 1164 rex.
4556 1097 4729 1181 Quae

2801 1183 3000 1251 verba
3044 1205 3202 1250 sane
3246 1186 3513 1252 minime
3568 1185 3832 1251 fuerunt
3887 1184 4211 1266 simulata,
4271 1203 4483 1269 neque
4526 1186 4734 1252 fucata

2799 1270 3156 1350 mendacia,
3213 1292 3415 1355 quum
3461 1270 3729 1339 Saulem
3775 1270 4111 1337 dominum
4155 1291 4351 1337 suum
4396 1292 4477 1337 ac
4522 1292 4733 1355 regem

2798 1367 3005 1434 vocat,
3032 1378 3184 1422 nam
3210 1378 3280 1421 se
3315 1355 3560 1422 sciebat
3580 1357 3706 1440 ipsi
3731 1356 4093 1424 subiectum
4124 1379 4163 1423 a
4184 1356 4501 1436 Domino,
4546 1355 4733 1424 donec

2800 1451 3057 1525 tempus
3101 1439 3472 1508 advenisset
3494 1464 3624 1526 quo
3668 1443 3739 1507 in
3776 1444 3962 1527 regni
4000 1442 4479 1526 possessionem
4527 1443 4731 1508 mitte·

2797 1536 2998 1594 retur.
3078 1527 3269 1609 Quod
3314 1529 3486 1593 enim
3536 1526 3697 1595 Saul
3738 1538 3813 1593 ut
3856 1538 4010 1593 ante
4047 1527 4330 1594 diximus
4375 1548 4418 1592 a
4452 1527 4731 1594 Domino

2795 1614 3010 1680 fuerat
3043 1625 3535 1680 exauctoratus:
3580 1636 3713 1679 non
3750 1613 3894 1680 ideo
3930 1626 4149 1679 tamen
4187 1613 4411 1680 David
4446 1614 4520 1677 in
4558 1615 4731 1698 regni

2797 1700 3272 1783 possessionem
3301 1709 3448 1765 erat
3489 1701 3742 1780 missus,
3786 1698 3900 1764 sed
3944 1708 4202 1784 tempus
4223 1699 4731 1783 exspectandum

2795 1795 2938 1851 erat
2977 1805 3017 1850 a
3059 1784 3204 1850 Deo
3248 1785 3738 1869 praescriptum.
3787 1784 4232 1867 Quamobrem
4270 1784 4498 1851 David
4543 1785 4733 1869 probe

2796 1879 2981 1937 notat
3035 1892 3106 1936 se
3150 1869 3445 1936 nondum
3499 1892 3719 1956 regem
3781 1892 3922 1938 esse
3962 1871 4387 1949 declaratum,
4447 1880 4519 1935 et
4574 1870 4733 1938 Sau-

2794 1957 2926 2022 lem
2992 1955 3285 2022 nondum
3342 1976 3545 2041 regno
3611 1956 3903 2040 pulsum,
3969 1977 4045 2024 ac
4103 1954 4375 2041 proinde
4429 1957 4730 2040 quamdiu

2795 2050 3185 2128 potestatem
3245 2040 3588 2122 obtineret,
3645 2063 3715 2109 se
3775 2042 3985 2108 teneri
4029 2040 4469 2110 obedientiam
4516 2052 4589 2108 et
4630 2043 4728 2107 ob-

2795 2128 3092 2212 sequium
3137 2125 3433 2194 debitum
3475 2127 3574 2192 illi
3618 2127 3910 2209 reddere,
3956 2128 4111 2194 licet
4150 2127 4430 2225 indigno
4477 2139 4731 2213 propter

2795 2212 3249 2281 crudelitatem
3292 2212 3476 2279 illam
3521 2223 3589 2279 et
3630 2214 4107 2280 immanitatem
4145 2235 4274 2297 qua
4306 2235 4377 2278 ιιι
4424 2213 4729 2280 innccen-

2797 2309 2926 2365 tem
2964 2298 3309 2365 saeviebat.
3353 2298 3503 2380 Quo
3526 2300 3827 2384 exemplo
3858 2297 4181 2380 docemur,
4221 2300 4729 2384 magistratibus,

2798 2396 2865 2451 et
2929 2384 3278 2470 primariae
3344 2384 3685 2469 dignitatis
3728 2384 3890 2452 viris
3947 2395 4013 2450 et
4068 2384 4151 2450 ad
4216 2405 4444 2450 rerum
4504 2386 4729 2470 guber·

2799 2470 3038 2538 nacula
3093 2469 3470 2536 sedentibus
3527 2491 3720 2536 suum
3775 2471 4062 2538 officium
4120 2491 4250 2536 non
4316 2470 4725 2550 facientibus,

2799 2559 2910 2624 sed
2955 2557 3306 2624 autoritate
3351 2565 3418 2620 et
3459 2565 3782 2640 potestate
3816 2555 4261 2637 abutentibus,
4305 2555 4727 2623 nihilominus

2798 2641 3416 2726 obtemperandum:
3476 2663 3553 2708 ac
3593 2640 3866 2725 proinde
3921 2662 4054 2708 non
4113 2662 4258 2709 esse
4300 2642 4483 2727 ipsos
4528 2644 4728 2727 prima

2800 2748 3059 2812 quaque
3124 2727 3462 2794 occasione
3527 2727 3943 2809 reiiciendos,
4021 2727 4383 2814 iugumque
4447 2729 4724 2811 ipsorum

2799 2814 3293 2880 excutiendum:
3341 2813 3455 2879 sed
3500 2814 3826 2896 patienter
3869 2813 4295 2880 contumelias
4336 2816 4632 2897 ipsorum
4672 2827 4728 2881 et

2798 2899 3076 2966 iniurias
3100 2898 3420 2977 ferendas,
3464 2898 3694 2965 habita
3737 2901 3986 2967 ratione
4031 2900 4391 2985 dignitatis,
4439 2899 4524 2964 ad
4549 2921 4723 2984 quam

2798 3007 2838 3052 a
2878 2985 3024 3056 Deo
3066 2993 3222 3050 sunt
3266 2985 3494 3052 evecti.
3555 2985 3863 3069 Exempli
3899 2987 4129 3070 pratia,
4173 2986 4228 3052 si
4273 2986 4427 3069 quis
4470 3007 4591 3052 rex
4622 3001 4727 3053 aut

2798 3072 3100 3157 princeps
3121 3068 3416 3137 subditos
3453 3070 3719 3138 tributis
3754 3080 3822 3138 et
3856 3070 4281 3157 vectigalibus
4325 3071 4574 3139 iniuste
4593 3094 4723 3156 pre·

2799 3167 2952 3235 mat,
3003 3164 3070 3222 et
3112 3155 3259 3222 aliis
3314 3155 3729 3242 gravioribus
3775 3157 4101 3224 erroribus
4153 3158 4450 3242 graviter
4506 3158 4722 3241 laedat,

2799 3243 3081 3328 dignitas
3135 3251 3356 3308 tamen
3414 3249 3481 3307 et
3535 3250 3819 3326 potestas
3875 3242 3990 3309 illa
4042 3263 4302 3327 semper
4344 3252 4449 3310 est
4491 3245 4723 3312 honore

2799 3327 2996 3414 digno
3051 3326 3412 3394 afficienda.
3493 3326 3937 3409 Quamobrem
3994 3328 4075 3394 ad
4118 3330 4340 3396 Deum
4384 3333 4719 3416 respicien-

2797 3414 2953 3481 dum
3000 3415 3310 3491 norimus,
3372 3434 3570 3497 quum
3618 3423 3805 3479 tanta
3847 3415 4020 3481 inter
4073 3415 4376 3482 homines
4424 3418 4723 3486 violentia

2798 3499 3037 3585 passim
3082 3507 3331 3583 regnet,
3391 3507 3700 3584 tantoque
3756 3498 3905 3567 odio
3962 3521 4081 3566 nos
4122 3502 4319 3568 etiam
4367 3503 4545 3569 ultro
4593 3527 4720 3590 pro·

2798 3593 3108 3670 sequatur
3154 3593 3227 3649 ut
3270 3585 3588 3667 patientia
3633 3592 3857 3652 nostra
3895 3585 4075 3653 laesa
4140 3608 4261 3654 nos
4308 3589 4393 3654 ad
4437 3591 4719 3659 ordinem

2800 3693 2840 3738 a
2898 3671 3042 3736 Deo
3116 3671 3589 3754 praescriptum
3649 3670 4046 3739 turbandum
4124 3673 4438 3757 impellat.
4528 3679 4726 3764 Atque

2800 3757 2923 3823 hoc
2969 3755 3211 3822 dictum
3270 3767 3411 3821 esto
3471 3755 3552 3820 de
3593 3757 3738 3824 aliis
3794 3758 4099 3824 omnibus
4142 3759 4603 3845 dignitatibus:
4660 3785 4727 3830 ae

2799 3842 3073 3927 proinde
3116 3841 3171 3907 si
3217 3841 3386 3907 filius
3446 3842 3650 3924 patris
3712 3864 3925 3910 mores
3986 3842 4284 3912 difficiles
4331 3860 4401 3913 et
4446 3871 4726 3918 morosos

2803 3927 3202 4013 experiatur,
3249 3949 3328 3992 nc
3374 3937 3589 3993 tamen
3637 3929 3878 4013 cogitet
3921 3929 4116 3997 licere
4161 3931 4287 3998 sibi
4331 3934 4566 4019 iugum
4605 3938 4729 4003 eius

2804 4016 2908 4082 cui
2989 4013 3318 4079 subiectus
3374 4023 3478 4079 est
3557 4023 3898 4096 excutere,
3966 4014 4083 4081 sed
4140 4017 4357 4100 potius
4418 4023 4731 4105 patienter

2802 4100 2966 4168 illud
3010 4099 3136 4167 sibi
3179 4098 3522 4165 ferendum
3560 4100 3752 4166 norit.
3800 4100 4052 4184 Excipe
4085 4102 4417 4188 legitimas
4454 4110 4731 4175 rationes

2806 4207 2968 4273 quas
3013 4186 3151 4270 ipse
3197 4184 3378 4251 Deus
3422 4186 3782 4263 constituit,
3827 4185 4066 4270 quibus
4101 4189 4520 4272 superiorum
4566 4207 4733 4263 auto-

2804 4274 3003 4340 ritate
3048 4277 3115 4335 et

2963 4366 2991 4420 t
3216 4278 3492 4336 otestate
3551 4293 3673 4337 sua
3719 4271 4129 4340 abutentium
4183 4296 4496 4345 excessus
4532 4281 4733 4366 expri-

2804 4378 2960 4424 man
2994 4378 3092 4422 nr.

3227 4356 3308 4421 ed
3357 4356 3466 4423 hic
3518 4357 3774 4441 agimus
3829 4357 3910 4423 de
4016 4360 4229 4426 rivata
4264 4363 4539 4430 ultione
4581 4387 4735 4452 quae

2809 4441 3053 4511 nemini
3076 4441 3334 4527 privato
3360 4444 3753 4521 conceditur,
3789 4464 3962 4526 quan
4008 4446 4310 4530 oquidem
4336 4451 4731 4533 privatorum

2806 4552 2937 4596 non
2982 4536 3081 4595 est
3122 4527 3396 4611 publicis
3439 4528 3632 4595 malis
3672 4529 3937 4610 mederi,
3997 4541 4065 4597 et
4105 4532 4238 4597 illis
4282 4555 4355 4600 se
4399 4557 4484 4621 op
4574 4560 4731 4606 nere.

2977 4612 3296 4697 Sequitur
3360 4612 3595 4680 deinde
3662 4614 3992 4682 Davidem
4054 4636 4278 4702 rogare
4347 4559 4607 4691 Sanga
4660 4645 4733 4690 ne

2805 4719 2976 4767 voces
3015 4699 3269 4765 illorum
3311 4700 3537 4766 audiat
3590 4701 3703 4783 qui
3744 4702 3960 4784 ipsum
4002 4703 4178 4786 apud
4224 4725 4433 4789 reyem
4473 4712 4735 4794 quadie

2804 4787 3291 4854 calumniantur.
3338 4785 3444 4850 Ex
3488 4806 3615 4870 quo
3661 4795 3933 4871 apparet
3974 4810 4108 4856 non
4149 4790 4359 4858 foveri
4404 4815 4613 4881 neque
4651 4795 4729 4863 ali

2807 4872 3051 4938 malum
3120 4871 3466 4954 patientia,
3527 4871 4070 4956 quemadmodum
4140 4877 4388 4945 multos
4446 4881 4733 4950 videmus

2810 4958 2929 5025 hoc
2988 4955 3195 5023 veluti
3252 4956 3400 5022 fuco
3461 4965 3528 5021 et
3583 4957 3917 5043 pigmento
3977 4980 4130 5028 suos
4175 4963 4457 5033 affectus
4501 4982 4569 5034 et
4606 4970 4731 5034 ani-

2806 5065 2986 5109 mum
3032 5063 3102 5110 se
3147 5040 3500 5108 ulciscendi
3546 5054 3787 5128 tegere,
3848 5066 3997 5110 eum
4044 5048 4153 5129 qui
4199 5070 4397 5117 ovem
4441 5075 4512 5120 se
4552 5056 4731 5122 faciat

2806 5150 2846 5194 a
2889 5129 3060 5212 lupis
3106 5128 3358 5207 laniari,
3419 5142 3484 5193 et
3543 5131 3856 5211 patientia
3913 5131 4361 5216 improborum
4406 5138 4725 5208 hominm

2807 5213 3144 5282 audaciam
3203 5214 3468 5294 irritari,
3524 5227 3590 5280 et
3643 5216 3985 5301 grassandi
4043 5218 4381 5288 licentiam
4442 5238 4721 5311 tanquam
