5059 6059
821 306 953 371 455

1005 496 1107 561 De
1130 493 1352 561 Saulis
1396 493 1830 560 obstinatione
1876 496 2073 561 verba
2116 497 2390 562 fecimus
2435 498 2768 580 superiore

833 582 1157 658 concione,
1216 601 1410 663 quem
1457 601 1661 663 quum
1708 579 2032 646 Davidem
2080 581 2336 647 videret
2379 583 2771 649 Philistaeo·

829 688 974 733 rum
1035 687 1271 750 agmen
1317 667 1713 749 profligasse,
1773 668 2109 751 oportebat
2152 669 2416 751 placari,
2461 681 2526 734 et
2574 669 2768 753 depo-

832 773 988 818 nere
1048 752 1266 816 odium
1327 762 1393 816 et
1451 752 1791 832 malitiam,
1851 753 2046 818 etiam
2108 755 2163 819 si
2210 753 2430 821 David
2494 755 2768 821 alienius

829 837 1125 905 criminis
1183 858 1334 903 reus
1395 848 1695 921 peractus
1756 839 2005 904 fuisset.
2096 840 2265 905 Nam
2326 849 2583 923 poterat
2635 857 2767 907 tam

828 924 1096 1009 egregio
1156 923 1327 989 facto
1385 925 1884 1007 praeteritorum
1949 927 2264 990 memoria
2320 926 2551 991 deleri:
2616 948 2772 1010 quo-

828 1010 1021 1075 modo
1058 1009 1260 1091 igitur
1296 1030 1428 1074 non
1465 1010 1672 1074 multo
1708 1011 1915 1093 magis
1960 1012 2058 1075 ira
2100 1012 2307 1094 ipsius
2345 1012 2770 1095 mitigabatur

827 1116 1027 1180 quum
1074 1094 1294 1160 David
1355 1105 1527 1161 esset
1569 1097 1900 1161 innocens.
1971 1098 2062 1161 Et
2107 1118 2305 1180 quum
2351 1107 2534 1163 tanto
2579 1098 2768 1164 bene-

829 1182 974 1248 ficio
1041 1180 1376 1265 populum,
1450 1192 1512 1246 et
1580 1202 1800 1264 regem
1868 1181 2081 1265 ipsum
2153 1182 2276 1247 sibi
2342 1183 2767 1264 devinxisset,

828 1288 1028 1351 quare
1065 1287 1197 1331 non
1235 1266 1596 1349 deponebat
1632 1289 1857 1332 omnes
1893 1270 2044 1346 iras,
2090 1279 2154 1332 et
2177 1267 2417 1334 Davidi
2463 1269 2765 1336 concilia·

831 1352 1069 1419 batur?
1177 1352 1306 1419 Sed
1370 1353 1467 1417 ita
1526 1353 1742 1417 solent
1794 1353 1866 1417 in
1927 1353 2110 1437 peius
2173 1355 2494 1420 increduli
2556 1377 2765 1435 ruere,

829 1448 1170 1521 postquam
1214 1438 1420 1503 aDeo
1458 1437 1750 1503 derelicti
1794 1455 2115 1504 venerunt
2161 1441 2229 1503 in
2276 1439 2510 1504 diaboli
2558 1449 2766 1523 potes-

828 1535 1050 1589 tatem.
1117 1525 1552 1589 Transeamus
1586 1525 1803 1607 itaque
1837 1524 1917 1589 ad
1941 1524 2218 1591 Davidis
2262 1526 2764 1592 sollicitudinem

824 1610 894 1674 in
920 1631 1113 1693 quam
1159 1610 1344 1675 venit
1388 1630 1589 1692 quum
1625 1610 1891 1676 Saulem
1937 1611 2296 1677 audivisset
2341 1613 2595 1696 ingenti
2617 1633 2765 1679 cum

829 1696 1119 1762 exercitu
1190 1694 1438 1761 Ceilam
1522 1693 1868 1762 adversum
1935 1718 2006 1761 se
2072 1696 2406 1780 progredi:
2487 1720 2570 1764 ex
2640 1720 2767 1781 qua

827 1790 1047 1846 tamen
1115 1801 1246 1845 non
1311 1781 1547 1847 fnisset
1612 1803 1944 1866 egressus,
2026 1784 2081 1847 si
2148 1782 2370 1848 fideles
2436 1782 2563 1849 sibi
2626 1784 2768 1849 fore

827 1866 1071 1933 incolas
1130 1864 1486 1931 arbitratus
1547 1877 1736 1932 esset.
1822 1865 1955 1932 Sed
2009 1867 2077 1932 in
2138 1869 2241 1933 his
2299 1871 2625 1953 angustiis
2683 1870 2764 1935 ad

828 1953 1043 2019 Deum
1104 1952 1417 2036 confugit,
1479 1963 1545 2017 et
1588 1955 1968 2037 interrogat,
2028 1955 2199 2019 sitne
2245 1952 2406 2021 Saul
2451 1956 2766 2021 adversus

825 2040 1042 2123 ipsum
1088 2037 1539 2103 descensurus.
1606 2037 1732 2105 Oui
1778 2038 2229 2123 respondetur,
2272 2040 2762 2107 descensurum.

827 2125 918 2190 Et
978 2125 1217 2188 iterum
1265 2124 1652 2208 interrogat:
1741 2125 1850 2190 An
1912 2127 2000 2190 sit
2041 2127 2113 2190 in
2154 2126 2359 2209 ipsius
2402 2148 2637 2192 manus
2681 2127 2763 2191 ab

823 2208 1052 2275 incolis
1098 2208 1474 2275 tradendus.
1547 2211 1673 2276 Cui
1721 2211 2011 2278 vicissim
2061 2212 2397 2294 respondit
2420 2213 2763 2290 Dominus,

823 2295 1136 2361 traditum
1211 2295 1312 2359 iri.
1417 2294 1861 2376 Quamobrem
1929 2297 2088 2362 urbe
2145 2318 2443 2381 egressus
2501 2307 2632 2376 est,
2693 2308 2763 2364 et

825 2381 953 2447 huc
998 2381 1154 2445 illuc
1193 2392 1477 2465 vagatus
1519 2381 1721 2448 fuisse
1767 2380 2023 2462 dicitur,
2068 2382 2239 2466 quod
2282 2385 2481 2448 animi
2526 2384 2761 2450 dubius

825 2467 1106 2531 nesciret
1168 2465 1437 2531 ubinam
1504 2477 1716 2532 tutam
1784 2468 2069 2550 aliquam
2136 2468 2355 2534 sedem
2425 2472 2759 2552 reperiret,

826 2562 942 2617 aut
1005 2572 1091 2616 an
1157 2561 1374 2634 posset
1438 2553 1510 2616 in
1569 2553 1787 2636 aliquo
1844 2561 2174 2619 terrarum
2233 2556 2474 2639 angulo
2534 2555 2757 2622 latere.

825 2636 1050 2718 Quare
1114 2636 1406 2703 incertus
1472 2651 1540 2703 et
1604 2637 1843 2704 dubius
1911 2640 2128 2705 exivit
2192 2639 2378 2706 Oeila
2404 2692 2419 2715 ,
2487 2663 2758 2724 remque

825 2732 1052 2802 totam,
1098 2743 1231 2787 non
1266 2723 1588 2804 fortunae,
1634 2735 1708 2790 ut
1746 2725 2002 2808 profani
2048 2727 2430 2809 loquuntur,
2477 2727 2590 2792 sed
2616 2727 2758 2792 Deo

823 2808 1167 2874 commisit.
1266 2809 1393 2874 Hic
1466 2810 1535 2875 in
1607 2812 1834 2893 primis
1892 2809 2371 2877 observandum
2436 2812 2754 2878 Davidem

823 2914 1156 2976 nunquam
1203 2895 1298 2959 ita
1343 2896 1532 2961 malis
1574 2897 1710 2962 suis
1757 2898 2197 2979 perterritum,
2236 2900 2389 2979 quin
2435 2898 2515 2963 ad
2541 2899 2758 2963 Deum

824 2990 1134 3064 tanquam
1197 2980 1277 3044 ad
1339 2981 1595 3066 asylum
1654 2982 2040 3066 confugerit.
2132 2982 2326 3062 Quod
2383 2985 2755 3068 exemplum

821 3087 942 3132 nos
997 3064 1184 3131 decet
1239 3067 1502 3145 imitari,
1560 3077 1635 3132 ut
1677 3069 1750 3133 in
1795 3068 2072 3134 summis
2121 3072 2365 3133 nostris
2411 3072 2754 3153 angustiis,

820 3172 940 3217 nos
997 3152 1306 3217 humanis
1365 3153 1666 3218 omnibus
1711 3153 1942 3219 mediis
1987 3164 2052 3218 et
2095 3155 2357 3220 auxiliis
2403 3155 2759 3221 deficienti·

817 3239 960 3316 bus,
1020 3247 1085 3302 et
1142 3237 1325 3302 nulla
1384 3260 1498 3321 spe
1555 3240 1781 3304 salutis
1839 3251 2193 3324 apparente
2237 3241 2307 3304 in
2354 3240 2480 3305 Dei
2521 3262 2756 3307 manus

818 3345 925 3390 res
977 3334 1236 3389 nostras
1281 3323 1704 3408 deponamus,
1762 3336 1828 3391 et
1873 3328 2169 3409 precibus
2212 3326 2293 3390 ad
2338 3328 2554 3408 ipsum
2601 3348 2755 3394 con-

819 3410 1167 3494 fugiamus,
1222 3417 1290 3475 et
1345 3411 1686 3476 consilium
1731 3421 2028 3495 petentes
2072 3412 2152 3477 ab
2198 3413 2357 3495 ipso,
2403 3421 2468 3477 et
2511 3412 2753 3479 bonum

820 3498 1070 3561 exitum
1150 3505 1506 3578 sperantes.
1619 3496 1753 3562 Nos
1835 3496 2026 3563 hodie
2083 3497 2341 3580 quidem
2411 3519 2542 3563 non
2610 3520 2753 3564 eam

819 3580 1134 3646 habemns
1222 3582 1540 3648 visibilem
1630 3583 2079 3667 interrogandi
2164 3581 2293 3647 Dei
2375 3583 2754 3651 facultatem

818 3685 1016 3749 quam
1095 3665 1329 3731 habuit
1393 3667 1615 3735 David
1688 3669 1875 3733 olim:
1959 3690 2091 3733 non
2158 3668 2473 3735 habemus
2539 3669 2754 3754 ephod

753 3833 760 3840 .
820 3750 1238 3829 sacerdotale,
1316 3752 1397 3817 ad
1464 3753 1734 3818 Domini
1803 3754 2207 3819 voluntatem
2274 3756 2751 3838 requirendam.

820 3836 1073 3901 Verum
1129 3846 1202 3901 ut
1260 3846 1412 3903 ante
1457 3840 1816 3924 attigimus,
1861 3838 2107 3906 sufficit
2151 3840 2364 3906 Deum
2409 3861 2593 3907 suam
2644 3865 2752 3908 vo-

820 3922 1141 3987 luntatem
1208 3922 1413 4000 nobis,
1480 3924 1561 3988 ad
1608 3947 1800 4008 quam
1862 3946 2090 3992 omnes
2150 3927 2438 3993 actiones
2499 3935 2755 3994 nostras

819 4009 1169 4091 erigamus,
1248 4010 1648 4091 patefecisse.
1758 4011 1894 4076 Nos
1959 4011 2161 4094 igitur
2226 4014 2281 4077 si
2347 4012 2754 4098 diligentiam

819 4091 1314 4159 adhibuerimus
1382 4095 1450 4158 in
1516 4097 1912 4162 consulendo
1978 4097 2142 4178 Deo,
2211 4100 2494 4181 profecto
2559 4120 2755 4182 quam

819 4180 995 4246 viam
1056 4179 1239 4261 sequi
1297 4200 1416 4245 nos
1473 4191 1769 4264 oporteat
1826 4205 1944 4267 per
1989 4191 2199 4249 totum
2248 4185 2420 4249 vitae
2488 4194 2757 4252 nostrae

818 4265 1218 4331 curriculum
1278 4264 1763 4333 demonstrabit.
1851 4270 1945 4333 Et
1987 4279 2324 4352 praeterea
2369 4279 2594 4337 sancto
2639 4291 2756 4337 suo

817 4351 1054 4434 spiritu
1090 4361 1292 4435 reget,
1338 4362 1405 4418 et
1449 4353 1789 4419 consilium
1835 4355 1903 4420 in
1951 4354 2144 4421 rebus
2180 4358 2475 4441 angustis
2519 4377 2755 4441 suppe-

820 4436 1089 4517 ditabit,
1162 4447 1230 4502 et
1304 4437 1456 4503 licet
1513 4459 1635 4503 nos
1689 4460 1728 4503 a
1780 4440 1968 4506 nobis
2020 4441 2179 4524 ipsis
2234 4442 2574 4509 consilium
2627 4464 2754 4508 non

820 4521 1208 4602 habeamuS‚
1274 4523 1536 4589 abunde
1600 4534 1924 4609 suggeret.
2035 4525 2473 4607 Quamobrem
2542 4527 2758 4593 danda

818 4618 921 4675 est
953 4610 1166 4674 omnis
1200 4630 1416 4693 opera,
1462 4620 1534 4675 ut
1570 4631 1769 4693 quum
1811 4609 2152 4693 desperata
2186 4614 2362 4679 salus
2407 4612 2754 4695 videbitur,

819 4704 888 4760 et
946 4693 1025 4759 de
1082 4693 1271 4760 nobis
1327 4707 1564 4774 actum,
1624 4695 1705 4761 ad
1751 4698 1968 4761 Deum
2013 4698 2235 4764 sedulo
2280 4700 2753 4785 confugiamus,

818 4795 886 4846 et
942 4779 1011 4844 in
1071 4778 1430 4863 desperatis
1485 4782 1679 4848 rebus
1735 4783 1815 4848 ab
1861 4785 2002 4865 ipso
2047 4784 2391 4851 consilium
2434 4794 2755 4869 petamus,

818 4873 894 4931 ut
972 4862 1128 4948 quid
1191 4867 1497 4950 expediat
1562 4878 1628 4932 et
1693 4869 1852 4934 utile
1917 4870 2004 4934 sit
2069 4871 2255 4936 nobis
2322 4869 2756 4937 demonstret:

817 4950 1363 5035 quemadmodum
1433 4953 1662 5020 fecisse
1727 4954 2051 5020 Davidem
2110 4957 2426 5023 videmus.
2530 4956 2756 5038 Quan-

818 5058 1013 5122 quam
1082 5037 1139 5101 si
1203 5059 1286 5103 ex
1350 5037 1677 5105 humanae
1735 5040 2010 5108 rationis
2071 5063 2267 5108 sensu
2310 5042 2392 5109 de
2449 5064 2756 5126 responso

815 5121 989 5207 quod
1033 5121 1281 5188 Davidi
1341 5124 1561 5190 datum
1625 5133 1724 5192 est
1779 5125 2159 5209 iudicemus,
2217 5128 2407 5196 valde
2454 5139 2650 5196 tenue
2691 5138 2758 5195 et

810 5209 1101 5275 ieiunum
1163 5208 1372 5276 videri
1424 5212 1642 5294 possit,
1700 5212 1854 5280 licet
1897 5214 1968 5279 in
2015 5234 2091 5280 eo
2137 5214 2397 5283 divinae
2444 5214 2751 5282 bonitatis

2404 308 2748 376 HOMILI
2764 314 2813 375 A
2862 308 3265 375 LXXXIII.

4639 313 4729 377 456

2872 497 3436 564 evidentissimum
3496 498 3943 564 testimonium
3988 499 4355 564 exsisteret.
4455 497 4602 562 Nam
4635 502 4733 567 Do·

2870 584 3088 649 minus
3147 583 3509 667 respondit:
3568 583 3822 651 Saulem
3878 605 4023 651 cum
4075 585 4313 667 inqenti
4354 586 4601 649 exercitu
4633 609 4731 652 ven-

2874 674 3109 734 turum.
3206 669 3488 751 Qualem
3545 691 3702 735 vero
3758 670 3915 735 inde
3974 691 4152 753 spem
4199 670 4416 735 David
4462 672 4734 755 concipere

2871 757 3111 838 potuit:
3176 757 3307 821 imo
3366 777 3561 839 quam
3625 758 3915 839 graviter
3969 756 4336 839 perculsum
4401 755 4586 820 fuisse
4619 761 4739 823 veri-

2874 841 3087 906 simile
3146 841 3290 908 est?
3378 842 3549 907 Nam
3596 842 3811 908 Deum
3860 862 4048 923 posse
4092 843 4307 926 ipsius'
4344 838 4560 908 Saulis
4596 862 4739 908 cona-

2874 935 3014 992 tum
3059 927 3377 1010 impedire
3421 928 3682 1007 sciebat,
3727 938 3792 993 et
3826 927 4096 994 Saulem
4157 929 4352 993 etiam
4405 927 4486 991 ab
4538 927 4738 1012 incepto

2874 1033 3213 1080 revocare:
3259 1034 3453 1095 quam
3493 1011 3571 1078 ob
3608 1034 3870 1079 causam
3917 1015 4114 1079 etiam
4139 1012 4463 1078 Dominus
4505 1035 4609 1095 per
4641 1035 4742 1098 pro·

2872 1098 3133 1181 phetam
3174 1098 3349 1177 dicit,
3409 1097 3492 1164 Se
3532 1100 3933 1165 inimicorum
3974 1119 4234 1165 suorum
4272 1099 4536 1164 naribus
4564 1120 4743 1180 ponere

2869 1184 3188 1266 circulum,
3248 1190 3306 1250 et
3353 1186 3649 1267 fraenum
3690 1186 3761 1250 in
3806 1185 3996 1251 labiis
4032 1187 4333 1265 ipsorum,
4386 1190 4447 1250 et
4484 1187 4635 1265 ipsos
4658 1207 4744 1268 pro

2869 1269 3136 1335 arbitrio
3198 1291 3311 1336 suo
3373 1271 3843 1337 circumducere.
3945 1270 4309 1335 Videbatur
4366 1291 4523 1355 ergo
4577 1272 4742 1336 David

2869 1355 3036 1437 apud
3087 1357 3299 1421 Deum
3358 1377 3549 1439 posse
3598 1357 3929 1439 conqueri,
3988 1355 4160 1440 quod
4202 1354 4383 1423 Sauli
4434 1369 4560 1420 tam
4601 1355 4743 1422 lma

2869 1439 3156 1507 habenas
3217 1442 3432 1520 daret,
3491 1454 3555 1506 et
3608 1464 3740 1508 non
3799 1443 4071 1508 haberet
4128 1444 4450 1507 rationem
4506 1443 4616 1518 sui,
4663 1444 4742 1524 qui

2867 1548 3014 1592 cum
3054 1535 3152 1592 tot
3187 1526 3672 1594 difficultatibus
3717 1550 3844 1594 non
3891 1529 4019 1593 alia
4060 1528 4139 1594 de
4180 1547 4375 1592 causa
4417 1526 4747 1606 luctabatur,

2868 1632 3063 1694 quam
3109 1613 3277 1695 quod
3323 1613 3447 1679 Dei
3496 1615 3767 1680 verbum
3814 1625 4214 1696 sequeretur.
4282 1614 4466 1678 Sane
4508 1612 4661 1696 quod
4693 1616 4748 1678 ad

2868 1697 3029 1762 illud
3089 1699 3354 1764 Domini
3414 1721 3798 1783 responsum
3860 1701 4126 1778 attinet,
4202 1699 4422 1763 David
4484 1720 4557 1764 eo
4604 1701 4748 1763 vehe-

2868 1794 3124 1848 menter
3185 1785 3431 1849 turbari
3478 1796 3751 1869 poterat,
3809 1787 3994 1868 quasi
4044 1787 4225 1850 Deus
4268 1787 4487 1869 ipsum
4532 1784 4751 1850 obruere

2867 1870 3031 1933 velle
3103 1869 3473 1936 videretur:
3532 1870 4047 1954 quandoquidem
4126 1872 4324 1936 etiam
4384 1872 4566 1935 Deus
4616 1872 4750 1935 inco·

2863 1953 3076 2020 larum
3138 1956 3358 2021 Oeilae
3417 1955 3613 2023 corda
3672 1959 3932 2022 flectere
3993 1967 4276 2039 poterat,
4336 1978 4425 2020 ne
4482 1954 4752 2021 Davidem

2868 2039 3050 2106 Sauli
3113 2041 3479 2125 proderent,
3537 2042 3650 2109 sed
3713 2052 3941 2107 eontra
3999 2063 4117 2125 pro
4178 2043 4379 2125 ipsius
4441 2042 4639 2108 salute
4674 2044 4753 2105 ad·

2868 2148 3094 2190 versus
3154 2127 3338 2190 illum
3401 2128 3651 2193 fortiter
3707 2128 4125 2206 dimicarent,
4182 2139 4248 2193 et
4298 2128 4544 2194 clausis
4598 2131 4755 2212 portis

2864 2212 3190 2277 Davidem
3254 2213 3695 2291 defenderent,
3757 2223 3824 2278 et
3882 2235 3920 2279 a
3964 2213 4186 2280 Saulis
4244 2215 4470 2278 furore
4514 2224 4757 2298 protege-

2866 2309 3031 2362 rent.
3124 2297 3256 2364 Sed
3318 2298 3499 2366 Deus
3560 2300 3946 2364 nominatim
4007 2298 4385 2382 respondet:
4470 2300 4753 2366 Traditum

2863 2384 2953 2448 iri
2995 2383 3311 2449 Davidem
3372 2385 3451 2450 ab
3504 2385 3726 2451 incolis
3773 2385 3992 2450 Sauli:
4034 2386 4461 2467 quamobrem
4501 2385 4649 2451 haec
4683 2407 4753 2450 se·

2862 2470 3073 2534 cunda
3102 2470 3446 2536 videbatur
3481 2469 3785 2536 accedere
3818 2471 3899 2535 ad
3937 2470 4217 2554 priorem
4256 2472 4551 2554 ingentis
4585 2470 4756 2535 luctus

2861 2575 3077 2630 causa,
3124 2558 3306 2637 quasi
3329 2556 3512 2622 Deus
3557 2556 3759 2621 nollet
3802 2557 4003 2639 ipsius
4049 2558 4359 2633 misereri,
4411 2567 4483 2623 et
4523 2557 4588 2621 in
4629 2555 4759 2620 diffi-

2861 2640 3123 2705 cillimis
3188 2641 3381 2706 rebus
3448 2644 3693 2708 auxilio
3757 2644 3970 2725 ipsum
4040 2644 4282 2707 iuvare.
4400 2640 4584 2708 Hinc
4640 2662 4757 2706 vero

2860 2725 3200 2802 discamus,
3260 2726 3413 2793 lieet
3470 2750 3602 2793 non
3660 2729 3838 2794 omni
3895 2751 3976 2793 ex
4021 2737 4206 2811 parte
4251 2728 4445 2794 nobis
4491 2728 4613 2792 Dei
4651 2747 4759 2793 ver·

2862 2813 3013 2876 bum
3096 2811 3482 2892 satisfaciat,
3562 2820 3629 2878 et
3705 2814 3954 2878 nullam
4042 2814 4456 2878 occasionem
4523 2814 4760 2878 laetitiae

2858 2896 3198 2980 praebeat,
3257 2906 3477 2964 tamen
3535 2902 3823 2964 contenti
3883 2920 4023 2965 esse
4067 2898 4197 2963 Dei
4257 2900 4498 2965 verbo:
4554 2920 4667 2982 quo
4712 2918 4760 2962 se

2860 2985 3068 3048 nostri
3149 2985 3547 3067 singularem
3631 3007 3853 3051 curam
3921 3006 4149 3070 gerere
4214 2985 4554 3067 patefacit.
4655 2984 4763 3048 Hac

2858 3070 3033 3133 enim
3059 3070 3310 3135 ratione
3349 3090 3767 3153 quascunque
3805 3072 4198 3136 tentationes
4236 3070 4555 3135 facillime
4586 3090 4762 3153 super·

2861 3153 3134 3239 abimus,
3204 3157 3324 3221 etsi
3389 3156 3572 3221 Deus
3639 3158 3846 3241 igitur
3911 3178 4042 3221 non
4109 3155 4509 3238 polliceatur
4564 3179 4629 3222 se
4675 3176 4760 3218 nes

2858 3241 2939 3305 ab
2985 3241 3287 3306 omnibus
3330 3242 3613 3308 miseriis
3658 3251 3724 3307 et-
3766 3241 4244 3307 calamitatibus
4288 3243 4626 3307 immunes
4663 3242 4759 3306 fec·

2859 3339 3101 3403 turum,
3162 3327 3274 3393 sed
3337 3330 3549 3410 potius
3607 3329 3849 3393 mult-as
3910 3327 4346 3403 difficultates,
4416 3329 4763 3412 quibuscum

2860 3412 3045 3478 nobis
3100 3412 3227 3478 erit
3284 3411 3665 3480 luctandum
3752 3424 4043 3496 roponat,
4088 3423 4164 3479 ut
4208 3414 4610 3498 praemoniti
4648 3412 4763 3477 faci·

2858 3497 2987 3562 lius
3022 3518 3131 3564 eas
3168 3497 3471 3573 feramus.
3513 3519 3646 3564 non
3684 3502 3701 3563 i
3749 3521 3825 3565 eo
3862 3499 4295 3566 recedendum
4342 3509 4456 3565 est
4497 3500 4671 3565 nobis
4702 3494 4762 3562 ab

2858 3583 3087 3661 officio,
3147 3604 3358 3667 neque
3418 3583 3917 3668 despondendus
3974 3595 4075 3651 est
4130 3587 4418 3664 animus,
4483 3595 4558 3650 ut
4611 3582 4759 3649 multi

2859 3680 3016 3734 sunt
3069 3668 3231 3734 adeo
3288 3669 3547 3735 delicati
3607 3683 3678 3735 ut
3736 3693 3805 3736 se
3863 3691 3902 3735 a
3947 3671 4088 3737 Deo
4149 3672 4346 3736 veluti
4400 3672 4611 3738 foveri
4648 3669 4763 3735 sinu

2860 3755 3081 3831 velint,
3127 3757 3219 3821 sic
3245 3766 3319 3821 ut
3343 3757 3540 3822 nullis
3562 3757 3829 3822 omnino
3864 3758 4056 3822 malis
4090 3757 4502 3823 afficiantur.
4561 3757 4765 3823 Coum

2858 3861 3013 3905 vero
3049 3840 3234 3906 Dens
3281 3863 3397 3907 nos
3444 3842 3720 3908 deiicere
3763 3853 3831 3907 et
3877 3843 4229 3908 humiliare
4272 3843 4450 3922 vult,
4491 3853 4765 3908 nostram·

2856 3947 2980 4009 que
3023 3927 3407 4009 patientiam
3454 3947 3780 4008 exercere,
3836 3941 3901 3994 et
3945 3929 4391 3994 obedientiam
4442 3929 4763 4012 explorare.

2857 4034 2941 4076 an
3001 4014 3255 4079 sincero
3316 4014 3533 4078 animo
3590 4014 3717 4098 ipsi
3772 4015 4152 4090 serviamus,
4210 4027 4278 4079 et
4332 4016 4422 4082 ab
4481 4016 4620 4098 ipso
4672 4009 4763 4075 teti

2857 4097 3276 4182 pendeamus.
3355 4099 3708 4165 Praeterea
3765 4110 4028 4184 peccata
4070 4111 4297 4166 nostra
4340 4102 4687 4185 corrigere,
4721 4105 4768 4160 et

2859 4206 2898 4249 a
2952 4184 3181 4249 mundi
3220 4204 3440 4250 amore
3486 4206 3602 4251 nos
3660 4186 3997 4251 retrahere
4048 4196 4116 4250 et
4170 4186 4346 4252 illius
4406 4187 4762 4252 oblivionem

2859 4270 3042 4336 nobis
3086 4270 3409 4336 inducere.
3479 4270 3785 4353 Denique
3830 4273 4077 4337 multae
4121 4282 4283 4337 sunt
4324 4293 4570 4338 causae
4613 4289 4764 4354 prop·

2857 4367 2958 4421 ter
3016 4376 3178 4439 quas
3238 4357 3436 4421 variis
3492 4377 3612 4422 nos
3669 4359 4125 4424 afflictionibus
4182 4361 4485 4426 exerceri
4533 4362 4761 4441 oportet

2860 4441 2994 4509 Sed
3045 4443 3166 4507 hoc
3224 4440 3482 4507 videtur
3538 4443 3828 4508 insolens
3872 4444 3956 4508 iis
3997 4444 4108 4526 qui
4153 4444 4317 4509 nihil
4364 4446 4507 4527 pati
4554 4443 4762 4510 volunt.

2858 4529 3108 4593 Verum
3154 4526 3452 4610 exemplo
3496 4527 3773 4593 Davidis
3817 4529 4123 4595 docemur
4164 4532 4574 4613 propositam
4620 4526 4763 4593 nobis

2859 4615 2929 4679 in
3002 4613 3345 4696 evangelio
3408 4614 3843 4679 conditionem
3904 4614 4156 4698 placide
4214 4617 4441 4699 sequi,
4520 4625 4598 4681 ut
4649 4614 4766 4679 lieet

2859 4698 3083 4765 fideles
3121 4698 3343 4764 multis
3379 4698 3862 4766 calamitatibus
3898 4711 3965 4766 et
4008 4702 4291 4767 miseriis
4334 4700 4609 4767 obnoxii
4648 4700 4762 4766 sint.

2858 4784 2940 4850 ad
2975 4805 3170 4869 quam
3206 4784 3643 4852 conditionem
3682 4808 3790 4852 eos
3827 4796 4093 4854 vocatos
4131 4809 4270 4853 esse
4315 4786 4514 4853 docet
4536 4783 4761 4852 Paulus,

2857 4893 2984 4936 non
3050 4883 3270 4936 tamen
3330 4892 3613 4954 unquam
3671 4893 3710 4937 a
3760 4893 3916 4939 vero
3959 4872 4089 4937 Dei
4133 4875 4370 4939 timore
4418 4874 4762 4942 resiliamus,

2858 4966 2925 5023 et
2967 4957 3048 5023 ab
3092 4957 3297 5038 ipsius
3342 4957 3521 5023 cultu
3569 4957 4034 5025 dimoveamur.
4749 5037 4759 5050 ⁶

3030 5043 3119 5108 Et
3178 5044 3302 5107 hoc
3358 5044 3426 5108 in
3484 5045 3711 5127 primis
3772 5045 3896 5111 hoc
3949 5045 4088 5110 loco
4131 5044 4634 5123 observandum,
4681 5037 4760 5133 ub!

2859 5127 3106 5195 Davidi
3149 5128 3577 5212 respondetur
3617 5152 3657 5196 a
3678 5130 3984 5210 Domino,
4033 5129 4300 5198 Saulem
4346 5151 4505 5196 cum
4550 5131 4758 5213 ingena

2859 5214 3152 5281 exercitu
3198 5224 3569 5295 venturum,
3641 5225 3709 5283 et
3752 5216 4092 5284 Oeilenses
4136 5217 4535 5302 quibuscum
4579 5230 4759 5282 vem·
