<?xml version="1.0" encoding="UTF-8"?>
<!DOCTYPE html PUBLIC "-//W3C//DTD XHTML 1.0 Transitional//EN"
    "http://www.w3.org/TR/xhtml1/DTD/xhtml1-transitional.dtd">
<html xmlns="http://www.w3.org/1999/xhtml" xml:lang="en" lang="en">
 <head>
  <title>
</title>
<meta http-equiv="Content-Type" content="text/html;charset=utf-8" />
  <meta name='ocr-system' content='tesseract 3.04.00' />
  <meta name='ocr-capabilities' content='ocr_page ocr_carea ocr_par ocr_line ocrx_word'/>
</head>
<body>
  <div class='ocr_page' id='page_1' title='image "./ioanniscalvinio07unkngoog_0641.png"; bbox 0 0 5059 6059; ppageno 0'>
   <div class='ocr_carea' id='block_1_1' title="bbox 294 367 398 432">
    <p class='ocr_par' dir='ltr' id='par_1_1' title="bbox 294 367 398 432">
     <span class='ocr_line' id='line_1_1' title="bbox 294 367 398 432; baseline 0 -1"><span class='ocrx_word' id='word_1_1' title='bbox 294 367 398 432; x_wconf 85' lang='lat'><strong>369</strong></span> 
     </span>
    </p>
   </div>
   <div class='ocr_carea' id='block_1_2' title="bbox 256 552 2201 5350">
    <p class='ocr_par' dir='ltr' id='par_1_2' title="bbox 256 552 2201 5350">
     <span class='ocr_line' id='line_1_2' title="bbox 293 552 2188 642; baseline -0.001 -21"><span class='ocrx_word' id='word_1_2' title='bbox 293 553 512 642; x_wconf 81' lang='lat' dir='ltr'><strong>precari</strong></span> <span class='ocrx_word' id='word_1_3' title='bbox 591 555 688 620; x_wconf 88' lang='lat' dir='ltr'><strong>uti</strong></span> <span class='ocrx_word' id='word_1_4' title='bbox 760 552 956 622; x_wconf 85' lang='lat' dir='ltr'><strong>fidem</strong></span> <span class='ocrx_word' id='word_1_5' title='bbox 1025 554 1240 620; x_wconf 87' lang='lat' dir='ltr'><strong>datam</strong></span> <span class='ocrx_word' id='word_1_6' title='bbox 1308 566 1542 621; x_wconf 85' lang='lat' dir='ltr'><strong>servet.</strong></span> <span class='ocrx_word' id='word_1_7' title='bbox 1629 554 1906 620; x_wconf 78' lang='lat' dir='ltr'><strong>Interim</strong></span> <span class='ocrx_word' id='word_1_8' title='bbox 1974 556 2188 621; x_wconf 89' lang='lat' dir='ltr'><strong>obser-</strong></span> 
     </span>
     <span class='ocr_line' id='line_1_3' title="bbox 293 638 2191 723; baseline -0.002 -15"><span class='ocrx_word' id='word_1_9' title='bbox 293 639 545 709; x_wconf 81' lang='lat' dir='ltr'><strong>vandum</strong></span> <span class='ocrx_word' id='word_1_10' title='bbox 624 638 836 723; x_wconf 89' lang='lat' dir='ltr'><strong>ipsum</strong></span> <span class='ocrx_word' id='word_1_11' title='bbox 909 641 1258 723; x_wconf 88' lang='lat' dir='ltr'><strong>implorare</strong></span> <span class='ocrx_word' id='word_1_12' title='bbox 1325 639 1598 707; x_wconf 88' lang='lat' dir='ltr'><strong>Davidis</strong></span> <span class='ocrx_word' id='word_1_13' title='bbox 1662 640 2191 720; x_wconf 87' lang='lat' dir='ltr'><strong>misericordiam,</strong></span> 
     </span>
     <span class='ocr_line' id='line_1_4' title="bbox 326 725 2190 793; baseline -0.001 -1"><span class='ocrx_word' id='word_1_14' title='bbox 326 747 434 792; x_wconf 87' lang='lat' dir='ltr'><strong>uae</strong></span> <span class='ocrx_word' id='word_1_15' title='bbox 471 736 689 792; x_wconf 88' lang='lat' dir='ltr'><strong>tamen</strong></span> <span class='ocrx_word' id='word_1_16' title='bbox 731 749 771 792; x_wconf 92' lang='lat' dir='ltr'><strong>a</strong></span> <span class='ocrx_word' id='word_1_17' title='bbox 815 726 959 792; x_wconf 89' lang='lat' dir='ltr'><strong>Deo</strong></span> <span class='ocrx_word' id='word_1_18' title='bbox 1022 727 1141 793; x_wconf 92' lang='lat' dir='ltr'><strong>sit:</strong></span> <span class='ocrx_word' id='word_1_19' title='bbox 1209 734 1277 792; x_wconf 87' lang='lat' dir='ltr'><strong>et</strong></span> <span class='ocrx_word' id='word_1_20' title='bbox 1317 738 1544 793; x_wconf 89' lang='lat' dir='ltr'><strong>eontra</strong></span> <span class='ocrx_word' id='word_1_21' title='bbox 1588 725 1919 793; x_wconf 88' lang='lat' dir='ltr'><strong>declarare</strong></span> <span class='ocrx_word' id='word_1_22' title='bbox 1983 727 2190 792; x_wconf 89' lang='lat' dir='ltr'><strong>Davi·</strong></span> 
     </span>
     <span class='ocr_line' id='line_1_5' title="bbox 288 753 2192 895; baseline -0.002 -15"><span class='ocrx_word' id='word_1_23' title='bbox 288 753 416 880; x_wconf 67' lang='lat' dir='ltr'><strong>dem</strong></span> <span class='ocrx_word' id='word_1_24' title='bbox 485 810 725 893; x_wconf 85' lang='lat' dir='ltr'><strong>aliquid</strong></span> <span class='ocrx_word' id='word_1_25' title='bbox 832 811 1179 878; x_wconf 89' lang='lat' dir='ltr'><strong>crudeliter</strong></span> <span class='ocrx_word' id='word_1_26' title='bbox 1273 821 1341 877; x_wconf 88' lang='lat' dir='ltr'><strong>et</strong></span> <span class='ocrx_word' id='word_1_27' title='bbox 1423 811 1762 895; x_wconf 86' lang='lat' dir='ltr'><strong>perfidiose</strong></span> <span class='ocrx_word' id='word_1_28' title='bbox 1847 811 2192 878; x_wconf 74' lang='lat' dir='ltr'><strong>facientem</strong></span> 
     </span>
     <span class='ocr_line' id='line_1_6' title="bbox 288 898 2190 982; baseline -0.002 -16"><span class='ocrx_word' id='word_1_29' title='bbox 288 898 394 966; x_wconf 89' lang='lat' dir='ltr'><strong>sibi</strong></span> <span class='ocrx_word' id='word_1_30' title='bbox 438 908 551 962; x_wconf 89' lang='lat' dir='ltr'><strong>aut</strong></span> <span class='ocrx_word' id='word_1_31' title='bbox 606 898 744 963; x_wconf 91' lang='lat' dir='ltr'><strong>suis</strong></span> <span class='ocrx_word' id='word_1_32' title='bbox 801 898 929 962; x_wconf 86' lang='lat' dir='ltr'><strong>Dei</strong></span> <span class='ocrx_word' id='word_1_33' title='bbox 982 918 1249 963; x_wconf 90' lang='lat' dir='ltr'><strong>manum</strong></span> <span class='ocrx_word' id='word_1_34' title='bbox 1293 918 1702 982; x_wconf 89' lang='lat' dir='ltr'><strong>nequaquam</strong></span> <span class='ocrx_word' id='word_1_35' title='bbox 1747 899 2190 982; x_wconf 73' lang='lat' dir='ltr'><strong>effugitur-um,</strong></span> 
     </span>
     <span class='ocr_line' id='line_1_7' title="bbox 286 982 2191 1069; baseline -0.002 -16"><span class='ocrx_word' id='word_1_36' title='bbox 286 985 383 1053; x_wconf 83' lang='lat' dir='ltr'><strong>sed</strong></span> <span class='ocrx_word' id='word_1_37' title='bbox 421 983 571 1049; x_wconf 90' lang='lat' dir='ltr'><strong>olim</strong></span> <span class='ocrx_word' id='word_1_38' title='bbox 617 984 742 1066; x_wconf 88' lang='lat' dir='ltr'><strong>ipsi</strong></span> <span class='ocrx_word' id='word_1_39' title='bbox 786 1004 1028 1067; x_wconf 87' lang='lat' dir='ltr'><strong>poenas</strong></span> <span class='ocrx_word' id='word_1_40' title='bbox 1072 982 1401 1049; x_wconf 86' lang='lat' dir='ltr'><strong>daturum.</strong></span> <span class='ocrx_word' id='word_1_41' title='bbox 1490 983 1732 1069; x_wconf 75' lang='lat' dir='ltr'><strong>Ingens</strong></span> <span class='ocrx_word' id='word_1_42' title='bbox 1778 1005 1934 1049; x_wconf 86' lang='lat' dir='ltr'><strong>sane</strong></span> <span class='ocrx_word' id='word_1_43' title='bbox 1982 985 2191 1049; x_wconf 88' lang='lat' dir='ltr'><strong>virtus</strong></span> 
     </span>
     <span class='ocr_line' id='line_1_8' title="bbox 285 1067 2189 1152; baseline -0.002 -15"><span class='ocrx_word' id='word_1_44' title='bbox 285 1084 340 1137; x_wconf 88' lang='lat' dir='ltr'><strong>et</strong></span> <span class='ocrx_word' id='word_1_45' title='bbox 396 1067 549 1134; x_wconf 87' lang='lat' dir='ltr'><strong>fides</strong></span> <span class='ocrx_word' id='word_1_46' title='bbox 616 1068 963 1133; x_wconf 89' lang='lat' dir='ltr'><strong>Ionathani</strong></span> <span class='ocrx_word' id='word_1_47' title='bbox 1024 1090 1107 1134; x_wconf 90' lang='lat' dir='ltr'><strong>ex</strong></span> <span class='ocrx_word' id='word_1_48' title='bbox 1166 1070 1307 1135; x_wconf 90' lang='lat' dir='ltr'><strong>istis</strong></span> <span class='ocrx_word' id='word_1_49' title='bbox 1361 1069 1774 1151; x_wconf 84' lang='lat' dir='ltr'><strong>conspicitur,</strong></span> <span class='ocrx_word' id='word_1_50' title='bbox 1844 1069 1953 1152; x_wconf 89' lang='lat' dir='ltr'><strong>qui</strong></span> <span class='ocrx_word' id='word_1_51' title='bbox 2007 1090 2080 1134; x_wconf 90' lang='lat' dir='ltr'><strong>se</strong></span> <span class='ocrx_word' id='word_1_52' title='bbox 2123 1071 2189 1134; x_wconf 93' lang='lat' dir='ltr'><strong>in</strong></span> 
     </span>
     <span class='ocr_line' id='line_1_9' title="bbox 286 1153 2190 1239; baseline -0.001 -19"><span class='ocrx_word' id='word_1_53' title='bbox 286 1153 536 1221; x_wconf 82' lang='lat' dir='ltr'><strong>Davidis</strong></span> <span class='ocrx_word' id='word_1_54' title='bbox 579 1156 860 1239; x_wconf 89' lang='lat' dir='ltr'><strong>gratiam</strong></span> <span class='ocrx_word' id='word_1_55' title='bbox 907 1155 1078 1219; x_wconf 90' lang='lat' dir='ltr'><strong>ultro</strong></span> <span class='ocrx_word' id='word_1_56' title='bbox 1113 1156 1181 1219; x_wconf 93' lang='lat' dir='ltr'><strong>in</strong></span> <span class='ocrx_word' id='word_1_57' title='bbox 1220 1167 1475 1220; x_wconf 88' lang='lat' dir='ltr'><strong>tantum</strong></span> <span class='ocrx_word' id='word_1_58' title='bbox 1514 1154 1861 1220; x_wconf 77' lang='lat' dir='ltr'><strong>discrimen</strong></span> <span class='ocrx_word' id='word_1_59' title='bbox 1899 1156 2190 1221; x_wconf 88' lang='lat' dir='ltr'><strong>coniicit:</strong></span> 
     </span>
     <span class='ocr_line' id='line_1_10' title="bbox 286 1239 2192 1322; baseline -0.001 -15"><span class='ocrx_word' id='word_1_60' title='bbox 286 1262 418 1307; x_wconf 86' lang='lat' dir='ltr'><strong>nam</strong></span> <span class='ocrx_word' id='word_1_61' title='bbox 478 1259 644 1322; x_wconf 90' lang='lat' dir='ltr'><strong>quae</strong></span> <span class='ocrx_word' id='word_1_62' title='bbox 710 1239 816 1306; x_wconf 91' lang='lat' dir='ltr'><strong>hic</strong></span> <span class='ocrx_word' id='word_1_63' title='bbox 884 1248 1195 1305; x_wconf 88' lang='lat' dir='ltr'><strong>notantur</strong></span> <span class='ocrx_word' id='word_1_64' title='bbox 1259 1240 1784 1307; x_wconf 78' lang='lat' dir='ltr'><strong>circumstantiae</strong></span> <span class='ocrx_word' id='word_1_65' title='bbox 1845 1262 1974 1306; x_wconf 90' lang='lat' dir='ltr'><strong>non</strong></span> <span class='ocrx_word' id='word_1_66' title='bbox 2035 1253 2192 1306; x_wconf 89' lang='lat' dir='ltr'><strong>sunt</strong></span> 
     </span>
     <span class='ocr_line' id='line_1_11' title="bbox 283 1324 2191 1409; baseline -0.001 -16"><span class='ocrx_word' id='word_1_67' title='bbox 283 1327 492 1393; x_wconf 83' lang='lat' dir='ltr'><strong>leviter</strong></span> <span class='ocrx_word' id='word_1_68' title='bbox 571 1324 1099 1409; x_wconf 75' lang='lat' dir='ltr'><strong>praetereundae,</strong></span> <span class='ocrx_word' id='word_1_69' title='bbox 1177 1326 1346 1408; x_wconf 90' lang='lat' dir='ltr'><strong>quod</strong></span> <span class='ocrx_word' id='word_1_70' title='bbox 1427 1325 1645 1391; x_wconf 90' lang='lat' dir='ltr'><strong>nullus</strong></span> <span class='ocrx_word' id='word_1_71' title='bbox 1714 1339 2023 1409; x_wconf 86' lang='lat' dir='ltr'><strong>appareat</strong></span> <span class='ocrx_word' id='word_1_72' title='bbox 2087 1327 2191 1393; x_wconf 88' lang='lat' dir='ltr'><strong>cui</strong></span> 
     </span>
     <span class='ocr_line' id='line_1_12' title="bbox 285 1410 2189 1496; baseline -0.002 -18"><span class='ocrx_word' id='word_1_73' title='bbox 285 1414 464 1496; x_wconf 80' lang='lat' dir='ltr'><strong>possit</strong></span> <span class='ocrx_word' id='word_1_74' title='bbox 533 1421 676 1477; x_wconf 90' lang='lat' dir='ltr'><strong>tuto</strong></span> <span class='ocrx_word' id='word_1_75' title='bbox 739 1411 961 1489; x_wconf 88' lang='lat' dir='ltr'><strong>fidere,</strong></span> <span class='ocrx_word' id='word_1_76' title='bbox 1029 1424 1097 1475; x_wconf 87' lang='lat' dir='ltr'><strong>et</strong></span> <span class='ocrx_word' id='word_1_77' title='bbox 1161 1414 1298 1477; x_wconf 90' lang='lat' dir='ltr'><strong>sine</strong></span> <span class='ocrx_word' id='word_1_78' title='bbox 1364 1412 1638 1477; x_wconf 86' lang='lat' dir='ltr'><strong>testibus</strong></span> <span class='ocrx_word' id='word_1_79' title='bbox 1702 1412 1880 1478; x_wconf 90' lang='lat' dir='ltr'><strong>solus</strong></span> <span class='ocrx_word' id='word_1_80' title='bbox 1950 1410 2189 1477; x_wconf 85' lang='lat' dir='ltr'><strong>Davidi</strong></span> 
     </span>
     <span class='ocr_line' id='line_1_13' title="bbox 282 1497 2191 1579; baseline -0.001 -15"><span class='ocrx_word' id='word_1_81' title='bbox 282 1518 451 1564; x_wconf 84' lang='lat' dir='ltr'><strong>suum</strong></span> <span class='ocrx_word' id='word_1_82' title='bbox 485 1517 799 1563; x_wconf 86' lang='lat' dir='ltr'><strong>arcanum</strong></span> <span class='ocrx_word' id='word_1_83' title='bbox 833 1505 901 1562; x_wconf 90' lang='lat' dir='ltr'><strong>et</strong></span> <span class='ocrx_word' id='word_1_84' title='bbox 933 1507 1222 1562; x_wconf 87' lang='lat' dir='ltr'><strong>mentem</strong></span> <span class='ocrx_word' id='word_1_85' title='bbox 1260 1497 1530 1579; x_wconf 88' lang='lat' dir='ltr'><strong>aperire,</strong></span> <span class='ocrx_word' id='word_1_86' title='bbox 1595 1518 1724 1562; x_wconf 91' lang='lat' dir='ltr'><strong>non</strong></span> <span class='ocrx_word' id='word_1_87' title='bbox 1761 1499 1901 1563; x_wconf 89' lang='lat' dir='ltr'><strong>sine</strong></span> <span class='ocrx_word' id='word_1_88' title='bbox 1935 1518 2191 1563; x_wconf 89' lang='lat' dir='ltr'><strong>summo</strong></span> 
     </span>
     <span class='ocr_line' id='line_1_14' title="bbox 280 1581 2187 1667; baseline 0.001 -20"><span class='ocrx_word' id='word_1_89' title='bbox 280 1582 541 1667; x_wconf 91' lang='lat' dir='ltr'><strong>periculo</strong></span> <span class='ocrx_word' id='word_1_90' title='bbox 610 1594 678 1647; x_wconf 91' lang='lat' dir='ltr'><strong>et</strong></span> <span class='ocrx_word' id='word_1_91' title='bbox 735 1581 1112 1649; x_wconf 80' lang='lat' dir='ltr'><strong>discrimine</strong></span> <span class='ocrx_word' id='word_1_92' title='bbox 1169 1585 1399 1647; x_wconf 88' lang='lat' dir='ltr'><strong>mortis</strong></span> <span class='ocrx_word' id='word_1_93' title='bbox 1458 1583 1710 1648; x_wconf 88' lang='lat' dir='ltr'><strong>audeat.</strong></span> <span class='ocrx_word' id='word_1_94' title='bbox 1798 1582 1888 1647; x_wconf 83' lang='lat' dir='ltr'><strong>At</strong></span> <span class='ocrx_word' id='word_1_95' title='bbox 1933 1583 2002 1648; x_wconf 90' lang='lat' dir='ltr'><strong>ui</strong></span> <span class='ocrx_word' id='word_1_96' title='bbox 2062 1605 2187 1648; x_wconf 93' lang='lat' dir='ltr'><strong>non</strong></span> 
     </span>
     <span class='ocr_line' id='line_1_15' title="bbox 283 1668 2189 1752; baseline -0.001 -18"><span class='ocrx_word' id='word_1_97' title='bbox 283 1680 472 1734; x_wconf 89' lang='lat' dir='ltr'><strong>metus</strong></span> <span class='ocrx_word' id='word_1_98' title='bbox 517 1668 744 1749; x_wconf 87' lang='lat' dir='ltr'><strong>patris,</strong></span> <span class='ocrx_word' id='word_1_99' title='bbox 791 1690 921 1733; x_wconf 91' lang='lat' dir='ltr'><strong>non</strong></span> <span class='ocrx_word' id='word_1_100' title='bbox 968 1669 1400 1752; x_wconf 80' lang='lat' dir='ltr'><strong>periculorum</strong></span> <span class='ocrx_word' id='word_1_101' title='bbox 1448 1669 1827 1752; x_wconf 80' lang='lat' dir='ltr'><strong>magnitudo</strong></span> <span class='ocrx_word' id='word_1_102' title='bbox 1864 1690 1899 1731; x_wconf 89' lang='lat' dir='ltr'><strong>a</strong></span> <span class='ocrx_word' id='word_1_103' title='bbox 1979 1669 2189 1736; x_wconf 80' lang='lat' dir='ltr'><strong>officio</strong></span> 
     </span>
     <span class='ocr_line' id='line_1_16' title="bbox 277 1753 2190 1836; baseline -0.001 -17"><span class='ocrx_word' id='word_1_104' title='bbox 277 1755 593 1830; x_wconf 88' lang='lat' dir='ltr'><strong>deterruit,</strong></span> <span class='ocrx_word' id='word_1_105' title='bbox 639 1754 800 1836; x_wconf 90' lang='lat' dir='ltr'><strong>quin</strong></span> <span class='ocrx_word' id='word_1_106' title='bbox 835 1756 904 1818; x_wconf 89' lang='lat' dir='ltr'><strong>in</strong></span> <span class='ocrx_word' id='word_1_107' title='bbox 941 1754 1221 1818; x_wconf 89' lang='lat' dir='ltr'><strong>amicitia</strong></span> <span class='ocrx_word' id='word_1_108' title='bbox 1256 1753 1535 1820; x_wconf 81' lang='lat' dir='ltr'><strong>Davidis</strong></span> <span class='ocrx_word' id='word_1_109' title='bbox 1574 1768 1959 1835; x_wconf 85' lang='lat' dir='ltr'><strong>perseveret.</strong></span> <span class='ocrx_word' id='word_1_110' title='bbox 2049 1754 2190 1821; x_wconf 85' lang='lat' dir='ltr'><strong>Nae</strong></span> 
     </span>
     <span class='ocr_line' id='line_1_17' title="bbox 275 1837 2187 1924; baseline -0.001 -19"><span class='ocrx_word' id='word_1_111' title='bbox 275 1843 322 1905; x_wconf 84' lang='lat' dir='ltr'><strong>si</strong></span> <span class='ocrx_word' id='word_1_112' title='bbox 381 1840 457 1905; x_wconf 86' lang='lat' dir='ltr'><strong>ad</strong></span> <span class='ocrx_word' id='word_1_113' title='bbox 522 1861 715 1905; x_wconf 88' lang='lat' dir='ltr'><strong>aures</strong></span> <span class='ocrx_word' id='word_1_114' title='bbox 776 1837 1000 1904; x_wconf 81' lang='lat' dir='ltr'><strong>Saulis</strong></span> <span class='ocrx_word' id='word_1_115' title='bbox 1066 1840 1190 1903; x_wconf 85' lang='lat' dir='ltr'><strong>ista</strong></span> <span class='ocrx_word' id='word_1_116' title='bbox 1256 1842 1722 1921; x_wconf 84' lang='lat' dir='ltr'><strong>pervenissent,</strong></span> <span class='ocrx_word' id='word_1_117' title='bbox 1787 1860 2029 1924; x_wconf 90' lang='lat' dir='ltr'><strong>magno</strong></span> <span class='ocrx_word' id='word_1_118' title='bbox 2092 1842 2187 1905; x_wconf 88' lang='lat' dir='ltr'><strong>illi</strong></span> 
     </span>
     <span class='ocr_line' id='line_1_18' title="bbox 274 1924 2192 2010; baseline 0 -19"><span class='ocrx_word' id='word_1_119' title='bbox 274 1926 679 1991; x_wconf 76' lang='lat' dir='ltr'><strong>constitisset:</strong></span> <span class='ocrx_word' id='word_1_120' title='bbox 741 1945 891 1989; x_wconf 90' lang='lat' dir='ltr'><strong>nam</strong></span> <span class='ocrx_word' id='word_1_121' title='bbox 951 1939 1101 1989; x_wconf 90' lang='lat' dir='ltr'><strong>ante</strong></span> <span class='ocrx_word' id='word_1_122' title='bbox 1164 1924 1443 1990; x_wconf 88' lang='lat' dir='ltr'><strong>vidimus</strong></span> <span class='ocrx_word' id='word_1_123' title='bbox 1503 1946 1694 2008; x_wconf 91' lang='lat' dir='ltr'><strong>quam</strong></span> <span class='ocrx_word' id='word_1_124' title='bbox 1751 1946 1977 1990; x_wconf 84' lang='lat' dir='ltr'><strong>severe</strong></span> <span class='ocrx_word' id='word_1_125' title='bbox 2035 1947 2192 2010; x_wconf 89' lang='lat' dir='ltr'><strong>erga</strong></span> 
     </span>
     <span class='ocr_line' id='line_1_19' title="bbox 273 2010 2187 2094; baseline 0.001 -20"><span class='ocrx_word' id='word_1_126' title='bbox 273 2018 468 2093; x_wconf 83' lang='lat' dir='ltr'><strong>ipsum</strong></span> <span class='ocrx_word' id='word_1_127' title='bbox 513 2033 586 2076; x_wconf 90' lang='lat' dir='ltr'><strong>se</strong></span> <span class='ocrx_word' id='word_1_128' title='bbox 631 2012 702 2075; x_wconf 88' lang='lat' dir='ltr'><strong>in</strong></span> <span class='ocrx_word' id='word_1_129' title='bbox 746 2031 817 2075; x_wconf 89' lang='lat' dir='ltr'><strong>re</strong></span> <span class='ocrx_word' id='word_1_130' title='bbox 862 2011 989 2076; x_wconf 83' lang='lat' dir='ltr'><strong>levi</strong></span> <span class='ocrx_word' id='word_1_131' title='bbox 1036 2024 1221 2094; x_wconf 86' lang='lat' dir='ltr'><strong>pater</strong></span> <span class='ocrx_word' id='word_1_132' title='bbox 1264 2011 1590 2093; x_wconf 61' lang='lat' dir='ltr'><strong>gessisset,</strong></span> <span class='ocrx_word' id='word_1_133' title='bbox 1635 2032 1832 2093; x_wconf 90' lang='lat' dir='ltr'><strong>quum</strong></span> <span class='ocrx_word' id='word_1_134' title='bbox 1881 2010 2187 2077; x_wconf 89' lang='lat' dir='ltr'><strong>Ionatha-</strong></span> 
     </span>
     <span class='ocr_line' id='line_1_20' title="bbox 274 2096 2192 2180; baseline 0.002 -20"><span class='ocrx_word' id='word_1_135' title='bbox 274 2119 383 2162; x_wconf 85' lang='lat' dir='ltr'><strong>nus</strong></span> <span class='ocrx_word' id='word_1_136' title='bbox 436 2119 515 2161; x_wconf 87' lang='lat' dir='ltr'><strong>ex</strong></span> <span class='ocrx_word' id='word_1_137' title='bbox 569 2096 853 2161; x_wconf 88' lang='lat' dir='ltr'><strong>hostium</strong></span> <span class='ocrx_word' id='word_1_138' title='bbox 913 2108 1132 2180; x_wconf 79' lang='lat' dir='ltr'><strong>strage</strong></span> <span class='ocrx_word' id='word_1_139' title='bbox 1190 2096 1486 2161; x_wconf 86' lang='lat' dir='ltr'><strong>defessus</strong></span> <span class='ocrx_word' id='word_1_140' title='bbox 1544 2106 1609 2160; x_wconf 91' lang='lat' dir='ltr'><strong>et</strong></span> <span class='ocrx_word' id='word_1_141' title='bbox 1664 2097 1833 2161; x_wconf 88' lang='lat' dir='ltr'><strong>fame</strong></span> <span class='ocrx_word' id='word_1_142' title='bbox 1889 2097 2192 2164; x_wconf 84' lang='lat' dir='ltr'><strong>deficiens</strong></span> 
     </span>
     <span class='ocr_line' id='line_1_21' title="bbox 271 2181 2193 2266; baseline 0.002 -21"><span class='ocrx_word' id='word_1_143' title='bbox 271 2203 484 2266; x_wconf 90' lang='lat' dir='ltr'><strong>parum</strong></span> <span class='ocrx_word' id='word_1_144' title='bbox 553 2181 767 2246; x_wconf 89' lang='lat' dir='ltr'><strong>mellis</strong></span> <span class='ocrx_word' id='word_1_145' title='bbox 833 2191 1178 2266; x_wconf 80' lang='lat' dir='ltr'><strong>gustasset,</strong></span> <span class='ocrx_word' id='word_1_146' title='bbox 1245 2182 1513 2266; x_wconf 88' lang='lat' dir='ltr'><strong>ignarus</strong></span> <span class='ocrx_word' id='word_1_147' title='bbox 1584 2182 2007 2248; x_wconf 85' lang='lat' dir='ltr'><strong>iurisiurandi</strong></span> <span class='ocrx_word' id='word_1_148' title='bbox 2065 2205 2193 2266; x_wconf 92' lang='lat' dir='ltr'><strong>quo</strong></span> 
     </span>
     <span class='ocr_line' id='line_1_22' title="bbox 273 2266 2192 2351; baseline 0.001 -21"><span class='ocrx_word' id='word_1_149' title='bbox 273 2268 569 2350; x_wconf 88' lang='lat' dir='ltr'><strong>populum</strong></span> <span class='ocrx_word' id='word_1_150' title='bbox 615 2278 805 2351; x_wconf 87' lang='lat' dir='ltr'><strong>pater</strong></span> <span class='ocrx_word' id='word_1_151' title='bbox 841 2267 1305 2343; x_wconf 80' lang='lat' dir='ltr'><strong>adstrinxerat,</strong></span> <span class='ocrx_word' id='word_1_152' title='bbox 1343 2278 1480 2330; x_wconf 86' lang='lat' dir='ltr'><strong>tum</strong></span> <span class='ocrx_word' id='word_1_153' title='bbox 1520 2266 1682 2333; x_wconf 83' lang='lat' dir='ltr'><strong>Saul</strong></span> <span class='ocrx_word' id='word_1_154' title='bbox 1720 2268 1842 2333; x_wconf 90' lang='lat' dir='ltr'><strong>ait:</strong></span> <span class='ocrx_word' id='word_1_155' title='bbox 1891 2269 2192 2333; x_wconf 85' lang='lat' dir='ltr'><strong>Morieris</strong></span> 
     </span>
     <span class='ocr_line' id='line_1_23' title="bbox 271 2352 2191 2436; baseline 0.001 -19"><span class='ocrx_word' id='word_1_156' title='bbox 271 2352 639 2419; x_wconf 87' lang='lat' dir='ltr'><strong>Ionathane.</strong></span> <span class='ocrx_word' id='word_1_157' title='bbox 731 2353 931 2418; x_wconf 87' lang='lat' dir='ltr'><strong>Hunc</strong></span> <span class='ocrx_word' id='word_1_158' title='bbox 973 2354 1178 2436; x_wconf 85' lang='lat' dir='ltr'><strong>patris</strong></span> <span class='ocrx_word' id='word_1_159' title='bbox 1224 2356 1513 2417; x_wconf 87' lang='lat' dir='ltr'><strong>animum</strong></span> <span class='ocrx_word' id='word_1_160' title='bbox 1560 2368 1624 2418; x_wconf 91' lang='lat' dir='ltr'><strong>et</strong></span> <span class='ocrx_word' id='word_1_161' title='bbox 1666 2352 1951 2420; x_wconf 84' lang='lat' dir='ltr'><strong>furorem</strong></span> <span class='ocrx_word' id='word_1_162' title='bbox 1997 2353 2191 2419; x_wconf 89' lang='lat' dir='ltr'><strong>Iona·</strong></span> 
     </span>
     <span class='ocr_line' id='line_1_24' title="bbox 273 2438 2190 2522; baseline 0.001 -20"><span class='ocrx_word' id='word_1_163' title='bbox 273 2441 497 2504; x_wconf 87' lang='lat' dir='ltr'><strong>thanus</strong></span> <span class='ocrx_word' id='word_1_164' title='bbox 570 2458 970 2522; x_wconf 89' lang='lat' dir='ltr'><strong>cognoscens</strong></span> <span class='ocrx_word' id='word_1_165' title='bbox 1035 2450 1210 2504; x_wconf 86' lang='lat' dir='ltr'><strong>certo</strong></span> <span class='ocrx_word' id='word_1_166' title='bbox 1278 2438 1477 2503; x_wconf 82' lang='lat' dir='ltr'><strong>habet</strong></span> <span class='ocrx_word' id='word_1_167' title='bbox 1542 2460 1920 2521; x_wconf 88' lang='lat' dir='ltr'><strong>persuasum</strong></span> <span class='ocrx_word' id='word_1_168' title='bbox 1987 2461 2057 2506; x_wconf 92' lang='lat' dir='ltr'><strong>se</strong></span> <span class='ocrx_word' id='word_1_169' title='bbox 2121 2440 2190 2504; x_wconf 94' lang='lat' dir='ltr'><strong>in</strong></span> 
     </span>
     <span class='ocr_line' id='line_1_25' title="bbox 270 2523 2191 2615; baseline 0.002 -28"><span class='ocrx_word' id='word_1_170' title='bbox 270 2534 550 2607; x_wconf 87' lang='lat' dir='ltr'><strong>apertum</strong></span> <span class='ocrx_word' id='word_1_171' title='bbox 618 2524 848 2589; x_wconf 88' lang='lat' dir='ltr'><strong>mortis</strong></span> <span class='ocrx_word' id='word_1_172' title='bbox 912 2524 1256 2590; x_wconf 89' lang='lat' dir='ltr'><strong>discrimen</strong></span> <span class='ocrx_word' id='word_1_173' title='bbox 1304 2535 1674 2603; x_wconf 83' lang='lat' dir='ltr'><strong>venturum,</strong></span> <span class='ocrx_word' id='word_1_174' title='bbox 1741 2526 1794 2589; x_wconf 89' lang='lat' dir='ltr'><strong>si</strong></span> <span class='ocrx_word' id='word_1_175' title='bbox 1863 2523 1945 2590; x_wconf 89' lang='lat' dir='ltr'><strong>ad</strong></span> <span class='ocrx_word' id='word_1_176' title='bbox 1991 2527 2191 2615; x_wconf 89' lang='lat' dir='ltr'><strong>patris</strong></span> 
     </span>
     <span class='ocr_line' id='line_1_26' title="bbox 270 2609 2192 2678; baseline 0.002 -6"><span class='ocrx_word' id='word_1_177' title='bbox 270 2630 444 2675; x_wconf 88' lang='lat' dir='ltr'><strong>aures</strong></span> <span class='ocrx_word' id='word_1_178' title='bbox 502 2610 611 2675; x_wconf 84' lang='lat' dir='ltr'><strong>vel</strong></span> <span class='ocrx_word' id='word_1_179' title='bbox 671 2610 1040 2675; x_wconf 87' lang='lat' dir='ltr'><strong>levissimus</strong></span> <span class='ocrx_word' id='word_1_180' title='bbox 1099 2631 1319 2675; x_wconf 83' lang='lat' dir='ltr'><strong>rumor</strong></span> <span class='ocrx_word' id='word_1_181' title='bbox 1363 2609 1441 2673; x_wconf 90' lang='lat' dir='ltr'><strong>de</strong></span> <span class='ocrx_word' id='word_1_182' title='bbox 1485 2619 1818 2676; x_wconf 85' lang='lat' dir='ltr'><strong>contracto</strong></span> <span class='ocrx_word' id='word_1_183' title='bbox 1862 2633 2011 2676; x_wconf 89' lang='lat' dir='ltr'><strong>cum</strong></span> <span class='ocrx_word' id='word_1_184' title='bbox 2057 2612 2192 2678; x_wconf 90' lang='lat' dir='ltr'><strong>Da-</strong></span> 
     </span>
     <span class='ocr_line' id='line_1_27' title="bbox 275 2693 2188 2773; baseline 0.003 -16"><span class='ocrx_word' id='word_1_185' title='bbox 275 2693 408 2761; x_wconf 80' lang='lat' dir='ltr'><strong>vide</strong></span> <span class='ocrx_word' id='word_1_186' title='bbox 443 2695 707 2760; x_wconf 88' lang='lat' dir='ltr'><strong>foedere</strong></span> <span class='ocrx_word' id='word_1_187' title='bbox 745 2695 1015 2773; x_wconf 85' lang='lat' dir='ltr'><strong>venerit,</strong></span> <span class='ocrx_word' id='word_1_188' title='bbox 1056 2696 1191 2760; x_wconf 85' lang='lat' dir='ltr'><strong>fore</strong></span> <span class='ocrx_word' id='word_1_189' title='bbox 1230 2697 1473 2761; x_wconf 88' lang='lat' dir='ltr'><strong>crimen</strong></span> <span class='ocrx_word' id='word_1_190' title='bbox 1512 2696 1975 2762; x_wconf 88' lang='lat' dir='ltr'><strong>irremissibile.</strong></span> <span class='ocrx_word' id='word_1_191' title='bbox 2056 2696 2188 2762; x_wconf 85' lang='lat' dir='ltr'><strong>Sed</strong></span> 
     </span>
     <span class='ocr_line' id='line_1_28' title="bbox 269 2780 2192 2864; baseline 0.002 -20"><span class='ocrx_word' id='word_1_192' title='bbox 269 2780 368 2846; x_wconf 91' lang='lat' dir='ltr'><strong>ille</strong></span> <span class='ocrx_word' id='word_1_193' title='bbox 409 2782 838 2847; x_wconf 90' lang='lat' dir='ltr'><strong>nihilominus</strong></span> <span class='ocrx_word' id='word_1_194' title='bbox 877 2781 1079 2847; x_wconf 89' lang='lat' dir='ltr'><strong>officii</strong></span> <span class='ocrx_word' id='word_1_195' title='bbox 1112 2781 1213 2845; x_wconf 93' lang='lat' dir='ltr'><strong>sui</strong></span> <span class='ocrx_word' id='word_1_196' title='bbox 1253 2792 1468 2864; x_wconf 83' lang='lat' dir='ltr'><strong>partes</strong></span> <span class='ocrx_word' id='word_1_197' title='bbox 1506 2803 1630 2846; x_wconf 89' lang='lat' dir='ltr'><strong>non</strong></span> <span class='ocrx_word' id='word_1_198' title='bbox 1672 2782 1925 2847; x_wconf 88' lang='lat' dir='ltr'><strong>deserit.</strong></span> <span class='ocrx_word' id='word_1_199' title='bbox 2016 2783 2192 2848; x_wconf 90' lang='lat' dir='ltr'><strong>Hinc</strong></span> 
     </span>
     <span class='ocr_line' id='line_1_29' title="bbox 270 2866 2194 2949; baseline 0.002 -19"><span class='ocrx_word' id='word_1_200' title='bbox 270 2866 332 2930; x_wconf 84' lang='lat' dir='ltr'><strong>fit</strong></span> <span class='ocrx_word' id='word_1_201' title='bbox 374 2869 795 2947; x_wconf 89' lang='lat' dir='ltr'><strong>conspicuum</strong></span> <span class='ocrx_word' id='word_1_202' title='bbox 842 2886 950 2932; x_wconf 89' lang='lat' dir='ltr'><strong>eos</strong></span> <span class='ocrx_word' id='word_1_203' title='bbox 993 2868 1103 2949; x_wconf 90' lang='lat' dir='ltr'><strong>qui</strong></span> <span class='ocrx_word' id='word_1_204' title='bbox 1149 2868 1345 2932; x_wconf 89' lang='lat' dir='ltr'><strong>verbo</strong></span> <span class='ocrx_word' id='word_1_205' title='bbox 1386 2866 1512 2930; x_wconf 88' lang='lat' dir='ltr'><strong>Dei</strong></span> <span class='ocrx_word' id='word_1_206' title='bbox 1556 2866 1749 2932; x_wconf 90' lang='lat' dir='ltr'><strong>fidem</strong></span> <span class='ocrx_word' id='word_1_207' title='bbox 1795 2881 2038 2933; x_wconf 88' lang='lat' dir='ltr'><strong>cort-am</strong></span> <span class='ocrx_word' id='word_1_208' title='bbox 2084 2869 2194 2933; x_wconf 90' lang='lat' dir='ltr'><strong>ad·</strong></span> 
     </span>
     <span class='ocr_line' id='line_1_30' title="bbox 269 2950 2192 3020; baseline 0.003 -6"><span class='ocrx_word' id='word_1_209' title='bbox 269 2950 476 3017; x_wconf 78' lang='lat' dir='ltr'><strong>hibent</strong></span> <span class='ocrx_word' id='word_1_210' title='bbox 544 2950 924 3017; x_wconf 81' lang='lat' dir='ltr'><strong>audaciores</strong></span> <span class='ocrx_word' id='word_1_211' title='bbox 988 2954 1131 3017; x_wconf 87' lang='lat' dir='ltr'><strong>fieri</strong></span> <span class='ocrx_word' id='word_1_212' title='bbox 1177 2956 1241 3016; x_wconf 91' lang='lat' dir='ltr'><strong>in</strong></span> <span class='ocrx_word' id='word_1_213' title='bbox 1289 2952 1558 3017; x_wconf 91' lang='lat' dir='ltr'><strong>Domini</strong></span> <span class='ocrx_word' id='word_1_214' title='bbox 1619 2953 1942 3019; x_wconf 90' lang='lat' dir='ltr'><strong>mandatis</strong></span> <span class='ocrx_word' id='word_1_215' title='bbox 2003 2975 2192 3020; x_wconf 87' lang='lat' dir='ltr'><strong>exse·</strong></span> 
     </span>
     <span class='ocr_line' id='line_1_31' title="bbox 269 3036 2194 3122; baseline 0.002 -21"><span class='ocrx_word' id='word_1_216' title='bbox 269 3037 565 3118; x_wconf 87' lang='lat' dir='ltr'><strong>quendis:</strong></span> <span class='ocrx_word' id='word_1_217' title='bbox 626 3050 693 3103; x_wconf 90' lang='lat' dir='ltr'><strong>et</strong></span> <span class='ocrx_word' id='word_1_218' title='bbox 747 3036 986 3103; x_wconf 88' lang='lat' dir='ltr'><strong>idcirco</strong></span> <span class='ocrx_word' id='word_1_219' title='bbox 1040 3038 1318 3122; x_wconf 89' lang='lat' dir='ltr'><strong>legimus</strong></span> <span class='ocrx_word' id='word_1_220' title='bbox 1379 3039 1447 3101; x_wconf 90' lang='lat' dir='ltr'><strong>in</strong></span> <span class='ocrx_word' id='word_1_221' title='bbox 1503 3039 1706 3113; x_wconf 84' lang='lat' dir='ltr'><strong>sacris</strong></span> <span class='ocrx_word' id='word_1_222' title='bbox 1765 3038 1942 3103; x_wconf 82' lang='lat' dir='ltr'><strong>verbi</strong></span> <span class='ocrx_word' id='word_1_223' title='bbox 1988 3039 2194 3105; x_wconf 89' lang='lat' dir='ltr'><strong>divini</strong></span> 
     </span>
     <span class='ocr_line' id='line_1_32' title="bbox 268 3124 2196 3208; baseline 0.003 -22"><span class='ocrx_word' id='word_1_224' title='bbox 268 3142 398 3189; x_wconf 81' lang='lat' dir='ltr'><strong>esse</strong></span> <span class='ocrx_word' id='word_1_225' title='bbox 455 3125 798 3207; x_wconf 88' lang='lat' dir='ltr'><strong>proprium</strong></span> <span class='ocrx_word' id='word_1_226' title='bbox 849 3144 1065 3208; x_wconf 86' lang='lat' dir='ltr'><strong>genua</strong></span> <span class='ocrx_word' id='word_1_227' title='bbox 1121 3124 1406 3188; x_wconf 84' lang='lat' dir='ltr'><strong>labantia</strong></span> <span class='ocrx_word' id='word_1_228' title='bbox 1461 3125 1844 3189; x_wconf 80' lang='lat' dir='ltr'><strong>confirmare</strong></span> <span class='ocrx_word' id='word_1_229' title='bbox 1919 3138 1986 3190; x_wconf 91' lang='lat' dir='ltr'><strong>et</strong></span> <span class='ocrx_word' id='word_1_230' title='bbox 2049 3126 2196 3191; x_wconf 90' lang='lat' dir='ltr'><strong>bra-</strong></span> 
     </span>
     <span class='ocr_line' id='line_1_33' title="bbox 268 3209 2198 3278; baseline 0.003 -6"><span class='ocrx_word' id='word_1_231' title='bbox 268 3209 403 3273; x_wconf 90' lang='lat' dir='ltr'><strong>chia</strong></span> <span class='ocrx_word' id='word_1_232' title='bbox 456 3220 519 3275; x_wconf 92' lang='lat' dir='ltr'><strong>et</strong></span> <span class='ocrx_word' id='word_1_233' title='bbox 586 3229 820 3274; x_wconf 90' lang='lat' dir='ltr'><strong>manus</strong></span> <span class='ocrx_word' id='word_1_234' title='bbox 874 3209 1122 3275; x_wconf 89' lang='lat' dir='ltr'><strong>solutas</strong></span> <span class='ocrx_word' id='word_1_235' title='bbox 1179 3219 1246 3274; x_wconf 91' lang='lat' dir='ltr'><strong>et</strong></span> <span class='ocrx_word' id='word_1_236' title='bbox 1302 3209 1535 3275; x_wconf 88' lang='lat' dir='ltr'><strong>fractas</strong></span> <span class='ocrx_word' id='word_1_237' title='bbox 1578 3210 2007 3276; x_wconf 87' lang='lat' dir='ltr'><strong>corroborare.</strong></span> <span class='ocrx_word' id='word_1_238' title='bbox 2097 3211 2198 3278; x_wconf 92' lang='lat' dir='ltr'><strong>Ac</strong></span> 
     </span>
     <span class='ocr_line' id='line_1_34' title="bbox 266 3295 2194 3378; baseline 0.002 -20"><span class='ocrx_word' id='word_1_239' title='bbox 266 3315 411 3360; x_wconf 81' lang='lat' dir='ltr'><strong>sane</strong></span> <span class='ocrx_word' id='word_1_240' title='bbox 476 3307 736 3360; x_wconf 89' lang='lat' dir='ltr'><strong>certum</strong></span> <span class='ocrx_word' id='word_1_241' title='bbox 798 3306 898 3359; x_wconf 90' lang='lat' dir='ltr'><strong>est</strong></span> <span class='ocrx_word' id='word_1_242' title='bbox 961 3315 1080 3360; x_wconf 88' lang='lat' dir='ltr'><strong>nos</strong></span> <span class='ocrx_word' id='word_1_243' title='bbox 1145 3295 1408 3378; x_wconf 91' lang='lat' dir='ltr'><strong>propria</strong></span> <span class='ocrx_word' id='word_1_244' title='bbox 1476 3295 1721 3360; x_wconf 87' lang='lat' dir='ltr'><strong>virtute</strong></span> <span class='ocrx_word' id='word_1_245' title='bbox 1788 3300 2066 3362; x_wconf 87' lang='lat' dir='ltr'><strong>nitentes</strong></span> <span class='ocrx_word' id='word_1_246' title='bbox 2113 3297 2194 3362; x_wconf 90' lang='lat' dir='ltr'><strong>ad</strong></span> 
     </span>
     <span class='ocr_line' id='line_1_35' title="bbox 266 3379 2194 3465; baseline 0.001 -20"><span class='ocrx_word' id='word_1_247' title='bbox 266 3398 444 3445; x_wconf 89' lang='lat' dir='ltr'><strong>omne</strong></span> <span class='ocrx_word' id='word_1_248' title='bbox 488 3381 733 3445; x_wconf 89' lang='lat' dir='ltr'><strong>bonum</strong></span> <span class='ocrx_word' id='word_1_249' title='bbox 780 3400 940 3462; x_wconf 92' lang='lat' dir='ltr'><strong>opus</strong></span> <span class='ocrx_word' id='word_1_250' title='bbox 985 3379 1249 3446; x_wconf 89' lang='lat' dir='ltr'><strong>inutiles</strong></span> <span class='ocrx_word' id='word_1_251' title='bbox 1293 3380 1448 3455; x_wconf 85' lang='lat' dir='ltr'><strong>fore,</strong></span> <span class='ocrx_word' id='word_1_252' title='bbox 1495 3392 1563 3445; x_wconf 89' lang='lat' dir='ltr'><strong>et</strong></span> <span class='ocrx_word' id='word_1_253' title='bbox 1608 3403 1689 3446; x_wconf 89' lang='lat' dir='ltr'><strong>ne</strong></span> <span class='ocrx_word' id='word_1_254' title='bbox 1734 3380 2011 3465; x_wconf 85' lang='lat' dir='ltr'><strong>digitum</strong></span> <span class='ocrx_word' id='word_1_255' title='bbox 2051 3384 2194 3465; x_wconf 90' lang='lat' dir='ltr'><strong>qui·</strong></span> 
     </span>
     <span class='ocr_line' id='line_1_36' title="bbox 265 3464 2197 3549; baseline 0.002 -20"><span class='ocrx_word' id='word_1_256' title='bbox 265 3464 399 3529; x_wconf 90' lang='lat' dir='ltr'><strong>dem</strong></span> <span class='ocrx_word' id='word_1_257' title='bbox 447 3464 735 3530; x_wconf 88' lang='lat' dir='ltr'><strong>naturali</strong></span> <span class='ocrx_word' id='word_1_258' title='bbox 780 3466 849 3529; x_wconf 89' lang='lat' dir='ltr'><strong>vi</strong></span> <span class='ocrx_word' id='word_1_259' title='bbox 894 3486 1083 3548; x_wconf 89' lang='lat' dir='ltr'><strong>posse</strong></span> <span class='ocrx_word' id='word_1_260' title='bbox 1126 3486 1424 3530; x_wconf 79' lang='lat' dir='ltr'><strong>movere:</strong></span> <span class='ocrx_word' id='word_1_261' title='bbox 1471 3467 1581 3531; x_wconf 92' lang='lat' dir='ltr'><strong>sed</strong></span> <span class='ocrx_word' id='word_1_262' title='bbox 1627 3468 2052 3549; x_wconf 87' lang='lat' dir='ltr'><strong>quantumvis</strong></span> <span class='ocrx_word' id='word_1_263' title='bbox 2097 3470 2197 3533; x_wconf 91' lang='lat' dir='ltr'><strong>in-</strong></span> 
     </span>
     <span class='ocr_line' id='line_1_37' title="bbox 265 3551 2196 3633; baseline 0.002 -18"><span class='ocrx_word' id='word_1_264' title='bbox 265 3551 481 3617; x_wconf 84' lang='lat' dir='ltr'><strong>firmae</strong></span> <span class='ocrx_word' id='word_1_265' title='bbox 527 3553 667 3616; x_wconf 87' lang='lat' dir='ltr'><strong>sint</strong></span> <span class='ocrx_word' id='word_1_266' title='bbox 701 3562 962 3617; x_wconf 85' lang='lat' dir='ltr'><strong>nostrae</strong></span> <span class='ocrx_word' id='word_1_267' title='bbox 1000 3553 1193 3630; x_wconf 85' lang='lat' dir='ltr'><strong>vires,</strong></span> <span class='ocrx_word' id='word_1_268' title='bbox 1236 3552 1292 3616; x_wconf 93' lang='lat' dir='ltr'><strong>si</strong></span> <span class='ocrx_word' id='word_1_269' title='bbox 1332 3552 1458 3616; x_wconf 90' lang='lat' dir='ltr'><strong>Dei</strong></span> <span class='ocrx_word' id='word_1_270' title='bbox 1499 3553 1763 3617; x_wconf 85' lang='lat' dir='ltr'><strong>verbum</strong></span> <span class='ocrx_word' id='word_1_271' title='bbox 1803 3555 2196 3633; x_wconf 88' lang='lat' dir='ltr'><strong>intueamur,</strong></span> 
     </span>
     <span class='ocr_line' id='line_1_38' title="bbox 266 3637 2201 3719; baseline 0.003 -21"><span class='ocrx_word' id='word_1_272' title='bbox 266 3648 322 3699; x_wconf 89' lang='lat' dir='ltr'><strong>et</strong></span> <span class='ocrx_word' id='word_1_273' title='bbox 364 3637 443 3701; x_wconf 87' lang='lat' dir='ltr'><strong>ad</strong></span> <span class='ocrx_word' id='word_1_274' title='bbox 490 3647 789 3702; x_wconf 90' lang='lat' dir='ltr'><strong>nostram</strong></span> <span class='ocrx_word' id='word_1_275' title='bbox 835 3637 1267 3705; x_wconf 90' lang='lat' dir='ltr'><strong>eruditionem</strong></span> <span class='ocrx_word' id='word_1_276' title='bbox 1311 3658 1717 3719; x_wconf 86' lang='lat' dir='ltr'><strong>usurpemus,</strong></span> <span class='ocrx_word' id='word_1_277' title='bbox 1786 3638 2089 3705; x_wconf 89' lang='lat' dir='ltr'><strong>manibus</strong></span> <span class='ocrx_word' id='word_1_278' title='bbox 2133 3652 2201 3704; x_wconf 90' lang='lat' dir='ltr'><strong>et</strong></span> 
     </span>
     <span class='ocr_line' id='line_1_39' title="bbox 267 3721 2196 3808; baseline 0.003 -22"><span class='ocrx_word' id='word_1_279' title='bbox 267 3721 539 3789; x_wconf 80' lang='lat' dir='ltr'><strong>brachiis</strong></span> <span class='ocrx_word' id='word_1_280' title='bbox 581 3723 677 3787; x_wconf 85' lang='lat' dir='ltr'><strong>ita</strong></span> <span class='ocrx_word' id='word_1_281' title='bbox 719 3721 1267 3800; x_wconf 85' lang='lat' dir='ltr'><strong>confirmabimur,</strong></span> <span class='ocrx_word' id='word_1_282' title='bbox 1315 3736 1387 3787; x_wconf 88' lang='lat' dir='ltr'><strong>ut</strong></span> <span class='ocrx_word' id='word_1_283' title='bbox 1428 3722 1704 3806; x_wconf 82' lang='lat' dir='ltr'><strong>quodvis</strong></span> <span class='ocrx_word' id='word_1_284' title='bbox 1745 3724 1925 3790; x_wconf 88' lang='lat' dir='ltr'><strong>adire</strong></span> <span class='ocrx_word' id='word_1_285' title='bbox 1949 3727 2196 3808; x_wconf 87' lang='lat' dir='ltr'><strong>pericu-</strong></span> 
     </span>
     <span class='ocr_line' id='line_1_40' title="bbox 267 3806 2199 3892; baseline 0.004 -23"><span class='ocrx_word' id='word_1_286' title='bbox 267 3806 391 3871; x_wconf 90' lang='lat' dir='ltr'><strong>lum</strong></span> <span class='ocrx_word' id='word_1_287' title='bbox 451 3809 670 3892; x_wconf 90' lang='lat' dir='ltr'><strong>parati</strong></span> <span class='ocrx_word' id='word_1_288' title='bbox 728 3808 934 3874; x_wconf 90' lang='lat' dir='ltr'><strong>simus</strong></span> <span class='ocrx_word' id='word_1_289' title='bbox 994 3829 1197 3890; x_wconf 91' lang='lat' dir='ltr'><strong>quum</strong></span> <span class='ocrx_word' id='word_1_290' title='bbox 1242 3811 1594 3875; x_wconf 87' lang='lat' dir='ltr'><strong>necessitas</strong></span> <span class='ocrx_word' id='word_1_291' title='bbox 1640 3809 2008 3890; x_wconf 88' lang='lat' dir='ltr'><strong>postulabit.</strong></span> <span class='ocrx_word' id='word_1_292' title='bbox 2099 3812 2199 3877; x_wconf 92' lang='lat' dir='ltr'><strong>Io-</strong></span> 
     </span>
     <span class='ocr_line' id='line_1_41' title="bbox 267 3893 2200 3979; baseline 0.004 -24"><span class='ocrx_word' id='word_1_293' title='bbox 267 3893 535 3959; x_wconf 88' lang='lat' dir='ltr'><strong>nathani</strong></span> <span class='ocrx_word' id='word_1_294' title='bbox 583 3893 960 3976; x_wconf 88' lang='lat' dir='ltr'><strong>exemplum</strong></span> <span class='ocrx_word' id='word_1_295' title='bbox 1005 3894 1264 3971; x_wconf 87' lang='lat' dir='ltr'><strong>imitati,</strong></span> <span class='ocrx_word' id='word_1_296' title='bbox 1311 3915 1503 3975; x_wconf 88' lang='lat' dir='ltr'><strong>quem</strong></span> <span class='ocrx_word' id='word_1_297' title='bbox 1548 3895 1730 3958; x_wconf 90' lang='lat' dir='ltr'><strong>nulla</strong></span> <span class='ocrx_word' id='word_1_298' title='bbox 1776 3898 2043 3979; x_wconf 90' lang='lat' dir='ltr'><strong>periculi</strong></span> <span class='ocrx_word' id='word_1_299' title='bbox 2084 3904 2200 3963; x_wconf 90' lang='lat' dir='ltr'><strong>im-</strong></span> 
     </span>
     <span class='ocr_line' id='line_1_42' title="bbox 269 3978 2195 4064; baseline 0.005 -23"><span class='ocrx_word' id='word_1_300' title='bbox 269 3979 567 4045; x_wconf 87' lang='lat' dir='ltr'><strong>minentis</strong></span> <span class='ocrx_word' id='word_1_301' title='bbox 636 3980 1090 4064; x_wconf 82' lang='lat' dir='ltr'><strong>apprehensiO,</strong></span> <span class='ocrx_word' id='word_1_302' title='bbox 1162 3978 1419 4044; x_wconf 90' lang='lat' dir='ltr'><strong>nullum</strong></span> <span class='ocrx_word' id='word_1_303' title='bbox 1478 3982 1650 4044; x_wconf 86' lang='lat' dir='ltr'><strong>vitae</strong></span> <span class='ocrx_word' id='word_1_304' title='bbox 1708 3980 2052 4047; x_wconf 87' lang='lat' dir='ltr'><strong>discrimen</strong></span> <span class='ocrx_word' id='word_1_305' title='bbox 2115 3985 2195 4050; x_wconf 89' lang='lat' dir='ltr'><strong>ab</strong></span> 
     </span>
     <span class='ocr_line' id='line_1_43' title="bbox 268 4063 2197 4152; baseline 0.005 -25"><span class='ocrx_word' id='word_1_306' title='bbox 268 4064 467 4130; x_wconf 86' lang='lat' dir='ltr'><strong>officio</strong></span> <span class='ocrx_word' id='word_1_307' title='bbox 529 4065 869 4142; x_wconf 89' lang='lat' dir='ltr'><strong>deterruit,</strong></span> <span class='ocrx_word' id='word_1_308' title='bbox 926 4063 1442 4148; x_wconf 89' lang='lat' dir='ltr'><strong>quandoquidem</strong></span> <span class='ocrx_word' id='word_1_309' title='bbox 1487 4087 1557 4131; x_wconf 87' lang='lat' dir='ltr'><strong>re</strong></span> <span class='ocrx_word' id='word_1_310' title='bbox 1612 4067 1753 4149; x_wconf 90' lang='lat' dir='ltr'><strong>ipsa</strong></span> <span class='ocrx_word' id='word_1_311' title='bbox 1799 4083 2197 4152; x_wconf 85' lang='lat' dir='ltr'><strong>cognoverat</strong></span> 
     </span>
     <span class='ocr_line' id='line_1_44' title="bbox 268 4148 2197 4220; baseline 0.004 -8"><span class='ocrx_word' id='word_1_312' title='bbox 268 4148 524 4215; x_wconf 91' lang='lat' dir='ltr'><strong>Domini</strong></span> <span class='ocrx_word' id='word_1_313' title='bbox 588 4150 991 4216; x_wconf 84' lang='lat' dir='ltr'><strong>voluntatem</strong></span> <span class='ocrx_word' id='word_1_314' title='bbox 1049 4172 1190 4215; x_wconf 90' lang='lat' dir='ltr'><strong>esse</strong></span> <span class='ocrx_word' id='word_1_315' title='bbox 1245 4159 1320 4215; x_wconf 88' lang='lat' dir='ltr'><strong>ut</strong></span> <span class='ocrx_word' id='word_1_316' title='bbox 1372 4150 1588 4216; x_wconf 89' lang='lat' dir='ltr'><strong>David</strong></span> <span class='ocrx_word' id='word_1_317' title='bbox 1648 4151 2068 4218; x_wconf 82' lang='lat' dir='ltr'><strong>eveheretur:</strong></span> <span class='ocrx_word' id='word_1_318' title='bbox 2130 4166 2197 4220; x_wconf 89' lang='lat' dir='ltr'><strong>et</strong></span> 
     </span>
     <span class='ocr_line' id='line_1_45' title="bbox 265 4235 2192 4319; baseline 0.004 -20"><span class='ocrx_word' id='word_1_319' title='bbox 265 4245 504 4300; x_wconf 89' lang='lat' dir='ltr'><strong>certum</strong></span> <span class='ocrx_word' id='word_1_320' title='bbox 569 4247 672 4301; x_wconf 89' lang='lat' dir='ltr'><strong>est</strong></span> <span class='ocrx_word' id='word_1_321' title='bbox 714 4236 1030 4319; x_wconf 86' lang='lat' dir='ltr'><strong>singulari</strong></span> <span class='ocrx_word' id='word_1_322' title='bbox 1078 4235 1360 4301; x_wconf 90' lang='lat' dir='ltr'><strong>amicitia</strong></span> <span class='ocrx_word' id='word_1_323' title='bbox 1403 4236 1727 4301; x_wconf 86' lang='lat' dir='ltr'><strong>Davidem</strong></span> <span class='ocrx_word' id='word_1_324' title='bbox 1774 4238 1973 4306; x_wconf 87' lang='lat' dir='ltr'><strong>fuisse</strong></span> <span class='ocrx_word' id='word_1_325' title='bbox 2017 4263 2192 4306; x_wconf 90' lang='lat' dir='ltr'><strong>com·</strong></span> 
     </span>
     <span class='ocr_line' id='line_1_46' title="bbox 265 4319 2192 4404; baseline 0.004 -20"><span class='ocrx_word' id='word_1_326' title='bbox 265 4319 542 4400; x_wconf 88' lang='lat' dir='ltr'><strong>plexum,</strong></span> <span class='ocrx_word' id='word_1_327' title='bbox 587 4321 791 4385; x_wconf 91' lang='lat' dir='ltr'><strong>immo</strong></span> <span class='ocrx_word' id='word_1_328' title='bbox 839 4321 984 4404; x_wconf 91' lang='lat' dir='ltr'><strong>plus</strong></span> <span class='ocrx_word' id='word_1_329' title='bbox 1028 4341 1221 4404; x_wconf 88' lang='lat' dir='ltr'><strong>quam</strong></span> <span class='ocrx_word' id='word_1_330' title='bbox 1266 4322 1579 4388; x_wconf 88' lang='lat' dir='ltr'><strong>humana:</strong></span> <span class='ocrx_word' id='word_1_331' title='bbox 1629 4326 1741 4389; x_wconf 86' lang='lat' dir='ltr'><strong>vix</strong></span> <span class='ocrx_word' id='word_1_332' title='bbox 1784 4328 1954 4389; x_wconf 89' lang='lat' dir='ltr'><strong>enim</strong></span> <span class='ocrx_word' id='word_1_333' title='bbox 2004 4328 2192 4392; x_wconf 87' lang='lat' dir='ltr'><strong>amici</strong></span> 
     </span>
     <span class='ocr_line' id='line_1_47' title="bbox 266 4405 2193 4491; baseline 0.005 -23"><span class='ocrx_word' id='word_1_334' title='bbox 266 4406 362 4486; x_wconf 90' lang='lat' dir='ltr'><strong>qui</strong></span> <span class='ocrx_word' id='word_1_335' title='bbox 405 4416 564 4471; x_wconf 89' lang='lat' dir='ltr'><strong>sunt</strong></span> <span class='ocrx_word' id='word_1_336' title='bbox 609 4408 678 4471; x_wconf 93' lang='lat' dir='ltr'><strong>in</strong></span> <span class='ocrx_word' id='word_1_337' title='bbox 722 4405 931 4491; x_wconf 89' lang='lat' dir='ltr'><strong>gradu</strong></span> <span class='ocrx_word' id='word_1_338' title='bbox 972 4407 1303 4490; x_wconf 88' lang='lat' dir='ltr'><strong>superiore</strong></span> <span class='ocrx_word' id='word_1_339' title='bbox 1345 4430 1486 4474; x_wconf 91' lang='lat' dir='ltr'><strong>sese</strong></span> <span class='ocrx_word' id='word_1_340' title='bbox 1520 4409 1796 4475; x_wconf 86' lang='lat' dir='ltr'><strong>subditis</strong></span> <span class='ocrx_word' id='word_1_341' title='bbox 1830 4422 1897 4476; x_wconf 91' lang='lat' dir='ltr'><strong>et</strong></span> <span class='ocrx_word' id='word_1_342' title='bbox 1931 4412 2193 4477; x_wconf 85' lang='lat' dir='ltr'><strong>inferio-</strong></span> 
     </span>
     <span class='ocr_line' id='line_1_48' title="bbox 267 4491 2191 4578; baseline 0.005 -25"><span class='ocrx_word' id='word_1_343' title='bbox 267 4491 438 4557; x_wconf 87' lang='lat' dir='ltr'><strong>ribus</strong></span> <span class='ocrx_word' id='word_1_344' title='bbox 504 4493 888 4558; x_wconf 89' lang='lat' dir='ltr'><strong>subiicient:</strong></span> <span class='ocrx_word' id='word_1_345' title='bbox 958 4513 1087 4557; x_wconf 92' lang='lat' dir='ltr'><strong>non</strong></span> <span class='ocrx_word' id='word_1_346' title='bbox 1154 4494 1245 4557; x_wconf 90' lang='lat' dir='ltr'><strong>ita</strong></span> <span class='ocrx_word' id='word_1_347' title='bbox 1310 4494 1482 4558; x_wconf 89' lang='lat' dir='ltr'><strong>inter</strong></span> <span class='ocrx_word' id='word_1_348' title='bbox 1548 4514 1619 4558; x_wconf 91' lang='lat' dir='ltr'><strong>se</strong></span> <span class='ocrx_word' id='word_1_349' title='bbox 1685 4496 1921 4578; x_wconf 91' lang='lat' dir='ltr'><strong>pacisci</strong></span> <span class='ocrx_word' id='word_1_350' title='bbox 1980 4499 2191 4563; x_wconf 81' lang='lat' dir='ltr'><strong>solent</strong></span> 
     </span>
     <span class='ocr_line' id='line_1_49' title="bbox 264 4572 2192 4662; baseline 0.006 -24"><span class='ocrx_word' id='word_1_351' title='bbox 264 4572 570 4643; x_wconf 83' lang='lat' dir='ltr'><strong>homines.</strong></span> <span class='ocrx_word' id='word_1_352' title='bbox 665 4577 1103 4659; x_wconf 82' lang='lat' dir='ltr'><strong>Quamobrem</strong></span> <span class='ocrx_word' id='word_1_353' title='bbox 1171 4579 1487 4662; x_wconf 88' lang='lat' dir='ltr'><strong>quidquid</strong></span> <span class='ocrx_word' id='word_1_354' title='bbox 1556 4580 1662 4644; x_wconf 91' lang='lat' dir='ltr'><strong>hic</strong></span> <span class='ocrx_word' id='word_1_355' title='bbox 1727 4601 1767 4644; x_wconf 93' lang='lat' dir='ltr'><strong>a</strong></span> <span class='ocrx_word' id='word_1_356' title='bbox 1830 4580 2192 4650; x_wconf 87' lang='lat' dir='ltr'><strong>Ionathano</strong></span> 
     </span>
     <span class='ocr_line' id='line_1_50' title="bbox 260 4666 2192 4749; baseline 0.004 -23"><span class='ocrx_word' id='word_1_357' title='bbox 260 4671 506 4743; x_wconf 88' lang='lat' dir='ltr'><strong>gestum</strong></span> <span class='ocrx_word' id='word_1_358' title='bbox 551 4676 674 4740; x_wconf 91' lang='lat' dir='ltr'><strong>est,</strong></span> <span class='ocrx_word' id='word_1_359' title='bbox 718 4684 1146 4748; x_wconf 87' lang='lat' dir='ltr'><strong>agnoscamus</strong></span> <span class='ocrx_word' id='word_1_360' title='bbox 1191 4686 1229 4729; x_wconf 92' lang='lat' dir='ltr'><strong>a</strong></span> <span class='ocrx_word' id='word_1_361' title='bbox 1264 4666 1630 4749; x_wconf 87' lang='lat' dir='ltr'><strong>cognitione</strong></span> <span class='ocrx_word' id='word_1_362' title='bbox 1667 4666 1926 4732; x_wconf 81' lang='lat' dir='ltr'><strong>divinae</strong></span> <span class='ocrx_word' id='word_1_363' title='bbox 1965 4669 2192 4734; x_wconf 86' lang='lat' dir='ltr'><strong>volun-</strong></span> 
     </span>
     <span class='ocr_line' id='line_1_51' title="bbox 263 4747 2190 4836; baseline 0.006 -28"><span class='ocrx_word' id='word_1_364' title='bbox 263 4747 406 4812; x_wconf 88' lang='lat' dir='ltr'><strong>tatis</strong></span> <span class='ocrx_word' id='word_1_365' title='bbox 473 4747 554 4813; x_wconf 92' lang='lat' dir='ltr'><strong>de</strong></span> <span class='ocrx_word' id='word_1_366' title='bbox 624 4748 903 4815; x_wconf 85' lang='lat' dir='ltr'><strong>Davidis</strong></span> <span class='ocrx_word' id='word_1_367' title='bbox 969 4749 1275 4834; x_wconf 88' lang='lat' dir='ltr'><strong>erigendo</strong></span> <span class='ocrx_word' id='word_1_368' title='bbox 1339 4757 1592 4832; x_wconf 87' lang='lat' dir='ltr'><strong>sceptro</strong></span> <span class='ocrx_word' id='word_1_369' title='bbox 1661 4772 1993 4818; x_wconf 87' lang='lat' dir='ltr'><strong>manasse:</strong></span> <span class='ocrx_word' id='word_1_370' title='bbox 2065 4777 2190 4836; x_wconf 91' lang='lat' dir='ltr'><strong>quo</strong></span> 
     </span>
     <span class='ocr_line' id='line_1_52' title="bbox 262 4830 2190 4920; baseline 0.006 -26"><span class='ocrx_word' id='word_1_371' title='bbox 262 4830 472 4898; x_wconf 86' lang='lat' dir='ltr'><strong>fraeno</strong></span> <span class='ocrx_word' id='word_1_372' title='bbox 528 4854 688 4899; x_wconf 84' lang='lat' dir='ltr'><strong>suas</strong></span> <span class='ocrx_word' id='word_1_373' title='bbox 741 4835 1134 4920; x_wconf 88' lang='lat' dir='ltr'><strong>cupiditates</strong></span> <span class='ocrx_word' id='word_1_374' title='bbox 1189 4836 1498 4914; x_wconf 87' lang='lat' dir='ltr'><strong>cohibuit,</strong></span> <span class='ocrx_word' id='word_1_375' title='bbox 1564 4846 1631 4899; x_wconf 87' lang='lat' dir='ltr'><strong>et</strong></span> <span class='ocrx_word' id='word_1_376' title='bbox 1671 4838 1881 4903; x_wconf 87' lang='lat' dir='ltr'><strong>officio</strong></span> <span class='ocrx_word' id='word_1_377' title='bbox 1929 4839 2190 4905; x_wconf 89' lang='lat' dir='ltr'><strong>functus</strong></span> 
     </span>
     <span class='ocr_line' id='line_1_53' title="bbox 261 4919 2185 5006; baseline 0.006 -27"><span class='ocrx_word' id='word_1_378' title='bbox 261 4930 351 4980; x_wconf 86' lang='lat' dir='ltr'><strong>est</strong></span> <span class='ocrx_word' id='word_1_379' title='bbox 390 4919 586 4986; x_wconf 91' lang='lat' dir='ltr'><strong>amici</strong></span> <span class='ocrx_word' id='word_1_380' title='bbox 628 4919 856 4996; x_wconf 88' lang='lat' dir='ltr'><strong>fidelis,</strong></span> <span class='ocrx_word' id='word_1_381' title='bbox 902 4925 1098 4986; x_wconf 89' lang='lat' dir='ltr'><strong>etiam</strong></span> <span class='ocrx_word' id='word_1_382' title='bbox 1136 4943 1284 4987; x_wconf 91' lang='lat' dir='ltr'><strong>cum</strong></span> <span class='ocrx_word' id='word_1_383' title='bbox 1324 4922 1493 4985; x_wconf 79' lang='lat' dir='ltr'><strong>vitae</strong></span> <span class='ocrx_word' id='word_1_384' title='bbox 1530 4921 1922 4988; x_wconf 89' lang='lat' dir='ltr'><strong>discrimine.</strong></span> <span class='ocrx_word' id='word_1_385' title='bbox 2014 4924 2185 5006; x_wconf 78' lang='lat' dir='ltr'><strong>Quid</strong></span> 
     </span>
     <span class='ocr_line' id='line_1_54' title="bbox 259 5001 2189 5095; baseline 0.005 -28"><span class='ocrx_word' id='word_1_386' title='bbox 259 5001 332 5067; x_wconf 77' lang='lat' dir='ltr'><strong>ad</strong></span> <span class='ocrx_word' id='word_1_387' title='bbox 387 5002 551 5071; x_wconf 87' lang='lat' dir='ltr'><strong>haec</strong></span> <span class='ocrx_word' id='word_1_388' title='bbox 596 5027 851 5089; x_wconf 86' lang='lat' dir='ltr'><strong>quaese,</strong></span> <span class='ocrx_word' id='word_1_389' title='bbox 920 5006 1150 5071; x_wconf 84' lang='lat' dir='ltr'><strong>dicturi</strong></span> <span class='ocrx_word' id='word_1_390' title='bbox 1198 5019 1351 5072; x_wconf 87' lang='lat' dir='ltr'><strong>sunt</strong></span> <span class='ocrx_word' id='word_1_391' title='bbox 1395 5006 1583 5072; x_wconf 88' lang='lat' dir='ltr'><strong>hodie</strong></span> <span class='ocrx_word' id='word_1_392' title='bbox 1628 5008 1816 5073; x_wconf 82' lang='lat' dir='ltr'><strong>multi</strong></span> <span class='ocrx_word' id='word_1_393' title='bbox 1862 5013 2189 5095; x_wconf 83' lang='lat' dir='ltr'><strong>evangelii</strong></span> 
     </span>
     <span class='ocr_line' id='line_1_55' title="bbox 259 5088 2187 5177; baseline 0.005 -24"><span class='ocrx_word' id='word_1_394' title='bbox 259 5088 495 5155; x_wconf 88' lang='lat' dir='ltr'><strong>scilicet</strong></span> <span class='ocrx_word' id='word_1_395' title='bbox 530 5091 866 5170; x_wconf 76' lang='lat' dir='ltr'><strong>zelatores,</strong></span> <span class='ocrx_word' id='word_1_396' title='bbox 912 5094 1022 5173; x_wconf 91' lang='lat' dir='ltr'><strong>qui</strong></span> <span class='ocrx_word' id='word_1_397' title='bbox 1064 5108 1278 5157; x_wconf 86' lang='lat' dir='ltr'><strong>tamen</strong></span> <span class='ocrx_word' id='word_1_398' title='bbox 1316 5094 1383 5156; x_wconf 91' lang='lat' dir='ltr'><strong>in</strong></span> <span class='ocrx_word' id='word_1_399' title='bbox 1423 5113 1540 5157; x_wconf 91' lang='lat' dir='ltr'><strong>sua</strong></span> <span class='ocrx_word' id='word_1_400' title='bbox 1574 5092 1837 5173; x_wconf 84' lang='lat' dir='ltr'><strong>ignavia</strong></span> <span class='ocrx_word' id='word_1_401' title='bbox 1872 5094 2187 5177; x_wconf 90' lang='lat' dir='ltr'><strong>desident,</strong></span> 
     </span>
     <span class='ocr_line' id='line_1_56' title="bbox 256 5173 2189 5260; baseline 0.007 -24"><span class='ocrx_word' id='word_1_402' title='bbox 256 5182 316 5237; x_wconf 89' lang='lat' dir='ltr'><strong>et</strong></span> <span class='ocrx_word' id='word_1_403' title='bbox 353 5173 500 5240; x_wconf 90' lang='lat' dir='ltr'><strong>Deo</strong></span> <span class='ocrx_word' id='word_1_404' title='bbox 543 5176 634 5242; x_wconf 83' lang='lat' dir='ltr'><strong>ad</strong></span> <span class='ocrx_word' id='word_1_405' title='bbox 680 5197 843 5260; x_wconf 89' lang='lat' dir='ltr'><strong>opus</strong></span> <span class='ocrx_word' id='word_1_406' title='bbox 882 5176 1031 5244; x_wconf 93' lang='lat' dir='ltr'><strong>illos</strong></span> <span class='ocrx_word' id='word_1_407' title='bbox 1099 5190 1367 5244; x_wconf 83' lang='lat' dir='ltr'><strong>vocante</strong></span> <span class='ocrx_word' id='word_1_408' title='bbox 1425 5178 1769 5243; x_wconf 86' lang='lat' dir='ltr'><strong>resiliunt?</strong></span> <span class='ocrx_word' id='word_1_409' title='bbox 1863 5180 2189 5249; x_wconf 88' lang='lat' dir='ltr'><strong>Videntur</strong></span> 
     </span>
     <span class='ocr_line' id='line_1_57' title="bbox 258 5259 2187 5350; baseline 0.007 -29"><span class='ocrx_word' id='word_1_410' title='bbox 258 5259 347 5324; x_wconf 92' lang='lat' dir='ltr'><strong>illi</strong></span> <span class='ocrx_word' id='word_1_411' title='bbox 388 5262 754 5344; x_wconf 87' lang='lat' dir='ltr'><strong>speciosum</strong></span> <span class='ocrx_word' id='word_1_412' title='bbox 798 5272 1208 5347; x_wconf 88' lang='lat' dir='ltr'><strong>praetextum</strong></span> <span class='ocrx_word' id='word_1_413' title='bbox 1254 5263 1510 5339; x_wconf 87' lang='lat' dir='ltr'><strong>habere,</strong></span> <span class='ocrx_word' id='word_1_414' title='bbox 1556 5275 1622 5329; x_wconf 90' lang='lat' dir='ltr'><strong>et</strong></span> <span class='ocrx_word' id='word_1_415' title='bbox 1666 5266 1873 5331; x_wconf 87' lang='lat' dir='ltr'><strong>officio</strong></span> <span class='ocrx_word' id='word_1_416' title='bbox 1915 5266 2187 5350; x_wconf 85' lang='lat' dir='ltr'><strong>pulchre</strong></span> 
     </span>
    </p>
   </div>
   <div class='ocr_carea' id='block_1_3' title="bbox 438 5363 1305 5434">
    <p class='ocr_par' dir='ltr' id='par_1_3' title="bbox 438 5363 1305 5434">
     <span class='ocr_line' id='line_1_58' title="bbox 438 5363 1305 5434; baseline 0 -14"><span class='ocrx_word' id='word_1_417' title='bbox 438 5363 672 5421; x_wconf 69' lang='lat' dir='ltr'><strong>Caluini</strong></span> <span class='ocrx_word' id='word_1_418' title='bbox 699 5381 885 5434; x_wconf 79' lang='lat' dir='ltr'><strong>opera.</strong></span> <span class='ocrx_word' id='word_1_419' title='bbox 959 5365 1080 5420; x_wconf 82' lang='lat' dir='ltr'><strong>Vol.</strong></span> <span class='ocrx_word' id='word_1_420' title='bbox 1109 5365 1305 5420; x_wconf 86' lang='lat' dir='ltr'><strong>XXX.</strong></span> 
     </span>
    </p>
   </div>
   <div class='ocr_carea' id='block_1_4' title="bbox 1594 363 2913 439">
    <p class='ocr_par' dir='ltr' id='par_1_4' title="bbox 1594 363 2913 439">
     <span class='ocr_line' id='line_1_59' title="bbox 1594 363 2913 439; baseline 0.007 -9"><span class='ocrx_word' id='word_1_421' title='bbox 1594 366 1692 432; x_wconf 88' lang='lat' dir='ltr'><strong>IN</strong></span> <span class='ocrx_word' id='word_1_422' title='bbox 1734 366 1787 433; x_wconf 83' lang='grc' dir='ltr'><strong>Ι.</strong></span> <span class='ocrx_word' id='word_1_423' title='bbox 1835 365 2014 431; x_wconf 89' lang='lat' dir='ltr'><strong>LIB.</strong></span> <span class='ocrx_word' id='word_1_424' title='bbox 2062 363 2462 436; x_wconf 72' lang='lat' dir='ltr'><strong>SAMUEL.</strong></span> <span class='ocrx_word' id='word_1_425' title='bbox 2508 371 2707 438; x_wconf 77' lang='lat' dir='ltr'><strong>OAP.</strong></span> <span class='ocrx_word' id='word_1_426' title='bbox 2754 372 2913 439; x_wconf 86' lang='lat' dir='ltr'><strong>XX.</strong></span> 
     </span>
    </p>
   </div>
   <div class='ocr_carea' id='block_1_5' title="bbox 4092 377 4223 443">
    <p class='ocr_par' dir='ltr' id='par_1_5' title="bbox 4092 377 4223 443">
     <span class='ocr_line' id='line_1_60' title="bbox 4092 377 4223 443; baseline 0.008 -1"><span class='ocrx_word' id='word_1_427' title='bbox 4092 377 4223 443; x_wconf 85' lang='lat'><strong>370</strong></span> 
     </span>
    </p>
   </div>
   <div class='ocr_carea' id='block_1_6' title="bbox 2289 557 4225 1419">
    <p class='ocr_par' dir='ltr' id='par_1_6' title="bbox 2289 557 4225 1419">
     <span class='ocr_line' id='line_1_61' title="bbox 2294 557 4222 648; baseline 0.005 -26"><span class='ocrx_word' id='word_1_428' title='bbox 2294 557 2603 638; x_wconf 88' lang='lat' dir='ltr'><strong>defuncti,</strong></span> <span class='ocrx_word' id='word_1_429' title='bbox 2646 563 2703 627; x_wconf 91' lang='lat' dir='ltr'><strong>si</strong></span> <span class='ocrx_word' id='word_1_430' title='bbox 2748 583 2819 627; x_wconf 89' lang='lat' dir='ltr'><strong>se</strong></span> <span class='ocrx_word' id='word_1_431' title='bbox 2863 564 3021 648; x_wconf 90' lang='lat' dir='ltr'><strong>ipsis</strong></span> <span class='ocrx_word' id='word_1_432' title='bbox 3065 564 3226 631; x_wconf 88' lang='lat' dir='ltr'><strong>haec</strong></span> <span class='ocrx_word' id='word_1_433' title='bbox 3271 564 3376 631; x_wconf 84' lang='lat' dir='ltr'><strong>vel</strong></span> <span class='ocrx_word' id='word_1_434' title='bbox 3420 564 3532 630; x_wconf 91' lang='lat' dir='ltr'><strong>illa</strong></span> <span class='ocrx_word' id='word_1_435' title='bbox 3576 564 3865 648; x_wconf 89' lang='lat' dir='ltr'><strong>pericula</strong></span> <span class='ocrx_word' id='word_1_436' title='bbox 3896 564 4222 641; x_wconf 85' lang='lat' dir='ltr'><strong>obiiciant,</strong></span> 
     </span>
     <span class='ocr_line' id='line_1_62' title="bbox 2294 647 4221 735; baseline 0.004 -27"><span class='ocrx_word' id='word_1_437' title='bbox 2294 654 2359 708; x_wconf 91' lang='lat' dir='ltr'><strong>et</strong></span> <span class='ocrx_word' id='word_1_438' title='bbox 2403 647 2634 712; x_wconf 88' lang='lat' dir='ltr'><strong>mortis</strong></span> <span class='ocrx_word' id='word_1_439' title='bbox 2677 648 3070 731; x_wconf 89' lang='lat' dir='ltr'><strong>discrimina,</strong></span> <span class='ocrx_word' id='word_1_440' title='bbox 3113 670 3279 732; x_wconf 92' lang='lat' dir='ltr'><strong>quae</strong></span> <span class='ocrx_word' id='word_1_441' title='bbox 3322 650 3500 716; x_wconf 90' lang='lat' dir='ltr'><strong>nulla</strong></span> <span class='ocrx_word' id='word_1_442' title='bbox 3546 652 3793 717; x_wconf 85' lang='lat' dir='ltr'><strong>ratione</strong></span> <span class='ocrx_word' id='word_1_443' title='bbox 3837 651 4031 716; x_wconf 82' lang='lat' dir='ltr'><strong>vit-ari</strong></span> <span class='ocrx_word' id='word_1_444' title='bbox 4075 671 4221 735; x_wconf 88' lang='lat' dir='ltr'><strong>pos·</strong></span> 
     </span>
     <span class='ocr_line' id='line_1_63' title="bbox 2294 730 4222 815; baseline 0.004 -21"><span class='ocrx_word' id='word_1_445' title='bbox 2294 730 2446 796; x_wconf 86' lang='lat' dir='ltr'><strong>sint.</strong></span> <span class='ocrx_word' id='word_1_446' title='bbox 2538 730 2650 798; x_wconf 81' lang='lat' dir='ltr'><strong>Sic</strong></span> <span class='ocrx_word' id='word_1_447' title='bbox 2705 733 2916 800; x_wconf 91' lang='lat' dir='ltr'><strong>solent</strong></span> <span class='ocrx_word' id='word_1_448' title='bbox 2974 735 3270 801; x_wconf 90' lang='lat' dir='ltr'><strong>homines</strong></span> <span class='ocrx_word' id='word_1_449' title='bbox 3325 757 3559 802; x_wconf 91' lang='lat' dir='ltr'><strong>manus</strong></span> <span class='ocrx_word' id='word_1_450' title='bbox 3602 757 3754 802; x_wconf 90' lang='lat' dir='ltr'><strong>suas</strong></span> <span class='ocrx_word' id='word_1_451' title='bbox 3797 735 4079 815; x_wconf 87' lang='lat' dir='ltr'><strong>abluere,</strong></span> <span class='ocrx_word' id='word_1_452' title='bbox 4139 759 4222 801; x_wconf 91' lang='lat' dir='ltr'><strong>ne</strong></span> 
     </span>
     <span class='ocr_line' id='line_1_64' title="bbox 2294 814 4220 905; baseline 0.005 -27"><span class='ocrx_word' id='word_1_453' title='bbox 2294 814 2438 882; x_wconf 90' lang='lat' dir='ltr'><strong>Deo</strong></span> <span class='ocrx_word' id='word_1_454' title='bbox 2481 819 2739 884; x_wconf 83' lang='lat' dir='ltr'><strong>vocanti</strong></span> <span class='ocrx_word' id='word_1_455' title='bbox 2783 820 3235 902; x_wconf 88' lang='lat' dir='ltr'><strong>respondeant,</strong></span> <span class='ocrx_word' id='word_1_456' title='bbox 3284 822 3340 887; x_wconf 88' lang='lat' dir='ltr'><strong>si</strong></span> <span class='ocrx_word' id='word_1_457' title='bbox 3384 823 3555 905; x_wconf 89' lang='lat' dir='ltr'><strong>quod</strong></span> <span class='ocrx_word' id='word_1_458' title='bbox 3603 822 3960 905; x_wconf 89' lang='lat' dir='ltr'><strong>periculum</strong></span> <span class='ocrx_word' id='word_1_459' title='bbox 4005 823 4220 888; x_wconf 92' lang='lat' dir='ltr'><strong>immi-</strong></span> 
     </span>
     <span class='ocr_line' id='line_1_65' title="bbox 2294 907 4221 986; baseline 0.004 -22"><span class='ocrx_word' id='word_1_460' title='bbox 2294 911 2464 980; x_wconf 87' lang='lat' dir='ltr'><strong>neat,</strong></span> <span class='ocrx_word' id='word_1_461' title='bbox 2531 924 2692 986; x_wconf 90' lang='lat' dir='ltr'><strong>quos</strong></span> <span class='ocrx_word' id='word_1_462' title='bbox 2762 916 2980 970; x_wconf 87' lang='lat' dir='ltr'><strong>tamen</strong></span> <span class='ocrx_word' id='word_1_463' title='bbox 3102 907 3589 973; x_wconf 86' lang='lat' dir='ltr'><strong>remissionibus</strong></span> <span class='ocrx_word' id='word_1_464' title='bbox 3645 907 3886 974; x_wconf 89' lang='lat' dir='ltr'><strong>divinis</strong></span> <span class='ocrx_word' id='word_1_465' title='bbox 3945 908 4221 973; x_wconf 89' lang='lat' dir='ltr'><strong>animari</strong></span> 
     </span>
     <span class='ocr_line' id='line_1_66' title="bbox 2294 989 4222 1076; baseline 0.004 -26"><span class='ocrx_word' id='word_1_466' title='bbox 2294 989 2503 1071; x_wconf 89' lang='lat' dir='ltr'><strong>magis</strong></span> <span class='ocrx_word' id='word_1_467' title='bbox 2582 991 2937 1072; x_wconf 82' lang='lat' dir='ltr'><strong>oportebat.</strong></span> <span class='ocrx_word' id='word_1_468' title='bbox 3083 1001 3272 1057; x_wconf 90' lang='lat' dir='ltr'><strong>ontra</strong></span> <span class='ocrx_word' id='word_1_469' title='bbox 3335 992 3774 1059; x_wconf 90' lang='lat' dir='ltr'><strong>Ionathanus:</strong></span> <span class='ocrx_word' id='word_1_470' title='bbox 3862 992 3975 1076; x_wconf 91' lang='lat' dir='ltr'><strong>qui</strong></span> <span class='ocrx_word' id='word_1_471' title='bbox 4038 992 4222 1059; x_wconf 88' lang='lat' dir='ltr'><strong>novit</strong></span> 
     </span>
     <span class='ocr_line' id='line_1_67' title="bbox 2293 1074 4224 1161; baseline 0.005 -25"><span class='ocrx_word' id='word_1_472' title='bbox 2293 1074 2554 1154; x_wconf 89' lang='lat' dir='ltr'><strong>quidem</strong></span> <span class='ocrx_word' id='word_1_473' title='bbox 2629 1074 3013 1159; x_wconf 87' lang='lat' dir='ltr'><strong>dignitatem</strong></span> <span class='ocrx_word' id='word_1_474' title='bbox 3076 1078 3201 1144; x_wconf 91' lang='lat' dir='ltr'><strong>sibi</strong></span> <span class='ocrx_word' id='word_1_475' title='bbox 3265 1088 3576 1161; x_wconf 90' lang='lat' dir='ltr'><strong>quantum</strong></span> <span class='ocrx_word' id='word_1_476' title='bbox 3643 1079 3976 1145; x_wconf 85' lang='lat' dir='ltr'><strong>obtinebat</strong></span> <span class='ocrx_word' id='word_1_477' title='bbox 4039 1079 4224 1145; x_wconf 86' lang='lat' dir='ltr'><strong>abro-</strong></span> 
     </span>
     <span class='ocr_line' id='line_1_68' title="bbox 2289 1158 4223 1240; baseline 0.005 -19"><span class='ocrx_word' id='word_1_478' title='bbox 2289 1158 2594 1240; x_wconf 89' lang='lat' dir='ltr'><strong>gandam,</strong></span> <span class='ocrx_word' id='word_1_479' title='bbox 2657 1169 2734 1226; x_wconf 88' lang='lat' dir='ltr'><strong>ut</strong></span> <span class='ocrx_word' id='word_1_480' title='bbox 2797 1161 3016 1227; x_wconf 81' lang='lat' dir='ltr'><strong>David</strong></span> <span class='ocrx_word' id='word_1_481' title='bbox 3081 1163 3536 1229; x_wconf 86' lang='lat' dir='ltr'><strong>extolleretur:</strong></span> <span class='ocrx_word' id='word_1_482' title='bbox 3617 1165 3731 1231; x_wconf 87' lang='lat' dir='ltr'><strong>sed</strong></span> <span class='ocrx_word' id='word_1_483' title='bbox 3797 1162 4223 1231; x_wconf 85' lang='lat' dir='ltr'><strong>nihilomin‘us</strong></span> 
     </span>
     <span class='ocr_line' id='line_1_69' title="bbox 2291 1243 4220 1333; baseline 0.004 -27"><span class='ocrx_word' id='word_1_484' title='bbox 2291 1243 2500 1310; x_wconf 85' lang='lat' dir='ltr'><strong>officio</strong></span> <span class='ocrx_word' id='word_1_485' title='bbox 2546 1248 2685 1310; x_wconf 82' lang='lat' dir='ltr'><strong>veri</strong></span> <span class='ocrx_word' id='word_1_486' title='bbox 2727 1248 2917 1314; x_wconf 89' lang='lat' dir='ltr'><strong>amici</strong></span> <span class='ocrx_word' id='word_1_487' title='bbox 2963 1248 3067 1313; x_wconf 86' lang='lat' dir='ltr'><strong>vel</strong></span> <span class='ocrx_word' id='word_1_488' title='bbox 3117 1249 3291 1314; x_wconf 87' lang='lat' dir='ltr'><strong>vitae</strong></span> <span class='ocrx_word' id='word_1_489' title='bbox 3333 1269 3486 1315; x_wconf 88' lang='lat' dir='ltr'><strong>suae</strong></span> <span class='ocrx_word' id='word_1_490' title='bbox 3531 1250 3816 1333; x_wconf 89' lang='lat' dir='ltr'><strong>periculo</strong></span> <span class='ocrx_word' id='word_1_491' title='bbox 3869 1250 3981 1314; x_wconf 89' lang='lat' dir='ltr'><strong>fun</strong></span> <span class='ocrx_word' id='word_1_492' title='bbox 4032 1251 4046 1264; x_wconf 83' lang='lat'><strong>‘</strong></span> <span class='ocrx_word' id='word_1_493' title='bbox 4111 1271 4220 1314; x_wconf 90' lang='lat' dir='ltr'><strong>vo·</strong></span> 
     </span>
     <span class='ocr_line' id='line_1_70' title="bbox 2291 1272 4225 1419; baseline 0.005 -28"><span class='ocrx_word' id='word_1_494' title='bbox 2291 1328 2434 1395; x_wconf 86' lang='lat' dir='ltr'><strong>luit.</strong></span> <span class='ocrx_word' id='word_1_495' title='bbox 2522 1330 2661 1397; x_wconf 84' lang='lat' dir='ltr'><strong>Nae</strong></span> <span class='ocrx_word' id='word_1_496' title='bbox 2707 1341 2960 1415; x_wconf 88' lang='lat' dir='ltr'><strong>poterat</strong></span> <span class='ocrx_word' id='word_1_497' title='bbox 3001 1333 3112 1399; x_wconf 92' lang='lat' dir='ltr'><strong>ille</strong></span> <span class='ocrx_word' id='word_1_498' title='bbox 3154 1334 3414 1417; x_wconf 90' lang='lat' dir='ltr'><strong>quidem</strong></span> <span class='ocrx_word' id='word_1_499' title='bbox 3458 1355 3530 1400; x_wconf 91' lang='lat' dir='ltr'><strong>se</strong></span> <span class='ocrx_word' id='word_1_500' title='bbox 3572 1335 3742 1419; x_wconf 90' lang='lat' dir='ltr'><strong>apud</strong></span> <span class='ocrx_word' id='word_1_501' title='bbox 3789 1272 4114 1401; x_wconf 57' lang='lat' dir='ltr'><strong>Davidgdm</strong></span> <span class='ocrx_word' id='word_1_502' title='bbox 4161 1349 4225 1401; x_wconf 88' lang='lat' dir='ltr'><strong>et</strong></span> 
     </span>
    </p>
   </div>
   <div class='ocr_carea' id='block_1_7' title="bbox 2275 1415 4225 1504">
    <p class='ocr_par' dir='ltr' id='par_1_7' title="bbox 2275 1415 4225 1504">
     <span class='ocr_line' id='line_1_71' title="bbox 2275 1415 4225 1504; baseline 0.005 -27"><span class='ocrx_word' id='word_1_503' title='bbox 2275 1415 2451 1482; x_wconf 71' lang='lat' dir='ltr'><strong>‘alios</strong></span> <span class='ocrx_word' id='word_1_504' title='bbox 2516 1437 2859 1484; x_wconf 86' lang='lat' dir='ltr'><strong>excusare:</strong></span> <span class='ocrx_word' id='word_1_505' title='bbox 2929 1432 2995 1485; x_wconf 89' lang='lat' dir='ltr'><strong>et</strong></span> <span class='ocrx_word' id='word_1_506' title='bbox 3064 1419 3355 1504; x_wconf 89' lang='lat' dir='ltr'><strong>profiteri</strong></span> <span class='ocrx_word' id='word_1_507' title='bbox 3423 1420 3546 1486; x_wconf 91' lang='lat' dir='ltr'><strong>sibi</strong></span> <span class='ocrx_word' id='word_1_508' title='bbox 3599 1442 3681 1486; x_wconf 87' lang='lat' dir='ltr'><strong>ex</strong></span> <span class='ocrx_word' id='word_1_509' title='bbox 3734 1421 3952 1487; x_wconf 90' lang='lat' dir='ltr'><strong>animo</strong></span> <span class='ocrx_word' id='word_1_510' title='bbox 4008 1420 4225 1487; x_wconf 90' lang='lat' dir='ltr'><strong>dolere</strong></span> 
     </span>
    </p>
   </div>
   <div class='ocr_carea' id='block_1_8' title="bbox 2285 1503 4235 5351">
    <p class='ocr_par' dir='ltr' id='par_1_8' title="bbox 2285 1503 4235 5351">
     <span class='ocr_line' id='line_1_72' title="bbox 2292 1503 4224 1593; baseline 0.004 -29"><span class='ocrx_word' id='word_1_511' title='bbox 2292 1503 2464 1581; x_wconf 89' lang='lat' dir='ltr'><strong>quod</strong></span> <span class='ocrx_word' id='word_1_512' title='bbox 2501 1503 2699 1567; x_wconf 89' lang='lat' dir='ltr'><strong>miser</strong></span> <span class='ocrx_word' id='word_1_513' title='bbox 2735 1504 2845 1569; x_wconf 92' lang='lat' dir='ltr'><strong>ille</strong></span> <span class='ocrx_word' id='word_1_514' title='bbox 2879 1504 3192 1572; x_wconf 88' lang='lat' dir='ltr'><strong>innocens</strong></span> <span class='ocrx_word' id='word_1_515' title='bbox 3228 1506 3323 1572; x_wconf 91' lang='lat' dir='ltr'><strong>sic</strong></span> <span class='ocrx_word' id='word_1_516' title='bbox 3356 1507 3716 1590; x_wconf 87' lang='lat' dir='ltr'><strong>affligatur:</strong></span> <span class='ocrx_word' id='word_1_517' title='bbox 3760 1506 3871 1571; x_wconf 90' lang='lat' dir='ltr'><strong>sed</strong></span> <span class='ocrx_word' id='word_1_518' title='bbox 3910 1526 4224 1593; x_wconf 80' lang='lat' dir='ltr'><strong>quorsum</strong></span> 
     </span>
     <span class='ocr_line' id='line_1_73' title="bbox 2295 1589 4222 1672; baseline 0.002 -22"><span class='ocrx_word' id='word_1_519' title='bbox 2295 1596 2558 1669; x_wconf 88' lang='lat' dir='ltr'><strong>propter</strong></span> <span class='ocrx_word' id='word_1_520' title='bbox 2634 1592 2848 1672; x_wconf 87' lang='lat' dir='ltr'><strong>ipsum</strong></span> <span class='ocrx_word' id='word_1_521' title='bbox 2913 1610 2984 1656; x_wconf 89' lang='lat' dir='ltr'><strong>se</strong></span> <span class='ocrx_word' id='word_1_522' title='bbox 3048 1590 3113 1655; x_wconf 94' lang='lat' dir='ltr'><strong>in</strong></span> <span class='ocrx_word' id='word_1_523' title='bbox 3183 1592 3355 1656; x_wconf 87' lang='lat' dir='ltr'><strong>vitae</strong></span> <span class='ocrx_word' id='word_1_524' title='bbox 3415 1589 3759 1657; x_wconf 89' lang='lat' dir='ltr'><strong>discrimen</strong></span> <span class='ocrx_word' id='word_1_525' title='bbox 3824 1591 4222 1658; x_wconf 84' lang='lat' dir='ltr'><strong>coniiceret?</strong></span> 
     </span>
     <span class='ocr_line' id='line_1_74' title="bbox 2290 1671 4219 1761; baseline 0.003 -25"><span class='ocrx_word' id='word_1_526' title='bbox 2290 1671 2661 1738; x_wconf 88' lang='lat' dir='ltr'><strong>Accedebat</strong></span> <span class='ocrx_word' id='word_1_527' title='bbox 2720 1676 2849 1740; x_wconf 86' lang='lat' dir='ltr'><strong>alia</strong></span> <span class='ocrx_word' id='word_1_528' title='bbox 2904 1697 2936 1741; x_wconf 91' lang='lat' dir='ltr'><strong>s</strong></span> <span class='ocrx_word' id='word_1_529' title='bbox 2983 1676 3252 1741; x_wconf 86' lang='lat' dir='ltr'><strong>eciosior</strong></span> <span class='ocrx_word' id='word_1_530' title='bbox 3292 1677 3662 1742; x_wconf 84' lang='lat' dir='ltr'><strong>excusatio:</strong></span> <span class='ocrx_word' id='word_1_531' title='bbox 3723 1676 3942 1758; x_wconf 78' lang='lat' dir='ltr'><strong>Quare</strong></span> <span class='ocrx_word' id='word_1_532' title='bbox 3988 1697 4108 1761; x_wconf 88' lang='lat' dir='ltr'><strong>ego</strong></span> <span class='ocrx_word' id='word_1_533' title='bbox 4155 1680 4219 1741; x_wconf 91' lang='lat' dir='ltr'><strong>in</strong></span> 
     </span>
     <span class='ocr_line' id='line_1_75' title="bbox 2292 1759 4223 1846; baseline 0.003 -25"><span class='ocrx_word' id='word_1_534' title='bbox 2292 1759 2486 1823; x_wconf 86' lang='lat' dir='ltr'><strong>alieni</strong></span> <span class='ocrx_word' id='word_1_535' title='bbox 2545 1762 2820 1842; x_wconf 85' lang='lat' dir='ltr'><strong>gratiam</strong></span> <span class='ocrx_word' id='word_1_536' title='bbox 2871 1781 2909 1825; x_wconf 92' lang='lat' dir='ltr'><strong>a</strong></span> <span class='ocrx_word' id='word_1_537' title='bbox 2960 1782 3188 1828; x_wconf 81' lang='lat' dir='ltr'><strong>versus</strong></span> <span class='ocrx_word' id='word_1_538' title='bbox 3230 1771 3484 1846; x_wconf 88' lang='lat' dir='ltr'><strong>patrem</strong></span> <span class='ocrx_word' id='word_1_539' title='bbox 3527 1763 3954 1841; x_wconf 87' lang='lat' dir='ltr'><strong>coniurarem,</strong></span> <span class='ocrx_word' id='word_1_540' title='bbox 4009 1774 4074 1828; x_wconf 89' lang='lat' dir='ltr'><strong>et</strong></span> <span class='ocrx_word' id='word_1_541' title='bbox 4117 1784 4223 1829; x_wconf 91' lang='lat' dir='ltr'><strong>co-</strong></span> 
     </span>
     <span class='ocr_line' id='line_1_76' title="bbox 2292 1845 4226 1931; baseline 0.003 -23"><span class='ocrx_word' id='word_1_542' title='bbox 2292 1864 2516 1908; x_wconf 87' lang='lat' dir='ltr'><strong>ronam</strong></span> <span class='ocrx_word' id='word_1_543' title='bbox 2543 1845 2787 1929; x_wconf 89' lang='lat' dir='ltr'><strong>regiam</strong></span> <span class='ocrx_word' id='word_1_544' title='bbox 2826 1846 2922 1911; x_wconf 92' lang='lat' dir='ltr'><strong>illi</strong></span> <span class='ocrx_word' id='word_1_545' title='bbox 2958 1845 3413 1914; x_wconf 81' lang='lat' dir='ltr'><strong>detraherem?</strong></span> <span class='ocrx_word' id='word_1_546' title='bbox 3458 1868 3777 1931; x_wconf 87' lang='lat' dir='ltr'><strong>quaenam</strong></span> <span class='ocrx_word' id='word_1_547' title='bbox 3814 1847 3967 1914; x_wconf 89' lang='lat' dir='ltr'><strong>inde</strong></span> <span class='ocrx_word' id='word_1_548' title='bbox 4002 1847 4085 1913; x_wconf 89' lang='lat' dir='ltr'><strong>ad</strong></span> <span class='ocrx_word' id='word_1_549' title='bbox 4121 1868 4226 1913; x_wconf 89' lang='lat' dir='ltr'><strong>me</strong></span> 
     </span>
     <span class='ocr_line' id='line_1_77' title="bbox 2293 1929 4226 1999; baseline 0.003 -6"><span class='ocrx_word' id='word_1_550' title='bbox 2293 1929 2585 1995; x_wconf 88' lang='lat' dir='ltr'><strong>reditura</strong></span> <span class='ocrx_word' id='word_1_551' title='bbox 2663 1944 2835 1997; x_wconf 90' lang='lat' dir='ltr'><strong>esset</strong></span> <span class='ocrx_word' id='word_1_552' title='bbox 2913 1931 3204 1998; x_wconf 85' lang='lat' dir='ltr'><strong>utilitas?</strong></span> <span class='ocrx_word' id='word_1_553' title='bbox 3314 1932 3561 1998; x_wconf 81' lang='lat' dir='ltr'><strong>Verum</strong></span> <span class='ocrx_word' id='word_1_554' title='bbox 3628 1933 3738 1998; x_wconf 89' lang='lat' dir='ltr'><strong>ille</strong></span> <span class='ocrx_word' id='word_1_555' title='bbox 3800 1934 3999 1998; x_wconf 86' lang='lat' dir='ltr'><strong>semel</strong></span> <span class='ocrx_word' id='word_1_556' title='bbox 4066 1934 4226 1999; x_wconf 84' lang='lat' dir='ltr'><strong>istas</strong></span> 
     </span>
     <span class='ocr_line' id='line_1_78' title="bbox 2291 2015 4230 2102; baseline 0.002 -23"><span class='ocrx_word' id='word_1_557' title='bbox 2291 2015 2796 2099; x_wconf 87' lang='lat' dir='ltr'><strong>imaginationes</strong></span> <span class='ocrx_word' id='word_1_558' title='bbox 2838 2017 3183 2101; x_wconf 84' lang='lat' dir='ltr'><strong>abrumpit,</strong></span> <span class='ocrx_word' id='word_1_559' title='bbox 3230 2029 3295 2083; x_wconf 88' lang='lat' dir='ltr'><strong>et</strong></span> <span class='ocrx_word' id='word_1_560' title='bbox 3338 2018 3641 2084; x_wconf 90' lang='lat' dir='ltr'><strong>omnibus</strong></span> <span class='ocrx_word' id='word_1_561' title='bbox 3683 2019 3764 2085; x_wconf 91' lang='lat' dir='ltr'><strong>iis</strong></span> <span class='ocrx_word' id='word_1_562' title='bbox 3823 2020 3994 2085; x_wconf 83' lang='lat' dir='ltr'><strong>viam</strong></span> <span class='ocrx_word' id='word_1_563' title='bbox 4045 2039 4230 2102; x_wconf 88' lang='lat' dir='ltr'><strong>prae-</strong></span> 
     </span>
     <span class='ocr_line' id='line_1_79' title="bbox 2293 2100 4229 2187; baseline 0.001 -20"><span class='ocrx_word' id='word_1_564' title='bbox 2293 2100 2553 2179; x_wconf 90' lang='lat' dir='ltr'><strong>scindit,</strong></span> <span class='ocrx_word' id='word_1_565' title='bbox 2599 2103 2838 2185; x_wconf 90' lang='lat' dir='ltr'><strong>quibus</strong></span> <span class='ocrx_word' id='word_1_566' title='bbox 2881 2102 2961 2168; x_wconf 91' lang='lat' dir='ltr'><strong>ab</strong></span> <span class='ocrx_word' id='word_1_567' title='bbox 3004 2104 3215 2170; x_wconf 81' lang='lat' dir='ltr'><strong>officio</strong></span> <span class='ocrx_word' id='word_1_568' title='bbox 3258 2114 3512 2187; x_wconf 90' lang='lat' dir='ltr'><strong>poterat</strong></span> <span class='ocrx_word' id='word_1_569' title='bbox 3554 2106 3850 2170; x_wconf 84' lang='lat' dir='ltr'><strong>avocari:</strong></span> <span class='ocrx_word' id='word_1_570' title='bbox 3896 2116 3960 2170; x_wconf 90' lang='lat' dir='ltr'><strong>et</strong></span> <span class='ocrx_word' id='word_1_571' title='bbox 3999 2106 4229 2170; x_wconf 87' lang='lat' dir='ltr'><strong>statuit</strong></span> 
     </span>
     <span class='ocr_line' id='line_1_80' title="bbox 2294 2186 4231 2275; baseline 0.002 -24"><span class='ocrx_word' id='word_1_572' title='bbox 2294 2186 2490 2251; x_wconf 87' lang='lat' dir='ltr'><strong>etiam</strong></span> <span class='ocrx_word' id='word_1_573' title='bbox 2538 2187 2710 2253; x_wconf 83' lang='lat' dir='ltr'><strong>vitae</strong></span> <span class='ocrx_word' id='word_1_574' title='bbox 2753 2208 2908 2253; x_wconf 90' lang='lat' dir='ltr'><strong>suae</strong></span> <span class='ocrx_word' id='word_1_575' title='bbox 2952 2187 3456 2273; x_wconf 81' lang='lat' dir='ltr'><strong>dispendio&#39;non</strong></span> <span class='ocrx_word' id='word_1_576' title='bbox 3495 2191 3617 2256; x_wconf 90' lang='lat' dir='ltr'><strong>nisi</strong></span> <span class='ocrx_word' id='word_1_577' title='bbox 3654 2212 3724 2254; x_wconf 91' lang='lat' dir='ltr'><strong>re</strong></span> <span class='ocrx_word' id='word_1_578' title='bbox 3760 2192 4043 2275; x_wconf 88' lang='lat' dir='ltr'><strong>perfecta</strong></span> <span class='ocrx_word' id='word_1_579' title='bbox 4077 2210 4231 2255; x_wconf 91' lang='lat' dir='ltr'><strong>con·</strong></span> 
     </span>
     <span class='ocr_line' id='line_1_81' title="bbox 2294 2272 4229 2359; baseline 0.002 -23"><span class='ocrx_word' id='word_1_580' title='bbox 2294 2272 2779 2355; x_wconf 88' lang='lat' dir='ltr'><strong>quiescendum.</strong></span> <span class='ocrx_word' id='word_1_581' title='bbox 2869 2274 3047 2340; x_wconf 83' lang='lat' dir='ltr'><strong>Sane</strong></span> <span class='ocrx_word' id='word_1_582' title='bbox 3120 2274 3311 2342; x_wconf 91' lang='lat' dir='ltr'><strong>hodie</strong></span> <span class='ocrx_word' id='word_1_583' title='bbox 3363 2296 3494 2341; x_wconf 90' lang='lat' dir='ltr'><strong>non</strong></span> <span class='ocrx_word' id='word_1_584' title='bbox 3554 2275 3770 2359; x_wconf 90' lang='lat' dir='ltr'><strong>agitur</strong></span> <span class='ocrx_word' id='word_1_585' title='bbox 3828 2275 3908 2340; x_wconf 91' lang='lat' dir='ltr'><strong>de</strong></span> <span class='ocrx_word' id='word_1_586' title='bbox 3966 2276 4229 2341; x_wconf 88' lang='lat' dir='ltr'><strong>mortali</strong></span> 
     </span>
     <span class='ocr_line' id='line_1_82' title="bbox 2293 2358 4228 2446; baseline 0.002 -24"><span class='ocrx_word' id='word_1_587' title='bbox 2293 2358 2573 2441; x_wconf 87' lang='lat' dir='ltr'><strong>quodam</strong></span> <span class='ocrx_word' id='word_1_588' title='bbox 2635 2359 2898 2426; x_wconf 90' lang='lat' dir='ltr'><strong>homine</strong></span> <span class='ocrx_word' id='word_1_589' title='bbox 2956 2361 3025 2424; x_wconf 92' lang='lat' dir='ltr'><strong>in</strong></span> <span class='ocrx_word' id='word_1_590' title='bbox 3085 2361 3269 2427; x_wconf 88' lang='lat' dir='ltr'><strong>cuins</strong></span> <span class='ocrx_word' id='word_1_591' title='bbox 3325 2362 3605 2446; x_wconf 89' lang='lat' dir='ltr'><strong>gratiam</strong></span> <span class='ocrx_word' id='word_1_592' title='bbox 3653 2361 3827 2426; x_wconf 83' lang='lat' dir='ltr'><strong>vitae</strong></span> <span class='ocrx_word' id='word_1_593' title='bbox 3873 2362 4228 2445; x_wconf 88' lang='lat' dir='ltr'><strong>periculum</strong></span> 
     </span>
     <span class='ocr_line' id='line_1_83' title="bbox 2294 2443 4230 2513; baseline 0.001 -5"><span class='ocrx_word' id='word_1_594' title='bbox 2294 2443 2384 2508; x_wconf 91' lang='lat' dir='ltr'><strong>sit</strong></span> <span class='ocrx_word' id='word_1_595' title='bbox 2426 2443 2871 2511; x_wconf 90' lang='lat' dir='ltr'><strong>subeundum:</strong></span> <span class='ocrx_word' id='word_1_596' title='bbox 2933 2445 3048 2510; x_wconf 89' lang='lat' dir='ltr'><strong>sed</strong></span> <span class='ocrx_word' id='word_1_597' title='bbox 3093 2447 3173 2511; x_wconf 89' lang='lat' dir='ltr'><strong>de</strong></span> <span class='ocrx_word' id='word_1_598' title='bbox 3218 2447 3482 2512; x_wconf 91' lang='lat' dir='ltr'><strong>Domini</strong></span> <span class='ocrx_word' id='word_1_599' title='bbox 3528 2447 3733 2511; x_wconf 87' lang='lat' dir='ltr'><strong>nostri</strong></span> <span class='ocrx_word' id='word_1_600' title='bbox 3776 2446 3931 2511; x_wconf 92' lang='lat' dir='ltr'><strong>Iesu</strong></span> <span class='ocrx_word' id='word_1_601' title='bbox 3976 2446 4230 2513; x_wconf 86' lang='lat' dir='ltr'><strong>Ohristi</strong></span> 
     </span>
     <span class='ocr_line' id='line_1_84' title="bbox 2295 2527 4231 2616; baseline 0.001 -21"><span class='ocrx_word' id='word_1_602' title='bbox 2295 2529 2414 2595; x_wconf 87' lang='lat' dir='ltr'><strong>filii</strong></span> <span class='ocrx_word' id='word_1_603' title='bbox 2484 2527 2611 2593; x_wconf 91' lang='lat' dir='ltr'><strong>Dei</strong></span> <span class='ocrx_word' id='word_1_604' title='bbox 2684 2530 2911 2614; x_wconf 88' lang='lat' dir='ltr'><strong>gloria,</strong></span> <span class='ocrx_word' id='word_1_605' title='bbox 2989 2529 3071 2595; x_wconf 88' lang='lat' dir='ltr'><strong>ad</strong></span> <span class='ocrx_word' id='word_1_606' title='bbox 3131 2552 3327 2615; x_wconf 90' lang='lat' dir='ltr'><strong>qnam</strong></span> <span class='ocrx_word' id='word_1_607' title='bbox 3386 2531 3907 2615; x_wconf 88' lang='lat' dir='ltr'><strong>amplificandam</strong></span> <span class='ocrx_word' id='word_1_608' title='bbox 3966 2532 4231 2616; x_wconf 87' lang='lat' dir='ltr'><strong>quosvis</strong></span> 
     </span>
     <span class='ocr_line' id='line_1_85' title="bbox 2296 2614 4235 2699; baseline 0.001 -18"><span class='ocrx_word' id='word_1_609' title='bbox 2296 2614 2626 2681; x_wconf 88' lang='lat' dir='ltr'><strong>cruciatus</strong></span> <span class='ocrx_word' id='word_1_610' title='bbox 2689 2619 2860 2680; x_wconf 90' lang='lat' dir='ltr'><strong>ferre</strong></span> <span class='ocrx_word' id='word_1_611' title='bbox 2926 2637 3042 2681; x_wconf 93' lang='lat' dir='ltr'><strong>nos</strong></span> <span class='ocrx_word' id='word_1_612' title='bbox 3106 2628 3380 2699; x_wconf 82' lang='lat' dir='ltr'><strong>oportet.</strong></span> <span class='ocrx_word' id='word_1_613' title='bbox 3468 2618 3537 2683; x_wconf 92' lang='lat' dir='ltr'><strong>Is</strong></span> <span class='ocrx_word' id='word_1_614' title='bbox 3604 2619 3780 2683; x_wconf 88' lang='lat' dir='ltr'><strong>enim</strong></span> <span class='ocrx_word' id='word_1_615' title='bbox 3842 2628 3959 2698; x_wconf 88' lang='lat' dir='ltr'><strong>est,</strong></span> <span class='ocrx_word' id='word_1_616' title='bbox 4023 2624 4100 2683; x_wconf 91' lang='lat' dir='ltr'><strong>ut</strong></span> <span class='ocrx_word' id='word_1_617' title='bbox 4141 2619 4235 2683; x_wconf 91' lang='lat' dir='ltr'><strong>ait</strong></span> 
     </span>
     <span class='ocr_line' id='line_1_86' title="bbox 2297 2700 4233 2785; baseline 0.001 -20"><span class='ocrx_word' id='word_1_618' title='bbox 2297 2700 2633 2782; x_wconf 88' lang='lat' dir='ltr'><strong>apostolus</strong></span> <span class='ocrx_word' id='word_1_619' title='bbox 2675 2701 2939 2780; x_wconf 90' lang='lat' dir='ltr'><strong>Paulus,</strong></span> <span class='ocrx_word' id='word_1_620' title='bbox 2987 2703 3102 2785; x_wconf 88' lang='lat' dir='ltr'><strong>qui</strong></span> <span class='ocrx_word' id='word_1_621' title='bbox 3146 2712 3440 2769; x_wconf 88' lang='lat' dir='ltr'><strong>mortuus</strong></span> <span class='ocrx_word' id='word_1_622' title='bbox 3484 2711 3579 2768; x_wconf 84' lang='lat' dir='ltr'><strong>est</strong></span> <span class='ocrx_word' id='word_1_623' title='bbox 3625 2712 3692 2768; x_wconf 90' lang='lat' dir='ltr'><strong>et</strong></span> <span class='ocrx_word' id='word_1_624' title='bbox 3736 2703 4115 2783; x_wconf 77' lang='lat' dir='ltr'><strong>resurrexit,</strong></span> <span class='ocrx_word' id='word_1_625' title='bbox 4160 2715 4233 2767; x_wconf 91' lang='lat' dir='ltr'><strong>ut</strong></span> 
     </span>
     <span class='ocr_line' id='line_1_87' title="bbox 2301 2788 4232 2872; baseline 0 -20"><span class='ocrx_word' id='word_1_626' title='bbox 2301 2788 2464 2852; x_wconf 86' lang='lat' dir='ltr'><strong>vivis</strong></span> <span class='ocrx_word' id='word_1_627' title='bbox 2506 2798 2574 2851; x_wconf 91' lang='lat' dir='ltr'><strong>et</strong></span> <span class='ocrx_word' id='word_1_628' title='bbox 2607 2789 2884 2852; x_wconf 86' lang='lat' dir='ltr'><strong>mortuis</strong></span> <span class='ocrx_word' id='word_1_629' title='bbox 2922 2788 3313 2853; x_wconf 86' lang='lat' dir='ltr'><strong>dominetur.</strong></span> <span class='ocrx_word' id='word_1_630' title='bbox 3401 2788 3706 2869; x_wconf 89' lang='lat' dir='ltr'><strong>Aequum</strong></span> <span class='ocrx_word' id='word_1_631' title='bbox 3743 2788 3945 2872; x_wconf 89' lang='lat' dir='ltr'><strong>igitur</strong></span> <span class='ocrx_word' id='word_1_632' title='bbox 3980 2801 4079 2853; x_wconf 89' lang='lat' dir='ltr'><strong>est</strong></span> <span class='ocrx_word' id='word_1_633' title='bbox 4117 2809 4232 2853; x_wconf 91' lang='lat' dir='ltr'><strong>nos</strong></span> 
     </span>
     <span class='ocr_line' id='line_1_88' title="bbox 2299 2872 4233 2958; baseline 0.001 -22"><span class='ocrx_word' id='word_1_634' title='bbox 2299 2892 2414 2955; x_wconf 90' lang='lat' dir='ltr'><strong>pro</strong></span> <span class='ocrx_word' id='word_1_635' title='bbox 2471 2872 2678 2955; x_wconf 89' lang='lat' dir='ltr'><strong>ipsius</strong></span> <span class='ocrx_word' id='word_1_636' title='bbox 2720 2872 2899 2938; x_wconf 88' lang='lat' dir='ltr'><strong>cultu</strong></span> <span class='ocrx_word' id='word_1_637' title='bbox 2946 2887 3011 2938; x_wconf 91' lang='lat' dir='ltr'><strong>et</strong></span> <span class='ocrx_word' id='word_1_638' title='bbox 3052 2872 3523 2956; x_wconf 86' lang='lat' dir='ltr'><strong>glorificatione</strong></span> <span class='ocrx_word' id='word_1_639' title='bbox 3568 2876 3771 2939; x_wconf 84' lang='lat' dir='ltr'><strong>vitam</strong></span> <span class='ocrx_word' id='word_1_640' title='bbox 3821 2874 4233 2958; x_wconf 83' lang='lat' dir='ltr'><strong>profundere,</strong></span> 
     </span>
     <span class='ocr_line' id='line_1_89' title="bbox 2298 2957 4231 3039; baseline 0 -17"><span class='ocrx_word' id='word_1_641' title='bbox 2298 2957 2516 3023; x_wconf 88' lang='lat' dir='ltr'><strong>oculos</strong></span> <span class='ocrx_word' id='word_1_642' title='bbox 2531 2959 2611 3022; x_wconf 91' lang='lat' dir='ltr'><strong>ab</strong></span> <span class='ocrx_word' id='word_1_643' title='bbox 2649 2959 2951 3023; x_wconf 89' lang='lat' dir='ltr'><strong>omnibus</strong></span> <span class='ocrx_word' id='word_1_644' title='bbox 2976 2957 3523 3023; x_wconf 82' lang='lat' dir='ltr'><strong>terriculamentis</strong></span> <span class='ocrx_word' id='word_1_645' title='bbox 3548 2970 3938 3023; x_wconf 81' lang='lat' dir='ltr'><strong>avertentes.</strong></span> <span class='ocrx_word' id='word_1_646' title='bbox 3988 2957 4231 3039; x_wconf 78' lang='lat' dir='ltr'><strong>Quam-</strong></span> 
     </span>
     <span class='ocr_line' id='line_1_90' title="bbox 2300 3042 4226 3110; baseline 0 -3"><span class='ocrx_word' id='word_1_647' title='bbox 2300 3042 2519 3108; x_wconf 90' lang='lat' dir='ltr'><strong>obrem</strong></span> <span class='ocrx_word' id='word_1_648' title='bbox 2566 3044 2733 3109; x_wconf 86' lang='lat' dir='ltr'><strong>tanti</strong></span> <span class='ocrx_word' id='word_1_649' title='bbox 2776 3045 2989 3109; x_wconf 84' lang='lat' dir='ltr'><strong>facere</strong></span> <span class='ocrx_word' id='word_1_650' title='bbox 3032 3043 3353 3110; x_wconf 88' lang='lat' dir='ltr'><strong>discamus</strong></span> <span class='ocrx_word' id='word_1_651' title='bbox 3397 3047 3646 3110; x_wconf 89' lang='lat' dir='ltr'><strong>cultum</strong></span> <span class='ocrx_word' id='word_1_652' title='bbox 3694 3053 3761 3109; x_wconf 88' lang='lat' dir='ltr'><strong>et</strong></span> <span class='ocrx_word' id='word_1_653' title='bbox 3798 3044 4226 3108; x_wconf 85' lang='lat' dir='ltr'><strong>reverentiam</strong></span> 
     </span>
     <span class='ocr_line' id='line_1_91' title="bbox 2299 3128 4227 3211; baseline 0.001 -18"><span class='ocrx_word' id='word_1_654' title='bbox 2299 3150 2491 3211; x_wconf 89' lang='lat' dir='ltr'><strong>quam</strong></span> <span class='ocrx_word' id='word_1_655' title='bbox 2539 3129 2681 3194; x_wconf 91' lang='lat' dir='ltr'><strong>Deo</strong></span> <span class='ocrx_word' id='word_1_656' title='bbox 2725 3139 2790 3193; x_wconf 91' lang='lat' dir='ltr'><strong>et</strong></span> <span class='ocrx_word' id='word_1_657' title='bbox 2825 3131 3113 3197; x_wconf 90' lang='lat' dir='ltr'><strong>Domino</strong></span> <span class='ocrx_word' id='word_1_658' title='bbox 3151 3140 3372 3196; x_wconf 89' lang='lat' dir='ltr'><strong>nostro</strong></span> <span class='ocrx_word' id='word_1_659' title='bbox 3408 3131 3557 3194; x_wconf 87' lang='lat' dir='ltr'><strong>Iesu</strong></span> <span class='ocrx_word' id='word_1_660' title='bbox 3601 3129 3865 3195; x_wconf 86' lang='lat' dir='ltr'><strong>Christo</strong></span> <span class='ocrx_word' id='word_1_661' title='bbox 3903 3128 4227 3205; x_wconf 87' lang='lat' dir='ltr'><strong>debemus,</strong></span> 
     </span>
     <span class='ocr_line' id='line_1_92' title="bbox 2299 3214 4234 3299; baseline 0 -21"><span class='ocrx_word' id='word_1_662' title='bbox 2299 3224 2365 3278; x_wconf 88' lang='lat' dir='ltr'><strong>et</strong></span> <span class='ocrx_word' id='word_1_663' title='bbox 2426 3215 2575 3280; x_wconf 87' lang='lat' dir='ltr'><strong>fidei</strong></span> <span class='ocrx_word' id='word_1_664' title='bbox 2637 3225 2897 3282; x_wconf 89' lang='lat' dir='ltr'><strong>nostrae</strong></span> <span class='ocrx_word' id='word_1_665' title='bbox 2952 3217 3338 3283; x_wconf 87' lang='lat' dir='ltr'><strong>sacrificium</strong></span> <span class='ocrx_word' id='word_1_666' title='bbox 3383 3215 3550 3298; x_wconf 88' lang='lat' dir='ltr'><strong>quod</strong></span> <span class='ocrx_word' id='word_1_667' title='bbox 3596 3215 3904 3299; x_wconf 88' lang='lat' dir='ltr'><strong>postulat,</strong></span> <span class='ocrx_word' id='word_1_668' title='bbox 3967 3224 4040 3280; x_wconf 89' lang='lat' dir='ltr'><strong>ut</strong></span> <span class='ocrx_word' id='word_1_669' title='bbox 4082 3214 4234 3280; x_wconf 87' lang='lat' dir='ltr'><strong>licet</strong></span> 
     </span>
     <span class='ocr_line' id='line_1_93' title="bbox 2300 3299 4233 3384; baseline 0.001 -20"><span class='ocrx_word' id='word_1_670' title='bbox 2300 3299 2537 3365; x_wconf 88' lang='lat' dir='ltr'><strong>millies</strong></span> <span class='ocrx_word' id='word_1_671' title='bbox 2579 3303 2823 3367; x_wconf 90' lang='lat' dir='ltr'><strong>centies</strong></span> <span class='ocrx_word' id='word_1_672' title='bbox 2868 3303 3070 3368; x_wconf 82' lang='lat' dir='ltr'><strong>vitam</strong></span> <span class='ocrx_word' id='word_1_673' title='bbox 3115 3301 3460 3384; x_wconf 89' lang='lat' dir='ltr'><strong>profusuri,</strong></span> <span class='ocrx_word' id='word_1_674' title='bbox 3516 3321 3851 3384; x_wconf 89' lang='lat' dir='ltr'><strong>nunquam</strong></span> <span class='ocrx_word' id='word_1_675' title='bbox 3896 3299 3976 3365; x_wconf 91' lang='lat' dir='ltr'><strong>ab</strong></span> <span class='ocrx_word' id='word_1_676' title='bbox 4023 3300 4233 3366; x_wconf 86' lang='lat' dir='ltr'><strong>officio</strong></span> 
     </span>
     <span class='ocr_line' id='line_1_94' title="bbox 2301 3385 4233 3468; baseline 0.001 -19"><span class='ocrx_word' id='word_1_677' title='bbox 2301 3385 2400 3450; x_wconf 88' lang='lat' dir='ltr'><strong>vel</strong></span> <span class='ocrx_word' id='word_1_678' title='bbox 2447 3386 2777 3451; x_wconf 88' lang='lat' dir='ltr'><strong>tantillum</strong></span> <span class='ocrx_word' id='word_1_679' title='bbox 2824 3389 3219 3453; x_wconf 88' lang='lat' dir='ltr'><strong>recedamus.</strong></span> <span class='ocrx_word' id='word_1_680' title='bbox 3309 3388 3476 3452; x_wconf 89' lang='lat' dir='ltr'><strong>Nam</strong></span> <span class='ocrx_word' id='word_1_681' title='bbox 3523 3387 3760 3468; x_wconf 89' lang='lat' dir='ltr'><strong>alioqui</strong></span> <span class='ocrx_word' id='word_1_682' title='bbox 3806 3385 4074 3451; x_wconf 90' lang='lat' dir='ltr'><strong>minime</strong></span> <span class='ocrx_word' id='word_1_683' title='bbox 4110 3385 4233 3451; x_wconf 89' lang='lat' dir='ltr'><strong>du-</strong></span> 
     </span>
     <span class='ocr_line' id='line_1_95' title="bbox 2302 3470 4230 3555; baseline 0.002 -21"><span class='ocrx_word' id='word_1_684' title='bbox 2302 3470 2636 3536; x_wconf 89' lang='lat' dir='ltr'><strong>bitandum</strong></span> <span class='ocrx_word' id='word_1_685' title='bbox 2684 3473 2838 3555; x_wconf 90' lang='lat' dir='ltr'><strong>quin</strong></span> <span class='ocrx_word' id='word_1_686' title='bbox 2878 3473 3107 3539; x_wconf 92' lang='lat' dir='ltr'><strong>ultimo</strong></span> <span class='ocrx_word' id='word_1_687' title='bbox 3142 3472 3247 3538; x_wconf 85' lang='lat' dir='ltr'><strong>die</strong></span> <span class='ocrx_word' id='word_1_688' title='bbox 3283 3470 3684 3538; x_wconf 88' lang='lat' dir='ltr'><strong>Ionathanus</strong></span> <span class='ocrx_word' id='word_1_689' title='bbox 3723 3470 4073 3536; x_wconf 87' lang='lat' dir='ltr'><strong>adversum</strong></span> <span class='ocrx_word' id='word_1_690' title='bbox 4110 3492 4230 3538; x_wconf 92' lang='lat' dir='ltr'><strong>nos</strong></span> 
     </span>
     <span class='ocr_line' id='line_1_96' title="bbox 2299 3555 4229 3641; baseline 0.001 -21"><span class='ocrx_word' id='word_1_691' title='bbox 2299 3568 2628 3640; x_wconf 84' lang='lat' dir='ltr'><strong>exsurgat,</strong></span> <span class='ocrx_word' id='word_1_692' title='bbox 2687 3568 2754 3623; x_wconf 91' lang='lat' dir='ltr'><strong>et</strong></span> <span class='ocrx_word' id='word_1_693' title='bbox 2794 3579 2938 3624; x_wconf 88' lang='lat' dir='ltr'><strong>reos</strong></span> <span class='ocrx_word' id='word_1_694' title='bbox 2981 3580 3201 3624; x_wconf 86' lang='lat' dir='ltr'><strong>coram</strong></span> <span class='ocrx_word' id='word_1_695' title='bbox 3246 3555 3527 3623; x_wconf 90' lang='lat' dir='ltr'><strong>Domino</strong></span> <span class='ocrx_word' id='word_1_696' title='bbox 3575 3564 3863 3641; x_wconf 88' lang='lat' dir='ltr'><strong>peragat,</strong></span> <span class='ocrx_word' id='word_1_697' title='bbox 3930 3556 4044 3640; x_wconf 92' lang='lat' dir='ltr'><strong>qni</strong></span> <span class='ocrx_word' id='word_1_698' title='bbox 4089 3555 4229 3622; x_wconf 91' lang='lat' dir='ltr'><strong>Da-</strong></span> 
     </span>
     <span class='ocr_line' id='line_1_97' title="bbox 2301 3641 4230 3727; baseline 0 -20"><span class='ocrx_word' id='word_1_699' title='bbox 2301 3641 2467 3708; x_wconf 83' lang='lat' dir='ltr'><strong>vidis</strong></span> <span class='ocrx_word' id='word_1_700' title='bbox 2512 3662 2709 3708; x_wconf 90' lang='lat' dir='ltr'><strong>causa</strong></span> <span class='ocrx_word' id='word_1_701' title='bbox 2753 3644 3006 3709; x_wconf 90' lang='lat' dir='ltr'><strong>nullum</strong></span> <span class='ocrx_word' id='word_1_702' title='bbox 3053 3644 3397 3710; x_wconf 88' lang='lat' dir='ltr'><strong>discrimen</strong></span> <span class='ocrx_word' id='word_1_703' title='bbox 3445 3645 3699 3727; x_wconf 84' lang='lat' dir='ltr'><strong>refugit,</strong></span> <span class='ocrx_word' id='word_1_704' title='bbox 3761 3664 3799 3707; x_wconf 90' lang='lat' dir='ltr'><strong>a</strong></span> <span class='ocrx_word' id='word_1_705' title='bbox 3842 3663 3967 3725; x_wconf 92' lang='lat' dir='ltr'><strong>quo</strong></span> <span class='ocrx_word' id='word_1_706' title='bbox 4014 3656 4230 3707; x_wconf 90' lang='lat' dir='ltr'><strong>tamen</strong></span> 
     </span>
     <span class='ocr_line' id='line_1_98' title="bbox 2299 3727 4231 3813; baseline 0.002 -21"><span class='ocrx_word' id='word_1_707' title='bbox 2299 3740 2439 3792; x_wconf 89' lang='lat' dir='ltr'><strong>erat</strong></span> <span class='ocrx_word' id='word_1_708' title='bbox 2481 3727 2797 3813; x_wconf 87' lang='lat' dir='ltr'><strong>dignitate</strong></span> <span class='ocrx_word' id='word_1_709' title='bbox 2843 3750 3039 3811; x_wconf 90' lang='lat' dir='ltr'><strong>quam</strong></span> <span class='ocrx_word' id='word_1_710' title='bbox 3084 3730 3433 3808; x_wconf 90' lang='lat' dir='ltr'><strong>obtinebat,</strong></span> <span class='ocrx_word' id='word_1_711' title='bbox 3478 3729 3854 3812; x_wconf 86' lang='lat' dir='ltr'><strong>privandus,</strong></span> <span class='ocrx_word' id='word_1_712' title='bbox 3920 3737 3985 3794; x_wconf 90' lang='lat' dir='ltr'><strong>et</strong></span> <span class='ocrx_word' id='word_1_713' title='bbox 4027 3730 4231 3811; x_wconf 87' lang='lat' dir='ltr'><strong>potis·</strong></span> 
     </span>
     <span class='ocr_line' id='line_1_99' title="bbox 2298 3813 4227 3899; baseline 0 -19"><span class='ocrx_word' id='word_1_714' title='bbox 2298 3816 2535 3880; x_wconf 88' lang='lat' dir='ltr'><strong>simum</strong></span> <span class='ocrx_word' id='word_1_715' title='bbox 2582 3814 2934 3880; x_wconf 88' lang='lat' dir='ltr'><strong>autoritate</strong></span> <span class='ocrx_word' id='word_1_716' title='bbox 2979 3817 3174 3899; x_wconf 86' lang='lat' dir='ltr'><strong>regia,</strong></span> <span class='ocrx_word' id='word_1_717' title='bbox 3236 3835 3399 3898; x_wconf 88' lang='lat' dir='ltr'><strong>quae</strong></span> <span class='ocrx_word' id='word_1_718' title='bbox 3443 3814 3537 3879; x_wconf 91' lang='lat' dir='ltr'><strong>illi</strong></span> <span class='ocrx_word' id='word_1_719' title='bbox 3583 3813 3989 3881; x_wconf 88' lang='lat' dir='ltr'><strong>successione</strong></span> <span class='ocrx_word' id='word_1_720' title='bbox 4036 3813 4227 3880; x_wconf 88' lang='lat' dir='ltr'><strong>debe·</strong></span> 
     </span>
     <span class='ocr_line' id='line_1_100' title="bbox 2299 3899 4225 3967; baseline 0 -2"><span class='ocrx_word' id='word_1_721' title='bbox 2299 3901 2506 3965; x_wconf 89' lang='lat' dir='ltr'><strong>batur.</strong></span> <span class='ocrx_word' id='word_1_722' title='bbox 2604 3902 2695 3964; x_wconf 85' lang='lat' dir='ltr'><strong>At</strong></span> <span class='ocrx_word' id='word_1_723' title='bbox 2738 3900 3058 3967; x_wconf 90' lang='lat' dir='ltr'><strong>Dominus</strong></span> <span class='ocrx_word' id='word_1_724' title='bbox 3102 3908 3321 3966; x_wconf 88' lang='lat' dir='ltr'><strong>noster</strong></span> <span class='ocrx_word' id='word_1_725' title='bbox 3366 3902 3549 3965; x_wconf 89' lang='lat' dir='ltr'><strong>Iesus</strong></span> <span class='ocrx_word' id='word_1_726' title='bbox 3593 3899 3897 3965; x_wconf 85' lang='lat' dir='ltr'><strong>Christus</strong></span> <span class='ocrx_word' id='word_1_727' title='bbox 3942 3922 4058 3966; x_wconf 90' lang='lat' dir='ltr'><strong>nos</strong></span> <span class='ocrx_word' id='word_1_728' title='bbox 4095 3922 4225 3965; x_wconf 91' lang='lat' dir='ltr'><strong>non</strong></span> 
     </span>
     <span class='ocr_line' id='line_1_101' title="bbox 2298 3985 4226 4070; baseline 0.001 -20"><span class='ocrx_word' id='word_1_729' title='bbox 2298 3985 2553 4067; x_wconf 89' lang='lat' dir='ltr'><strong>expulit</strong></span> <span class='ocrx_word' id='word_1_730' title='bbox 2614 3994 2837 4050; x_wconf 89' lang='lat' dir='ltr'><strong>nostra</strong></span> <span class='ocrx_word' id='word_1_731' title='bbox 2893 3986 3207 4070; x_wconf 89' lang='lat' dir='ltr'><strong>dignitate</strong></span> <span class='ocrx_word' id='word_1_732' title='bbox 3251 3986 3486 4069; x_wconf 88' lang='lat' dir='ltr'><strong>aliqua,</strong></span> <span class='ocrx_word' id='word_1_733' title='bbox 3546 3986 3749 4051; x_wconf 88' lang='lat' dir='ltr'><strong>maior</strong></span> <span class='ocrx_word' id='word_1_734' title='bbox 3791 3995 3859 4051; x_wconf 87' lang='lat' dir='ltr'><strong>et</strong></span> <span class='ocrx_word' id='word_1_735' title='bbox 3901 3987 4226 4068; x_wconf 87' lang='lat' dir='ltr'><strong>potentior</strong></span> 
     </span>
     <span class='ocr_line' id='line_1_102' title="bbox 2297 4070 4225 4153; baseline 0.002 -19"><span class='ocrx_word' id='word_1_736' title='bbox 2297 4072 2503 4135; x_wconf 88' lang='lat' dir='ltr'><strong>factus</strong></span> <span class='ocrx_word' id='word_1_737' title='bbox 2531 4083 2785 4141; x_wconf 83' lang='lat' dir='ltr'><strong>,nostro</strong></span> <span class='ocrx_word' id='word_1_738' title='bbox 2844 4070 3262 4136; x_wconf 87' lang='lat' dir='ltr'><strong>detrimento:</strong></span> <span class='ocrx_word' id='word_1_739' title='bbox 3321 4071 3433 4136; x_wconf 90' lang='lat' dir='ltr'><strong>sed</strong></span> <span class='ocrx_word' id='word_1_740' title='bbox 3489 4081 3719 4136; x_wconf 87' lang='lat' dir='ltr'><strong>contra</strong></span> <span class='ocrx_word' id='word_1_741' title='bbox 3775 4092 3973 4153; x_wconf 89' lang='lat' dir='ltr'><strong>supra</strong></span> <span class='ocrx_word' id='word_1_742' title='bbox 4015 4072 4225 4137; x_wconf 90' lang='lat' dir='ltr'><strong>coelos</strong></span> 
     </span>
     <span class='ocr_line' id='line_1_103' title="bbox 2296 4155 4218 4238; baseline 0.001 -18"><span class='ocrx_word' id='word_1_743' title='bbox 2296 4174 2562 4222; x_wconf 82' lang='lat' dir='ltr'><strong>evectus</strong></span> <span class='ocrx_word' id='word_1_744' title='bbox 2630 4158 2816 4223; x_wconf 92' lang='lat' dir='ltr'><strong>nobis</strong></span> <span class='ocrx_word' id='word_1_745' title='bbox 2883 4157 3113 4222; x_wconf 91' lang='lat' dir='ltr'><strong>similis</strong></span> <span class='ocrx_word' id='word_1_746' title='bbox 3182 4158 3391 4223; x_wconf 87' lang='lat' dir='ltr'><strong>factus</strong></span> <span class='ocrx_word' id='word_1_747' title='bbox 3455 4166 3575 4238; x_wconf 88' lang='lat' dir='ltr'><strong>est,</strong></span> <span class='ocrx_word' id='word_1_748' title='bbox 3642 4176 3761 4221; x_wconf 90' lang='lat' dir='ltr'><strong>sua</strong></span> <span class='ocrx_word' id='word_1_749' title='bbox 3821 4155 3989 4221; x_wconf 92' lang='lat' dir='ltr'><strong>bona</strong></span> <span class='ocrx_word' id='word_1_750' title='bbox 4036 4156 4218 4221; x_wconf 90' lang='lat' dir='ltr'><strong>nobis</strong></span> 
     </span>
     <span class='ocr_line' id='line_1_104' title="bbox 2296 4240 4223 4326; baseline 0 -21"><span class='ocrx_word' id='word_1_751' title='bbox 2296 4243 2509 4326; x_wconf 87' lang='lat' dir='ltr'><strong>ipsum</strong></span> <span class='ocrx_word' id='word_1_752' title='bbox 2552 4259 2624 4306; x_wconf 89' lang='lat' dir='ltr'><strong>ut</strong></span> <span class='ocrx_word' id='word_1_753' title='bbox 2659 4240 2841 4307; x_wconf 89' lang='lat' dir='ltr'><strong>decet</strong></span> <span class='ocrx_word' id='word_1_754' title='bbox 2875 4243 3230 4307; x_wconf 90' lang='lat' dir='ltr'><strong>colentibus</strong></span> <span class='ocrx_word' id='word_1_755' title='bbox 3267 4243 3875 4307; x_wconf 90' lang='lat' dir='ltr'><strong>communicaturus.</strong></span> <span class='ocrx_word' id='word_1_756' title='bbox 3956 4241 4223 4320; x_wconf 82' lang='lat' dir='ltr'><strong>Quanta</strong></span> 
     </span>
     <span class='ocr_line' id='line_1_105' title="bbox 2296 4324 4223 4415; baseline -0.001 -23"><span class='ocrx_word' id='word_1_757' title='bbox 2296 4330 2497 4413; x_wconf 85' lang='lat' dir='ltr'><strong>igitur</strong></span> <span class='ocrx_word' id='word_1_758' title='bbox 2556 4340 2777 4393; x_wconf 89' lang='lat' dir='ltr'><strong>nostra</strong></span> <span class='ocrx_word' id='word_1_759' title='bbox 2821 4329 2945 4392; x_wconf 87' lang='lat' dir='ltr'><strong>erit</strong></span> <span class='ocrx_word' id='word_1_760' title='bbox 2991 4329 3291 4410; x_wconf 85' lang='lat' dir='ltr'><strong>nequitia,</strong></span> <span class='ocrx_word' id='word_1_761' title='bbox 3350 4336 3596 4415; x_wconf 89' lang='lat' dir='ltr'><strong>quanta</strong></span> <span class='ocrx_word' id='word_1_762' title='bbox 3643 4324 3926 4409; x_wconf 87' lang='lat' dir='ltr'><strong>perfidia,</strong></span> <span class='ocrx_word' id='word_1_763' title='bbox 3987 4327 4108 4392; x_wconf 92' lang='lat' dir='ltr'><strong>nisi</strong></span> <span class='ocrx_word' id='word_1_764' title='bbox 4156 4328 4223 4391; x_wconf 94' lang='lat' dir='ltr'><strong>in</strong></span> 
     </span>
     <span class='ocr_line' id='line_1_106' title="bbox 2296 4410 4225 4498; baseline -0.001 -21"><span class='ocrx_word' id='word_1_765' title='bbox 2296 4416 2497 4498; x_wconf 91' lang='lat' dir='ltr'><strong>ipsius</strong></span> <span class='ocrx_word' id='word_1_766' title='bbox 2534 4412 2809 4496; x_wconf 90' lang='lat' dir='ltr'><strong>gratiam</strong></span> <span class='ocrx_word' id='word_1_767' title='bbox 2849 4411 3155 4478; x_wconf 88' lang='lat' dir='ltr'><strong>faciamus</strong></span> <span class='ocrx_word' id='word_1_768' title='bbox 3191 4435 3356 4496; x_wconf 90' lang='lat' dir='ltr'><strong>quae</strong></span> <span class='ocrx_word' id='word_1_769' title='bbox 3385 4413 3787 4479; x_wconf 86' lang='lat' dir='ltr'><strong>Ionathanus</strong></span> <span class='ocrx_word' id='word_1_770' title='bbox 3808 4413 3876 4475; x_wconf 92' lang='lat' dir='ltr'><strong>in</strong></span> <span class='ocrx_word' id='word_1_771' title='bbox 3905 4410 4225 4476; x_wconf 80' lang='lat' dir='ltr'><strong>Davidis?</strong></span> 
     </span>
     <span class='ocr_line' id='line_1_107' title="bbox 2297 4495 4225 4584; baseline -0.001 -20"><span class='ocrx_word' id='word_1_772' title='bbox 2297 4501 2386 4564; x_wconf 84' lang='lat' dir='ltr'><strong>Et</strong></span> <span class='ocrx_word' id='word_1_773' title='bbox 2446 4501 2570 4563; x_wconf 89' lang='lat' dir='ltr'><strong>nisi</strong></span> <span class='ocrx_word' id='word_1_774' title='bbox 2615 4498 2869 4563; x_wconf 88' lang='lat' dir='ltr'><strong>ardenti</strong></span> <span class='ocrx_word' id='word_1_775' title='bbox 2916 4500 3131 4563; x_wconf 85' lang='lat' dir='ltr'><strong>studio</strong></span> <span class='ocrx_word' id='word_1_776' title='bbox 3174 4500 3386 4584; x_wconf 90' lang='lat' dir='ltr'><strong>ipsum</strong></span> <span class='ocrx_word' id='word_1_777' title='bbox 3429 4517 3811 4583; x_wconf 88' lang='lat' dir='ltr'><strong>quocunque</strong></span> <span class='ocrx_word' id='word_1_778' title='bbox 3857 4495 4117 4561; x_wconf 89' lang='lat' dir='ltr'><strong>duxerit</strong></span> <span class='ocrx_word' id='word_1_779' title='bbox 4161 4511 4225 4562; x_wconf 89' lang='lat' dir='ltr'><strong>et</strong></span> 
     </span>
     <span class='ocr_line' id='line_1_108' title="bbox 2293 4580 4223 4667; baseline -0.001 -19"><span class='ocrx_word' id='word_1_780' title='bbox 2293 4585 2624 4651; x_wconf 85' lang='lat' dir='ltr'><strong>vocaverit</strong></span> <span class='ocrx_word' id='word_1_781' title='bbox 2701 4586 2884 4666; x_wconf 87' lang='lat' dir='ltr'><strong>sequi</strong></span> <span class='ocrx_word' id='word_1_782' title='bbox 2959 4585 3168 4667; x_wconf 86' lang='lat' dir='ltr'><strong>parati</strong></span> <span class='ocrx_word' id='word_1_783' title='bbox 3236 4584 3589 4651; x_wconf 82' lang='lat' dir='ltr'><strong>fuerimus?</strong></span> <span class='ocrx_word' id='word_1_784' title='bbox 3680 4580 4084 4647; x_wconf 88' lang='lat' dir='ltr'><strong>Ionathanus</strong></span> <span class='ocrx_word' id='word_1_785' title='bbox 4153 4596 4223 4647; x_wconf 89' lang='lat' dir='ltr'><strong>ut</strong></span> 
     </span>
     <span class='ocr_line' id='line_1_109' title="bbox 2295 4666 4223 4749; baseline 0 -16"><span class='ocrx_word' id='word_1_786' title='bbox 2295 4671 2551 4734; x_wconf 88' lang='lat' dir='ltr'><strong>mortali</strong></span> <span class='ocrx_word' id='word_1_787' title='bbox 2619 4669 2834 4734; x_wconf 87' lang='lat' dir='ltr'><strong>datam</strong></span> <span class='ocrx_word' id='word_1_788' title='bbox 2904 4672 3097 4735; x_wconf 82' lang='lat' dir='ltr'><strong>fidem</strong></span> <span class='ocrx_word' id='word_1_789' title='bbox 3164 4682 3472 4749; x_wconf 84' lang='lat' dir='ltr'><strong>servaret,</strong></span> <span class='ocrx_word' id='word_1_790' title='bbox 3555 4666 3807 4733; x_wconf 91' lang='lat' dir='ltr'><strong>nullum</strong></span> <span class='ocrx_word' id='word_1_791' title='bbox 3877 4668 4223 4733; x_wconf 89' lang='lat' dir='ltr'><strong>discrimen</strong></span> 
     </span>
     <span class='ocr_line' id='line_1_110' title="bbox 2292 4751 4220 4840; baseline -0.001 -21"><span class='ocrx_word' id='word_1_792' title='bbox 2292 4756 2550 4839; x_wconf 87' lang='lat' dir='ltr'><strong>refugit,</strong></span> <span class='ocrx_word' id='word_1_793' title='bbox 2597 4776 2828 4820; x_wconf 83' lang='lat' dir='ltr'><strong>nos-ne</strong></span> <span class='ocrx_word' id='word_1_794' title='bbox 2872 4756 3029 4820; x_wconf 89' lang='lat' dir='ltr'><strong>adeo</strong></span> <span class='ocrx_word' id='word_1_795' title='bbox 3076 4757 3344 4840; x_wconf 87' lang='lat' dir='ltr'><strong>ignavos</strong></span> <span class='ocrx_word' id='word_1_796' title='bbox 3390 4766 3464 4819; x_wconf 89' lang='lat' dir='ltr'><strong>ut</strong></span> <span class='ocrx_word' id='word_1_797' title='bbox 3501 4757 3568 4819; x_wconf 93' lang='lat' dir='ltr'><strong>in</strong></span> <span class='ocrx_word' id='word_1_798' title='bbox 3605 4753 3722 4818; x_wconf 87' lang='lat' dir='ltr'><strong>filii</strong></span> <span class='ocrx_word' id='word_1_799' title='bbox 3758 4751 3885 4817; x_wconf 91' lang='lat' dir='ltr'><strong>Dei</strong></span> <span class='ocrx_word' id='word_1_800' title='bbox 3923 4754 4220 4837; x_wconf 83' lang='lat' dir='ltr'><strong>gratiam,</strong></span> 
     </span>
     <span class='ocr_line' id='line_1_111' title="bbox 2291 4837 4226 4923; baseline -0.001 -19"><span class='ocrx_word' id='word_1_801' title='bbox 2291 4844 2514 4908; x_wconf 89' lang='lat' dir='ltr'><strong>mortis</strong></span> <span class='ocrx_word' id='word_1_802' title='bbox 2560 4841 2915 4923; x_wconf 87' lang='lat' dir='ltr'><strong>periculum</strong></span> <span class='ocrx_word' id='word_1_803' title='bbox 2963 4841 3141 4907; x_wconf 91' lang='lat' dir='ltr'><strong>adire</strong></span> <span class='ocrx_word' id='word_1_804' title='bbox 3187 4863 3311 4906; x_wconf 92' lang='lat' dir='ltr'><strong>non</strong></span> <span class='ocrx_word' id='word_1_805' title='bbox 3356 4837 3751 4905; x_wconf 81' lang='lat' dir='ltr'><strong>audeamus?</strong></span> <span class='ocrx_word' id='word_1_806' title='bbox 3797 4838 3939 4903; x_wconf 89' lang='lat' dir='ltr'><strong>Nae</strong></span> <span class='ocrx_word' id='word_1_807' title='bbox 3979 4855 4226 4921; x_wconf 87' lang='lat' dir='ltr'><strong>quanto</strong></span> 
     </span>
     <span class='ocr_line' id='line_1_112' title="bbox 2290 4924 4220 5009; baseline -0.001 -19"><span class='ocrx_word' id='word_1_808' title='bbox 2290 4926 2490 4990; x_wconf 86' lang='lat' dir='ltr'><strong>distat</strong></span> <span class='ocrx_word' id='word_1_809' title='bbox 2548 4927 2892 4993; x_wconf 86' lang='lat' dir='ltr'><strong>intervallo</strong></span> <span class='ocrx_word' id='word_1_810' title='bbox 2954 4929 3196 4993; x_wconf 86' lang='lat' dir='ltr'><strong>veritas</strong></span> <span class='ocrx_word' id='word_1_811' title='bbox 3255 4947 3293 4989; x_wconf 90' lang='lat' dir='ltr'><strong>a</strong></span> <span class='ocrx_word' id='word_1_812' title='bbox 3336 4929 3563 5009; x_wconf 85' lang='lat' dir='ltr'><strong>figura,</strong></span> <span class='ocrx_word' id='word_1_813' title='bbox 3631 4945 3706 4988; x_wconf 90' lang='lat' dir='ltr'><strong>eo</strong></span> <span class='ocrx_word' id='word_1_814' title='bbox 3750 4924 3960 5007; x_wconf 88' lang='lat' dir='ltr'><strong>magis</strong></span> <span class='ocrx_word' id='word_1_815' title='bbox 4002 4946 4220 4990; x_wconf 83' lang='lat' dir='ltr'><strong>coram</strong></span> 
     </span>
     <span class='ocr_line' id='line_1_113' title="bbox 2290 5010 4219 5092; baseline 0 -17"><span class='ocrx_word' id='word_1_816' title='bbox 2290 5011 2433 5075; x_wconf 91' lang='lat' dir='ltr'><strong>Deo</strong></span> <span class='ocrx_word' id='word_1_817' title='bbox 2477 5012 2948 5077; x_wconf 88' lang='lat' dir='ltr'><strong>inexcusabiles</strong></span> <span class='ocrx_word' id='word_1_818' title='bbox 2993 5012 3251 5077; x_wconf 89' lang='lat' dir='ltr'><strong>erimus.</strong></span> <span class='ocrx_word' id='word_1_819' title='bbox 3341 5012 3511 5076; x_wconf 89' lang='lat' dir='ltr'><strong>Nam</strong></span> <span class='ocrx_word' id='word_1_820' title='bbox 3558 5010 3731 5075; x_wconf 90' lang='lat' dir='ltr'><strong>unde</strong></span> <span class='ocrx_word' id='word_1_821' title='bbox 3775 5030 4036 5092; x_wconf 87' lang='lat' dir='ltr'><strong>quaese,</strong></span> <span class='ocrx_word' id='word_1_822' title='bbox 4087 5023 4219 5076; x_wconf 88' lang='lat' dir='ltr'><strong>tam</strong></span> 
     </span>
     <span class='ocr_line' id='line_1_114' title="bbox 2291 5093 4224 5164; baseline 0.002 -4"><span class='ocrx_word' id='word_1_823' title='bbox 2291 5099 2660 5163; x_wconf 87' lang='lat' dir='ltr'><strong>vehementi</strong></span> <span class='ocrx_word' id='word_1_824' title='bbox 2754 5099 3077 5162; x_wconf 86' lang='lat' dir='ltr'><strong>amicitiae</strong></span> <span class='ocrx_word' id='word_1_825' title='bbox 3158 5097 3413 5161; x_wconf 89' lang='lat' dir='ltr'><strong>vinculo</strong></span> <span class='ocrx_word' id='word_1_826' title='bbox 3495 5093 3736 5162; x_wconf 86' lang='lat' dir='ltr'><strong>Davidi</strong></span> <span class='ocrx_word' id='word_1_827' title='bbox 3814 5094 4224 5164; x_wconf 86' lang='lat' dir='ltr'><strong>Ionathanus</strong></span> 
     </span>
     <span class='ocr_line' id='line_1_115' title="bbox 2285 5183 4220 5266; baseline 0.001 -20"><span class='ocrx_word' id='word_1_828' title='bbox 2285 5183 2550 5248; x_wconf 90' lang='lat' dir='ltr'><strong>iunctus</strong></span> <span class='ocrx_word' id='word_1_829' title='bbox 2607 5184 2746 5262; x_wconf 86' lang='lat' dir='ltr'><strong>fuit,</strong></span> <span class='ocrx_word' id='word_1_830' title='bbox 2809 5195 2881 5248; x_wconf 89' lang='lat' dir='ltr'><strong>ut</strong></span> <span class='ocrx_word' id='word_1_831' title='bbox 2926 5184 3332 5266; x_wconf 88' lang='lat' dir='ltr'><strong>propriorum</strong></span> <span class='ocrx_word' id='word_1_832' title='bbox 3376 5183 3878 5260; x_wconf 89' lang='lat' dir='ltr'><strong>commodorum,</strong></span> <span class='ocrx_word' id='word_1_833' title='bbox 3938 5188 4005 5247; x_wconf 91' lang='lat' dir='ltr'><strong>et</strong></span> <span class='ocrx_word' id='word_1_834' title='bbox 4046 5183 4220 5248; x_wconf 84' lang='lat' dir='ltr'><strong>vitae</strong></span> 
     </span>
     <span class='ocr_line' id='line_1_116' title="bbox 2288 5265 4214 5351; baseline 0.002 -20"><span class='ocrx_word' id='word_1_835' title='bbox 2288 5267 2530 5333; x_wconf 89' lang='lat' dir='ltr'><strong>oblitus</strong></span> <span class='ocrx_word' id='word_1_836' title='bbox 2589 5267 2829 5333; x_wconf 83' lang='lat' dir='ltr'><strong>Davidi</strong></span> <span class='ocrx_word' id='word_1_837' title='bbox 2888 5269 3125 5333; x_wconf 87' lang='lat' dir='ltr'><strong>afflicto</strong></span> <span class='ocrx_word' id='word_1_838' title='bbox 3165 5268 3365 5332; x_wconf 86' lang='lat' dir='ltr'><strong>ferret</strong></span> <span class='ocrx_word' id='word_1_839' title='bbox 3405 5290 3610 5351; x_wconf 79' lang='lat' dir='ltr'><strong>opem,</strong></span> <span class='ocrx_word' id='word_1_840' title='bbox 3674 5265 3801 5330; x_wconf 89' lang='lat' dir='ltr'><strong>nisi</strong></span> <span class='ocrx_word' id='word_1_841' title='bbox 3847 5288 3925 5332; x_wconf 76' lang='lat' dir='ltr'><strong>ex</strong></span> <span class='ocrx_word' id='word_1_842' title='bbox 3972 5269 4214 5334; x_wconf 78' lang='lat' dir='ltr'><strong>intuitu</strong></span> 
     </span>
    </p>
   </div>
  </div>
 </body>
</html>
