5059 6059
255 366 365 432 285

1489 364 1587 430 IN
1633 363 1687 431 1.
1733 363 1912 432 LIB.
1963 362 2361 431 SAMUEL.
2410 362 2610 429 oAP.
2658 362 2924 429 XVIII.

4077 362 4209 428 286

253 560 446 626 bimur
483 554 536 621 si
580 570 798 619 coram
843 551 1218 619 hominibus
1265 552 1416 639 puri
1462 562 1525 619 et
1569 552 1810 638 integri
1844 572 2161 636 apparea·
2268 573 2459 618 suum
2525 562 2870 637 quaerunt,
2936 551 3046 617 alii
3109 552 3354 618 divitiis
3410 550 3717 635 parandis
3761 550 4043 616 avaritia
4085 550 4207 616 du-

254 665 400 722 mus,
461 650 526 706 et
579 649 803 704 tamen
858 640 1036 705 vitae
1094 640 1532 704 emendationi
1591 660 1720 704 non
1763 637 2159 704 studeamus.

255 725 745 797 Sanctimoniam
792 725 1053 809 quidem
1148 745 1258 789 rae
1294 723 1483 790 nobis
1523 725 1807 806 aliquam
1844 723 2163 790 feremus:

254 813 355 882 sed
406 812 661 878 interim
722 811 964 876 nostris
1023 832 1061 875 a
1114 811 1366 876 cotibus
1423 809 1839 895 indulgentes
1882 810 2164 876 inebria-

253 902 466 975 bimur,
509 910 576 963 et
619 917 870 961 meram
913 894 1292 982 hypocrisin
1331 895 1708 973 fovebimus,
1754 895 1993 973 odium,
2041 895 2164 961 ini-

253 984 507 1051 micitias
562 989 631 1048 et
685 1003 881 1047 omne
939 1003 1147 1067 genus
1206 982 1492 1049 malitiae
1535 991 1932 1060 exercentes,
1987 993 2054 1048 et
2097 984 2163 1047 in

251 1070 369 1137 illis
423 1091 533 1134 nos
589 1069 800 1152 magis
858 1089 935 1132 ac
980 1068 1190 1153 magis
1234 1067 1636 1134 indurantes.
1723 1068 1813 1133 Et
1856 1068 2162 1151 quoniam

253 1178 369 1221 non
429 1171 699 1239 possunt
754 1153 1055 1219 homines
1110 1153 1263 1238 quid
1323 1154 1723 1220 occultemus
1781 1155 1846 1219 in
1906 1164 2166 1238 pectore

253 1239 601 1318 diiudicare,
662 1241 819 1304 iusti
879 1239 1066 1304 nobis
1126 1238 1512 1318 videbimur,
1573 1253 1638 1306 et
1689 1240 1972 1305 frontem
2019 1259 2166 1322 per·

252 1327 626 1407 fricabimus,
685 1346 820 1389 non
878 1335 1305 1408 agnoscentes
1362 1348 1485 1391 nos
1543 1326 1711 1391 ferre
1768 1326 2162 1391 sentent-iam

251 1416 308 1477 in
344 1434 455 1478 nos
489 1413 684 1495 ipsos,
730 1431 930 1493 quum
966 1409 1235 1476 Saulem
1275 1410 1802 1488 condemnamus,
1849 1422 1915 1476 et
1952 1410 2163 1475 detes—

253 1514 472 1564 tamur.
582 1496 808 1578 Quare
884 1496 1091 1581 ipsius
1147 1497 1447 1581 exemplo
1509 1497 1831 1563 discamus
1890 1495 2166 1563 candide

251 1599 308 1649 et
359 1584 604 1650 sincere
663 1603 810 1648 cum
871 1581 1176 1646 omnibus
1234 1604 1459 1667 agere:
1515 1594 1582 1648 et
1640 1581 2167 1666 quandoquidem

249 1690 422 1734 nemo
479 1690 614 1734 non
661 1669 932 1733 damnat
989 1667 1259 1733 Saulem
1315 1668 1770 1752 improbitatis,
1838 1666 2006 1751 quod
2049 1689 2167 1732 ne-

250 1754 644 1821 cessitudinis
712 1763 781 1819 et
824 1753 1166 1819 affinitatis
1208 1765 1553 1837 praetextu
1599 1754 1843 1820 Davidi
1887 1762 2168 1819 mortem

249 1842 614 1924 procurarit,
661 1856 1127 1924 cognoscamus
1164 1860 1305 1918 nos,
1341 1841 1463 1907 etsi
1505 1838 1980 1923 turpitudinem
2019 1861 2168 1905 nos-

250 1942 402 1991 tram
460 1940 525 1991 et
583 1925 824 1990 malam
869 1937 1158 1990 mentem
1202 1946 1418 1991 coram
1467 1925 1840 1991 hominibus
1885 1924 2165 1991 occulte-

249 2033 399 2089 mus,
457 2011 622 2077 adeo
677 2023 753 2077 ut
808 2011 1034 2076 nullus
1091 2032 1206 2076 nos
1264 2033 1568 2077 accusare
1629 2012 1831 2078 ullius
1876 2010 2164 2076 criminis

248 2099 451 2180 possit,
499 2096 665 2162 nihil
702 2109 924 2162 tamen
960 2109 1305 2181 propterea
1334 2099 1753 2183 promovisse,
1800 2096 1914 2162 sed
1941 2104 2170 2161 contra

249 2184 447 2266 potius
518 2202 736 2249 coram
806 2181 950 2246 Deo
1018 2184 1232 2248 maius
1290 2184 1536 2249 crimen
1594 2183 1989 2249 incurrisse:
2057 2183 2166 2266 qui

248 2268 494 2336 tandem
577 2288 773 2353 quam
856 2268 1180 2334 occultare
1257 2268 1627 2334 studuimus
1692 2265 2166 2352 turpitudinem

247 2375 451 2420 coram
496 2354 802 2420 omnibus
846 2351 1104 2439 deteget
1149 2370 1209 2418 et
1254 2355 1326 2419 in
1372 2365 1674 2439 apertum
1715 2355 2046 2439 producet.

403 2441 493 2506 Et
559 2438 818 2523 quidem
881 2439 1200 2506 hactenus
1259 2438 1338 2506 de
1384 2439 1601 2509 Saulis
1643 2440 1981 2506 fraudibus
2027 2438 2169 2522 qui-

248 2527 356 2593 bus
409 2527 630 2593 oblata
673 2523 921 2591 Davidi
965 2525 1099 2589 filia
1140 2525 1211 2589 in
1257 2547 1527 2592 uxorem
1568 2526 1833 2610 laqueos
1876 2525 1975 2589 illi
2018 2545 2168 2590 nec·

249 2625 374 2678 tere
430 2612 704 2689 studuit,
764 2610 1069 2676 simulata
1112 2621 1332 2675 tamen
1377 2613 1734 2690 amicititia‚
1790 2621 1859 2676 et
1905 2610 2170 2675 virtutis

246 2700 436 2782 ipsius
477 2697 771 2783 praemio
816 2707 883 2762 et
924 2698 1239 2777 mercede,
1282 2717 1472 2780 quem
1520 2708 1738 2762 tamen
1782 2716 1944 2763 cane
1988 2697 2171 2780 peius

248 2796 306 2848 et
343 2806 555 2869 angue
598 2783 844 2863 oderat,
889 2792 957 2846 et
998 2783 1070 2847 in
1115 2781 1399 2848 hostium
1448 2802 1681 2848 manus
1724 2790 2170 2866 praesentem-

249 2891 361 2953 que
415 2882 696 2935 mortem
756 2869 912 2933 dare
971 2866 1292 2933 studebat.
1382 2867 1515 2934 Sed
1570 2869 1640 2933 in
1685 2868 1905 2934 verbis
1953 2865 2171 2934 Saulis

246 2976 399 3039 quae
440 2962 956 3039 praecesserunt,
1001 2954 1129 3020 alia
1170 2954 1363 3019 etiam
1411 2955 1670 3038 turpior
1702 2953 2021 3037 quaedam
2057 2952 2170 3018 ob·

249 3042 557 3107 servanda
614 3041 943 3107 simulatio
1001 3060 1148 3107 cum
1195 3037 1544 3121 tyrannide
1588 3042 1954 3114 coniuncta,
2020 3059 2169 3104 nam

249 3129 362 3191 ait:
416 3124 833 3193 'I'antumodo
887 3133 1026 3191 esto
1081 3127 1286 3204 fortis,
1347 3135 1413 3191 et
1457 3127 1776 3209 praeliare
1821 3124 1991 3191 bella
2036 3124 2170 3189 Do·

250 3212 414 3279 mini.
502 3212 690 3279 Nihil
754 3213 828 3276 in
894 3209 1092 3279 Saule
1158 3232 1345 3295 posse
1408 3213 1649 3297 requiri
1718 3210 1912 3278 dicas.
2000 3210 2173 3276 Nam

249 3298 334 3363 rei
393 3300 690 3383 privatae
749 3297 1085 3383 augendae
1142 3318 1271 3363 non
1332 3297 1593 3364 videtur
1634 3297 1837 3363 fuisse
1881 3296 2173 3380 cupidus,

249 3384 350 3449 sed
426 3385 557 3452 Dei
639 3384 884 3468 gloriae
961 3384 1440 3467 promovendae
1505 3392 1761 3450 tantum
1830 3381 2174 3449 studiosus.

253 3469 401 3535 Sunt
441 3472 557 3553 ait,
603 3470 762 3536 bella
806 3469 1069 3534 Domini
1102 3489 1265 3551 quae
1290 3468 1740 3553 praeliaberis.-
1781 3469 1964 3554 quasi
1989 3468 2177 3547 dicat,

251 3576 368 3621 non
427 3564 695 3622 tantum
752 3555 1006 3637 legatus
1063 3576 1249 3620 meus
1306 3557 1453 3635 eris,
1510 3576 1639 3620 non
1702 3564 1957 3620 tantum
2012 3554 2176 3618 meis

251 3643 584 3726 populique
629 3640 989 3707 commodis
1031 3641 1370 3717 inservies,
1416 3640 1527 3707 sed
1573 3641 1699 3725 ipsi
1744 3640 1890 3707 Deo
1924 3640 2174 3706 viventi

248 3748 497 3810 operam
560 3727 855 3806 navabis,
916 3727 1107 3792 euius
1167 3746 1283 3792 nos
1329 3727 1606 3810 populus
1650 3747 1894 3806 sumus,
1956 3735 2021 3791 et
2065 3726 2175 3808 qui

250 3833 358 3878 nos
399 3815 467 3879 in
513 3835 702 3880 suam
748 3813 1217 3897 protectionem
1264 3814 1541 3896 recepit:
1586 3832 1786 3896 quare
1821 3833 2023 3896 quum
2062 3809 2177 3875 ad-

254 3920 469 3965 versus
524 3899 746 3965 hostes
802 3897 1144 3984 pugnabis,
1212 3918 1343 3963 non
1401 3898 1566 3963 mibi
1610 3909 1867 3963 tantum
1916 3908 1985 3964 et
2025 3896 2178 3962 huic

252 3986 496 4068 populo,
556 3984 671 4051 sed
714 3986 841 4068 ipsi
884 3988 1079 4050 etiam
1125 3982 1412 4048 Domino
1458 3984 1795 4050 inservies.
1883 3984 1979 4049 Er
2024 4005 2063 4049 o
2107 3984 2178 4047 in

250 4071 451 4154 specie
497 4073 600 4139 vir
645 4071 830 4136 fortis
873 4083 938 4135 et
982 4071 1132 4155 pius
1175 4069 1442 4135 videtur
1485 4091 1626 4135 esse
1670 4069 1852 4148 Saul,
1910 4091 1979 4135 se
2026 4119 2042 4149 ,
2099 4078 2176 4133 ut

251 4165 393 4221 ante
456 4157 616 4238 dixi,
690 4157 928 4221 talibus
988 4155 1203 4221 verbis
1259 4176 1536 4239 pravum
1592 4177 1780 4221 suum
1840 4155 2175 4237 ingenium

252 4242 545 4321 occultat,
582 4263 766 4307 mera
801 4252 899 4306 est
935 4241 1283 4307 verborum
1323 4240 1654 4306 simulatio
1690 4253 1756 4305 et
1791 4240 2175 4325 hypocrisiS,

251 4328 763 4413 quandoquidem
814 4327 1089 4393 Davidis
1132 4336 1408 4392 mortem
1456 4328 1573 4393 hoc
1618 4327 1956 4392 affinitatis
2000 4347 2180 4409 prae-

253 4423 428 4479 textu
474 4416 747 4499 quaerit,
793 4425 860 4478 et
901 4413 1141 4498 impius
1186 4422 1286 4478 est
1323 4413 1393 4477 in
1430 4411 1648 4477 Deum
1687 4413 1875 4478 cuius
1913 4411 2177 4476 nomine

255 4500 327 4564 ad
394 4501 741 4585 tegendam
820 4520 1006 4565 suam
1066 4497 1516 4565 crudelitatem
1577 4508 1643 4563 et
1702 4496 2175 4582 turpitudinem

255 4586 553 4652 abutitur.
642 4586 872 4669 Neque
944 4606 1101 4650 vero
1170 4585 1408 4650 mirum
1467 4582 1645 4649 istud
1705 4583 1909 4649 videri
1968 4583 2178 4668 debet,

254 4673 550 4754 quoniam
595 4674 897 4737 omnibus
941 4671 1301 4756 hypocritis
1343 4690 1684 4736 commune
1729 4679 1846 4749 est,
1905 4679 1980 4733 ut
2023 4670 2175 4735 faci-

255 4756 373 4823 lius
430 4779 585 4823 suos
629 4757 810 4824 dolos
852 4766 1100 4843 tegant,
1159 4757 1285 4820 Dei
1330 4757 1596 4821 nomine
1639 4756 1836 4833 abuti,
1882 4756 2021 4820 sive
2064 4752 2176 4819 ad·

256 4841 451 4909 hibito
498 4846 889 4923 iuramento,
935 4844 1073 4909 sive
1102 4842 1585 4927 protestatione,
1632 4842 1770 4907 sive
1796 4842 1926 4908 alia
1991 4842 2179 4906 navis

258 4930 516 4995 ratione.
605 4930 802 4995 Pium
863 4933 1076 5013 itaque
1132 4929 1343 4994 zelum
1402 4936 1468 4992 et
1510 4927 1799 4993 studium
1845 4926 1918 4991 in
2030 4948 2178 4991 eum

257 5017 657 5097 profitentur,
738 5016 956 5082 officia
1033 5016 1244 5080 multa
1316 5035 1480 5097 quae
1537 5013 1853 5099 proximis
1917 5022 2181 5097 accepta

257 5100 507 5182 debent,
574 5102 641 5166 in
707 5101 993 5167 medium
1061 5100 1421 5183 proferunt,
1488 5100 1767 5181 denique
1831 5097 1997 5162 nihil
2053 5098 2179 5163 nisi

257 5184 377 5252 Dei
450 5188 722 5272 gloriam
790 5196 858 5253 et
911 5187 1358 5272 proximorum
1417 5186 1749 5253 caritatem
1807 5182 2178 5268 loquuntur,

259 5272 364 5338 sed
419 5273 613 5358 longe
670 5274 800 5339 alia
857 5293 1042 5338 mens
1098 5272 1396 5355 ipsorum
1454 5282 1574 5337 est.
1665 5271 1956 5336 Lucrum
2001 5270 2176 5335 enim

2265 647 2527 714 cuntur,
2584 638 2695 703 alii
2740 659 2898 704 vero
2940 637 3294 703 honoribus
3337 638 3809 722 consequendis
3853 638 4206 702 ambitione

2265 733 2554 809 turgent,
2615 724 2895 808 denique
2941 724 3103 788 nihil
3150 724 3273 789 nisi
3319 723 3580 789 fraudes
3625 733 3693 788 et
3736 723 3916 788 dolos
3962 722 4205 788 machi-

2263 826 2524 891 nantur,
2568 818 2634 875 et
2676 830 2903 874 eorum
2947 811 3165 875 oculos
3210 811 3663 895 perstringunt
3706 808 3937 893 quibus
3980 808 4202 872 fucum

2265 895 2531 976 faciunt,
2599 906 2667 960 et
2725 913 2858 960 tam
2919 895 3178 961 blandis
3222 909 3288 960 et
3331 896 3455 978 piis
3499 894 3718 960 verbis
3762 915 3949 959 suam
3997 895 4204 977 turpi-

2263 981 2555 1047 tudinem
2619 992 2867 1065 tegunt,
2934 992 3012 1046 ut
3080 982 3243 1046 nihil
3300 982 3424 1046 nisi
3469 981 3615 1046 Deo
3661 980 3823 1046 duce
3868 993 3935 1045 et
3976 988 4204 1045 autore

2266 1068 2478 1134 facere
2542 1067 2905 1134 videantur.
2996 1066 3221 1147 Quare
3278 1089 3477 1150 quum
3524 1079 3654 1131 tam
3703 1066 4026 1150 ingeniosi
4071 1066 4204 1130 sint

2266 1154 2583 1230 homines,
2650 1156 2847 1218 immo
2908 1163 3039 1218 tam
3098 1153 3511 1236 impudentes
3568 1154 3637 1217 in
3696 1151 4088 1216 assumendo
4134 1153 4202 1215 in

2265 1260 2512 1306 vanum
2574 1238 2701 1304 Dei
2746 1240 3032 1318 nomine,
3094 1261 3221 1323 quo
3265 1260 3450 1304 suam
3497 1240 3907 1320 iniquitatem
3953 1247 4203 1322 tegant,

2267 1337 2335 1390 et
2410 1324 2786 1389 hominibus
2867 1327 3225 1409 imponant,
3307 1334 3490 1389 tanto
3563 1324 3770 1388 maior
3834 1321 4205 1387 adhibenda

2267 1410 2456 1476 nobis
2512 1425 2612 1475 est
2665 1412 2878 1477 cautio
2936 1412 3003 1475 in
3052 1409 3234 1475 nobis
3277 1409 3719 1493 explorandis,
3787 1429 3869 1472 ne
3914 1429 4200 1491 unquam

2268 1496 2393 1561 Dei
2438 1516 2675 1562 nomen
2722 1517 3131 1563 assumamus
3177 1495 3302 1560 nisi
3348 1496 3616 1574 sineere,
3662 1505 3730 1559 et
3768 1493 3838 1557 in
3882 1495 4061 1557 omni
4097 1515 4204 1557 ae-

2268 1585 2515 1665 quitate
2581 1593 2645 1647 et
2711 1581 3118 1659 rectitudine,
3187 1603 3270 1645 ne
3336 1601 3627 1663 unquam
3689 1581 3756 1643 in
3804 1598 4045 1643 vanum
4092 1597 4205 1643 aut

2269 1669 2571 1734 simulate
2614 1668 2775 1732 illud
2818 1686 3247 1750 usurpemus:
3293 1665 3405 1732 sed
3443 1667 3498 1731 si
3536 1665 3887 1731 iurandum
3924 1666 4047 1730 erit
4084 1664 4203 1729 ali·

2312 1753 2551 1837 uando,
2610 1775 2759 1820 cum
2818 1753 3189 1818 reverentia
3244 1764 3306 1817 et
3368 1755 3598 1817 timore
3657 1750 3867 1817 divini
3914 1750 4203 1815 nominis

2296 1860 2597 1906 aciamus.

2439 1924 2572 1989 Sed
2631 1926 2777 2008 quis
2834 1924 2955 1989 fuit
3016 1923 3274 1989 tandem
3337 1921 3598 1988 exitus?
3689 1923 3886 2005 Agite
3944 1922 4073 1986 iam
4120 1944 4200 1987 ex

2270 2011 2691 2095 sequentibus
2749 2011 2965 2076 verbis
3022 2008 3468 2093 expendamus
3482 2032 3498 2089 ;
3562 2007 3829 2074 Factum
3869 2012 3959 2074 est
3998 2012 4203 2072 autem

2267 2102 2512 2177 tempus
2569 2117 2765 2178 quum
2819 2096 3055 2162 deberet
3110 2097 3259 2162 dari
3316 2094 3533 2161 Merob
3570 2094 3713 2177 filia
3759 2092 3919 2160 Saul
3963 2092 4200 2173 David,

2267 2184 2421 2249 data
2462 2186 2553 2248 est
2594 2182 2895 2248 Hadrieli
2938 2181 3315 2248 Molathitae
3356 2201 3536 2246 uxor.
3624 2179 3928 2265 Augetur
3962 2180 4203 2244 iniuria

2268 2270 2450 2351 prior
2518 2267 2826 2334 dedecore
2893 2289 3020 2350 quo
3090 2266 3416 2332 Davidem
3477 2266 3696 2344 afficit,
3769 2265 4205 2349 ignominiose

2268 2355 2489 2437 ipsum
2564 2354 2879 2438 promissa
2944 2353 3076 2418 filia
3142 2352 3410 2435 privans
3476 2363 3544 2417 et
3607 2350 3797 2416 alteri
3863 2350 4204 2417 collocans.

2270 2440 2414 2505 Nae
2470 2440 2527 2505 si
2585 2439 2732 2522 quis
2789 2458 2907 2505 suo
2966 2439 3107 2503 iure
3162 2437 3521 2514 fraudatur,
3582 2449 3648 2501 et
3701 2437 4021 2519 promissa
4072 2456 4204 2499 non

2273 2535 2655 2608 sequuntur,
2716 2536 2781 2590 et
2835 2545 2951 2607 pro
2994 2532 3235 2589 navata
3279 2545 3477 2607 opera
3525 2542 3650 2587 non
3697 2523 3887 2587 modo
3932 2541 4064 2586 non
4111 2542 4206 2585 re-

2274 2610 2585 2694 penditur
2627 2631 2897 2689 merces,
2953 2609 3064 2675 sed
3112 2609 3336 2674 eadem
3381 2612 3704 2693 privatur,
3752 2628 4054 2691 magnam
4100 2609 4204 2669 in-

2275 2698 2526 2775 iuriam,
2571 2705 2638 2761 et
2685 2698 2791 2762 vix
2839 2695 3234 2760 tolerabilem
3280 2698 3560 2777 patitur:
3629 2692 3740 2758 sed
3787 2695 3845 2758 si
3888 2692 3969 2757 ad
4014 2713 4205 2777 supe-

2274 2781 2480 2847 riores
2523 2780 2674 2847 illas
2717 2781 2988 2847 iniurias
3031 2782 3226 2845 etiam
3265 2780 3531 2847 accedat
3564 2778 3958 2846 contumelia
3992 2790 4060 2844 et
4096 2780 4209 2842 de-

2275 2866 2490 2952 decus,
2536 2879 2613 2933 ut
2654 2867 2946 2932 omnium
2990 2867 3148 2931 risui
3186 2878 3571 2948 exponatur,
3615 2876 3866 2931 certum
3903 2875 4002 2929 est
4035 2865 4209 2928 into·

2273 2952 2609 3019 lerabilem
2671 2953 2979 3019 iniuriam
3037 2974 3195 3017 esse.
3286 2952 3455 3016 Nam
3515 2971 3640 3034 quo
3684 2949 3952 3015 meliore
3991 2948 4207 3013 indole

2276 3040 2476 3105 fuerit
2518 3039 2751 3123 aliquis
2793 3053 2857 3104 et
2900 3059 3027 3122 quo
3070 3038 3338 3115 fidelior,
3385 3058 3460 3102 eo
3503 3037 3772 3121 gravius
3816 3035 3984 3099 feret
4025 3035 4206 3099 inus·

2275 3137 2415 3191 tum
2495 3125 2757 3208 aliquod
2835 3123 2956 3189 sibi
3039 3123 3316 3189 dedecus
3396 3133 3460 3187 et
3526 3121 3972 3205 ignominiam.
4060 3119 4205 3184 'Pali

2276 3212 2672 3278 contumelia
2705 3209 2830 3276 fuit
2864 3209 3133 3276 affectus
3168 3207 3386 3274 David
3425 3229 3462 3271 a
3500 3205 3721 3273 Saule.
3811 3206 3979 3271 Nam
4016 3215 4209 3270 antea

2276 3296 2539 3380 quidem
2610 3317 2727 3362 suo
2791 3296 2935 3360 iure
2995 3295 3436 3373 fraudabatur,
3506 3314 3706 3376 quum
3764 3291 4084 3375 promissa
4143 3292 4209 3355 in

2277 3403 2546 3448 uxorem
2609 3382 2782 3466 regis
2826 3381 2979 3458 filia,
3026 3392 3178 3446 ante
3222 3399 3643 3464 congressum
3688 3398 3835 3442 cum
3881 3377 4211 3455 Goliath0,

2276 3488 2410 3533 non
2479 3468 2746 3533 daretur
2813 3489 2894 3533 ex
2962 3477 3150 3550 pacto
3220 3467 3467 3531 debita:
3536 3463 3649 3529 sed
3715 3483 3920 3544 quum
3975 3462 4209 3529 deinde

2277 3553 2689 3638 sponsalibus
2733 3554 2938 3631 factis,
2984 3563 3052 3617 et
3096 3551 3353 3617 Davide
3397 3552 3523 3614 iam
3572 3551 3796 3633 generi
3841 3548 4052 3612 locum
4099 3549 4209 3613 ob-

2276 3640 2549 3715 tinente,
2586 3639 2854 3723 nuptiae
2876 3637 3187 3705 celebrari
3213 3636 3546 3714 debebant,
3584 3635 3750 3699 alius
3772 3634 3973 3716 ipsius
3997 3631 4209 3698 locum

2277 3745 2431 3790 occu
2483 3732 2571 3802 at,
2644 3734 2711 3789 et
2780 3725 3072 3789 omnium
3141 3724 3298 3788 risui
3357 3732 3421 3786 et
3473 3720 3809 3788 cachinnis
3866 3720 4215 3802 exponitur

2278 3809 2416 3875 deri
2465 3810 2693 3887 iculus,
2737 3831 2950 3876 nonne
2984 3810 3219 3874 merito
3253 3817 3507 3891 poterat
3540 3807 3969 3872 vehementer
4004 3804 4212 3888 indig-

2279 3897 2426 3963 nari
2472 3906 2539 3962 et
2581 3896 2894 3962 adversus
2938 3894 3204 3960 Saulem
3242 3892 3661 3959 exacerbari?
3705 3890 3954 3956 Verum
3993 3899 4212 3954 tamen

2281 4002 2475 4066 quam
2518 3983 2844 4065 patienter
2876 3982 3067 4047 istam
3105 3981 3405 4045 iniuriam
3432 3978 3661 4043 tulerit
3683 3984 3971 4061 apparet,
4008 3995 4212 4059 quan·

2282 4068 2628 4153 doquidem
2697 4068 3118 4133 nihilominus
3177 4068 3244 4130 in
3304 4064 3518 4131 officio
3561 4073 3697 4128 tam
3742 4083 3901 4142 erga
3942 4059 4212 4128 Saulem

2282 4175 2475 4237 quam
2522 4154 2831 4237 populum
2878 4152 3155 4219 fideliter
3199 4151 3506 4234 perstitit.
3595 4150 3840 4232 Ecquis
3885 4169 4038 4214 vero
4083 4168 4212 4211 non

2282 4250 2803 4306 commoveretur
2847 4249 2980 4303 tam
3024 4238 3152 4303 insi
3202 4239 3267 4301 ni
3315 4246 3574 4319 accepta
3620 4232 3901 4299 iniuria?
3959 4232 4210 4297 Verum

2279 4335 2496 4391 tamen
2543 4324 2762 4391 David
2806 4345 3020 4408 neque
3062 4324 3132 4388 in
3184 4325 3465 4408 ignatur,
3525 4341 3736 4404 neque
3779 4319 4209 4400 conqueritur.

2278 4412 2420 4477 Nae
2456 4412 2566 4495 qui
2602 4411 2987 4496 dignitatem
3023 4410 3308 4493 aliquam
3344 4408 3515 4473 inter
3551 4427 3845 4488 proceres
3880 4404 4208 4486 assequuti

2281 4507 2454 4577 sunt,
2509 4500 2564 4562 si
2609 4517 2806 4578 quam
2850 4497 3051 4562 talem
3096 4493 3549 4561 contumeliam
3598 4491 3771 4574 passi
3814 4497 3985 4568 sunt,
4044 4488 4212 4553 nihil

2279 4604 2411 4648 non
2474 4581 2555 4647 ad
2618 4581 3021 4648 ulciscendos
3076 4582 3376 4646 inimicos
3434 4590 3731 4644 movent:
3793 4575 4008 4640 David
4055 4595 4209 4639 voro

2279 4669 2429 4734 licet
2486 4667 2728 4732 multas
2784 4668 3083 4734 videatur
3125 4668 3490 4732 occasiones
3531 4662 3771 4727 habere
3815 4669 3880 4725 et
3924 4659 4211 4726 rationes

2280 4754 2527 4819 illatam
2596 4754 2903 4818 iniuriam
2966 4753 3085 4818 sibi
3154 4750 3545 4825 vindicandi,
3629 4760 3849 4811 tamen
3917 4748 4212 4828 agnoscit

2281 4840 2494 4905 Deum
2555 4838 2658 4904 his
2717 4839 2925 4904 modis
2982 4837 3149 4903 velle
3203 4834 3583 4922 patientiam
3643 4853 3830 4897 suam
3884 4851 4209 4899 exercere.

2279 4925 2507 5008 Neque
2552 4926 2726 4989 enim
2771 4924 2882 4988 ille
2925 4943 2996 4989 se
3039 4924 3108 4987 in
3157 4921 3373 5005 populi
3420 4917 3955 5003 gubernationem
3996 4918 4211 5002 inges-

2280 5022 2490 5077 serat:
2551 5008 2664 5076 sed
2718 5008 2935 5075 Deum
2980 5007 3223 5075 sciebat
3266 5005 3385 5071 sibi
3432 5015 3747 5082 autorem,
3811 5026 3850 5068 a
3894 5023 4022 5085 quo
4065 5014 4211 5069 tan-

2328 5118 2478 5163 uam
2537 5116 2739 5161 manu
2793 5094 2874 5161 ad
2935 5095 3250 5159 honorem
3308 5104 3375 5156 et
3429 5090 3813 5174 dignitatem
3875 5088 4056 5153 illam
4102 5089 4212 5156 de-

2282 5117 2516 5248 ductus
2573 5182 2800 5258 fuerat,
2860 5193 2927 5247 et
2970 5181 3092 5265 ipsi
3138 5179 3411 5262 gratiam
3460 5185 3527 5239 et
3570 5177 3992 5240 autoritatem
4038 5176 4210 5260 apud

2283 5269 2600 5353 populum
2646 5267 3046 5334 conciliarat.
3134 5264 3355 5346 Quare
3398 5263 3554 5328 licet
3600 5261 3759 5329 Saul
3804 5280 3949 5327 eum
3989 5262 4216 5328 multis
