5059 6059
744 283 883 354 3oe

749 476 1090 560 potestate,
1124 457 1501 530 liberandos
1532 463 1727 538 atque
1760 448 2084 520 eruendos
2120 469 2284 517 esse.
2329 447 2702 534 anterum,

752 567 1216 646 praeterquam
1278 542 1451 630 quod
1514 542 1587 608 in
1654 540 1776 606 hac
1840 538 2079 604 misera
2145 544 2212 600 et
2254 536 2499 602 caduca
2543 539 2701 618 vita,

755 644 936 712 mille
992 640 1145 705 licet
1194 631 1479 700 miseriis
1530 626 1746 694 obruti
1786 642 2131 706 speramus
2174 621 2478 687 divinum
2521 624 2701 690 auxi·

754 731 918 798 lium
975 735 1043 792 et
1084 726 1415 805 integram
1459 713 1956 787 restitutionem,
2023 708 2226 774 etiam
2270 707 2518 791 aliquid
2562 730 2701 774 am·

754 817 931 902 plius
986 833 1073 877 ex
1130 809 1252 874 hoc
1307 804 1450 870 loeo
1506 796 1890 866 discendum
1948 813 2024 858 ao
2086 794 2416 859 mentibus
2456 797 2702 862 nostris

755 902 955 970 altius
998 889 1461 980 reponendum,
1510 904 1740 966 nempe
1787 902 1906 948 nos
1951 880 2105 946 lieet
2146 881 2217 943 in
2261 881 2561 962 sepulcro
2607 882 2698 944 ig-

754 997 978 1056 centes
1032 984 1108 1048 in
1164 980 1449 1046 cinerem
1493 994 1570 1039 ac
1613 968 1952 1054 pulverem
2001 965 2296 1030 redactos
2380 966 2556 1032 vitae
2602 969 2702 1032 ni.

755 1073 1115 1142 hilominus
1157 1059 1628 1131 restituendos:
1672 1053 1845 1139 quod
1892 1053 2202 1116 nimirum
2242 1016 2319 1115 id'
2343 1052 2526 1119 Deus
2565 1053 2702 1134 ipse

754 1155 1150 1247 promiserit.
1238 1148 1461 1230 Quare
1521 1144 1715 1228 agite,
1774 1136 2081 1205 fiduciam
2136 1157 2397 1203 omnem
2443 1139 2510 1202 in
2559 1139 2701 1202 Deo

753 1245 1167 1319 collocemus,
1225 1245 1401 1303 certo
1461 1227 1756 1316 persuasi
1813 1245 1933 1291 nos
1976 1221 2249 1289 decurso
2286 1224 2460 1288 vitae
2504 1223 2703 1291 huius

756 1327 1084 1401 curriculo
1129 1344 1263 1389 non
1294 1340 1435 1386 esse
1469 1335 1737 1400 prorsus
1773 1312 1843 1376 in
1878 1331 1951 1376 se
2000 1311 2174 1374 ulcro
2207 1310 2700 1387 consumendos,

759 1430 876 1485 aut
918 1416 986 1481 in
1031 1411 1312 1477 nihilum
1348 1398 1756 1488 redigendos,
1801 1417 1927 1480 quo
2009 1395 2215 1461 nostri
2252 1416 2479 1460 curam
2522 1395 2703 1462 Deus

757 1524 893 1570 non
936 1497 1261 1571 abiecerit,
1306 1491 1420 1559 sed
1467 1507 1667 1573 quum
1713 1495 1970 1565 tempus
2011 1481 2355 1546 advenerit
2400 1481 2701 1566 redemp-

759 1590 955 1655 tionis
1007 1584 1089 1651 ab
1143 1584 1283 1666 ipso
1342 1571 1770 1647 suscitandos,
1836 1578 1904 1634 et
1961 1568 2101 1631 vita
2147 1565 2259 1630 illa
2300 1569 2702 1651 sempiterna

759 1674 950 1741 nobis
1036 1669 1355 1754 promissa
1433 1657 1786 1728 donandos.
1876 1652 2108 1735 Quum
2173 1653 2376 1733 igitur
2442 1669 2701 1736 tempus

756 1759 923 1827 illud
1007 1750 1476 1835 redemptionis
1540 1741 1900 1816 advenerit,
1988 1760 2060 1804 re
2127 1739 2270 1821 ipsa
2332 1740 2702 1805 sententiae

760 1846 961 1913 huius
1029 1839 1297 1908 Domini
1364 1833 1569 1900 nostri
1627 1828 1782 1896 Iesu
1825 1825 2077 1892 Christi
2119 1824 2424 1890 effectum
2470 1835 2538 1889 et
2578 1826 2701 1890 im·

758 1932 1115 2017 pletionem
1184 1921 1635 2009 percipiemus,
1700 1934 1837 2011 qua·
1892 1933 1964 1977 se
2029 1913 2569 2010 resurrectionem
2636 1919 2704 1975 et

756 2021 964 2085 vitam
1030 2033 1175 2080 esse
1240 2009 1603 2094 profitetur,
1673 2020 1756 2066 ne
1820 2019 1894 2063 ιιι
1957 2009 2239 2081 gemitus
2294 2008 2362 2062 et·
2405 1996 2703 2080 querelas

759 2122 1034 2171 ruamus
1089 2116 1295 2182 quum
1351 2091 1434 2157 ad
1488 2086 1862 2172 sepulerum
1907 2096 1974 2148 et
2018 2084 2504 2164 corruptionem
2551 2103 2700 2165 pro-

762 2187 1231 2274 peraverimus.
1316 2178 1490 2245 Nam
1534 2171 1689 2259 quid
1732 2172 1998 2238 obsecro
2042 2167 2467 2234 metuendum
2515 2168 2703 2233 nobis

755 2295 960 2360 quum
992 2275 1131 2355 ipse
1164 2268 1293 2333 Dei
1337 2265 1513 2332 filius
1559 2269 1787 2326 nostra
1827 2257 1916 2322 sit
1959 2253 2392 2319 resurrectio?
2454 2252 2706 2335 Quam·

754 2363 978 2428 obrem
1037 2352 1319 2438 sepulcri
1375 2351 1453 2417 fit
1509 2344 1775 2422 mentio,
1847 2342 2149 2425 primum,
2212 2351 2285 2404 ut
2327 2342 2396 2406 in
2440 2360 2704 2423 corrup-

756 2449 1004 2512 tionem
1048 2444 1362 2508 abeuntes
1412 2455 1556 2501 eam
1608 2450 1819 2513 aequo
1866 2427 2089 2492 animo
2127 2427 2430 2492 feramus.
2520 2424 2701 2507 Quid

756 2531 897 2599 ita?
964 2548 1197 2611 nempe
1250 2519 1661 2589 moriendum
1721 2513 1906 2580 nobis
1952 2528 2023 2578 ιιι
2069 2512 2385 2578 vivamus.
2477 2510 2702 2593 Quare

759 2620 817 2685 si
878 2616 1005 2683 Dei
1046 2613 1257 2679 filium
1302 2607 1486 2675 nobis
1528 2603 1672 2671 fieri
1721 2601 1925 2666 vitam
1968 2599 2291 2681 cupimus,
2352 2618 2470 2663 nos
2514 2596 2701 2662 nobis

758 2704 924 2787 ipsis
968 2701 1131 2767 mori
1176 2715 1439 2763 necesse
1475 2701 1595 2769 est,
1638 2707 1716 2755 ac
1759 2684 2004 2751 mundo
2043 2684 2364 2767 rebusque
2399 2685 2702 2748 omnibus

756 2788 1023 2857 caducis
1087 2785 1232 2850 istis
1285 2778 1688 2846 renunciare.
1780 2771 1861 2837 In
1907 2790 2164 2836 summa
2222 2769 2383 2835 haec
2436 2767 2518 2833 ad
2581 2789 2700 2833 nos

756 2895 840 2942 ex
907 2874 1029 2940 hoc
1095 2871 1235 2936 loco
1296 2866 1519 2933 redeat
1582 2860 1855 2935 utilitas,
1923 2857 2138 2922 Deum
2185 2875 2306 2930 nos
2350 2858 2441 2919 ita
2488 2853 2703 2919 deiici-

756 2973 977 3028 entem
1012 2966 1081 3023 et
1114 2953 1615 3022 imminuentem
1652 2957 1727 3012 ιιι
1760 2963 1967 3027 paene
2003 2943 2069 3006 in
2108 2941 2388 3007 nihilum
2424 2942 2702 3024 redigat,

757 3069 892 3114 non
953 3059 1175 3109 tamen
1235 3038 1564 3113 abiecisse,
1623 3032 1736 3098 sed
1796 3030 1891 3096 ita
1934 3026 2279 3110 disponere
2323 3025 2406 3092 ad
2452 3028 2701 3111 gratiae

755 3134 965 3216 ipsius
1008 3127 1514 3214 perceptionem,
1559 3129 1630 3188 ut
1673 3138 1790 3183 nos
1823 3117 1998 3198 ipsos
2036 3116 2368 3197 vitamque
2406 3127 2699 3212 nostram

757 3229 1089 3303 acceptam
1140 3214 1239 3278 illi
1301 3209 1415 3277 uni
1472 3207 1794 3273 feramus:
1858 3223 1933 3267 ac
1992 3219 2147 3266 vere
2193 3219 2310 3265 nos
2349 3200 2431 3265 ab
2474 3220 2617 3282 ipso
2661 3220 2700 3263 e

755 3304 1057 3388 sepulcro
1102 3298 1294 3366 educi
1338 3311 1694 3369 teneamus,
1739 3298 1808 3354 et
1849 3286 1934 3352 ad
1977 3285 2156 3352 hunc
2199 3305 2469 3370 scopum
2512 3304 2736 3368 quas-g

754 3408 1015 3473 cunque
1058 3397 1318 3451 nostras
1361 3381 1746 3447 afflictiones
1790 3371 2173 3439 referamus.
2656 3456 2669 3470 ·

933 3475 1226 3556 Pei-gens
1268 3474 1468 3536 Anna
1524 3463 1701 3539 dicit,
1758 3459 1967 3528 Deum
2018 3458 2448 3540 depauperare
2501 3460 2556 3520 et
2598 3456 2697 3521 da·

755 3567 912 3638 tare,
956 3559 1223 3626 deiicere
1258 3555 1526 3622 deciam
1566 3547 1866 3617 extollere.
1912 3544 2100 3627 Quae
2134 3564 2291 3610 sanc
2326 3564 2473 3609 cum
2512 3563 2699 3625 supe-

752 3645 1034 3712 rioribus
1076 3640 1305 3709 eadem
1352 3641 1543 3723 plane
1584 3644 1771 3702 sunt:
1831 3630 1943 3699 sed
1997 3653 2083 3695 ex
2133 3630 2212 3696 iis
2252 3651 2381 3714 quo
2424 3631 2698 3712 spiritus

754 3729 986 3797 ardore
1030 3731 1098 3794 in
1144 3728 1317 3793 hanc
1356 3725 1720 3791 orationem
1764 3718 1963 3787 Anna
2006 3716 2345 3783 devenerit
2390 3718 2465 3782 fit
2509 3715 2695 3781 nobis

753 3815 1203 3899 conspicuum,
1269 3820 1347 3878 ut
1403 3811 1715 3875 nimirum
1774 3816 2091 3887 tanquam
2150 3805 2216 3868 in
2274 3801 2540 3887 speculo
2599 3801 2695 3866 di·

753 3903 980 3971 vinam
1065 3896 1538 3984 providentiam
1608 3892 1993 3958 intuendam
2095 3901 2518 3975 proponeret,
2621 3898 2696 3952 ut

749 3988 919 4055 nihil
978 3988 1047 4051 in
1103 3996 1237 4050 toto
1295 3993 1625 4049 terrarum
1667 3980 1825 4044 orbe
1866 3997 2021 4043 casu
2069 3978 2210 4042 fieri
2257 3976 2359 4041 vel
2404 3975 2694 4053 fortuito,

740 4074 857 4142 sed
901 4071 1167 4157 singula
1191 4070 1314 4136 Dei
1363 4066 1840 4151 providentiam
1885 4062 2347 4129 administrare
2382 4062 2688 4127 sciamus.

741 4165 843 4228 Ac
898 4180 1059 4225 sane
1118 4157 1291 4222 hanc
1348 4155 1535 4221 nobis
1580 4172 1773 4234 saepe
1832 4150 2199 4216 doctrinam
2246 4149 2580 4229 inculcari,
2625 4158 2694 4211 et

747 4266 943 4329 saepe
1010 4242 1311 4310 iterando
1376 4240 1586 4324 ingeri
1659 4257 1923 4303 neccsse
1980 4249 2074 4300 est
2138 4249 2487 4317 antequam
2547 4254 2691 4297 eam

749 4332 855 4399 vel
899 4347 1349 4413 assequamur,
1407 4326 1511 4392 vel
1567 4323 1859 4389 fructum
1904 4321 2186 4405 aliquem
2232 4343 2316 4386 ex
2357 4341 2438 4385 ea
2482 4321 2688 4401 perci-

744 4420 1029 4505 piamus.
1132 4414 1305 4481 Nam
1378 4413 1531 4478 licet
1594 4430 1781 4476 sacra
1831 4411 2076 4492 pagina
2137 4409 2329 4472 toties
2394 4405 2688 4471 divinam

745 4502 1228 4588 providentiam
1277 4498 1620 4584 praedicet,
1683 4516 1759 4560 ac
1800 4496 2185 4560 nominatim
2232 4495 2298 4558 in
2346 4493 2690 4577 evangelio

748 4590 1080 4656 Dominus
1117 4609 1234 4652 nos
1269 4586 1579 4651 certiores
1615 4582 1828 4662 faciat,
1872 4603 1954 4646 ne
1994 4602 2199 4646 unum
2239 4578 2501 4663 quidcm
2542 4601 2690 4662 pas·

749 4675 1079 4744 serculum
1137 4674 1282 4738 sine
1340 4672 1465 4737 Dei
1533 4670 1874 4734 voluntate
1939 4665 2253 4742 decidere,
2319 4686 2395 4730 ac
2460 4666 2691 4748 capitis

751 4762 961 4828 nostri
1006 4759 1273 4842 capillos
1315 4778 1543 4821 omnes
1585 4777 1728 4820 esse
1775 4767 2168 4820 numeratos.
2234 4764 2415 4817 tanta
2470 4765 2687 4816 tamen

749 4846 1116 4913 diffidentia
1174 4855 1241 4910 et
1296 4844 1635 4908 obtusione
1695 4843 1933 4905 mentis
1993 4840 2383 4915 laboramus,
2454 4851 2524 4901 ut
2575 4839 2688 4902 vix

748 4933 831 4998 ad
859 4935 1073 4998 Deum
1109 4937 1475 5014 assurgere,
1519 4927 1602 4993 ab
1638 4949 1714 4992 eo
1752 4947 1885 4992 uno
1923 4925 2222 5007 pendere,
2266 4925 2686 4988 etauxilium

750 5020 820 5083 in
866 5018 1324 5084 afflictionibus
1366 5027 1801 5098 opportunum
1845 5033 2109 5096 sperare
2172 5012 2508 5092 possimus,
2574 5009 2688 5074 sed

753 5104 859 5170 vel
916 5104 1217 5168 humanis
1278 5102 1658 5174 rationibus,
1719 5100 1821 5165 vel
1876 5101 2175 5163 fortunae
2232 5097 2689 5163 liberationem

751 5191 1169 5275 affingamus.
1230 5187 1677 5270 Quamobrem
1704 5207 1895 5269 saepe
1927 5185 2331 5262 inculcanda,
2376 5204 2570 5267 saepe
2619 5193 2689 5248 ut

2472 260 2890 338 Romus
2931 266 3052 334 vl.

4632 270 4752 338 304

2810 457 2949 528 dixi
2995 456 3388 526 ruminanda
3431 457 3592 524 haec
3627 457 3928 530 doctrina
3959 467 4080 546 est,
4127 468 4197 530 et
4229 480 4430 545 saepe
4461 460 4750 530 iterando

2810 546 3055 611 nostris
3122 546 3361 611 animis
3425 544 3816 630 ingerenda,
3898 566 4096 629 quam
4168 546 4288 612 vix
4353 566 4430 613 ac
4499 567 4586 612 ne
4644 547 4748 613 vix

2808 630 3078 714 quidem
3132 633 3619 714 concoquimus,
3675 644 3978 714 oportere
4019 651 4060 697 a
4104 632 4249 698 Deo
4310 633 4748 716 depauperari,

2807 718 3113 783 imminui
3190 732 3385 869 afflue
3462 717 3654 782 abiici
3732 717 4049 786 homines.
4161 722 4262 784 Ac
4339 721 4616 784 minime
4687 718 4747 783 id

2807 803 3071 886 quidem
3137 824 3228 887 qu
3376 823 3526 868 eum
3584 824 3746 868 suae
3801 825 3961 888 erga
4027 805 4208 887 ipsos
4272 804 4746 871 munificentiae

2810 891 3164 972 poeniteat,
3243 887 3360 956 sed
3429 890 3667 971 partim
3719 888 3896 972 quod
3955 887 4208 956 divitiis
4267 903 4469 973 atque
4525 888 4746 973 opibus

2808 975 2963 1042 elati
3007 975 3394 1041 ferocientes
3446 986 3516 1039 et
3571 976 3915 1059 tyrannice
3961 975 4094 1040 illis
4128 972 4445 1042 adversus
4483 977 4745 1044 miseros

2808 1071 2878 1126 et
2936 1081 3180 1145 egenos
3234 1063 3600 1136 abutentes,
3664 1057 3881 1145 dignis
3925 1081 3965 1125 a
4009 1061 4154 1128 Deo
4203 1063 4436 1144 poenis
4477 1082 4745 1146 aequum

2807 1156 2910 1212 est
2951 1147 3148 1212 etiam
3195 1146 3341 1212 illos
3391 1145 3639 1231 affligi:
3703 1148 3946 1228 partim
4010 1157 4083 1210 ιιι
4140 1168 4328 1213 suam
4394 1145 4744 1213 bonitatem

2808 1241 2876 1298 et
2949 1243 3336 1316 potestatem
3415 1252 3572 1316 erga
3639 1231 3863 1300 fideles
3928 1232 4145 1315 ipsum
4214 1233 4596 1298 invocantes
4639 1255 4743 1316 pa·

2809 1318 3090 1397 tefaciat,
3135 1319 3305 1401 quod
3351 1319 3418 1383 in
3467 1319 3773 1384 maximis
3819 1317 4142 1402 angustiis
4183 1329 4251 1383 et
4291 1319 4577 1386 miseriis
4619 1319 4747 1385 suis

2808 1404 2891 1470 ad
2956 1425 3028 1469 se
3091 1404 3543 1487 confugientes
3600 1401 3844 1483 audiat,
3910 1418 4106 1486 atque
4172 1406 4373 1469 etiam
4444 1403 4746 1470 omnibus

2807 1490 2940 1556 illis
2968 1491 3225 1574 eripiat.
3276 1489 3596 1573 Equidem
3634 1511 3787 1555 vero
3829 1509 4113 1573 agnosco
4155 1489 4369 1555 libens
4416 1510 4554 1556 non
4587 1511 4745 1575 quo-

2807 1578 2965 1643 tidie
3006 1578 3103 1643 sic
3146 1578 3273 1642 ista
3316 1577 3713 1661 contingere,
3761 1596 3913 1641 nem
3964 1597 3998 1639 e
4043 1576 4220 1658 quod
4264 1575 4450 1640 nobis
4493 1596 4629 1642 non
4663 1577 4747 1641 sit

2808 1663 2969 1728 utile
2994 1664 3321 1728 futurum:
3366 1662 3479 1728 sed
3505 1596 4038 1744 contingentigus
4062 1660 4389 1727 similibus
4412 1661 4744 1746 exemplis,

2807 1749 2876 1813 in
2946 1750 3322 1815 memoriam
3390 1748 3551 1813 haec
3609 1746 3997 1825 revocanda,
4065 1761 4140 1811 ιιι
4195 1748 4318 1811 hoc
4373 1745 4741 1827 ditescente,

2807 1835 2923 1900 illo
2946 1835 3027 1899 ad
3053 1846 3504 1918 paupertatem
3530 1833 3811 1906 redacto.
3860 1833 3981 1899 hoc
4016 1833 4087 1898 in
4131 1833 4431 1898 altiorem
4475 1833 4744 1917 gradum

2808 1935 3054 1999 evecto,
3100 1920 3215 1985 illo
3260 1920 3531 1994 deiecto,
3592 1932 3927 1984 teneamus
3986 1919 4080 1984 ita
4128 1940 4482 2002 pauperem
4528 1933 4595 1985 et
4637 1919 4743 1984 ab·

2805 2007 3048 2073 iactum
3092 2005 3175 2071 ad
3222 2008 3529 2071 maiorem
3578 2003 3962 2070 modestiam
4023 2006 4336 2074 revocari.
4396 2017 4462 2067 et
4522 2018 4738 2070 contra

2808 2093 3088 2176 improbi
3166 2092 3418 2176 flagitia
3497 2110 3628 2156 non
3710 2090 4036 2173 impunita
4115 2090 4421 2173 relinqui.
4532 2091 4739 2173 Atque

2809 2178 2972 2244 adeo
3052 2178 3448 2260 pauperibus
3520 2186 3618 2241 tot
3700 2177 3999 2242 miserias
4071 2188 4269 2259 atque
4335 2174 4739 2246 calamitates

2810 2285 2940 2330 non
2996 2261 3266 2328 fortuito
3318 2262 3452 2328 ullo
3498 2283 3654 2329 casu
3698 2262 4075 2343 contingere
4120 2262 4238 2327 sed
4288 2261 4551 2327 volente
4601 2259 4735 2327 Deo

2809 2347 3100 2417 immitti.

2918 2442 2925 2449 '
2983 2435 3166 2501 Idem
3209 2435 3409 2500 etiam
3454 2432 3534 2500 de
3573 2434 3936 2504 ,honoribus
3975 2453 4051 2498 ac
4085 2431 4515 2517 dignitatibus
4551 2443 4742 2517 atque

2806 2520 2887 2588 de
2932 2521 3213 2587 fortunis
3259 2524 3458 2585 Anna
3511 2519 3819 2603 deinceps
3880 2518 4228 2602 praedicat,
4286 2532 4365 2582 ut
4419 2540 4623 2601 quum
4678 2522 4742 2585 in

2809 2609 2912 2675 his
2973 2608 3164 2672 terris
3225 2617 3321 2672 tot
3363 2619 3710 2689 tantasque
3756 2626 3974 2670 rerum
4023 2603 4505 2671 vicissitudines
4548 2620 4740 2689 atque

2805 2692 3268 2760 conversiones
3343 2694 3809 2774 conspicimus,
3894 2691 3977 2757 ad
4046 2689 4172 2755 Dei
4249 2689 4740 2773 providentiam,

2805 2794 3041 2846 cuncta
3099 2779 3165 2844 in
3226 2778 3424 2843 coelis
3481 2791 3548 2843 et
3606 2779 3798 2842 terris
3840 2800 3922 2843 ex
3964 2797 4124 2842 suae
4170 2778 4533 2843 voluntatis
4577 2791 4742 2844 nuta

2809 2867 3092 2936 reseniis
3146 2885 3586 2948 assurgamus,
3649 2864 3944 2947 nihilque
3998 2863 4101 2929 hic
4169 2864 4354 2928 nobis
4397 2861 4742 2932 fortuitum

2806 2951 3238 3035 affingamusz
3285 2949 3456 3033 quod
3505 2949 3886 3033 plerumque
3930 2960 4146 3014 tamen
4193 2948 4500 3014 solemus.
4570 2947 4740 3015 Num

2803 3039 3059 3121 quoties
3099 3035 3417 3102 eiusmodi
3461 3037 3919 3102 conversiones
3964 3034 4286 3116 accidunt,
4357 3035 4569 3118 qualis
4634 3033 4738 3100 sd·

2805 3124 3066 3189 miratio
3124 3134 3190 3187 et
3241 3122 3443 3186 animi
3500 3123 3838 3187 fluctuatio
3896 3136 4148 3187 mentes
4205 3135 4466 3186 nostras
4525 3117 4737 3186 subit?

2805 3210 2883 3276 Si
2927 3229 3118 3293 quem
3167 3209 3378 3273 virum
3437 3210 3822 3291 opulentum
3883 3206 3965 3273 ad
4015 3221 4466 3291 paupertatem
4523 3206 4742 3272 redac-

2805 3307 2982 3362 tum=
3043 3307 3157 3360 aut
3215 3296 3270 3360 si
3325 3313 3520 3377 quem
3564 3317 3648 3359 ex
3691 3314 3949 3358 summo
4010 3293 4353 3376 dignitatis
4397 3292 4612 3377 gradu
4661 3291 4742 3358 ad

2802 3381 3001 3447 vilem
3024 3380 3463 3448 conditionem
3497 3380 3839 3455 abiectum.
3886 3395 4118 3445 contra
4151 3379 4301 3447 vilis
4337 3392 4406 3444 et
4452 3380 4740 3446 abiectae

2800 3467 3192 3535 conditionis
3217 3467 3547 3532 hominem
3589 3468 3655 3530 in
3683 3487 4007 3532 summam
4025 3465 4413 3549 dignitatem
4438 3479 4744 3532 evectum

2799 3555 3153 3631 intuemur,
3213 3574 3429 3619 nonne
3489 3552 3608 3617 toti
3654 3552 4192 3635 obstupescimus,
4254 3565 4319 3617 et
4372 3571 4736 3617 commove·

2803 3639 2994 3706 mur?
3086 3638 3255 3721 Quis
3318 3638 3400 3703 ad
3449 3640 3572 3704 Dei
3642 3637 4112 3721 providentiam
4193 3636 4524 3721 assurgit?
4597 3638 4740 3722 quis

2800 3725 3251 3791 admirandam
3292 3726 3439 3791 eius
3483 3726 3873 3807 sapientiam
3909 3722 4225 3808 suspicit?
4295 3723 4740 3808 'Pantoigitur

2800 3813 3011 3895 magis
3068 3833 3107 3876 a
3161 3811 3347 3876 nobis
3416 3816 3572 3876 haec
3633 3810 3931 3876 doctrina
3987 3821 4087 3875 est
4146 3808 4546 3890 meditanda,
4612 3831 4738 3894 quo

2800 3898 3118 3964 tardiores
3175 3918 3402 3963 sumus
3460 3911 3656 3980 atque
3715 3897 4117 3962 hebetiores:
4175 3910 4252 3961 ιιι
4308 3895 4529 3960 omnia
4585 3895 4740 3962 licet

2798 4006 2911 4050 sus
2968 3984 3173 4067 deque
3234 3981 3384 4048 ferri
3444 3982 3807 4066 videantur,
3870 3982 4029 4047 nihil
4090 3994 4311 4048 tamen
4367 3982 4740 4066 confusum,

2800 4069 2965 4136 nihil
3022 4071 3358 4135 fortuitum
3421 4081 3813 4145 statuamus,
3869 4068 3983 4133 sed
4030 4067 4174 4133 Deo
4234 4067 4514 4150 gloriam
4569 4070 4744 4134 hanc

2798 4158 3185 4234 tribuamus,
3245 4166 3319 4220 ut
3357 4169 3592 4221 cuncta
3643 4155 3828 4219 illum
3874 4154 3956 4218 ad
4001 4154 4317 4219 trutinam
4364 4155 4740 4237 appendere

2800 4244 3110 4321 norimus,
3168 4240 3541 4323 triumphos
3599 4241 3750 4305 licet
3801 4239 4111 4305 divitibus
4153 4241 4502 4323 agentibus
4545 4254 4614 4305 et
4655 4242 4738 4306 iis

2796 4349 2939 4394 sese
2997 4326 3494 4392 oblectantibus.
3584 4324 3768 4407 Quin
3815 4328 3947 4391 imo
4001 4327 4058 4391 si
4104 4326 4258 4409 quid
4311 4326 4415 4393 hic
4477 4344 4736 4409 pertur-

2800 4414 3023 4479 batum
3088 4427 3282 4493 atque
3348 4414 3689 4478 confusum
3755 4425 4043 4497 apparet,
4110 4427 4322 4478 totum
4378 4410 4545 4477 illud
4603 4437 4734 4480 non

2797 4500 3073 4583 sapienti
3109 4499 3529 4583 gubernatori
3573 4512 3640 4562 et
3677 4498 4210 4576 administratori,
4246 4498 4360 4564 sed
4397 4500 4734 4566 oculorum

2797 4601 3163 4650 nostrorum
3210 4586 3494 4664 caligini,
3543 4591 3906 4668 mentisque
3953 4597 4211 4650 nostrae
4257 4586 4734 4667 perturbationi

2795 4669 3234 4739 tribuendum.
3303 4672 3462 4737 Fide
3506 4672 3730 4754 itaque
3771 4669 3940 4753 quod
3985 4674 4284 4738 sensibus
4332 4692 4460 4736 non
4508 4693 4730 4754 possu-

2794 4780 2940 4823 mus
2986 4756 3529 4839 amplectendum.
3603 4762 3816 4842 Atque
3860 4761 3926 4823 in
3975 4759 4201 4840 primis
4235 4758 4473 4821 iustam
4513 4759 4728 4822 istius·

2797 4844 2966 4908 modi
3034 4843 3417 4909 iudiciorum
3487 4865 3746 4909 causam
3815 4845 3882 4908 in
3951 4844 4110 4925 ipsis
4172 4842 4541 4907 hominibus
4599 4864 4725 4907 non

2792 4930 2944 4995 alibi
3040 4932 3476 5010 quaerendam
3570 4931 4090 5004 meminerimus,
4191 4926 4362 5012 quod
4455 4929 4726 4994 honores

2793 5035 3081 5080 summos
3159 5018 3397 5100 adepti,
3456 5037 3737 5097 suaeque
3795 5014 4186 5082 conditionis
4242 5014 4446 5092 obliti,
4512 5017 4720 5098 ipsum

2793 5102 2874 5166 de
2919 5103 3077 5166 solio
3121 5101 3328 5167 Deum
3370 5102 3731 5185 detrahere,
3777 5118 3850 5168 ut
3888 5103 4270 5178 efferantur,
4313 5101 4716 5176 contendant,

2792 5197 2860 5254 et
2918 5187 3090 5254 hanc
3142 5189 3225 5254 ob
3282 5207 3544 5254 causam
3599 5192 3832 5254 merito
3879 5189 4059 5254 Deus
4118 5188 4268 5254 illos
4325 5207 4460 5252 non
4531 5184 4712 5252 modo
