5059 6059
291 311 394 378 181

1567 307 1668 374 IN
1710 307 1747 373 Ι
1792 307 1971 374 LIB.
2018 305 2419 376 SAMUEL.
2466 308 2661 376 OAP.
2708 308 2903 376 XVI.

4116 313 4245 380 182

283 503 461 569 dante
499 519 821 578 mensura,
866 498 1164 565 traxerit.
1257 496 1417 564 Sive
1461 516 1619 581 ergo
1660 496 1790 581 ipsi
1834 496 2075 563 diaboli
2115 495 2190 562 in
2291 499 2616 579 peccavit,
2682 497 3108 565 nihilominus
3166 496 3397 563 eadem
3453 495 3712 580 potione
3771 496 4005 580 depelli
4070 499 4237 568 alios

278 608 384 656 nos
436 586 744 662 ferantur,
803 584 944 651 sive
1002 581 1331 667 improbos
1389 581 1472 648 ad
1514 583 1581 646 id
1624 581 1987 666 impellant,
2042 603 2189 648 reos
2291 583 2549 650 morbos
2601 605 2794 669 posse
2851 584 2974 650 sibi
3037 582 3471 666 persuadebit.
3573 583 3792 666 Atque
3846 584 3939 649 ita
3989 586 4095 664 fit,
4156 597 4235 652 ut

278 683 477 740 tamen
532 691 791 755 semper
846 691 987 736 esse
1041 690 1260 736 coram
1314 670 1457 734 Deo
1513 677 1762 733 certum
1822 678 1951 734 est:
2014 668 2185 751 quod

273 780 446 826 mens
485 758 773 839 ipsorum
816 777 952 822 non
993 756 1243 821 feratur
1283 754 1356 819 in
1393 754 1521 820 Dei
1563 754 1833 833 cultum,
1873 754 1988 819 sed
2032 773 2187 819 con-

273 856 368 914 tra
407 844 615 927 potius
659 842 785 908 Dei
832 842 1156 908 voluntati
1200 861 1318 925 pro
1365 840 1613 906 viribus
1655 840 2078 906 reluctentur.

424 929 513 995 Et
565 927 647 992 de
703 929 849 994 istis
894 927 1226 1007 hactenus,
1270 927 1569 1008 sequitur
1611 924 1915 1008 deinceps
1957 944 2185 991 servos

268 1016 474 1086 Saulis
528 1014 748 1098 ipsum
804 1013 1183 1078 adhortatos
1241 1012 1472 1088 fuisse,
1534 1019 1608 1076 ut
1664 1009 2184 1093 quandoquidem

266 1103 487 1187 spiritu
533 1099 705 1165 malo
748 1099 1133 1181 agitabatur,
1177 1099 1432 1164 iuberet
1471 1096 1596 1163 sibi
1639 1097 1866 1179 quaeri
1901 1097 2183 1179 aliquem

263 1189 365 1271 qui
419 1186 744 1253 citharam
806 1185 1071 1268 pulsare
1132 1184 1442 1266 novisset,
1497 1192 1575 1247 ut
1617 1181 1740 1247 sibi
1784 1182 1948 1247 hene
1993 1191 2182 1248 esset.

262 1276 348 1339 Et
384 1293 590 1338 unum
637 1292 719 1337 ex
755 1271 885 1336 illis
921 1270 1337 1335 admonuisse
1372 1288 1596 1351 regem
1630 1289 1771 1334 esse
1804 1269 1978 1333 iuter
2012 1267 2183 1333 filios

256 1360 384 1425 Issi
401 1357 728 1441 quendam
753 1357 1067 1423 scientem
1093 1355 1387 1440 psallere,
1413 1355 1758 1435 virumque
1781 1353 2182 1430 bellicosum,

256 1445 658 1529 prudentem,
703 1453 773 1508 et
813 1444 1032 1509 virum
1074 1440 1441 1526 pulchrum,
1491 1449 1559 1505 et
1601 1438 1865 1523 qnidem
1911 1460 2061 1505 cum
2104 1458 2182 1504 ec

253 1552 386 1597 esse
433 1529 821 1594 Dominum.
909 1527 1009 1595 Ac
1065 1538 1204 1594 tum
1258 1526 1644 1592 accersitum
1695 1524 2056 1590 Davidem:
2115 1533 2183 1589 et

251 1617 414 1682 bona
454 1616 670 1700 patris
712 1635 861 1698 cum
913 1613 1104 1679 venia
1145 1613 1409 1677 venisse
1452 1611 1534 1676 ad
1593 1630 1834 1695 regem,
1894 1611 2179 1676 stetisse-

248 1723 368 1787 que
426 1722 652 1768 coram
711 1721 806 1778 eo,
866 1711 934 1765 et
988 1699 1190 1764 fuisse
1235 1695 1747 1774 dilectissimum,
1805 1696 2180 1778 factumque

245 1789 416 1867 regis
454 1786 882 1870 armigerum.
950 1783 1118 1849 Tum
1162 1783 1420 1849 misisse
1465 1781 1734 1849 Saulem
1779 1783 2053 1849 nuncios
2097 1780 2178 1845 ad

243 1873 392 1950 Isai,
437 1881 739 1956 petentes
782 1873 880 1936 uti
902 1869 1123 1935 David
1163 1869 1337 1953 apud
1383 1889 1601 1952 regem
1649 1879 1964 1952 maneret,
2008 1866 2179 1951 quod

239 1959 520 2045 gratiam
585 1958 950 2023 invenisset
1006 1956 1074 2021 in
1134 1954 1336 2021 oculis
1391 1955 1550 2020 eius.
1641 1953 1969 2019 Davidem
2028 1974 2181 2020 vero

240 2059 423 2110 tanta
459 2045 683 2130 gratia
717 2042 1040 2110 citharam
1083 2041 1400 2124 pulsasse,
1443 2047 1521 2104 ιιι
1543 2038 1728 2106 Sauli
1765 2040 1930 2105 bene
1963 2039 2180 2117 fuerit,

234 2144 299 2197 et
340 2131 426 2197 ab
473 2152 556 2196 eo
604 2129 877 2213 spiritus
919 2126 1134 2193 malus
1177 2123 1260 2191 ad
1304 2136 1562 2210 tempus
1606 2127 1964 2192 recesserit.
2053 2125 2183 2190 Hic

233 2237 391 2283 vero
463 2217 540 2281 in
610 2215 842 2299 primis
902 2214 1124 2298 quaeri
1191 2220 1434 2296 potest:
1503 2214 1614 2276 An
1679 2220 1864 2275 tanta
1925 2211 2014 2277 sit
2077 2211 2181 2277 vis

227 2304 543 2382 musicae,
604 2301 714 2367 vel
773 2300 1083 2376 citharae,
1142 2309 1219 2362 ιιι
1258 2297 1527 2381 spiritus
1571 2296 1779 2363 malos
1821 2297 2024 2379 possit
2068 2296 2179 2362 de-

228 2388 516 2473 pellere:
554 2385 731 2471 quod
770 2386 897 2452 ista
932 2382 1248 2467 quaedam
1283 2381 1586 2449 veneficii
1620 2393 1686 2448 et
1719 2383 2179 2448 incantationis

225 2475 482 2559 species
529 2495 684 2540 esse
727 2472 1049 2538 videatur.
1117 2469 1310 2548 Nam,
1354 2488 1614 2552 quaeso,
1655 2468 1710 2533 si
1755 2489 1947 2551 quem
1993 2467 2177 2534 Deus

225 2561 468 2643 spiritu
514 2558 770 2625 furoris
815 2556 1195 2635 turbaverit,
1236 2577 1320 2619 an
1356 2554 1647 2619 citharae
1682 2553 1901 2621 sonitu
1940 2553 2178 2637 depelli

218 2667 416 2731 posse
461 2644 807 2712 diabolum
852 2638 1356 2708 arbitrabimur?
1446 2639 1816 2719 Praeterea,
1873 2638 2178 2705 Davidne

218 2732 488 2799 divinae
551 2730 922 2797 sententiae
979 2723 1451 2793 reluctaretur?
1543 2725 1815 2790 Saulem
1858 2726 2033 2790 enim
2078 2725 2177 2790 vi-

218 2818 439 2884 dimus
478 2825 761 2902 propter
797 2814 1218 2881 rebellionem
1254 2810 1574 2877 excidisse
1607 2813 1788 2896 regia
1824 2810 2174 2897 dignitate:

213 2915 282 2969 et
323 2927 366 2970 a
413 2904 672 2988 spiritu
716 2902 887 2966 malo
934 2899 1269 2975 afflictum,
1315 2895 1489 2980 quod
1534 2897 1615 2962 ab
1649 2896 1793 2979 ipsc
1814 2895 1944 2962 Dei
1983 2897 2174 2978 spiri-

214 2999 320 3056 tus
392 2990 820 3056 recessisset:
892 3006 1094 3068 quare
1165 3002 1322 3070 ergo
1380 2980 1601 3047 David
1657 2982 1904 3048 malum
1966 2981 2175 3065 ipsius

210 3076 517 3141 allevare
608 3074 878 3151 nititur,
959 3073 1291 3153 vitamque
1369 3087 1719 3152 prorogare
1800 3068 2175 3135 harmonico

208 3163 512 3228 musices
561 3171 786 3236 cantu,
843 3167 959 3224 aut
1001 3155 1291 3223 citharae
1333 3153 1546 3238 pulsu,
1605 3155 1789 3236 quasi
1844 3153 2176 3219 videretur

203 3245 548 3331 impedire
616 3243 785 3310 velle
841 3243 1192 3326 quominus
1249 3243 1318 3306 in
1378 3239 1565 3305 illum
1625 3239 1811 3305 Deus
1880 3237 2172 3305 animad-

204 3343 539 3413 verteret,
593 3329 714 3414 qui
755 3329 1180 3414 dignissimus
1222 3335 1362 3391 erat
1415 3324 1884 3409 castigatione?
1974 3325 2173 3392 Prae-

205 3431 409 3498 terea,
475 3429 564 3483 ιιι
627 3423 781 3481 ante
839 3414 997 3493 dixi,
1058 3420 1353 3497 apertum
1404 3411 1791 3478 veneficium
1836 3420 1906 3478 et
1946 3412 2173 3479 incan-

198 3507 369 3570 tatio
407 3504 599 3571 haec
638 3522 780 3567 esse
814 3500 1091 3578 videtur,
1135 3499 1319 3564 cuius
1352 3497 1537 3563 nulla
1571 3505 1750 3563 certa
1782 3497 1953 3562 ratio
1988 3496 2172 3563 reddi

282 3592 432 3658 ssit.
545 3588 649 3655 Et
691 3607 849 3653 sane
893 3607 964 3651 re
1006 3585 1153 3670 ipsa
1194 3604 1426 3651 verum
1471 3593 1589 3660 est,
1635 3595 1702 3648 et
1743 3604 1873 3649 non
1919 3593 2174 3668 oportet

241 3698 363 3743 aee
428 3678 512 3742 in
584 3672 964 3759 generalem
1008 3669 1304 3754 regulam
1348 3668 1542 3744 trahi.
1604 3668 1979 3734 harmonico
2022 3690 2172 3735 con-

191 3773 402 3828 centu
463 3761 591 3828 vel
653 3760 834 3825 vocis
891 3757 1000 3822 vel
1053 3756 1286 3822 fidium
1344 3775 1532 3838 posse
1586 3754 1872 3820 diabolos
1917 3753 2171 3836 depelli,

186 3849 474 3932 vimque
537 3847 846 3930 ipsorum
902 3852 971 3909 et
1026 3842 1316 3907 furorem
1369 3840 1693 3923 impediri.
1804 3837 1938 3906 Sed
1994 3843 2170 3906 servi

190 3932 432 4001 Saulis
481 3956 584 3998 ex
635 3951 758 3996 usu
804 3929 1168 3993 communis
1211 3947 1440 3992 sensus
1484 3927 1735 4008 loquuti
1778 3934 1953 3991 sunt.
2009 3927 2173 3992 Fuit

183 4021 376 4087 enim
435 4017 712 4086 malum
759 4013 935 4081 istud
979 4034 1107 4097 quo
1144 4011 1555 4097 affligebatur
1598 4009 1759 4079 Saul
1797 4011 2167 4079 melancho-

182 4105 317 4172 liae
364 4104 678 4190 species,
722 4111 799 4166 ut
841 4099 1040 4166 fuerit
1080 4098 1452 4165 simillimus
1495 4098 1578 4162 iis
1619 4097 1731 4180 qui
1769 4098 1837 4162 in
1880 4097 2168 4164 furorem

179 4193 390 4271 versi,
470 4186 810 4276 quamdiu
867 4185 1084 4251 mania
1132 4182 1487 4262 duraverit,
1543 4183 1805 4249 obvium
1849 4204 2170 4268 quemque

177 4278 478 4345 caedere
562 4276 914 4351 nituntur,
986 4270 1096 4336 vel
1164 4269 1582 4353 praecipitem
1654 4269 1725 4334 in
1779 4271 2001 4354 iguem
2056 4282 2170 4338 aut

176 4383 432 4449 aquam
504 4361 716 4428 dare:
775 4379 926 4425 cum
982 4356 1182 4421 simili
1238 4361 1461 4421 morbo
1505 4355 1736 4421 luctari
1782 4353 1943 4421 Saul
1988 4356 2169 4425 visus

176 4459 305 4532 cst,
342 4447 579 4516 sicuti
622 4442 919 4531 pluribus
947 4442 1254 4525 deinceps
1275 4441 1561 4507 audituri
1582 4461 1825 4509 sumus.
1894 4440 2166 4509 Certum

175 4545 420 4604 autem
484 4541 611 4601 est
672 4529 990 4596 adversus
1044 4526 1420 4594 istiusmodi
1472 4526 1731 4592 morbos
1794 4527 2166 4595 melancho-

169 4622 340 4689 licos
423 4618 822 4706 plurimum
891 4634 1083 4700 posse
1148 4612 1561 4680 harmonicos
1626 4622 2018 4679 concentus:
2099 4626 2167 4680 et

170 4710 534 4775 afflictum
633 4704 926 4768 animum
1004 4719 1193 4783 posse
1268 4699 1552 4765 recreari
1614 4708 1683 4764 et
1751 4697 1832 4761 ad
1908 4707 2165 4782 tempus

166 4795 410 4862 refici:
478 4789 623 4858 sed
667 4788 842 4854 istud
889 4806 1022 4851 non
1068 4794 1168 4851 est
1209 4798 1614 4869 perpetuum.
1700 4782 1965 4868 Vulgus
2008 4807 2165 4853 vero

164 4878 567 4946 cousuevit
638 4873 903 4939 eandem
963 4870 1266 4936 omnihus
1319 4870 1563 4935 morbis
1617 4869 2004 4936 medicinam
2050 4872 2165 4937 ad-

159 4966 442 5043 hibere,
499 4970 586 5028 et
636 4960 966 5025 existimat
1009 4957 1434 5042 pharmacum
1478 4954 1648 5037 quod
1691 4955 2011 5023 adversus
2046 4958 2163 5022 ali·

159 5072 382 5135 quam
432 5044 681 5114 morbi
725 5045 1006 5129 speciem
1049 5042 1274 5120 valuit,
1333 5039 1606 5107 eandem
1667 5042 1800 5105 vim
1844 5041 2162 5109 adversus

155 5157 419 5205 omnes
465 5131 810 5199 obtinere.
895 5128 1042 5194 Imo
1097 5128 1153 5193 si
1195 5128 1343 5211 quis
1383 5127 1683 5210 frigidam
1727 5126 1806 5191 ad
1852 5148 2160 5195 nauseam

155 5244 395 5310 usque
467 5218 731 5287 bibens
795 5236 883 5281 ex
948 5214 1126 5281 febre
1188 5212 1624 5294 convaluerit,
1699 5214 1825 5279 etsi
1889 5235 2156 5283 excessu

2288 670 2346 735 si
2399 671 2808 755 experientia
2863 669 3143 735 duorum
3206 680 3322 733 aut
3375 673 3573 734 trium
3628 668 3874 752 aliquid
3937 690 4236 755 compro-

2291 755 2511 821 batum
2572 756 2661 821 sit
2703 755 2895 821 alicui
2940 755 3125 836 utile,
3189 754 3302 837 qui
3348 775 3569 819 rerum
3611 755 3887 820 istarum
3927 758 4229 823 notitiam

2288 862 2416 906 non
2483 840 2747 921 habent,
2800 841 3203 907 arbitrentur
3246 839 3547 905 omnibus
3591 841 3842 906 naturis
3885 849 3952 906 et
4008 862 4235 926 perso·

2289 928 2391 993 nis
2434 926 2608 993 idem
2653 928 3024 1004 convenire,
3069 936 3135 991 et
3176 925 3345 1008 quod
3389 926 3704 993 adversus
3739 927 4018 1009 aliquem
4053 950 4233 996 mor·

2290 1012 2444 1078 bum
2523 1013 2793 1097 profuit,
2869 1013 3042 1077 idem
3123 1012 3438 1077 adversus
3502 1033 3726 1079 omnes
3791 1013 4228 1096 profuturnm.

2287 1097 2464 1165 Sane
2517 1099 2691 1182 quod
2750 1097 2832 1164 ad
2885 1098 3202 1163 musicam
3263 1098 3518 1176 attinet,
3573 1117 3702 1162 non
3748 1107 3927 1165 caret
3970 1101 4227 1168 ratione

2287 1185 2460 1266 quod
2484 1186 2743 1251 animus
2773 1184 3056 1250 afflictus
3079 1193 3411 1249 recreetur
3433 1193 3501 1247 et
3537 1184 3883 1258 reficiatur.
3917 1187 4226 1268 quoniam

2286 1270 2439 1335 mali
2498 1269 2931 1354 apprehensio
2990 1269 3369 1334 harmonico
3423 1280 3744 1335 concentu
3802 1269 3941 1335 tolli
3985 1281 4222 1355 potest,

2285 1357 2395 1422 vel
2434 1356 2764 1440 mitigari:
2809 1365 2880 1419 at
2923 1375 3056 1420 non
3100 1354 3241 1439 ipse
3275 1353 3561 1432 morbus,
3606 1356 3718 1437 qui
3754 1377 3882 1420 non
3920 1357 4015 1421 ita
4047 1358 4228 1423 vinci

2286 1442 2531 1509 musica
2589 1443 2691 1507 vel
2750 1440 3039 1506 citharae
3096 1440 3201 1505 vel
3261 1439 3529 1506 alterius
3584 1440 4004 1506 instrumenti
4058 1464 4226 1511 sono

2284 1537 2511 1611 potest,
2569 1535 2646 1593 ιιι
2686 1548 2822 1593 non
2862 1525 3146 1610 amplius
3191 1526 3444 1591 saeviat
3483 1527 3556 1590 in
3598 1525 3950 1593 hominem.
4040 1528 4225 1614 Ergo

2283 1635 2364 1679 ex
2423 1615 2568 1681 istis
2627 1621 2900 1697 apparet
2955 1632 3177 1677 servos
3222 1610 3445 1678 Saulis
3490 1632 3625 1676 non
3668 1613 3939 1692 ratione,
4000 1634 4220 1698 neque

2283 1701 2569 1777 consilio,
2628 1699 2745 1765 sed
2802 1719 2886 1763 ex
2938 1697 3209 1779 vulgata
3270 1697 3610 1761 homiuum
3658 1698 3965 1780 opinione
4009 1701 4225 1767 cousi·

2283 1786 2444 1851 lium
2497 1785 2677 1851 istud
2735 1783 2880 1869 regi
2934 1782 3402 1867 suppeditasse,
3461 1804 3664 1864 quum
3717 1793 4083 1866 suaserunt,
4139 1795 4219 1853 ut

2285 1872 2498 1936 virum
2536 1871 2820 1954 aliquem
2857 1880 3199 1952 quaereret
3231 1869 3343 1951 qui
3378 1868 3543 1933 bene
3565 1869 3886 1935 citharam
3910 1871 4223 1953 pulsaret.

2285 1956 2470 2023 Deus
2524 1977 2682 2022 vero
2724 1957 2880 2021 licet
2920 1954 3192 2021 consilio
3235 1955 3345 2020 isti
3388 1954 3640 2019 felicem
3685 1975 4060 2021 successum
4105 1957 4221 2024 de·

2285 2044 2470 2123 derit,
2526 2052 2749 2107 tamen
2806 2061 2940 2106 non
2999 2049 3245 2106 temere
3301 2039 3689 2105 imitandum
3734 2053 3868 2106 est:
3926 2042 4223 2124 quando·

2282 2128 2543 2212 quidem
2587 2139 2834 2193 temere
2860 2124 3083 2193 Saulis
3125 2126 3305 2192 servi
3337 2125 3503 2191 illud
3537 2127 3857 2191 inierunt:
3899 2139 3974 2191 ut
4006 2128 4223 2195 solent

2282 2215 2475 2281 aulici
2520 2212 2603 2277 ad
2648 2212 2927 2298 gratiam
2973 2211 3094 2276 sibi
3139 2210 3630 2291 conciliandam,
3675 2233 3993 2296 suumque
4038 2234 4219 2279 amc-
4262 2270 4267 2276 .

2281 2321 2420 2366 rem
2488 2307 2556 2364 et
2619 2297 3144 2364 benevolentiam
3212 2318 3370 2383 erga
3450 2296 3744 2363 dominos
3829 2299 4219 2379 testandam,

2324 2384 2591 2469 uidquid
2635 2384 2703 2449 in
2748 2385 3020 2451 buccam
3072 2386 3328 2449 venerit
3382 2383 3660 2449 effutire.
3748 2383 3953 2449 Porro
4011 2405 4220 2467 quum

2280 2408 2520 2538 dicitur
2561 2470 2810 2535 malum
2853 2489 2982 2553 quo
3027 2468 3191 2536 Saul
3236 2467 3649 2553 affligebatur
3692 2468 4049 2535 allevatum
4079 2469 4219 2537 Da-

2280 2557 2431 2624 vide
2489 2556 2813 2622 citharam
2872 2555 3195 2638 pulsante,
3253 2554 3683 2637 conspicimus
3728 2555 4048 2637 profuisse
4089 2557 4217 2641 ipsi

2279 2643 2621 2709 consilium
2687 2639 2886 2721 illud,
2951 2640 3067 2707 sed
3126 2640 3389 2723 speciali
3459 2640 3801 2726 privilegio
3867 2650 3933 2706 et
3990 2642 4219 2711 favore

2280 2729 2581 2796 Domini:
2650 2737 2724 2792 ut
2781 2747 2915 2792 non
2965 2728 3053 2792 sit
3110 2723 3521 2791 inferendum
3588 2737 3933 2810 propterea
3996 2729 4219 2796 Deum

2279 2814 2500 2882 eodem
2551 2834 2808 2896 semper
2852 2813 3040 2878 modo
3084 2831 3233 2877 cum
3277 2812 3580 2877 omnibus
3624 2824 3958 2879 acturum:
4018 2823 4083 2877 ct
4125 2835 4214 2881 ne

2278 2912 2520 2968 temere
2564 2897 2892 2983 quaelibet
2933 2897 3236 2981 exempla
3278 2898 3636 2981 cogitemus
3694 2898 3956 2963 imitari.
4046 2897 4217 2980 Quis

2277 2987 2472 3065 enim,
2526 2984 2811 3069 exempli
2867 2983 3111 3068 gratia3
3171 3003 3369 3066 quum
3427 2981 3615 3047 audit
3654 2981 4016 3048 Dominum
4060 3006 4219 3051 nos·

2278 3083 2451 3138 trum
2488 3072 2713 3137 Iesum
2757 3069 3099 3136 Ohristum
3136 3088 3326 3134 caeco
3362 3068 3618 3134 cuidam
3655 3069 3986 3134 oculorum
4018 3091 4215 3139 usum

2278 3157 2689 3223 redditurum
2747 3155 3076 3238 inspuisse
3132 3155 3200 3219 in
3258 3174 3547 3234 manum,
3615 3166 3683 3218 et
3736 3155 3947 3219 lutum
4001 3175 4214 3223 mace-

2277 3264 2473 3322 rasse,
2518 3263 2645 3326 quc
2680 3241 2915 3308 deinde
2950 3239 3113 3306 levit
3145 3241 3365 3306 oculos
3403 3239 3596 3319 illius,
3640 3248 3707 3304 et
3748 3240 3964 3305 visum
4010 3239 4211 3329 dedit,

2275 3337 2542 3413 sputum
2576 3327 2903 3393 existimet
2937 3334 3055 3392 aut
3090 3326 3300 3391 lutum
3340 3325 3579 3391 habere
3614 3326 3748 3391 vim
3774 3325 4211 3409 illuminandi,

2278 3426 2344 3480 et
2385 3413 2832 3498 usurpandum
2878 3412 3127 3479 factum
3170 3411 3350 3489 illud,
3398 3425 3470 3476 ut
3512 3412 3798 3494 papistas
3841 3411 4070 3478 fecisse
4108 3415 4210 3480 vi-

2275 3499 2551 3566 demus?
2641 3497 2817 3566 Sane
2872 3497 3046 3565 idem
3106 3497 3301 3563 fuerit
3357 3518 3432 3563 ac
3487 3498 3543 3562 si
3606 3497 3750 3580 quis
3793 3516 4026 3579 aquam
4070 3499 4213 3584 igni

2276 3587 2546 3653 miscere
2590 3585 2767 3650 velit.
2854 3583 3099 3667 Ecquis
3142 3584 3347 3667 igitur
3387 3603 3471 3647 ex
3517 3581 3639 3646 hoc
3694 3581 3866 3647 facto
3920 3586 4212 3667 speciali,

2274 3693 2405 3756 quo
2462 3669 2688 3738 Saulis
2755 3669 3044 3735 furorem
3114 3668 3491 3734 harmonico
3549 3666 3826 3733 Davidis
3885 3680 4211 3738 concentu

2270 3759 2396 3823 fuit
2437 3757 2747 3842 placatus,
2791 3756 3126 3820 existimet
3170 3754 3304 3818 vim
3349 3752 3674 3836 quandam
3713 3755 3991 3820 sanandi
4027 3755 4208 3823 furo-

2270 3864 2412 3909 rem
2460 3841 2765 3908 habuisse
2805 3840 3084 3906 Davidis
3127 3839 3491 3905 citharam?
3560 3836 3739 3905 Saue
3783 3860 3915 3905 non
3959 3862 4037 3907 ea
4079 3841 4211 3908 fuit

2270 3931 2375 3996 vis
2410 3927 2718 4004 citharae,
2764 3947 2895 3991 non
2938 3926 3221 3992 musices
3265 3934 3381 3990 aut
3423 3925 3699 3990 aliorum
3743 3926 4208 4011 organicorum

2268 4020 2877 4091 instrumentorum,
2943 4021 3017 4077 ut
3077 4011 3320 4095 pellere
3381 4009 3667 4076 diabolos
3733 4021 3802 4076 et
3863 4012 4209 4080 coniurare

2268 4108 2571 4185 possent:
2629 4097 2742 4164 sed
2800 4097 2933 4163 Dei
2986 4097 3291 4163 voluntas
3343 4096 3700 4164 efficaciam
3752 4096 3887 4162 illis
3939 4098 4021 4162 ad
4078 4097 4208 4167 hcc

2268 4184 2679 4253 efficiendum
2744 4180 2938 4249 dedit.
3042 4186 3263 4265 Atque
3323 4181 3483 4248 haec
3538 4203 3730 4267 saepe
3785 4182 4206 4252 consiliorum

2269 4272 2640 4338 divinorum
2698 4271 2866 4335 ratio
2922 4276 3041 4349 est,
3114 4279 3190 4334 ut
3247 4268 3527 4350 obliquis
3585 4267 3817 4333 mediis
3868 4268 3952 4333 ad
4008 4288 4201 4336 suum

2267 4379 2430 4441 opus
2504 4353 2968 4439 perficiendum
3039 4361 3285 4419 utatur.
3386 4354 3870 4435 Nonnunquam
3947 4352 4201 4433 accidit,

2268 4454 2344 4509 ut
2398 4443 2507 4526 qui
2566 4441 2857 4505 iustitiae
2905 4454 2971 4506 et
3030 4440 3343 4523 aequitati
3399 4439 3723 4504 studuerit
3766 4449 3832 4503 et
3874 4457 3945 4503 se
3988 4448 4200 4507 totum

2267 4528 2641 4605 tradiderit,
2698 4539 2957 4609 tempus
3018 4536 3088 4590 et
3141 4546 3403 4609 operam
3461 4524 3693 4590 lusisse
3756 4523 4072 4603 videatur,
4130 4533 4205 4594 et

2265 4615 2453 4681 labor
2517 4633 2593 4678 ac
2658 4619 2934 4678 conatus
2999 4611 3224 4677 irritus
3290 4610 3621 4686 videatur,
3702 4631 3895 4693 quem
3976 4620 4201 4677 tamen

2266 4700 2450 4766 Deus
2513 4698 2893 4778 fortunabit,
2958 4704 3034 4762 ut
3098 4698 3167 4762 in
3232 4717 3309 4762 eo
3366 4696 3491 4762 Dei
3557 4695 3973 4760 manifestum
4034 4717 4199 4781 opus

2265 4791 2595 4872 appareat.
2698 4782 2833 4850 Sed
2891 4782 3200 4865 quamdiu
3260 4804 3343 4847 cx
3399 4782 3606 4845 nostri
3660 4801 3891 4846 sensus
3956 4781 4201 4850 iudicio

2264 4870 2496 4938 mediis
2554 4868 2834 4952 obliquis
2884 4890 3003 4934 nos
3047 4868 3187 4951 agit
3230 4883 3638 4932 transversos
3683 4865 3958 4930 illudere
4001 4887 4197 4936 cona-

2265 4959 2438 5024 tibus
2483 4954 2763 5021 videtur.
2844 4955 3150 5036 Exempli
3197 4952 3427 5037 gratia,
3484 4950 3895 5017 Davidemne
3938 4964 4197 5035 oporte·

2261 5045 2374 5111 bat
2428 5052 2505 5107 ut
2559 5040 2635 5105 in
2694 5041 2941 5140 regiam
3000 5039 3388 5123 dignitatem
3444 5037 3830 5103 eveheretur
3872 5037 4199 5107 citharam

2262 5124 2576 5214 pulsare?
2636 5147 2718 5191 an
2779 5126 2934 5191 inde
2991 5124 3253 5208 aliquod
3296 5124 3512 5205 potuit
3551 5144 3814 5207 sperare
3858 5122 4199 5191 adiumen-

2264 5230 2405 5280 tum
2489 5210 2576 5278 ad
2650 5211 3034 5298 dignitatem
3098 5211 3279 5276 illam
3345 5208 3914 5293 consequendam?
4028 5211 4203 5280 Erat

3686 5310 3790 5366 12¹·
