<?xml version="1.0" encoding="UTF-8"?>
<!DOCTYPE html PUBLIC "-//W3C//DTD XHTML 1.0 Transitional//EN"
    "http://www.w3.org/TR/xhtml1/DTD/xhtml1-transitional.dtd">
<html xmlns="http://www.w3.org/1999/xhtml" xml:lang="en" lang="en">
 <head>
  <title>
</title>
<meta http-equiv="Content-Type" content="text/html;charset=utf-8" />
  <meta name='ocr-system' content='tesseract 3.04.00' />
  <meta name='ocr-capabilities' content='ocr_page ocr_carea ocr_par ocr_line ocrx_word'/>
</head>
<body>
  <div class='ocr_page' id='page_1' title='image "./ioanniscalvinio07unkngoog_0821.png"; bbox 0 0 5059 6059; ppageno 0'>
   <div class='ocr_carea' id='block_1_1' title="bbox 278 341 403 406">
    <p class='ocr_par' dir='ltr' id='par_1_1' title="bbox 278 341 403 406">
     <span class='ocr_line' id='line_1_1' title="bbox 278 341 403 406; baseline 0 0"><span class='ocrx_word' id='word_1_1' title='bbox 278 341 403 406; x_wconf 79' lang='lat'><strong>673</strong></span> 
     </span>
    </p>
   </div>
   <div class='ocr_carea' id='block_1_2' title="bbox 254 529 2225 5422">
    <p class='ocr_par' dir='ltr' id='par_1_2' title="bbox 264 529 2225 2658">
     <span class='ocr_line' id='line_1_2' title="bbox 275 529 2218 615; baseline 0.001 -20"><span class='ocrx_word' id='word_1_2' title='bbox 275 549 388 596; x_wconf 88' lang='lat' dir='ltr'><strong>sus</strong></span> <span class='ocrx_word' id='word_1_3' title='bbox 430 529 853 596; x_wconf 81' lang='lat' dir='ltr'><strong>israeliticum</strong></span> <span class='ocrx_word' id='word_1_4' title='bbox 899 532 1209 615; x_wconf 89' lang='lat' dir='ltr'><strong>populum</strong></span> <span class='ocrx_word' id='word_1_5' title='bbox 1256 532 1655 600; x_wconf 85' lang='lat' dir='ltr'><strong>decertandi.</strong></span> <span class='ocrx_word' id='word_1_6' title='bbox 1745 532 1997 598; x_wconf 84' lang='lat' dir='ltr'><strong>Verum</strong></span> <span class='ocrx_word' id='word_1_7' title='bbox 2043 532 2218 597; x_wconf 91' lang='lat' dir='ltr'><strong>enim</strong></span> 
     </span>
     <span class='ocr_line' id='line_1_3' title="bbox 277 617 2220 703; baseline 0.001 -21"><span class='ocrx_word' id='word_1_8' title='bbox 277 636 432 682; x_wconf 81' lang='lat' dir='ltr'><strong>vero</strong></span> <span class='ocrx_word' id='word_1_9' title='bbox 476 617 544 680; x_wconf 91' lang='lat' dir='ltr'><strong>in</strong></span> <span class='ocrx_word' id='word_1_10' title='bbox 569 617 783 682; x_wconf 90' lang='lat' dir='ltr'><strong>Deum</strong></span> <span class='ocrx_word' id='word_1_11' title='bbox 808 618 1117 684; x_wconf 88' lang='lat' dir='ltr'><strong>fiduciam</strong></span> <span class='ocrx_word' id='word_1_12' title='bbox 1162 618 1506 685; x_wconf 74' lang='lat' dir='ltr'><strong>collocasse</strong></span> <span class='ocrx_word' id='word_1_13' title='bbox 1549 620 1765 703; x_wconf 86' lang='lat' dir='ltr'><strong>ipsum</strong></span> <span class='ocrx_word' id='word_1_14' title='bbox 1809 629 2060 686; x_wconf 86' lang='lat' dir='ltr'><strong>certum</strong></span> <span class='ocrx_word' id='word_1_15' title='bbox 2099 629 2220 700; x_wconf 89' lang='lat' dir='ltr'><strong>est,</strong></span> 
     </span>
     <span class='ocr_line' id='line_1_4' title="bbox 276 701 2219 787; baseline 0.001 -21"><span class='ocrx_word' id='word_1_16' title='bbox 276 701 404 768; x_wconf 87' lang='lat' dir='ltr'><strong>etsi</strong></span> <span class='ocrx_word' id='word_1_17' title='bbox 468 701 548 766; x_wconf 87' lang='lat' dir='ltr'><strong>ad</strong></span> <span class='ocrx_word' id='word_1_18' title='bbox 619 715 879 785; x_wconf 88' lang='lat' dir='ltr'><strong>tempus</strong></span> <span class='ocrx_word' id='word_1_19' title='bbox 943 704 1280 781; x_wconf 87' lang='lat' dir='ltr'><strong>laboravit,</strong></span> <span class='ocrx_word' id='word_1_20' title='bbox 1347 726 1565 787; x_wconf 90' lang='lat' dir='ltr'><strong>neque</strong></span> <span class='ocrx_word' id='word_1_21' title='bbox 1628 714 1763 771; x_wconf 88' lang='lat' dir='ltr'><strong>tam</strong></span> <span class='ocrx_word' id='word_1_22' title='bbox 1832 705 1961 771; x_wconf 90' lang='lat' dir='ltr'><strong>cito</strong></span> <span class='ocrx_word' id='word_1_23' title='bbox 2025 725 2219 787; x_wconf 89' lang='lat' dir='ltr'><strong>quam</strong></span> 
     </span>
     <span class='ocr_line' id='line_1_5' title="bbox 274 787 2223 871; baseline 0.001 -18"><span class='ocrx_word' id='word_1_24' title='bbox 274 798 564 871; x_wconf 83' lang='lat' dir='ltr'><strong>optasset</strong></span> <span class='ocrx_word' id='word_1_25' title='bbox 606 809 757 852; x_wconf 91' lang='lat' dir='ltr'><strong>eum</strong></span> <span class='ocrx_word' id='word_1_26' title='bbox 807 787 991 855; x_wconf 90' lang='lat' dir='ltr'><strong>Deus</strong></span> <span class='ocrx_word' id='word_1_27' title='bbox 1035 791 1280 855; x_wconf 85' lang='lat' dir='ltr'><strong>auxilio</strong></span> <span class='ocrx_word' id='word_1_28' title='bbox 1323 812 1440 856; x_wconf 91' lang='lat' dir='ltr'><strong>suo</strong></span> <span class='ocrx_word' id='word_1_29' title='bbox 1483 792 1666 857; x_wconf 84' lang='lat' dir='ltr'><strong>iuvit.</strong></span> <span class='ocrx_word' id='word_1_30' title='bbox 1749 789 2223 858; x_wconf 81' lang='lat' dir='ltr'><strong>observatione</strong></span> 
     </span>
     <span class='ocr_line' id='line_1_6' title="bbox 276 876 2221 959; baseline 0.001 -20"><span class='ocrx_word' id='word_1_31' title='bbox 276 885 584 940; x_wconf 84' lang='lat' dir='ltr'><strong>accurata</strong></span> <span class='ocrx_word' id='word_1_32' title='bbox 629 876 831 957; x_wconf 84' lang='lat' dir='ltr'><strong>digna</strong></span> <span class='ocrx_word' id='word_1_33' title='bbox 874 876 1002 940; x_wconf 89' lang='lat' dir='ltr'><strong>ista</strong></span> <span class='ocrx_word' id='word_1_34' title='bbox 1045 890 1231 942; x_wconf 90' lang='lat' dir='ltr'><strong>sunt:</strong></span> <span class='ocrx_word' id='word_1_35' title='bbox 1288 876 1609 959; x_wconf 90' lang='lat' dir='ltr'><strong>siquidem</strong></span> <span class='ocrx_word' id='word_1_36' title='bbox 1664 896 2003 959; x_wconf 89' lang='lat' dir='ltr'><strong>nunquam</strong></span> <span class='ocrx_word' id='word_1_37' title='bbox 2065 879 2221 940; x_wconf 88' lang='lat' dir='ltr'><strong>satis</strong></span> 
     </span>
     <span class='ocr_line' id='line_1_7' title="bbox 272 961 2225 1044; baseline -0.001 -17"><span class='ocrx_word' id='word_1_38' title='bbox 272 961 642 1044; x_wconf 72' lang='lat' dir='ltr'><strong>cogitamus</strong></span> <span class='ocrx_word' id='word_1_39' title='bbox 688 973 936 1043; x_wconf 87' lang='lat' dir='ltr'><strong>quanta</strong></span> <span class='ocrx_word' id='word_1_40' title='bbox 980 961 1068 1026; x_wconf 89' lang='lat' dir='ltr'><strong>sit</strong></span> <span class='ocrx_word' id='word_1_41' title='bbox 1110 973 1339 1027; x_wconf 87' lang='lat' dir='ltr'><strong>nostra</strong></span> <span class='ocrx_word' id='word_1_42' title='bbox 1380 963 1731 1028; x_wconf 87' lang='lat' dir='ltr'><strong>iufirmitas</strong></span> <span class='ocrx_word' id='word_1_43' title='bbox 1775 978 1843 1026; x_wconf 91' lang='lat' dir='ltr'><strong>et</strong></span> <span class='ocrx_word' id='word_1_44' title='bbox 1886 982 2083 1044; x_wconf 88' lang='lat' dir='ltr'><strong>quam</strong></span> <span class='ocrx_word' id='word_1_45' title='bbox 2127 962 2225 1025; x_wconf 89' lang='lat' dir='ltr'><strong>in-</strong></span> 
     </span>
     <span class='ocr_line' id='line_1_8' title="bbox 272 1046 2223 1129; baseline 0.001 -19"><span class='ocrx_word' id='word_1_46' title='bbox 272 1046 618 1129; x_wconf 84' lang='lat' dir='ltr'><strong>digeamus</strong></span> <span class='ocrx_word' id='word_1_47' title='bbox 661 1067 785 1128; x_wconf 93' lang='lat' dir='ltr'><strong>ope</strong></span> <span class='ocrx_word' id='word_1_48' title='bbox 831 1047 1073 1125; x_wconf 84' lang='lat' dir='ltr'><strong>divina,</strong></span> <span class='ocrx_word' id='word_1_49' title='bbox 1139 1048 1266 1112; x_wconf 88' lang='lat' dir='ltr'><strong>nisi</strong></span> <span class='ocrx_word' id='word_1_50' title='bbox 1326 1048 1396 1112; x_wconf 92' lang='lat' dir='ltr'><strong>in</strong></span> <span class='ocrx_word' id='word_1_51' title='bbox 1455 1069 1747 1114; x_wconf 84' lang='lat' dir='ltr'><strong>summas</strong></span> <span class='ocrx_word' id='word_1_52' title='bbox 1803 1047 2044 1113; x_wconf 88' lang='lat' dir='ltr'><strong>redacti</strong></span> <span class='ocrx_word' id='word_1_53' title='bbox 2103 1068 2223 1112; x_wconf 87' lang='lat' dir='ltr'><strong>an·</strong></span> 
     </span>
     <span class='ocr_line' id='line_1_9' title="bbox 276 1132 2222 1217; baseline -0.001 -21"><span class='ocrx_word' id='word_1_54' title='bbox 276 1135 530 1214; x_wconf 85' lang='lat' dir='ltr'><strong>gustias</strong></span> <span class='ocrx_word' id='word_1_55' title='bbox 583 1143 650 1196; x_wconf 88' lang='lat' dir='ltr'><strong>et</strong></span> <span class='ocrx_word' id='word_1_56' title='bbox 703 1132 1158 1208; x_wconf 86' lang='lat' dir='ltr'><strong>difficultates,</strong></span> <span class='ocrx_word' id='word_1_57' title='bbox 1222 1154 1303 1198; x_wconf 91' lang='lat' dir='ltr'><strong>ex</strong></span> <span class='ocrx_word' id='word_1_58' title='bbox 1364 1132 1601 1217; x_wconf 89' lang='lat' dir='ltr'><strong>quibus</strong></span> <span class='ocrx_word' id='word_1_59' title='bbox 1656 1133 1975 1198; x_wconf 84' lang='lat' dir='ltr'><strong>evadendi</strong></span> <span class='ocrx_word' id='word_1_60' title='bbox 2040 1132 2222 1197; x_wconf 90' lang='lat' dir='ltr'><strong>nulla</strong></span> 
     </span>
     <span class='ocr_line' id='line_1_10' title="bbox 276 1217 2223 1303; baseline 0 -20"><span class='ocrx_word' id='word_1_61' title='bbox 276 1217 468 1283; x_wconf 85' lang='lat' dir='ltr'><strong>nobis</strong></span> <span class='ocrx_word' id='word_1_62' title='bbox 510 1228 787 1300; x_wconf 89' lang='lat' dir='ltr'><strong>apparet</strong></span> <span class='ocrx_word' id='word_1_63' title='bbox 807 1220 1300 1301; x_wconf 77' lang='lat' dir='ltr'><strong>opportunitas:</strong></span> <span class='ocrx_word' id='word_1_64' title='bbox 1345 1230 1413 1283; x_wconf 88' lang='lat' dir='ltr'><strong>et</strong></span> <span class='ocrx_word' id='word_1_65' title='bbox 1453 1220 1601 1283; x_wconf 90' lang='lat' dir='ltr'><strong>ideo</strong></span> <span class='ocrx_word' id='word_1_66' title='bbox 1646 1240 1840 1303; x_wconf 90' lang='lat' dir='ltr'><strong>saepe</strong></span> <span class='ocrx_word' id='word_1_67' title='bbox 1875 1218 2059 1284; x_wconf 91' lang='lat' dir='ltr'><strong>Deus</strong></span> <span class='ocrx_word' id='word_1_68' title='bbox 2103 1238 2223 1283; x_wconf 87' lang='lat' dir='ltr'><strong>nos</strong></span> 
     </span>
     <span class='ocr_line' id='line_1_11' title="bbox 276 1303 2223 1389; baseline 0 -20"><span class='ocrx_word' id='word_1_69' title='bbox 276 1305 349 1369; x_wconf 90' lang='lat' dir='ltr'><strong>in</strong></span> <span class='ocrx_word' id='word_1_70' title='bbox 414 1308 574 1368; x_wconf 82' lang='lat' dir='ltr'><strong>istas</strong></span> <span class='ocrx_word' id='word_1_71' title='bbox 640 1303 1058 1370; x_wconf 81' lang='lat' dir='ltr'><strong>difficultates</strong></span> <span class='ocrx_word' id='word_1_72' title='bbox 1123 1307 1417 1381; x_wconf 89' lang='lat' dir='ltr'><strong>coniicit,</strong></span> <span class='ocrx_word' id='word_1_73' title='bbox 1498 1316 1574 1370; x_wconf 87' lang='lat' dir='ltr'><strong>ut</strong></span> <span class='ocrx_word' id='word_1_74' title='bbox 1637 1304 1930 1389; x_wconf 89' lang='lat' dir='ltr'><strong>periculo</strong></span> <span class='ocrx_word' id='word_1_75' title='bbox 1996 1320 2223 1369; x_wconf 89' lang='lat' dir='ltr'><strong>nostro</strong></span> 
     </span>
     <span class='ocr_line' id='line_1_12' title="bbox 278 1390 2222 1474; baseline -0.001 -19"><span class='ocrx_word' id='word_1_76' title='bbox 278 1392 636 1471; x_wconf 85' lang='lat' dir='ltr'><strong>sapiamus,</strong></span> <span class='ocrx_word' id='word_1_77' title='bbox 681 1406 749 1454; x_wconf 91' lang='lat' dir='ltr'><strong>et</strong></span> <span class='ocrx_word' id='word_1_78' title='bbox 789 1390 870 1454; x_wconf 91' lang='lat' dir='ltr'><strong>ad</strong></span> <span class='ocrx_word' id='word_1_79' title='bbox 914 1391 1131 1473; x_wconf 91' lang='lat' dir='ltr'><strong>ipsum</strong></span> <span class='ocrx_word' id='word_1_80' title='bbox 1176 1411 1520 1474; x_wconf 88' lang='lat' dir='ltr'><strong>assurgere</strong></span> <span class='ocrx_word' id='word_1_81' title='bbox 1563 1391 1905 1457; x_wconf 88' lang='lat' dir='ltr'><strong>discamus.</strong></span> <span class='ocrx_word' id='word_1_82' title='bbox 1996 1390 2222 1471; x_wconf 79' lang='lat' dir='ltr'><strong>Quare</strong></span> 
     </span>
     <span class='ocr_line' id='line_1_13' title="bbox 278 1475 2222 1558; baseline 0 -18"><span class='ocrx_word' id='word_1_83' title='bbox 278 1475 450 1541; x_wconf 85' lang='lat' dir='ltr'><strong>hanc</strong></span> <span class='ocrx_word' id='word_1_84' title='bbox 487 1476 847 1540; x_wconf 75' lang='lat' dir='ltr'><strong>doctrinam</strong></span> <span class='ocrx_word' id='word_1_85' title='bbox 886 1481 1247 1541; x_wconf 85' lang='lat' dir='ltr'><strong>recolamus</strong></span> <span class='ocrx_word' id='word_1_86' title='bbox 1269 1488 1546 1558; x_wconf 80' lang='lat' dir='ltr'><strong>oportet,</strong></span> <span class='ocrx_word' id='word_1_87' title='bbox 1592 1487 1657 1540; x_wconf 91' lang='lat' dir='ltr'><strong>et</strong></span> <span class='ocrx_word' id='word_1_88' title='bbox 1680 1476 1969 1558; x_wconf 89' lang='lat' dir='ltr'><strong>persuasi</strong></span> <span class='ocrx_word' id='word_1_89' title='bbox 2015 1479 2222 1542; x_wconf 90' lang='lat' dir='ltr'><strong>simus</strong></span> 
     </span>
     <span class='ocr_line' id='line_1_14' title="bbox 281 1561 2219 1645; baseline 0 -19"><span class='ocrx_word' id='word_1_90' title='bbox 281 1563 517 1640; x_wconf 87' lang='lat' dir='ltr'><strong>Deum,</strong></span> <span class='ocrx_word' id='word_1_91' title='bbox 562 1562 685 1627; x_wconf 87' lang='lat' dir='ltr'><strong>etsi</strong></span> <span class='ocrx_word' id='word_1_92' title='bbox 712 1583 831 1627; x_wconf 90' lang='lat' dir='ltr'><strong>nos</strong></span> <span class='ocrx_word' id='word_1_93' title='bbox 852 1561 919 1625; x_wconf 89' lang='lat' dir='ltr'><strong>iu</strong></span> <span class='ocrx_word' id='word_1_94' title='bbox 948 1561 1524 1643; x_wconf 89' lang='lat' dir='ltr'><strong>profundissimam</strong></span> <span class='ocrx_word' id='word_1_95' title='bbox 1550 1562 1857 1645; x_wconf 76' lang='lat' dir='ltr'>abyssum</span> <span class='ocrx_word' id='word_1_96' title='bbox 1899 1563 2219 1627; x_wconf 87' lang='lat' dir='ltr'><strong>malcrum</strong></span> 
     </span>
     <span class='ocr_line' id='line_1_15' title="bbox 280 1646 2220 1730; baseline 0 -19"><span class='ocrx_word' id='word_1_97' title='bbox 280 1646 605 1723; x_wconf 88' lang='lat' dir='ltr'><strong>deiecerit,</strong></span> <span class='ocrx_word' id='word_1_98' title='bbox 650 1668 730 1712; x_wconf 87' lang='lat' dir='ltr'><strong>ex</strong></span> <span class='ocrx_word' id='word_1_99' title='bbox 777 1668 907 1730; x_wconf 89' lang='lat' dir='ltr'><strong>qua</strong></span> <span class='ocrx_word' id='word_1_100' title='bbox 954 1647 1139 1711; x_wconf 91' lang='lat' dir='ltr'><strong>nulla</strong></span> <span class='ocrx_word' id='word_1_101' title='bbox 1182 1646 1374 1712; x_wconf 90' lang='lat' dir='ltr'><strong>detur</strong></span> <span class='ocrx_word' id='word_1_102' title='bbox 1420 1648 1602 1712; x_wconf 86' lang='lat' dir='ltr'><strong>uobis</strong></span> <span class='ocrx_word' id='word_1_103' title='bbox 1647 1648 2021 1713; x_wconf 82' lang='lat' dir='ltr'><strong>humanitus</strong></span> <span class='ocrx_word' id='word_1_104' title='bbox 2064 1668 2220 1713; x_wconf 84' lang='lat' dir='ltr'><strong>eva-</strong></span> 
     </span>
     <span class='ocr_line' id='line_1_16' title="bbox 282 1732 2218 1817; baseline 0 -19"><span class='ocrx_word' id='word_1_105' title='bbox 282 1733 479 1798; x_wconf 88' lang='lat' dir='ltr'><strong>dendi</strong></span> <span class='ocrx_word' id='word_1_106' title='bbox 524 1732 821 1817; x_wconf 85' lang='lat' dir='ltr'><strong>facultas,</strong></span> <span class='ocrx_word' id='word_1_107' title='bbox 880 1746 1100 1798; x_wconf 86' lang='lat' dir='ltr'><strong>tamen</strong></span> <span class='ocrx_word' id='word_1_108' title='bbox 1161 1735 1479 1797; x_wconf 85' lang='lat' dir='ltr'><strong>rationem</strong></span> <span class='ocrx_word' id='word_1_109' title='bbox 1529 1734 1791 1797; x_wconf 89' lang='lat' dir='ltr'><strong>tandem</strong></span> <span class='ocrx_word' id='word_1_110' title='bbox 1837 1753 1967 1816; x_wconf 89' lang='lat' dir='ltr'><strong>qua</strong></span> <span class='ocrx_word' id='word_1_111' title='bbox 2010 1755 2218 1798; x_wconf 90' lang='lat' dir='ltr'><strong>emer-</strong></span> 
     </span>
     <span class='ocr_line' id='line_1_17' title="bbox 279 1816 2219 1903; baseline 0.001 -20"><span class='ocrx_word' id='word_1_112' title='bbox 279 1839 509 1903; x_wconf 82' lang='lat' dir='ltr'><strong>gamus</strong></span> <span class='ocrx_word' id='word_1_113' title='bbox 556 1819 883 1884; x_wconf 88' lang='lat' dir='ltr'><strong>daturum.</strong></span> <span class='ocrx_word' id='word_1_114' title='bbox 974 1816 1106 1885; x_wconf 86' lang='lat' dir='ltr'><strong>Sed</strong></span> <span class='ocrx_word' id='word_1_115' title='bbox 1155 1816 1526 1900; x_wconf 80' lang='lat' dir='ltr'><strong>quomodo?</strong></span> <span class='ocrx_word' id='word_1_116' title='bbox 1593 1818 2002 1884; x_wconf 73' lang='lat' dir='ltr'><strong>Admiranda</strong></span> <span class='ocrx_word' id='word_1_117' title='bbox 2060 1838 2219 1885; x_wconf 87' lang='lat' dir='ltr'><strong>sane</strong></span> 
     </span>
     <span class='ocr_line' id='line_1_18' title="bbox 280 1903 2220 1988; baseline 0 -19"><span class='ocrx_word' id='word_1_118' title='bbox 280 1917 349 1969; x_wconf 91' lang='lat' dir='ltr'><strong>et</strong></span> <span class='ocrx_word' id='word_1_119' title='bbox 427 1903 1072 1987; x_wconf 89' lang='lat' dir='ltr'><strong>incomprehensibili</strong></span> <span class='ocrx_word' id='word_1_120' title='bbox 1149 1906 1443 1970; x_wconf 78' lang='lat' dir='ltr'><strong>ratione:</strong></span> <span class='ocrx_word' id='word_1_121' title='bbox 1520 1904 2047 1988; x_wconf 89' lang='lat' dir='ltr'><strong>quandoquidem</strong></span> <span class='ocrx_word' id='word_1_122' title='bbox 2127 1907 2220 1969; x_wconf 90' lang='lat' dir='ltr'><strong>ita</strong></span> 
     </span>
     <span class='ocr_line' id='line_1_19' title="bbox 274 1990 2218 2077; baseline 0.002 -23"><span class='ocrx_word' id='word_1_123' title='bbox 274 1993 622 2077; x_wconf 82' lang='lat' dir='ltr'><strong>glorificari</strong></span> <span class='ocrx_word' id='word_1_124' title='bbox 670 1990 831 2070; x_wconf 85' lang='lat' dir='ltr'><strong>vult,</strong></span> <span class='ocrx_word' id='word_1_125' title='bbox 877 2011 1077 2072; x_wconf 87' lang='lat' dir='ltr'><strong>quum</strong></span> <span class='ocrx_word' id='word_1_126' title='bbox 1123 2001 1385 2073; x_wconf 86' lang='lat' dir='ltr'><strong>praeter</strong></span> <span class='ocrx_word' id='word_1_127' title='bbox 1427 1992 1819 2074; x_wconf 84' lang='lat' dir='ltr'><strong>opinionem,</strong></span> <span class='ocrx_word' id='word_1_128' title='bbox 1877 2003 1945 2057; x_wconf 89' lang='lat' dir='ltr'><strong>et</strong></span> <span class='ocrx_word' id='word_1_129' title='bbox 1987 2012 2218 2057; x_wconf 87' lang='lat' dir='ltr'><strong>sensus</strong></span> 
     </span>
     <span class='ocr_line' id='line_1_20' title="bbox 273 2075 2216 2160; baseline -0.001 -17"><span class='ocrx_word' id='word_1_130' title='bbox 273 2080 479 2143; x_wconf 78' lang='lat' dir='ltr'><strong>nostri</strong></span> <span class='ocrx_word' id='word_1_131' title='bbox 546 2076 1130 2160; x_wconf 78' lang='lat' dir='ltr'><strong>apprehensionem</strong></span> <span class='ocrx_word' id='word_1_132' title='bbox 1201 2075 1554 2157; x_wconf 86' lang='lat' dir='ltr'><strong>deploratis</strong></span> <span class='ocrx_word' id='word_1_133' title='bbox 1623 2076 1818 2143; x_wconf 84' lang='lat' dir='ltr'><strong>rebus</strong></span> <span class='ocrx_word' id='word_1_134' title='bbox 1894 2078 2216 2142; x_wconf 89' lang='lat' dir='ltr'><strong>auxilium</strong></span> 
     </span>
     <span class='ocr_line' id='line_1_21' title="bbox 264 2161 2214 2245; baseline -0.001 -15"><span class='ocrx_word' id='word_1_135' title='bbox 264 2162 506 2230; x_wconf 75' lang='lat' dir='ltr'><strong>adfert.</strong></span> <span class='ocrx_word' id='word_1_136' title='bbox 597 2163 920 2245; x_wconf 86' lang='lat' dir='ltr'><strong>Exemplo</strong></span> <span class='ocrx_word' id='word_1_137' title='bbox 966 2161 1246 2226; x_wconf 87' lang='lat' dir='ltr'><strong>Davidis</strong></span> <span class='ocrx_word' id='word_1_138' title='bbox 1289 2162 1407 2226; x_wconf 90' lang='lat' dir='ltr'><strong>fiet</strong></span> <span class='ocrx_word' id='word_1_139' title='bbox 1450 2162 1625 2226; x_wconf 90' lang='lat' dir='ltr'><strong>istud</strong></span> <span class='ocrx_word' id='word_1_140' title='bbox 1671 2163 2112 2244; x_wconf 89' lang='lat' dir='ltr'><strong>conspicuum,</strong></span> <span class='ocrx_word' id='word_1_141' title='bbox 2158 2163 2214 2228; x_wconf 88' lang='lat' dir='ltr'><strong>si</strong></span> 
     </span>
     <span class='ocr_line' id='line_1_22' title="bbox 275 2249 2218 2332; baseline -0.001 -16"><span class='ocrx_word' id='word_1_142' title='bbox 275 2250 589 2332; x_wconf 81' lang='lat' dir='ltr'><strong>singulas,</strong></span> <span class='ocrx_word' id='word_1_143' title='bbox 634 2268 802 2331; x_wconf 82' lang='lat' dir='ltr'><strong>quae</strong></span> <span class='ocrx_word' id='word_1_144' title='bbox 850 2249 954 2314; x_wconf 90' lang='lat' dir='ltr'><strong>hic</strong></span> <span class='ocrx_word' id='word_1_145' title='bbox 1000 2257 1332 2323; x_wconf 89' lang='lat' dir='ltr'><strong>notantur,</strong></span> <span class='ocrx_word' id='word_1_146' title='bbox 1392 2250 1916 2313; x_wconf 75' lang='lat' dir='ltr'><strong>circumstantias</strong></span> <span class='ocrx_word' id='word_1_147' title='bbox 1976 2269 2218 2332; x_wconf 84' lang='lat' dir='ltr'><strong>expen-</strong></span> 
     </span>
     <span class='ocr_line' id='line_1_23' title="bbox 275 2332 2217 2414; baseline 0.002 -16"><span class='ocrx_word' id='word_1_148' title='bbox 275 2337 528 2414; x_wconf 80' lang='lat' dir='ltr'><strong>damus,</strong></span> <span class='ocrx_word' id='word_1_149' title='bbox 571 2342 787 2401; x_wconf 86' lang='lat' dir='ltr'><strong>castra</strong></span> <span class='ocrx_word' id='word_1_150' title='bbox 824 2333 1137 2398; x_wconf 87' lang='lat' dir='ltr'><strong>nimirum</strong></span> <span class='ocrx_word' id='word_1_151' title='bbox 1161 2332 1669 2399; x_wconf 84' lang='lat' dir='ltr'><strong>Philistaeorum</strong></span> <span class='ocrx_word' id='word_1_152' title='bbox 1716 2335 1941 2399; x_wconf 86' lang='lat' dir='ltr'><strong>iuncta</strong></span> <span class='ocrx_word' id='word_1_153' title='bbox 1983 2338 2217 2401; x_wconf 87' lang='lat' dir='ltr'><strong>castris</strong></span> 
     </span>
     <span class='ocr_line' id='line_1_24' title="bbox 273 2420 2212 2503; baseline -0.001 -17"><span class='ocrx_word' id='word_1_154' title='bbox 273 2421 760 2487; x_wconf 81' lang='lat' dir='ltr'><strong>Israelitarum:</strong></span> <span class='ocrx_word' id='word_1_155' title='bbox 807 2431 876 2484; x_wconf 89' lang='lat' dir='ltr'><strong>et</strong></span> <span class='ocrx_word' id='word_1_156' title='bbox 897 2440 1039 2484; x_wconf 89' lang='lat' dir='ltr'><strong>sese</strong></span> <span class='ocrx_word' id='word_1_157' title='bbox 1082 2420 1213 2483; x_wconf 91' lang='lat' dir='ltr'><strong>iam</strong></span> <span class='ocrx_word' id='word_1_158' title='bbox 1240 2432 1548 2502; x_wconf 87' lang='lat' dir='ltr'><strong>utrasque</strong></span> <span class='ocrx_word' id='word_1_159' title='bbox 1571 2421 1741 2486; x_wconf 87' lang='lat' dir='ltr'><strong>acies</strong></span> <span class='ocrx_word' id='word_1_160' title='bbox 1786 2420 1865 2483; x_wconf 90' lang='lat' dir='ltr'><strong>ad</strong></span> <span class='ocrx_word' id='word_1_161' title='bbox 1893 2421 2212 2503; x_wconf 89' lang='lat' dir='ltr'><strong>praelium</strong></span> 
     </span>
     <span class='ocr_line' id='line_1_25' title="bbox 271 2504 2211 2590; baseline 0.001 -19"><span class='ocrx_word' id='word_1_162' title='bbox 271 2524 721 2590; x_wconf 85' lang='lat' dir='ltr'><strong>comparasse:</strong></span> <span class='ocrx_word' id='word_1_163' title='bbox 766 2526 970 2589; x_wconf 91' lang='lat' dir='ltr'><strong>quum</strong></span> <span class='ocrx_word' id='word_1_164' title='bbox 990 2504 1210 2569; x_wconf 87' lang='lat' dir='ltr'><strong>David</strong></span> <span class='ocrx_word' id='word_1_165' title='bbox 1256 2506 1523 2570; x_wconf 91' lang='lat' dir='ltr'><strong>consilio</strong></span> <span class='ocrx_word' id='word_1_166' title='bbox 1558 2505 1798 2571; x_wconf 89' lang='lat' dir='ltr'><strong>ducum</strong></span> <span class='ocrx_word' id='word_1_167' title='bbox 1824 2505 2211 2573; x_wconf 82' lang='lat' dir='ltr'><strong>Philistaeo·</strong></span> 
     </span>
     <span class='ocr_line' id='line_1_26' title="bbox 272 2593 935 2658; baseline -0.002 0"><span class='ocrx_word' id='word_1_168' title='bbox 272 2614 424 2658; x_wconf 84' lang='lat' dir='ltr'><strong>rum</strong></span> <span class='ocrx_word' id='word_1_169' title='bbox 468 2593 773 2657; x_wconf 87' lang='lat' dir='ltr'><strong>dimissus</strong></span> <span class='ocrx_word' id='word_1_170' title='bbox 818 2607 935 2657; x_wconf 87' lang='lat' dir='ltr'><strong>est.</strong></span> 
     </span>
    </p>

    <p class='ocr_par' dir='ltr' id='par_1_3' title="bbox 254 2677 2215 5334">
     <span class='ocr_line' id='line_1_27' title="bbox 440 2677 2213 2761; baseline -0.001 -17"><span class='ocrx_word' id='word_1_171' title='bbox 440 2679 571 2745; x_wconf 84' lang='lat' dir='ltr'><strong>Sed</strong></span> <span class='ocrx_word' id='word_1_172' title='bbox 617 2680 908 2760; x_wconf 91' lang='lat' dir='ltr'><strong>ipsorum</strong></span> <span class='ocrx_word' id='word_1_173' title='bbox 955 2677 1191 2743; x_wconf 91' lang='lat' dir='ltr'><strong>ducum</strong></span> <span class='ocrx_word' id='word_1_174' title='bbox 1218 2678 1387 2761; x_wconf 91' lang='lat' dir='ltr'><strong>apud</strong></span> <span class='ocrx_word' id='word_1_175' title='bbox 1414 2697 1637 2761; x_wconf 88' lang='lat' dir='ltr'><strong>regem</strong></span> <span class='ocrx_word' id='word_1_176' title='bbox 1660 2680 2213 2760; x_wconf 77' lang='lat' dir='ltr'><strong>conquerentium,</strong></span> 
     </span>
     <span class='ocr_line' id='line_1_28' title="bbox 270 2764 2215 2849; baseline -0.001 -19"><span class='ocrx_word' id='word_1_177' title='bbox 270 2764 444 2849; x_wconf 85' lang='lat' dir='ltr'><strong>quod</strong></span> <span class='ocrx_word' id='word_1_178' title='bbox 504 2765 826 2830; x_wconf 78' lang='lat' dir='ltr'><strong>Davidem</strong></span> <span class='ocrx_word' id='word_1_179' title='bbox 888 2764 991 2830; x_wconf 89' lang='lat' dir='ltr'><strong>sui</strong></span> <span class='ocrx_word' id='word_1_180' title='bbox 1049 2765 1337 2847; x_wconf 91' lang='lat' dir='ltr'><strong>corporis</strong></span> <span class='ocrx_word' id='word_1_181' title='bbox 1392 2764 1725 2830; x_wconf 88' lang='lat' dir='ltr'><strong>custodiae</strong></span> <span class='ocrx_word' id='word_1_182' title='bbox 1784 2765 2215 2849; x_wconf 84' lang='lat' dir='ltr'><strong>praefecisset,</strong></span> 
     </span>
     <span class='ocr_line' id='line_1_29' title="bbox 268 2847 2212 2933; baseline 0.001 -18"><span class='ocrx_word' id='word_1_183' title='bbox 268 2871 466 2917; x_wconf 79' lang='lat' dir='ltr'><strong>voces</strong></span> <span class='ocrx_word' id='word_1_184' title='bbox 511 2850 988 2933; x_wconf 79' lang='lat' dir='ltr'><strong>expendamus:</strong></span> <span class='ocrx_word' id='word_1_185' title='bbox 1059 2850 1230 2931; x_wconf 73' lang='lat' dir='ltr'><strong>Quid</strong></span> <span class='ocrx_word' id='word_1_186' title='bbox 1286 2850 1410 2915; x_wconf 76' lang='lat' dir='ltr'><strong>sibi</strong></span> <span class='ocrx_word' id='word_1_187' title='bbox 1463 2848 1677 2914; x_wconf 74' lang='lat' dir='ltr'><strong>volant</strong></span> <span class='ocrx_word' id='word_1_188' title='bbox 1721 2847 1998 2914; x_wconf 78' lang='lat' dir='ltr'><strong>Hebraei</strong></span> <span class='ocrx_word' id='word_1_189' title='bbox 2053 2850 2212 2916; x_wconf 72' lang='lat' dir='ltr'><strong>isti?</strong></span> 
     </span>
     <span class='ocr_line' id='line_1_30' title="bbox 270 2933 2213 3020; baseline -0.001 -18"><span class='ocrx_word' id='word_1_190' title='bbox 270 2939 595 3020; x_wconf 86' lang='lat' dir='ltr'><strong>inquiunt.</strong></span> <span class='ocrx_word' id='word_1_191' title='bbox 686 2936 872 3016; x_wconf 78' lang='lat' dir='ltr'><strong>Quae</strong></span> <span class='ocrx_word' id='word_1_192' title='bbox 943 2936 1251 3018; x_wconf 90' lang='lat' dir='ltr'><strong>loquendi</strong></span> <span class='ocrx_word' id='word_1_193' title='bbox 1325 2933 1603 2999; x_wconf 87' lang='lat' dir='ltr'><strong>formula</strong></span> <span class='ocrx_word' id='word_1_194' title='bbox 1672 2934 1838 2999; x_wconf 87' lang='lat' dir='ltr'><strong>solet</strong></span> <span class='ocrx_word' id='word_1_195' title='bbox 1915 2937 2213 3020; x_wconf 86' lang='lat' dir='ltr'><strong>usurpari</strong></span> 
     </span>
     <span class='ocr_line' id='line_1_31' title="bbox 268 3019 2203 3106; baseline 0.001 -20"><span class='ocrx_word' id='word_1_196' title='bbox 268 3044 475 3106; x_wconf 89' lang='lat' dir='ltr'><strong>quum</strong></span> <span class='ocrx_word' id='word_1_197' title='bbox 523 3022 845 3087; x_wconf 83' lang='lat' dir='ltr'><strong>invidiose</strong></span> <span class='ocrx_word' id='word_1_198' title='bbox 890 3037 957 3085; x_wconf 87' lang='lat' dir='ltr'><strong>et</strong></span> <span class='ocrx_word' id='word_1_199' title='bbox 999 3042 1147 3087; x_wconf 91' lang='lat' dir='ltr'><strong>cum</strong></span> <span class='ocrx_word' id='word_1_200' title='bbox 1195 3020 1527 3086; x_wconf 88' lang='lat' dir='ltr'><strong>stomacho</strong></span> <span class='ocrx_word' id='word_1_201' title='bbox 1570 3019 1814 3102; x_wconf 89' lang='lat' dir='ltr'><strong>aliquid</strong></span> <span class='ocrx_word' id='word_1_202' title='bbox 1863 3021 2053 3085; x_wconf 90' lang='lat' dir='ltr'><strong>alteri</strong></span> <span class='ocrx_word' id='word_1_203' title='bbox 2098 3044 2203 3087; x_wconf 89' lang='lat' dir='ltr'><strong>ex·</strong></span> 
     </span>
     <span class='ocr_line' id='line_1_32' title="bbox 270 3106 2212 3192; baseline 0 -19"><span class='ocrx_word' id='word_1_204' title='bbox 270 3107 638 3192; x_wconf 88' lang='lat' dir='ltr'><strong>probratur,</strong></span> <span class='ocrx_word' id='word_1_205' title='bbox 685 3121 758 3171; x_wconf 88' lang='lat' dir='ltr'><strong>ut</strong></span> <span class='ocrx_word' id='word_1_206' title='bbox 800 3107 1049 3171; x_wconf 88' lang='lat' dir='ltr'><strong>incolae</strong></span> <span class='ocrx_word' id='word_1_207' title='bbox 1094 3108 1476 3190; x_wconf 85' lang='lat' dir='ltr'><strong>peregrinos</strong></span> <span class='ocrx_word' id='word_1_208' title='bbox 1520 3106 1733 3171; x_wconf 88' lang='lat' dir='ltr'><strong>solent</strong></span> <span class='ocrx_word' id='word_1_209' title='bbox 1779 3106 2019 3172; x_wconf 86' lang='lat' dir='ltr'><strong>babere</strong></span> <span class='ocrx_word' id='word_1_210' title='bbox 2063 3127 2212 3173; x_wconf 84' lang='lat' dir='ltr'><strong>cou-</strong></span> 
     </span>
     <span class='ocr_line' id='line_1_33' title="bbox 270 3190 2213 3278; baseline 0.001 -20"><span class='ocrx_word' id='word_1_211' title='bbox 270 3195 568 3278; x_wconf 84' lang='lat' dir='ltr'><strong>temptui.</strong></span> <span class='ocrx_word' id='word_1_212' title='bbox 660 3193 949 3257; x_wconf 87' lang='lat' dir='ltr'><strong>Perinde</strong></span> <span class='ocrx_word' id='word_1_213' title='bbox 985 3192 1158 3257; x_wconf 89' lang='lat' dir='ltr'><strong>enim</strong></span> <span class='ocrx_word' id='word_1_214' title='bbox 1206 3203 1308 3257; x_wconf 88' lang='lat' dir='ltr'><strong>est</strong></span> <span class='ocrx_word' id='word_1_215' title='bbox 1345 3212 1422 3257; x_wconf 85' lang='lat' dir='ltr'><strong>ac</strong></span> <span class='ocrx_word' id='word_1_216' title='bbox 1465 3192 1518 3257; x_wconf 91' lang='lat' dir='ltr'><strong>si</strong></span> <span class='ocrx_word' id='word_1_217' title='bbox 1566 3190 1893 3258; x_wconf 83' lang='lat' dir='ltr'><strong>dicerent:</strong></span> <span class='ocrx_word' id='word_1_218' title='bbox 1955 3190 2213 3259; x_wconf 86' lang='lat' dir='ltr'><strong>Siccine</strong></span> 
     </span>
     <span class='ocr_line' id='line_1_34' title="bbox 266 3278 2209 3364; baseline 0 -20"><span class='ocrx_word' id='word_1_219' title='bbox 266 3301 426 3345; x_wconf 80' lang='lat' dir='ltr'><strong>vero</strong></span> <span class='ocrx_word' id='word_1_220' title='bbox 472 3280 859 3364; x_wconf 86' lang='lat' dir='ltr'><strong>peregrinus</strong></span> <span class='ocrx_word' id='word_1_221' title='bbox 903 3278 1257 3362; x_wconf 85' lang='lat' dir='ltr'><strong>praecipiet</strong></span> <span class='ocrx_word' id='word_1_222' title='bbox 1280 3278 1697 3343; x_wconf 84' lang='lat' dir='ltr'><strong>autoritatem</strong></span> <span class='ocrx_word' id='word_1_223' title='bbox 1734 3293 1800 3342; x_wconf 90' lang='lat' dir='ltr'><strong>et</strong></span> <span class='ocrx_word' id='word_1_224' title='bbox 1823 3279 2209 3362; x_wconf 86' lang='lat' dir='ltr'><strong>dignitatem</strong></span> 
     </span>
     <span class='ocr_line' id='line_1_35' title="bbox 265 3362 2210 3449; baseline 0.001 -19"><span class='ocrx_word' id='word_1_225' title='bbox 265 3387 435 3449; x_wconf 90' lang='lat' dir='ltr'><strong>quae</strong></span> <span class='ocrx_word' id='word_1_226' title='bbox 477 3364 706 3431; x_wconf 86' lang='lat' dir='ltr'><strong>incolis</strong></span> <span class='ocrx_word' id='word_1_227' title='bbox 750 3376 815 3429; x_wconf 87' lang='lat' dir='ltr'><strong>et</strong></span> <span class='ocrx_word' id='word_1_228' title='bbox 871 3364 1123 3429; x_wconf 86' lang='lat' dir='ltr'><strong>civibus</strong></span> <span class='ocrx_word' id='word_1_229' title='bbox 1171 3364 1577 3429; x_wconf 83' lang='lat' dir='ltr'><strong>naturalibus</strong></span> <span class='ocrx_word' id='word_1_230' title='bbox 1636 3362 1956 3429; x_wconf 79' lang='lat' dir='ltr'><strong>debetur?</strong></span> <span class='ocrx_word' id='word_1_231' title='bbox 2025 3365 2210 3432; x_wconf 79' lang='lat' dir='ltr'><strong>Tunc</strong></span> 
     </span>
     <span class='ocr_line' id='line_1_36' title="bbox 264 3449 2208 3534; baseline -0.001 -18"><span class='ocrx_word' id='word_1_232' title='bbox 264 3455 445 3516; x_wconf 87' lang='lat' dir='ltr'><strong>enim</strong></span> <span class='ocrx_word' id='word_1_233' title='bbox 491 3463 764 3515; x_wconf 85' lang='lat' dir='ltr'><strong>naturae</strong></span> <span class='ocrx_word' id='word_1_234' title='bbox 809 3449 967 3515; x_wconf 88' lang='lat' dir='ltr'><strong>ordo</strong></span> <span class='ocrx_word' id='word_1_235' title='bbox 1025 3451 1311 3532; x_wconf 82' lang='lat' dir='ltr'><strong>perverti</strong></span> <span class='ocrx_word' id='word_1_236' title='bbox 1371 3449 1650 3515; x_wconf 85' lang='lat' dir='ltr'><strong>videtur.</strong></span> <span class='ocrx_word' id='word_1_237' title='bbox 1739 3449 1869 3515; x_wconf 90' lang='lat' dir='ltr'><strong>Hic</strong></span> <span class='ocrx_word' id='word_1_238' title='bbox 1921 3452 2208 3534; x_wconf 91' lang='lat' dir='ltr'><strong>primum</strong></span> 
     </span>
     <span class='ocr_line' id='line_1_37' title="bbox 264 3535 2209 3618; baseline 0 -17"><span class='ocrx_word' id='word_1_239' title='bbox 264 3536 707 3613; x_wconf 82' lang='lat' dir='ltr'><strong>observemus,</strong></span> <span class='ocrx_word' id='word_1_240' title='bbox 754 3535 970 3600; x_wconf 90' lang='lat' dir='ltr'><strong>Deum</strong></span> <span class='ocrx_word' id='word_1_241' title='bbox 1013 3556 1134 3600; x_wconf 90' lang='lat' dir='ltr'><strong>sua</strong></span> <span class='ocrx_word' id='word_1_242' title='bbox 1178 3535 1352 3600; x_wconf 90' lang='lat' dir='ltr'><strong>dona</strong></span> <span class='ocrx_word' id='word_1_243' title='bbox 1394 3536 1531 3601; x_wconf 91' lang='lat' dir='ltr'><strong>suis</strong></span> <span class='ocrx_word' id='word_1_244' title='bbox 1586 3555 1925 3618; x_wconf 89' lang='lat' dir='ltr'><strong>nunquam</strong></span> <span class='ocrx_word' id='word_1_245' title='bbox 1988 3536 2209 3601; x_wconf 88' lang='lat' dir='ltr'><strong>distri-</strong></span> 
     </span>
     <span class='ocr_line' id='line_1_38' title="bbox 264 3621 2210 3705; baseline -0.001 -17"><span class='ocrx_word' id='word_1_246' title='bbox 264 3624 483 3701; x_wconf 90' lang='lat' dir='ltr'><strong>buere,</strong></span> <span class='ocrx_word' id='word_1_247' title='bbox 547 3624 709 3705; x_wconf 88' lang='lat' dir='ltr'><strong>quin</strong></span> <span class='ocrx_word' id='word_1_248' title='bbox 776 3621 1135 3686; x_wconf 90' lang='lat' dir='ltr'><strong>multorum</strong></span> <span class='ocrx_word' id='word_1_249' title='bbox 1202 3621 1491 3685; x_wconf 87' lang='lat' dir='ltr'><strong>invidiae</strong></span> <span class='ocrx_word' id='word_1_250' title='bbox 1555 3622 1719 3685; x_wconf 83' lang='lat' dir='ltr'><strong>fiant</strong></span> <span class='ocrx_word' id='word_1_251' title='bbox 1784 3622 2080 3699; x_wconf 84' lang='lat' dir='ltr'><strong>obnoxii,</strong></span> <span class='ocrx_word' id='word_1_252' title='bbox 2143 3631 2210 3688; x_wconf 88' lang='lat' dir='ltr'><strong>et</strong></span> 
     </span>
     <span class='ocr_line' id='line_1_39' title="bbox 262 3707 2209 3793; baseline 0.001 -20"><span class='ocrx_word' id='word_1_253' title='bbox 262 3709 437 3793; x_wconf 88' lang='lat' dir='ltr'><strong>quod</strong></span> <span class='ocrx_word' id='word_1_254' title='bbox 485 3728 819 3774; x_wconf 88' lang='lat' dir='ltr'><strong>summum</strong></span> <span class='ocrx_word' id='word_1_255' title='bbox 866 3719 969 3772; x_wconf 87' lang='lat' dir='ltr'><strong>est</strong></span> <span class='ocrx_word' id='word_1_256' title='bbox 989 3707 1258 3786; x_wconf 88' lang='lat' dir='ltr'><strong>malum,</strong></span> <span class='ocrx_word' id='word_1_257' title='bbox 1302 3708 1591 3771; x_wconf 81' lang='lat' dir='ltr'><strong>virorum</strong></span> <span class='ocrx_word' id='word_1_258' title='bbox 1618 3707 2011 3790; x_wconf 87' lang='lat' dir='ltr'><strong>principum.</strong></span> <span class='ocrx_word' id='word_1_259' title='bbox 2071 3708 2209 3774; x_wconf 85' lang='lat' dir='ltr'><strong>Cur</strong></span> 
     </span>
     <span class='ocr_line' id='line_1_40' title="bbox 259 3790 2204 3874; baseline -0.001 -15"><span class='ocrx_word' id='word_1_260' title='bbox 259 3795 441 3860; x_wconf 89' lang='lat' dir='ltr'><strong>enim</strong></span> <span class='ocrx_word' id='word_1_261' title='bbox 490 3815 621 3858; x_wconf 92' lang='lat' dir='ltr'><strong>non</strong></span> <span class='ocrx_word' id='word_1_262' title='bbox 671 3794 986 3857; x_wconf 85' lang='lat' dir='ltr'><strong>universa</strong></span> <span class='ocrx_word' id='word_1_263' title='bbox 1030 3790 1385 3857; x_wconf 90' lang='lat' dir='ltr'><strong>multitudo</strong></span> <span class='ocrx_word' id='word_1_264' title='bbox 1427 3806 1783 3874; x_wconf 90' lang='lat' dir='ltr'><strong>conquesta</strong></span> <span class='ocrx_word' id='word_1_265' title='bbox 1828 3792 1974 3857; x_wconf 78' lang='lat' dir='ltr'><strong>est?</strong></span> <span class='ocrx_word' id='word_1_266' title='bbox 2034 3793 2204 3858; x_wconf 89' lang='lat' dir='ltr'><strong>Nam</strong></span> 
     </span>
     <span class='ocr_line' id='line_1_41' title="bbox 260 3878 2208 3961; baseline -0.001 -15"><span class='ocrx_word' id='word_1_267' title='bbox 260 3880 525 3947; x_wconf 88' lang='lat' dir='ltr'><strong>illorum</strong></span> <span class='ocrx_word' id='word_1_268' title='bbox 571 3882 768 3944; x_wconf 88' lang='lat' dir='ltr'><strong>etiam</strong></span> <span class='ocrx_word' id='word_1_269' title='bbox 813 3879 1150 3956; x_wconf 85' lang='lat' dir='ltr'><strong>intererat,</strong></span> <span class='ocrx_word' id='word_1_270' title='bbox 1212 3888 1279 3943; x_wconf 93' lang='lat' dir='ltr'><strong>et</strong></span> <span class='ocrx_word' id='word_1_271' title='bbox 1320 3878 1561 3961; x_wconf 85' lang='lat' dir='ltr'><strong>singuli</strong></span> <span class='ocrx_word' id='word_1_272' title='bbox 1609 3878 1849 3943; x_wconf 86' lang='lat' dir='ltr'><strong>milites</strong></span> <span class='ocrx_word' id='word_1_273' title='bbox 1907 3888 2208 3960; x_wconf 87' lang='lat' dir='ltr'><strong>poterant</strong></span> 
     </span>
     <span class='ocr_line' id='line_1_42' title="bbox 259 3963 2205 4050; baseline -0.001 -18"><span class='ocrx_word' id='word_1_274' title='bbox 259 3970 402 4050; x_wconf 84' lang='lat' dir='ltr'><strong>regi</strong></span> <span class='ocrx_word' id='word_1_275' title='bbox 451 3964 572 4031; x_wconf 92' lang='lat' dir='ltr'><strong>hoc</strong></span> <span class='ocrx_word' id='word_1_276' title='bbox 618 3967 830 4046; x_wconf 90' lang='lat' dir='ltr'><strong>ipsum</strong></span> <span class='ocrx_word' id='word_1_277' title='bbox 877 3964 1043 4045; x_wconf 89' lang='lat' dir='ltr'><strong>quod</strong></span> <span class='ocrx_word' id='word_1_278' title='bbox 1070 3963 1267 4029; x_wconf 89' lang='lat' dir='ltr'><strong>duces</strong></span> <span class='ocrx_word' id='word_1_279' title='bbox 1301 3976 1365 4029; x_wconf 91' lang='lat' dir='ltr'><strong>et</strong></span> <span class='ocrx_word' id='word_1_280' title='bbox 1405 3963 1734 4047; x_wconf 85' lang='lat' dir='ltr'><strong>principes</strong></span> <span class='ocrx_word' id='word_1_281' title='bbox 1777 3967 2205 4046; x_wconf 87' lang='lat' dir='ltr'><strong>exprobrare:</strong></span> 
     </span>
     <span class='ocr_line' id='line_1_43' title="bbox 261 4050 2207 4134; baseline -0.001 -17"><span class='ocrx_word' id='word_1_282' title='bbox 261 4054 500 4118; x_wconf 89' lang='lat' dir='ltr'><strong>Nonne</strong></span> <span class='ocrx_word' id='word_1_283' title='bbox 543 4072 771 4117; x_wconf 87' lang='lat' dir='ltr'><strong>snmus</strong></span> <span class='ocrx_word' id='word_1_284' title='bbox 832 4050 1075 4115; x_wconf 90' lang='lat' dir='ltr'><strong>subditi</strong></span> <span class='ocrx_word' id='word_1_285' title='bbox 1133 4050 1486 4123; x_wconf 85' lang='lat' dir='ltr'><strong>naturales,</strong></span> <span class='ocrx_word' id='word_1_286' title='bbox 1546 4070 1766 4114; x_wconf 90' lang='lat' dir='ltr'><strong>nonne</strong></span> <span class='ocrx_word' id='word_1_287' title='bbox 1822 4050 2024 4115; x_wconf 82' lang='lat' dir='ltr'><strong>vitam</strong></span> <span class='ocrx_word' id='word_1_288' title='bbox 2086 4070 2207 4134; x_wconf 85' lang='lat' dir='ltr'><strong>pro</strong></span> 
     </span>
     <span class='ocr_line' id='line_1_44' title="bbox 259 4136 2207 4220; baseline -0.001 -16"><span class='ocrx_word' id='word_1_289' title='bbox 259 4139 477 4204; x_wconf 89' lang='lat' dir='ltr'><strong>salute</strong></span> <span class='ocrx_word' id='word_1_290' title='bbox 538 4140 712 4220; x_wconf 88' lang='lat' dir='ltr'><strong>regis</strong></span> <span class='ocrx_word' id='word_1_291' title='bbox 757 4136 1168 4218; x_wconf 86' lang='lat' dir='ltr'><strong>exponimus,</strong></span> <span class='ocrx_word' id='word_1_292' title='bbox 1224 4146 1292 4200; x_wconf 90' lang='lat' dir='ltr'><strong>et</strong></span> <span class='ocrx_word' id='word_1_293' title='bbox 1349 4136 1629 4219; x_wconf 86' lang='lat' dir='ltr'><strong>singulis</strong></span> <span class='ocrx_word' id='word_1_294' title='bbox 1688 4136 2038 4201; x_wconf 91' lang='lat' dir='ltr'><strong>momentis</strong></span> <span class='ocrx_word' id='word_1_295' title='bbox 2090 4158 2207 4220; x_wconf 89' lang='lat' dir='ltr'><strong>pro</strong></span> 
     </span>
     <span class='ocr_line' id='line_1_45' title="bbox 258 4221 2202 4307; baseline -0.002 -18"><span class='ocrx_word' id='word_1_296' title='bbox 258 4226 471 4307; x_wconf 88' lang='lat' dir='ltr'><strong>ipsius</strong></span> <span class='ocrx_word' id='word_1_297' title='bbox 516 4222 887 4288; x_wconf 85' lang='lat' dir='ltr'><strong>defensione</strong></span> <span class='ocrx_word' id='word_1_298' title='bbox 931 4221 1396 4305; x_wconf 87' lang='lat' dir='ltr'><strong>periclitamur,</strong></span> <span class='ocrx_word' id='word_1_299' title='bbox 1441 4242 1642 4304; x_wconf 89' lang='lat' dir='ltr'><strong>quare</strong></span> <span class='ocrx_word' id='word_1_300' title='bbox 1678 4221 1880 4306; x_wconf 86' lang='lat' dir='ltr'><strong>igitur</strong></span> <span class='ocrx_word' id='word_1_301' title='bbox 1914 4231 2202 4287; x_wconf 90' lang='lat' dir='ltr'><strong>coutem-</strong></span> 
     </span>
     <span class='ocr_line' id='line_1_46' title="bbox 256 4306 2204 4392; baseline -0.001 -18"><span class='ocrx_word' id='word_1_302' title='bbox 256 4308 531 4375; x_wconf 80' lang='lat' dir='ltr'><strong>nimur?</strong></span> <span class='ocrx_word' id='word_1_303' title='bbox 595 4327 795 4392; x_wconf 89' lang='lat' dir='ltr'><strong>qnare</strong></span> <span class='ocrx_word' id='word_1_304' title='bbox 839 4308 1229 4391; x_wconf 85' lang='lat' dir='ltr'><strong>peregrinus</strong></span> <span class='ocrx_word' id='word_1_305' title='bbox 1291 4307 1474 4372; x_wconf 91' lang='lat' dir='ltr'><strong>nobis</strong></span> <span class='ocrx_word' id='word_1_306' title='bbox 1534 4306 1946 4389; x_wconf 81' lang='lat' dir='ltr'><strong>praefertur?</strong></span> <span class='ocrx_word' id='word_1_307' title='bbox 2004 4328 2204 4390; x_wconf 88' lang='lat' dir='ltr'><strong>quare</strong></span> 
     </span>
     <span class='ocr_line' id='line_1_47' title="bbox 260 4392 2201 4478; baseline -0.001 -19"><span class='ocrx_word' id='word_1_308' title='bbox 260 4395 387 4478; x_wconf 91' lang='lat' dir='ltr'><strong>ipsi</strong></span> <span class='ocrx_word' id='word_1_309' title='bbox 432 4416 549 4460; x_wconf 88' lang='lat' dir='ltr'><strong>rex</strong></span> <span class='ocrx_word' id='word_1_310' title='bbox 594 4406 997 4477; x_wconf 84' lang='lat' dir='ltr'><strong>postremum</strong></span> <span class='ocrx_word' id='word_1_311' title='bbox 1056 4414 1293 4476; x_wconf 84' lang='lat' dir='ltr'><strong>agmen</strong></span> <span class='ocrx_word' id='word_1_312' title='bbox 1341 4404 1408 4457; x_wconf 87' lang='lat' dir='ltr'><strong>et</strong></span> <span class='ocrx_word' id='word_1_313' title='bbox 1457 4394 1557 4458; x_wconf 91' lang='lat' dir='ltr'><strong>sui</strong></span> <span class='ocrx_word' id='word_1_314' title='bbox 1617 4392 1980 4458; x_wconf 87' lang='lat' dir='ltr'><strong>custodiam</strong></span> <span class='ocrx_word' id='word_1_315' title='bbox 2028 4413 2201 4458; x_wconf 90' lang='lat' dir='ltr'><strong>com·</strong></span> 
     </span>
     <span class='ocr_line' id='line_1_48' title="bbox 256 4478 2201 4561; baseline -0.001 -16"><span class='ocrx_word' id='word_1_316' title='bbox 256 4480 517 4545; x_wconf 79' lang='lat' dir='ltr'><strong>mittit?</strong></span> <span class='ocrx_word' id='word_1_317' title='bbox 563 4478 948 4545; x_wconf 86' lang='lat' dir='ltr'><strong>Istiusmodi</strong></span> <span class='ocrx_word' id='word_1_318' title='bbox 969 4479 1434 4561; x_wconf 71' lang='lat' dir='ltr'><strong>igiturverbis,</strong></span> <span class='ocrx_word' id='word_1_319' title='bbox 1481 4500 1638 4543; x_wconf 90' lang='lat' dir='ltr'><strong>sane</strong></span> <span class='ocrx_word' id='word_1_320' title='bbox 1682 4479 2024 4553; x_wconf 88' lang='lat' dir='ltr'><strong>similibus,</strong></span> <span class='ocrx_word' id='word_1_321' title='bbox 2069 4480 2201 4543; x_wconf 90' lang='lat' dir='ltr'><strong>sin·</strong></span> 
     </span>
     <span class='ocr_line' id='line_1_49' title="bbox 259 4563 2202 4652; baseline -0.001 -21"><span class='ocrx_word' id='word_1_322' title='bbox 259 4566 400 4652; x_wconf 90' lang='lat' dir='ltr'><strong>guli</strong></span> <span class='ocrx_word' id='word_1_323' title='bbox 447 4566 687 4631; x_wconf 88' lang='lat' dir='ltr'><strong>milites</strong></span> <span class='ocrx_word' id='word_1_324' title='bbox 730 4565 1040 4648; x_wconf 84' lang='lat' dir='ltr'><strong>conqueri</strong></span> <span class='ocrx_word' id='word_1_325' title='bbox 1100 4576 1426 4646; x_wconf 90' lang='lat' dir='ltr'><strong>poterant:</strong></span> <span class='ocrx_word' id='word_1_326' title='bbox 1488 4564 1599 4629; x_wconf 89' lang='lat' dir='ltr'><strong>sed</strong></span> <span class='ocrx_word' id='word_1_327' title='bbox 1660 4572 1915 4628; x_wconf 88' lang='lat' dir='ltr'><strong>tantum</strong></span> <span class='ocrx_word' id='word_1_328' title='bbox 1974 4563 2083 4629; x_wconf 89' lang='lat' dir='ltr'><strong>hic</strong></span> <span class='ocrx_word' id='word_1_329' title='bbox 2127 4566 2202 4629; x_wconf 83' lang='lat' dir='ltr'><strong>fit</strong></span> 
     </span>
     <span class='ocr_line' id='line_1_50' title="bbox 258 4650 2198 4733; baseline -0.002 -15"><span class='ocrx_word' id='word_1_330' title='bbox 258 4653 511 4719; x_wconf 88' lang='lat' dir='ltr'><strong>mentio</strong></span> <span class='ocrx_word' id='word_1_331' title='bbox 554 4651 791 4717; x_wconf 91' lang='lat' dir='ltr'><strong>ducum</strong></span> <span class='ocrx_word' id='word_1_332' title='bbox 836 4663 903 4715; x_wconf 86' lang='lat' dir='ltr'><strong>et</strong></span> <span class='ocrx_word' id='word_1_333' title='bbox 947 4650 1317 4733; x_wconf 89' lang='lat' dir='ltr'><strong>principum</strong></span> <span class='ocrx_word' id='word_1_334' title='bbox 1360 4651 1674 4723; x_wconf 80' lang='lat' dir='ltr'><strong>virorum.</strong></span> <span class='ocrx_word' id='word_1_335' title='bbox 1735 4651 1803 4714; x_wconf 89' lang='lat' dir='ltr'><strong>in</strong></span> <span class='ocrx_word' id='word_1_336' title='bbox 1850 4650 1981 4715; x_wconf 91' lang='lat' dir='ltr'><strong>illis</strong></span> <span class='ocrx_word' id='word_1_337' title='bbox 2024 4652 2198 4715; x_wconf 90' lang='lat' dir='ltr'><strong>enim</strong></span> 
     </span>
     <span class='ocr_line' id='line_1_51' title="bbox 256 4735 2199 4820; baseline -0.001 -17"><span class='ocrx_word' id='word_1_338' title='bbox 256 4739 549 4805; x_wconf 85' lang='lat' dir='ltr'><strong>maxime</strong></span> <span class='ocrx_word' id='word_1_339' title='bbox 607 4736 981 4802; x_wconf 88' lang='lat' dir='ltr'><strong>dominatur</strong></span> <span class='ocrx_word' id='word_1_340' title='bbox 1036 4736 1324 4802; x_wconf 89' lang='lat' dir='ltr'><strong>ambitio.</strong></span> <span class='ocrx_word' id='word_1_341' title='bbox 1413 4735 1557 4800; x_wconf 89' lang='lat' dir='ltr'><strong>Nae</strong></span> <span class='ocrx_word' id='word_1_342' title='bbox 1615 4737 1728 4818; x_wconf 89' lang='lat' dir='ltr'><strong>qui</strong></span> <span class='ocrx_word' id='word_1_343' title='bbox 1782 4735 1862 4800; x_wconf 88' lang='lat' dir='ltr'><strong>ad</strong></span> <span class='ocrx_word' id='word_1_344' title='bbox 1924 4756 2199 4820; x_wconf 90' lang='lat' dir='ltr'><strong>magnos</strong></span> 
     </span>
     <span class='ocr_line' id='line_1_52' title="bbox 257 4820 2197 4905; baseline -0.002 -16"><span class='ocrx_word' id='word_1_345' title='bbox 257 4824 547 4889; x_wconf 89' lang='lat' dir='ltr'><strong>honores</strong></span> <span class='ocrx_word' id='word_1_346' title='bbox 586 4824 798 4888; x_wconf 80' lang='lat' dir='ltr'><strong>evecti</strong></span> <span class='ocrx_word' id='word_1_347' title='bbox 843 4831 1016 4895; x_wconf 87' lang='lat' dir='ltr'><strong>sunt,</strong></span> <span class='ocrx_word' id='word_1_348' title='bbox 1078 4822 1284 4905; x_wconf 88' lang='lat' dir='ltr'><strong>gradu</strong></span> <span class='ocrx_word' id='word_1_349' title='bbox 1340 4821 1456 4886; x_wconf 90' lang='lat' dir='ltr'><strong>illo</strong></span> <span class='ocrx_word' id='word_1_350' title='bbox 1511 4820 1852 4904; x_wconf 88' lang='lat' dir='ltr'><strong>dignitatis</strong></span> <span class='ocrx_word' id='word_1_351' title='bbox 1908 4822 2197 4887; x_wconf 89' lang='lat' dir='ltr'><strong>contenti</strong></span> 
     </span>
     <span class='ocr_line' id='line_1_53' title="bbox 257 4906 2195 4988; baseline -0.001 -14"><span class='ocrx_word' id='word_1_352' title='bbox 257 4929 403 4975; x_wconf 80' lang='lat' dir='ltr'><strong>esse</strong></span> <span class='ocrx_word' id='word_1_353' title='bbox 449 4908 778 4988; x_wconf 88' lang='lat' dir='ltr'><strong>deberent,</strong></span> <span class='ocrx_word' id='word_1_354' title='bbox 823 4906 936 4973; x_wconf 91' lang='lat' dir='ltr'><strong>sed</strong></span> <span class='ocrx_word' id='word_1_355' title='bbox 982 4907 1357 4973; x_wconf 88' lang='lat' dir='ltr'><strong>ambitionis</strong></span> <span class='ocrx_word' id='word_1_356' title='bbox 1401 4907 1722 4973; x_wconf 88' lang='lat' dir='ltr'><strong>scintillae</strong></span> <span class='ocrx_word' id='word_1_357' title='bbox 1768 4907 1978 4988; x_wconf 79' lang='lat' dir='ltr'><strong>magis</strong></span> <span class='ocrx_word' id='word_1_358' title='bbox 2021 4909 2195 4973; x_wconf 80' lang='lat' dir='ltr'><strong>exci-</strong></span> 
     </span>
     <span class='ocr_line' id='line_1_54' title="bbox 256 4992 2201 5079; baseline -0.002 -19"><span class='ocrx_word' id='word_1_359' title='bbox 256 5008 504 5079; x_wconf 80' lang='lat' dir='ltr'><strong>tantur,</strong></span> <span class='ocrx_word' id='word_1_360' title='bbox 548 5006 614 5060; x_wconf 90' lang='lat' dir='ltr'><strong>et</strong></span> <span class='ocrx_word' id='word_1_361' title='bbox 658 5015 783 5077; x_wconf 89' lang='lat' dir='ltr'><strong>quo</strong></span> <span class='ocrx_word' id='word_1_362' title='bbox 829 4992 1105 5058; x_wconf 89' lang='lat' dir='ltr'><strong>maiores</strong></span> <span class='ocrx_word' id='word_1_363' title='bbox 1145 5006 1301 5058; x_wconf 90' lang='lat' dir='ltr'><strong>sunt</strong></span> <span class='ocrx_word' id='word_1_364' title='bbox 1323 4993 1621 5074; x_wconf 87' lang='lat' dir='ltr'><strong>honores,</strong></span> <span class='ocrx_word' id='word_1_365' title='bbox 1662 5012 1740 5058; x_wconf 89' lang='lat' dir='ltr'><strong>eo</strong></span> <span class='ocrx_word' id='word_1_366' title='bbox 1777 4994 1988 5077; x_wconf 88' lang='lat' dir='ltr'><strong>magis</strong></span> <span class='ocrx_word' id='word_1_367' title='bbox 2009 5013 2201 5076; x_wconf 87' lang='lat' dir='ltr'><strong>appe-</strong></span> 
     </span>
     <span class='ocr_line' id='line_1_55' title="bbox 254 5078 2198 5162; baseline -0.001 -18"><span class='ocrx_word' id='word_1_368' title='bbox 254 5092 513 5147; x_wconf 82' lang='lat' dir='ltr'><strong>tuntur.</strong></span> <span class='ocrx_word' id='word_1_369' title='bbox 599 5080 735 5162; x_wconf 80' lang='lat' dir='ltr'><strong>Qui</strong></span> <span class='ocrx_word' id='word_1_370' title='bbox 779 5078 994 5144; x_wconf 88' lang='lat' dir='ltr'><strong>tenuis</strong></span> <span class='ocrx_word' id='word_1_371' title='bbox 1051 5090 1152 5145; x_wconf 91' lang='lat' dir='ltr'><strong>est</strong></span> <span class='ocrx_word' id='word_1_372' title='bbox 1193 5080 1472 5153; x_wconf 85' lang='lat' dir='ltr'><strong>fortuna,</strong></span> <span class='ocrx_word' id='word_1_373' title='bbox 1527 5100 1650 5145; x_wconf 86' lang='lat' dir='ltr'><strong>sua</strong></span> <span class='ocrx_word' id='word_1_374' title='bbox 1704 5088 1879 5144; x_wconf 87' lang='lat' dir='ltr'><strong>sorte</strong></span> <span class='ocrx_word' id='word_1_375' title='bbox 1931 5091 2198 5146; x_wconf 89' lang='lat' dir='ltr'><strong>conten-</strong></span> 
     </span>
     <span class='ocr_line' id='line_1_56' title="bbox 254 5164 2197 5249; baseline -0.002 -18"><span class='ocrx_word' id='word_1_376' title='bbox 254 5179 367 5233; x_wconf 87' lang='lat' dir='ltr'><strong>tus</strong></span> <span class='ocrx_word' id='word_1_377' title='bbox 408 5167 600 5245; x_wconf 76' lang='lat' dir='ltr'><strong>vivit,</strong></span> <span class='ocrx_word' id='word_1_378' title='bbox 660 5178 726 5232; x_wconf 90' lang='lat' dir='ltr'><strong>et</strong></span> <span class='ocrx_word' id='word_1_379' title='bbox 767 5166 837 5230; x_wconf 93' lang='lat' dir='ltr'><strong>in</strong></span> <span class='ocrx_word' id='word_1_380' title='bbox 883 5165 1015 5229; x_wconf 82' lang='lat' dir='ltr'><strong>otio</strong></span> <span class='ocrx_word' id='word_1_381' title='bbox 1058 5185 1134 5229; x_wconf 90' lang='lat' dir='ltr'><strong>ac</strong></span> <span class='ocrx_word' id='word_1_382' title='bbox 1187 5164 1662 5249; x_wconf 87' lang='lat' dir='ltr'><strong>tranquillitate</strong></span> <span class='ocrx_word' id='word_1_383' title='bbox 1722 5166 1923 5229; x_wconf 84' lang='lat' dir='ltr'><strong>vitam</strong></span> <span class='ocrx_word' id='word_1_384' title='bbox 1983 5164 2197 5248; x_wconf 88' lang='lat' dir='ltr'><strong>degit:</strong></span> 
     </span>
     <span class='ocr_line' id='line_1_57' title="bbox 254 5249 2196 5334; baseline -0.001 -16"><span class='ocrx_word' id='word_1_385' title='bbox 254 5252 469 5318; x_wconf 86' lang='lat' dir='ltr'><strong>labori</strong></span> <span class='ocrx_word' id='word_1_386' title='bbox 526 5252 909 5334; x_wconf 83' lang='lat' dir='ltr'><strong>quotidiano</strong></span> <span class='ocrx_word' id='word_1_387' title='bbox 966 5250 1318 5329; x_wconf 88' lang='lat' dir='ltr'><strong>incumbit,</strong></span> <span class='ocrx_word' id='word_1_388' title='bbox 1385 5261 1454 5315; x_wconf 84' lang='lat' dir='ltr'><strong>et</strong></span> <span class='ocrx_word' id='word_1_389' title='bbox 1512 5250 1594 5316; x_wconf 90' lang='lat' dir='ltr'><strong>de</strong></span> <span class='ocrx_word' id='word_1_390' title='bbox 1650 5249 1966 5317; x_wconf 87' lang='lat' dir='ltr'><strong>lucrando</strong></span> <span class='ocrx_word' id='word_1_391' title='bbox 2026 5269 2196 5333; x_wconf 76' lang='lat' dir='ltr'><strong>pane</strong></span> 
     </span>
    </p>

    <p class='ocr_par' dir='ltr' id='par_1_4' title="bbox 463 5351 1319 5422">
     <span class='ocr_line' id='line_1_58' title="bbox 463 5351 1319 5422; baseline -0.002 -12"><span class='ocrx_word' id='word_1_392' title='bbox 463 5353 690 5410; x_wconf 63' lang='lat' dir='ltr'><strong>Galea-i</strong></span> <span class='ocrx_word' id='word_1_393' title='bbox 715 5368 911 5422; x_wconf 77' lang='lat' dir='ltr'><strong>opera.</strong></span> <span class='ocrx_word' id='word_1_394' title='bbox 979 5351 1099 5409; x_wconf 79' lang='lat' dir='ltr'><strong>Vol.</strong></span> <span class='ocrx_word' id='word_1_395' title='bbox 1122 5351 1319 5408; x_wconf 85' lang='lat' dir='ltr'>XXX.</span> 
     </span>
    </p>
   </div>
   <div class='ocr_carea' id='block_1_3' title="bbox 1549 343 2986 413">
    <p class='ocr_par' dir='ltr' id='par_1_5' title="bbox 1549 343 2986 413">
     <span class='ocr_line' id='line_1_59' title="bbox 1549 343 2986 413; baseline 0.001 -4"><span class='ocrx_word' id='word_1_396' title='bbox 1549 344 1650 410; x_wconf 91' lang='lat' dir='ltr'><strong>IN</strong></span> <span class='ocrx_word' id='word_1_397' title='bbox 1693 345 1750 413; x_wconf 90' lang='lat'><strong>1.</strong></span> <span class='ocrx_word' id='word_1_398' title='bbox 1795 345 1978 412; x_wconf 85' lang='lat' dir='ltr'><strong>LIB.</strong></span> <span class='ocrx_word' id='word_1_399' title='bbox 2023 345 2426 413; x_wconf 78' lang='lat' dir='ltr'><strong>SAMUEL.</strong></span> <span class='ocrx_word' id='word_1_400' title='bbox 2470 343 2675 409; x_wconf 79' lang='lat' dir='ltr'>CAP.</span> <span class='ocrx_word' id='word_1_401' title='bbox 2720 343 2986 411; x_wconf 85' lang='lat' dir='ltr'>XXIX.</span> 
     </span>
    </p>
   </div>
   <div class='ocr_carea' id='block_1_4' title="bbox 4142 342 4276 411">
    <p class='ocr_par' dir='ltr' id='par_1_6' title="bbox 4142 342 4276 411">
     <span class='ocr_line' id='line_1_60' title="bbox 4142 342 4276 411; baseline -0.015 0"><span class='ocrx_word' id='word_1_402' title='bbox 4142 342 4276 411; x_wconf 78' lang='lat'><strong>6⁷4</strong></span> 
     </span>
    </p>
   </div>
   <div class='ocr_carea' id='block_1_5' title="bbox 2298 532 4318 5328">
    <p class='ocr_par' dir='ltr' id='par_1_7' title="bbox 2318 532 4318 2675">
     <span class='ocr_line' id='line_1_61' title="bbox 2325 532 4270 619; baseline 0.003 -22"><span class='ocrx_word' id='word_1_403' title='bbox 2325 539 2581 598; x_wconf 89' lang='lat' dir='ltr'><strong>tantum</strong></span> <span class='ocrx_word' id='word_1_404' title='bbox 2627 533 2885 617; x_wconf 87' lang='lat' dir='ltr'><strong>cogitat,</strong></span> <span class='ocrx_word' id='word_1_405' title='bbox 2935 553 3168 615; x_wconf 88' lang='lat' dir='ltr'><strong>parum</strong></span> <span class='ocrx_word' id='word_1_406' title='bbox 3215 532 3295 599; x_wconf 89' lang='lat' dir='ltr'><strong>de</strong></span> <span class='ocrx_word' id='word_1_407' title='bbox 3346 534 3670 599; x_wconf 84' lang='lat' dir='ltr'><strong>honorum</strong></span> <span class='ocrx_word' id='word_1_408' title='bbox 3717 533 4056 619; x_wconf 83' lang='lat' dir='ltr'><strong>dignitate,</strong></span> <span class='ocrx_word' id='word_1_409' title='bbox 4115 535 4270 604; x_wconf 91' lang='lat' dir='ltr'><strong>licet</strong></span> 
     </span>
     <span class='ocr_line' id='line_1_62' title="bbox 2323 618 4270 703; baseline 0.003 -20"><span class='ocrx_word' id='word_1_410' title='bbox 2323 640 2549 683; x_wconf 90' lang='lat' dir='ltr'><strong>eorum</strong></span> <span class='ocrx_word' id='word_1_411' title='bbox 2593 620 2711 684; x_wconf 88' lang='lat' dir='ltr'><strong>fiat</strong></span> <span class='ocrx_word' id='word_1_412' title='bbox 2764 618 2934 701; x_wconf 87' lang='lat' dir='ltr'><strong>apud</strong></span> <span class='ocrx_word' id='word_1_413' title='bbox 2995 619 3211 703; x_wconf 87' lang='lat' dir='ltr'><strong>ipsum</strong></span> <span class='ocrx_word' id='word_1_414' title='bbox 3272 621 3532 698; x_wconf 91' lang='lat' dir='ltr'><strong>mentio,</strong></span> <span class='ocrx_word' id='word_1_415' title='bbox 3590 621 3927 688; x_wconf 90' lang='lat' dir='ltr'><strong>sollicitus.</strong></span> <span class='ocrx_word' id='word_1_416' title='bbox 4017 620 4270 689; x_wconf 83' lang='lat' dir='ltr'><strong>Contra</strong></span> 
     </span>
     <span class='ocr_line' id='line_1_63' title="bbox 2324 703 4267 787; baseline 0.003 -18"><span class='ocrx_word' id='word_1_417' title='bbox 2324 705 2434 787; x_wconf 89' lang='lat' dir='ltr'><strong>qui</strong></span> <span class='ocrx_word' id='word_1_418' title='bbox 2492 703 2625 770; x_wconf 92' lang='lat' dir='ltr'><strong>illis</strong></span> <span class='ocrx_word' id='word_1_419' title='bbox 2678 704 2949 770; x_wconf 88' lang='lat' dir='ltr'><strong>inescati</strong></span> <span class='ocrx_word' id='word_1_420' title='bbox 3007 716 3182 782; x_wconf 90' lang='lat' dir='ltr'><strong>sunt,</strong></span> <span class='ocrx_word' id='word_1_421' title='bbox 3239 705 3473 771; x_wconf 89' lang='lat' dir='ltr'><strong>ardent</strong></span> <span class='ocrx_word' id='word_1_422' title='bbox 3536 705 3906 783; x_wconf 84' lang='lat' dir='ltr'><strong>ambitione,</strong></span> <span class='ocrx_word' id='word_1_423' title='bbox 3973 717 4038 772; x_wconf 86' lang='lat' dir='ltr'><strong>et</strong></span> <span class='ocrx_word' id='word_1_424' title='bbox 4103 710 4267 774; x_wconf 87' lang='lat' dir='ltr'><strong>irre·</strong></span> 
     </span>
     <span class='ocr_line' id='line_1_64' title="bbox 2324 788 4266 874; baseline 0.003 -20"><span class='ocrx_word' id='word_1_425' title='bbox 2324 789 2532 873; x_wconf 86' lang='lat' dir='ltr'><strong>quieti</strong></span> <span class='ocrx_word' id='word_1_426' title='bbox 2575 802 2750 870; x_wconf 90' lang='lat' dir='ltr'><strong>sunt,</strong></span> <span class='ocrx_word' id='word_1_427' title='bbox 2794 788 2965 874; x_wconf 88' lang='lat' dir='ltr'><strong>quod</strong></span> <span class='ocrx_word' id='word_1_428' title='bbox 3009 790 3090 856; x_wconf 90' lang='lat' dir='ltr'><strong>ad</strong></span> <span class='ocrx_word' id='word_1_429' title='bbox 3135 791 3571 874; x_wconf 84' lang='lat' dir='ltr'><strong>cupiditatum</strong></span> <span class='ocrx_word' id='word_1_430' title='bbox 3613 813 3882 857; x_wconf 88' lang='lat' dir='ltr'><strong>suarum</strong></span> <span class='ocrx_word' id='word_1_431' title='bbox 3927 793 4266 860; x_wconf 90' lang='lat' dir='ltr'><strong>cumulum</strong></span> 
     </span>
     <span class='ocr_line' id='line_1_65' title="bbox 2326 877 4268 960; baseline 0.003 -20"><span class='ocrx_word' id='word_1_432' title='bbox 2326 877 2672 958; x_wconf 86' lang='lat' dir='ltr'><strong>pervenire</strong></span> <span class='ocrx_word' id='word_1_433' title='bbox 2723 889 3096 957; x_wconf 89' lang='lat' dir='ltr'><strong>nequeunt:</strong></span> <span class='ocrx_word' id='word_1_434' title='bbox 3168 891 3239 941; x_wconf 90' lang='lat' dir='ltr'><strong>et</strong></span> <span class='ocrx_word' id='word_1_435' title='bbox 3304 898 3434 960; x_wconf 89' lang='lat' dir='ltr'><strong>quo</strong></span> <span class='ocrx_word' id='word_1_436' title='bbox 3501 877 3853 943; x_wconf 89' lang='lat' dir='ltr'><strong>maioribus</strong></span> <span class='ocrx_word' id='word_1_437' title='bbox 3906 878 4268 945; x_wconf 86' lang='lat' dir='ltr'><strong>honoribus</strong></span> 
     </span>
     <span class='ocr_line' id='line_1_66' title="bbox 2324 962 4266 1046; baseline 0.002 -19"><span class='ocrx_word' id='word_1_438' title='bbox 2324 962 2541 1027; x_wconf 82' lang='lat' dir='ltr'><strong>ornati</strong></span> <span class='ocrx_word' id='word_1_439' title='bbox 2586 974 2761 1040; x_wconf 89' lang='lat' dir='ltr'><strong>sunt,</strong></span> <span class='ocrx_word' id='word_1_440' title='bbox 2807 982 2884 1026; x_wconf 92' lang='lat' dir='ltr'><strong>eo</strong></span> <span class='ocrx_word' id='word_1_441' title='bbox 2929 964 3135 1046; x_wconf 89' lang='lat' dir='ltr'><strong>magis</strong></span> <span class='ocrx_word' id='word_1_442' title='bbox 3181 973 3508 1028; x_wconf 88' lang='lat' dir='ltr'><strong>aestuant.</strong></span> <span class='ocrx_word' id='word_1_443' title='bbox 3595 962 3782 1028; x_wconf 91' lang='lat' dir='ltr'><strong>Idem</strong></span> <span class='ocrx_word' id='word_1_444' title='bbox 3844 962 3924 1029; x_wconf 88' lang='lat' dir='ltr'><strong>de</strong></span> <span class='ocrx_word' id='word_1_445' title='bbox 3984 966 4266 1031; x_wconf 85' lang='lat' dir='ltr'><strong>avaritia</strong></span> 
     </span>
     <span class='ocr_line' id='line_1_67' title="bbox 2325 1046 4264 1131; baseline 0.003 -21"><span class='ocrx_word' id='word_1_446' title='bbox 2325 1046 2696 1113; x_wconf 90' lang='lat' dir='ltr'><strong>dicendum.</strong></span> <span class='ocrx_word' id='word_1_447' title='bbox 2784 1046 2918 1129; x_wconf 80' lang='lat' dir='ltr'><strong>Qui</strong></span> <span class='ocrx_word' id='word_1_448' title='bbox 2986 1048 3053 1112; x_wconf 91' lang='lat' dir='ltr'><strong>in</strong></span> <span class='ocrx_word' id='word_1_449' title='bbox 3121 1048 3297 1114; x_wconf 89' lang='lat' dir='ltr'><strong>diem</strong></span> <span class='ocrx_word' id='word_1_450' title='bbox 3363 1051 3631 1129; x_wconf 86' lang='lat' dir='ltr'><strong>vivunt,</strong></span> <span class='ocrx_word' id='word_1_451' title='bbox 3698 1071 3903 1131; x_wconf 87' lang='lat' dir='ltr'><strong>parvo</strong></span> <span class='ocrx_word' id='word_1_452' title='bbox 3971 1050 4264 1116; x_wconf 89' lang='lat' dir='ltr'><strong>contenti</strong></span> 
     </span>
     <span class='ocr_line' id='line_1_68' title="bbox 2325 1134 4318 1217; baseline 0.003 -20"><span class='ocrx_word' id='word_1_453' title='bbox 2325 1143 2513 1209; x_wconf 88' lang='lat' dir='ltr'><strong>sunt,</strong></span> <span class='ocrx_word' id='word_1_454' title='bbox 2573 1153 2787 1216; x_wconf 89' lang='lat' dir='ltr'><strong>neque</strong></span> <span class='ocrx_word' id='word_1_455' title='bbox 2844 1153 3244 1217; x_wconf 87' lang='lat' dir='ltr'><strong>magnopere</strong></span> <span class='ocrx_word' id='word_1_456' title='bbox 3304 1134 3383 1200; x_wconf 92' lang='lat' dir='ltr'><strong>de</strong></span> <span class='ocrx_word' id='word_1_457' title='bbox 3435 1135 3848 1200; x_wconf 85' lang='lat' dir='ltr'><strong>cumulandis</strong></span> <span class='ocrx_word' id='word_1_458' title='bbox 3906 1135 4264 1202; x_wconf 89' lang='lat' dir='ltr'><strong>maioribus</strong></span> <span class='ocrx_word' id='word_1_459' title='bbox 4301 1198 4318 1213; x_wconf 83' lang='grc'><em>,</em></span> 
     </span>
     <span class='ocr_line' id='line_1_69' title="bbox 2324 1217 4263 1304; baseline 0.002 -21"><span class='ocrx_word' id='word_1_460' title='bbox 2324 1219 2557 1301; x_wconf 92' lang='lat' dir='ltr'><strong>opibus</strong></span> <span class='ocrx_word' id='word_1_461' title='bbox 2615 1220 2932 1284; x_wconf 87' lang='lat' dir='ltr'><strong>laborant.</strong></span> <span class='ocrx_word' id='word_1_462' title='bbox 3038 1217 3171 1286; x_wconf 85' lang='lat' dir='ltr'><strong>Sed</strong></span> <span class='ocrx_word' id='word_1_463' title='bbox 3232 1221 3339 1301; x_wconf 89' lang='lat' dir='ltr'><strong>qui</strong></span> <span class='ocrx_word' id='word_1_464' title='bbox 3397 1221 3641 1285; x_wconf 86' lang='lat' dir='ltr'><strong>multas</strong></span> <span class='ocrx_word' id='word_1_465' title='bbox 3703 1242 3859 1304; x_wconf 90' lang='lat' dir='ltr'><strong>opes</strong></span> <span class='ocrx_word' id='word_1_466' title='bbox 3918 1223 4263 1304; x_wconf 86' lang='lat' dir='ltr'><strong>congessit,</strong></span> 
     </span>
     <span class='ocr_line' id='line_1_70' title="bbox 2325 1305 4266 1391; baseline 0.002 -23"><span class='ocrx_word' id='word_1_467' title='bbox 2325 1306 2601 1388; x_wconf 86' lang='lat' dir='ltr'><strong>exiguas</strong></span> <span class='ocrx_word' id='word_1_468' title='bbox 2665 1305 2813 1369; x_wconf 89' lang='lat' dir='ltr'><strong>illas</strong></span> <span class='ocrx_word' id='word_1_469' title='bbox 2876 1306 3245 1385; x_wconf 84' lang='lat' dir='ltr'><strong>existimat,</strong></span> <span class='ocrx_word' id='word_1_470' title='bbox 3303 1318 3368 1372; x_wconf 87' lang='lat' dir='ltr'><strong>ct</strong></span> <span class='ocrx_word' id='word_1_471' title='bbox 3432 1326 3691 1389; x_wconf 88' lang='lat' dir='ltr'><strong>semper</strong></span> <span class='ocrx_word' id='word_1_472' title='bbox 3754 1314 3935 1390; x_wconf 90' lang='lat' dir='ltr'><strong>eget,</strong></span> <span class='ocrx_word' id='word_1_473' title='bbox 4011 1308 4266 1391; x_wconf 88' lang='lat' dir='ltr'><strong>sibique</strong></span> 
     </span>
     <span class='ocr_line' id='line_1_71' title="bbox 2324 1390 4265 1474; baseline 0.002 -18"><span class='ocrx_word' id='word_1_474' title='bbox 2324 1410 2584 1473; x_wconf 86' lang='lat' dir='ltr'><strong>semper</strong></span> <span class='ocrx_word' id='word_1_475' title='bbox 2648 1391 2902 1455; x_wconf 84' lang='lat' dir='ltr'><strong>metuit.</strong></span> <span class='ocrx_word' id='word_1_476' title='bbox 2998 1390 3302 1474; x_wconf 88' lang='lat' dir='ltr'><strong>Denique</strong></span> <span class='ocrx_word' id='word_1_477' title='bbox 3369 1393 3644 1457; x_wconf 89' lang='lat' dir='ltr'><strong>nimium</strong></span> <span class='ocrx_word' id='word_1_478' title='bbox 3708 1393 3778 1456; x_wconf 91' lang='lat' dir='ltr'><strong>iu</strong></span> <span class='ocrx_word' id='word_1_479' title='bbox 3846 1392 4031 1458; x_wconf 88' lang='lat' dir='ltr'><strong>nobis</strong></span> <span class='ocrx_word' id='word_1_480' title='bbox 4095 1395 4265 1460; x_wconf 89' lang='lat' dir='ltr'><strong>altas</strong></span> 
     </span>
     <span class='ocr_line' id='line_1_72' title="bbox 2324 1475 4265 1559; baseline 0.003 -19"><span class='ocrx_word' id='word_1_481' title='bbox 2324 1477 2463 1559; x_wconf 86' lang='lat' dir='ltr'><strong>egit</strong></span> <span class='ocrx_word' id='word_1_482' title='bbox 2543 1475 2794 1541; x_wconf 82' lang='lat' dir='ltr'><strong>radices</strong></span> <span class='ocrx_word' id='word_1_483' title='bbox 2876 1476 3106 1541; x_wconf 87' lang='lat' dir='ltr'><strong>vitium</strong></span> <span class='ocrx_word' id='word_1_484' title='bbox 3189 1475 3389 1554; x_wconf 90' lang='lat' dir='ltr'><strong>illud,</strong></span> <span class='ocrx_word' id='word_1_485' title='bbox 3470 1478 3782 1543; x_wconf 80' lang='lat' dir='ltr'><strong>abutendi</strong></span> <span class='ocrx_word' id='word_1_486' title='bbox 3851 1478 3976 1544; x_wconf 89' lang='lat' dir='ltr'><strong>Dei</strong></span> <span class='ocrx_word' id='word_1_487' title='bbox 4054 1479 4265 1546; x_wconf 89' lang='lat' dir='ltr'><strong>donis.</strong></span> 
     </span>
     <span class='ocr_line' id='line_1_73' title="bbox 2325 1560 4264 1646; baseline 0.003 -20"><span class='ocrx_word' id='word_1_488' title='bbox 2325 1560 2770 1641; x_wconf 79' lang='lat' dir='ltr'><strong>Quamobrem</strong></span> <span class='ocrx_word' id='word_1_489' title='bbox 2828 1561 2984 1628; x_wconf 87' lang='lat' dir='ltr'><strong>hinc</strong></span> <span class='ocrx_word' id='word_1_490' title='bbox 3043 1561 3366 1628; x_wconf 89' lang='lat' dir='ltr'><strong>discamus</strong></span> <span class='ocrx_word' id='word_1_491' title='bbox 3421 1563 3704 1646; x_wconf 84' lang='lat' dir='ltr'><strong>acceptis</strong></span> <span class='ocrx_word' id='word_1_492' title='bbox 3764 1585 3804 1628; x_wconf 93' lang='lat' dir='ltr'><strong>a</strong></span> <span class='ocrx_word' id='word_1_493' title='bbox 3855 1562 4001 1630; x_wconf 90' lang='lat' dir='ltr'><strong>Deo</strong></span> <span class='ocrx_word' id='word_1_494' title='bbox 4073 1565 4264 1631; x_wconf 90' lang='lat' dir='ltr'><strong>donis</strong></span> 
     </span>
     <span class='ocr_line' id='line_1_74' title="bbox 2325 1646 4264 1733; baseline 0.003 -23"><span class='ocrx_word' id='word_1_495' title='bbox 2325 1668 2454 1713; x_wconf 90' lang='lat' dir='ltr'><strong>non</strong></span> <span class='ocrx_word' id='word_1_496' title='bbox 2521 1647 2762 1725; x_wconf 86' lang='lat' dir='ltr'><strong>efferri,</strong></span> <span class='ocrx_word' id='word_1_497' title='bbox 2831 1660 2896 1712; x_wconf 92' lang='lat' dir='ltr'><strong>et</strong></span> <span class='ocrx_word' id='word_1_498' title='bbox 2962 1647 3019 1712; x_wconf 91' lang='lat' dir='ltr'><strong>si</strong></span> <span class='ocrx_word' id='word_1_499' title='bbox 3084 1646 3165 1711; x_wconf 88' lang='lat' dir='ltr'><strong>ad</strong></span> <span class='ocrx_word' id='word_1_500' title='bbox 3228 1648 3513 1731; x_wconf 90' lang='lat' dir='ltr'><strong>aliquem</strong></span> <span class='ocrx_word' id='word_1_501' title='bbox 3583 1650 3925 1733; x_wconf 87' lang='lat' dir='ltr'><strong>dignitatis</strong></span> <span class='ocrx_word' id='word_1_502' title='bbox 3985 1650 4264 1733; x_wconf 88' lang='lat' dir='ltr'><strong>gradum</strong></span> 
     </span>
     <span class='ocr_line' id='line_1_75' title="bbox 2320 1734 4266 1817; baseline 0.003 -20"><span class='ocrx_word' id='word_1_503' title='bbox 2320 1734 2762 1817; x_wconf 85' lang='lat' dir='ltr'><strong>pervenimus,</strong></span> <span class='ocrx_word' id='word_1_504' title='bbox 2805 1745 3026 1799; x_wconf 87' lang='lat' dir='ltr'><strong>tamen</strong></span> <span class='ocrx_word' id='word_1_505' title='bbox 3077 1734 3248 1799; x_wconf 89' lang='lat' dir='ltr'><strong>intra</strong></span> <span class='ocrx_word' id='word_1_506' title='bbox 3272 1734 3628 1800; x_wconf 87' lang='lat' dir='ltr'><strong>modestiae</strong></span> <span class='ocrx_word' id='word_1_507' title='bbox 3674 1735 3916 1800; x_wconf 89' lang='lat' dir='ltr'><strong>limites</strong></span> <span class='ocrx_word' id='word_1_508' title='bbox 3962 1757 4079 1801; x_wconf 90' lang='lat' dir='ltr'><strong>nos</strong></span> <span class='ocrx_word' id='word_1_509' title='bbox 4113 1756 4266 1802; x_wconf 88' lang='lat' dir='ltr'><strong>con-</strong></span> 
     </span>
     <span class='ocr_line' id='line_1_76' title="bbox 2322 1818 4266 1904; baseline 0.002 -21"><span class='ocrx_word' id='word_1_510' title='bbox 2322 1819 2567 1884; x_wconf 86' lang='lat' dir='ltr'><strong>tinere:</strong></span> <span class='ocrx_word' id='word_1_511' title='bbox 2614 1830 2684 1884; x_wconf 91' lang='lat' dir='ltr'><strong>et</strong></span> <span class='ocrx_word' id='word_1_512' title='bbox 2724 1819 2958 1903; x_wconf 89' lang='lat' dir='ltr'><strong>opibus</strong></span> <span class='ocrx_word' id='word_1_513' title='bbox 3002 1818 3430 1904; x_wconf 88' lang='lat' dir='ltr'><strong>abundantes,</strong></span> <span class='ocrx_word' id='word_1_514' title='bbox 3492 1842 3576 1885; x_wconf 90' lang='lat' dir='ltr'><strong>ne</strong></span> <span class='ocrx_word' id='word_1_515' title='bbox 3624 1820 3886 1886; x_wconf 87' lang='lat' dir='ltr'><strong>illorum</strong></span> <span class='ocrx_word' id='word_1_516' title='bbox 3946 1821 4266 1888; x_wconf 90' lang='lat' dir='ltr'><strong>desiderio</strong></span> 
     </span>
     <span class='ocr_line' id='line_1_77' title="bbox 2321 1905 4266 1990; baseline 0.001 -20"><span class='ocrx_word' id='word_1_517' title='bbox 2321 1907 2693 1989; x_wconf 87' lang='lat' dir='ltr'><strong>flagremus,</strong></span> <span class='ocrx_word' id='word_1_518' title='bbox 2750 1907 2846 1971; x_wconf 89' lang='lat' dir='ltr'><strong>sic</strong></span> <span class='ocrx_word' id='word_1_519' title='bbox 2888 1915 2964 1970; x_wconf 88' lang='lat' dir='ltr'><strong>ut</strong></span> <span class='ocrx_word' id='word_1_520' title='bbox 3007 1906 3263 1971; x_wconf 89' lang='lat' dir='ltr'><strong>nullum</strong></span> <span class='ocrx_word' id='word_1_521' title='bbox 3307 1905 3573 1971; x_wconf 90' lang='lat' dir='ltr'><strong>modum</strong></span> <span class='ocrx_word' id='word_1_522' title='bbox 3630 1907 4008 1990; x_wconf 90' lang='lat' dir='ltr'><strong>acquirendi</strong></span> <span class='ocrx_word' id='word_1_523' title='bbox 4070 1906 4266 1974; x_wconf 88' lang='lat' dir='ltr'><strong>facia·</strong></span> 
     </span>
     <span class='ocr_line' id='line_1_78' title="bbox 2322 1988 4268 2073; baseline 0.001 -18"><span class='ocrx_word' id='word_1_524' title='bbox 2322 2012 2490 2056; x_wconf 73' lang='lat' dir='ltr'><strong>mus.</strong></span> <span class='ocrx_word' id='word_1_525' title='bbox 2583 1991 2716 2056; x_wconf 89' lang='lat' dir='ltr'><strong>Nos</strong></span> <span class='ocrx_word' id='word_1_526' title='bbox 2759 1988 3020 2073; x_wconf 88' lang='lat' dir='ltr'><strong>quidem</strong></span> <span class='ocrx_word' id='word_1_527' title='bbox 3068 2011 3225 2057; x_wconf 86' lang='lat' dir='ltr'><strong>sane</strong></span> <span class='ocrx_word' id='word_1_528' title='bbox 3268 2013 3401 2057; x_wconf 91' lang='lat' dir='ltr'><strong>non</strong></span> <span class='ocrx_word' id='word_1_529' title='bbox 3460 2013 3538 2057; x_wconf 91' lang='lat' dir='ltr'><strong>ea</strong></span> <span class='ocrx_word' id='word_1_530' title='bbox 3595 2013 3823 2058; x_wconf 90' lang='lat' dir='ltr'><strong>sumus</strong></span> <span class='ocrx_word' id='word_1_531' title='bbox 3880 1992 4268 2071; x_wconf 85' lang='lat' dir='ltr'><strong>conditione,</strong></span> 
     </span>
     <span class='ocr_line' id='line_1_79' title="bbox 2323 2076 4265 2162; baseline 0.001 -21"><span class='ocrx_word' id='word_1_532' title='bbox 2323 2086 2400 2141; x_wconf 92' lang='lat' dir='ltr'><strong>ut</strong></span> <span class='ocrx_word' id='word_1_533' title='bbox 2444 2076 2525 2142; x_wconf 90' lang='lat' dir='ltr'><strong>ad</strong></span> <span class='ocrx_word' id='word_1_534' title='bbox 2571 2097 2863 2142; x_wconf 89' lang='lat' dir='ltr'><strong>summas</strong></span> <span class='ocrx_word' id='word_1_535' title='bbox 2905 2076 3055 2142; x_wconf 90' lang='lat' dir='ltr'><strong>illas</strong></span> <span class='ocrx_word' id='word_1_536' title='bbox 3101 2076 3451 2161; x_wconf 83' lang='lat' dir='ltr'><strong>dignitates</strong></span> <span class='ocrx_word' id='word_1_537' title='bbox 3473 2078 3859 2162; x_wconf 87' lang='lat' dir='ltr'><strong>aspiremus,</strong></span> <span class='ocrx_word' id='word_1_538' title='bbox 3906 2099 4071 2161; x_wconf 90' lang='lat' dir='ltr'><strong>quae</strong></span> <span class='ocrx_word' id='word_1_539' title='bbox 4105 2088 4265 2145; x_wconf 87' lang='lat' dir='ltr'><strong>sunt</strong></span> 
     </span>
     <span class='ocr_line' id='line_1_80' title="bbox 2319 2162 4266 2246; baseline 0.002 -20"><span class='ocrx_word' id='word_1_540' title='bbox 2319 2162 2389 2226; x_wconf 90' lang='lat' dir='ltr'><strong>in</strong></span> <span class='ocrx_word' id='word_1_541' title='bbox 2451 2163 2619 2227; x_wconf 90' lang='lat' dir='ltr'><strong>aulis</strong></span> <span class='ocrx_word' id='word_1_542' title='bbox 2675 2183 2904 2246; x_wconf 90' lang='lat' dir='ltr'><strong>regum</strong></span> <span class='ocrx_word' id='word_1_543' title='bbox 2959 2177 3026 2228; x_wconf 89' lang='lat' dir='ltr'><strong>et</strong></span> <span class='ocrx_word' id='word_1_544' title='bbox 3081 2164 3487 2246; x_wconf 86' lang='lat' dir='ltr'><strong>principum:</strong></span> <span class='ocrx_word' id='word_1_545' title='bbox 3555 2163 3667 2228; x_wconf 89' lang='lat' dir='ltr'><strong>sed</strong></span> <span class='ocrx_word' id='word_1_546' title='bbox 3726 2185 3982 2230; x_wconf 90' lang='lat' dir='ltr'><strong>summo</strong></span> <span class='ocrx_word' id='word_1_547' title='bbox 4042 2177 4266 2230; x_wconf 91' lang='lat' dir='ltr'><strong>nostro</strong></span> 
     </span>
     <span class='ocr_line' id='line_1_81' title="bbox 2320 2248 4263 2331; baseline 0.001 -18"><span class='ocrx_word' id='word_1_548' title='bbox 2320 2248 2490 2313; x_wconf 91' lang='lat' dir='ltr'><strong>bono</strong></span> <span class='ocrx_word' id='word_1_549' title='bbox 2550 2248 2693 2313; x_wconf 89' lang='lat' dir='ltr'><strong>fieri</strong></span> <span class='ocrx_word' id='word_1_550' title='bbox 2752 2250 3066 2328; x_wconf 90' lang='lat' dir='ltr'><strong>sciamus,</strong></span> <span class='ocrx_word' id='word_1_551' title='bbox 3140 2250 3311 2331; x_wconf 91' lang='lat' dir='ltr'><strong>quod</strong></span> <span class='ocrx_word' id='word_1_552' title='bbox 3370 2248 3554 2315; x_wconf 89' lang='lat' dir='ltr'><strong>Deus</strong></span> <span class='ocrx_word' id='word_1_553' title='bbox 3614 2271 3734 2315; x_wconf 90' lang='lat' dir='ltr'><strong>nos</strong></span> <span class='ocrx_word' id='word_1_554' title='bbox 3792 2248 4103 2317; x_wconf 87' lang='lat' dir='ltr'><strong>mediocri</strong></span> <span class='ocrx_word' id='word_1_555' title='bbox 4160 2250 4263 2315; x_wconf 85' lang='lat' dir='ltr'><strong>vel</strong></span> 
     </span>
     <span class='ocr_line' id='line_1_82' title="bbox 2320 2333 4260 2418; baseline 0.003 -22"><span class='ocrx_word' id='word_1_556' title='bbox 2320 2335 2541 2418; x_wconf 90' lang='lat' dir='ltr'><strong>potius</strong></span> <span class='ocrx_word' id='word_1_557' title='bbox 2586 2333 2770 2399; x_wconf 89' lang='lat' dir='ltr'><strong>tenui</strong></span> <span class='ocrx_word' id='word_1_558' title='bbox 2815 2333 3183 2400; x_wconf 89' lang='lat' dir='ltr'><strong>conditione</strong></span> <span class='ocrx_word' id='word_1_559' title='bbox 3225 2354 3370 2401; x_wconf 89' lang='lat' dir='ltr'><strong>esse</strong></span> <span class='ocrx_word' id='word_1_560' title='bbox 3416 2335 3576 2401; x_wconf 87' lang='lat' dir='ltr'><strong>vult.</strong></span> <span class='ocrx_word' id='word_1_561' title='bbox 3669 2336 3837 2400; x_wconf 89' lang='lat' dir='ltr'><strong>Nam</strong></span> <span class='ocrx_word' id='word_1_562' title='bbox 3897 2335 3952 2400; x_wconf 91' lang='lat' dir='ltr'><strong>si</strong></span> <span class='ocrx_word' id='word_1_563' title='bbox 4015 2337 4260 2402; x_wconf 90' lang='lat' dir='ltr'><strong>maiore</strong></span> 
     </span>
     <span class='ocr_line' id='line_1_83' title="bbox 2319 2420 4265 2504; baseline 0.001 -20"><span class='ocrx_word' id='word_1_564' title='bbox 2319 2420 2538 2503; x_wconf 89' lang='lat' dir='ltr'><strong>aliquo</strong></span> <span class='ocrx_word' id='word_1_565' title='bbox 2602 2420 2742 2486; x_wconf 91' lang='lat' dir='ltr'><strong>loco</strong></span> <span class='ocrx_word' id='word_1_566' title='bbox 2807 2440 3130 2497; x_wconf 86' lang='lat' dir='ltr'><strong>essemus,</strong></span> <span class='ocrx_word' id='word_1_567' title='bbox 3210 2431 3482 2504; x_wconf 85' lang='lat' dir='ltr'><strong>repente</strong></span> <span class='ocrx_word' id='word_1_568' title='bbox 3555 2421 3874 2486; x_wconf 89' lang='lat' dir='ltr'><strong>honorum</strong></span> <span class='ocrx_word' id='word_1_569' title='bbox 3942 2421 4265 2487; x_wconf 86' lang='lat' dir='ltr'><strong>desiderio</strong></span> 
     </span>
     <span class='ocr_line' id='line_1_84' title="bbox 2318 2505 4263 2592; baseline 0.001 -21"><span class='ocrx_word' id='word_1_570' title='bbox 2318 2526 2921 2588; x_wconf 88' lang='lat' dir='ltr'><strong>corrumperemur:</strong></span> <span class='ocrx_word' id='word_1_571' title='bbox 2964 2505 3282 2589; x_wconf 89' lang='lat' dir='ltr'><strong>siquidem</strong></span> <span class='ocrx_word' id='word_1_572' title='bbox 3321 2507 3474 2573; x_wconf 88' lang='lat' dir='ltr'><strong>licet</strong></span> <span class='ocrx_word' id='word_1_573' title='bbox 3496 2519 3741 2583; x_wconf 87' lang='lat' dir='ltr'><strong>tenues,</strong></span> <span class='ocrx_word' id='word_1_574' title='bbox 3789 2520 4009 2572; x_wconf 89' lang='lat' dir='ltr'><strong>tamen</strong></span> <span class='ocrx_word' id='word_1_575' title='bbox 4046 2508 4263 2592; x_wconf 90' lang='lat' dir='ltr'><strong>regios</strong></span> 
     </span>
     <span class='ocr_line' id='line_1_85' title="bbox 2318 2592 2972 2675; baseline 0.002 -21"><span class='ocrx_word' id='word_1_576' title='bbox 2318 2592 2573 2657; x_wconf 86' lang='lat' dir='ltr'><strong>animos</strong></span> <span class='ocrx_word' id='word_1_577' title='bbox 2617 2601 2972 2675; x_wconf 88' lang='lat' dir='ltr'><strong>gestamus.</strong></span> 
     </span>
    </p>

    <p class='ocr_par' dir='ltr' id='par_1_8' title="bbox 2298 2676 4264 5328">
     <span class='ocr_line' id='line_1_86' title="bbox 2494 2676 4260 2760; baseline 0.001 -16"><span class='ocrx_word' id='word_1_578' title='bbox 2494 2676 2811 2760; x_wconf 84' lang='lat' dir='ltr'><strong>Sequitur</strong></span> <span class='ocrx_word' id='word_1_579' title='bbox 2855 2677 3160 2760; x_wconf 87' lang='lat' dir='ltr'><strong>deinceps</strong></span> <span class='ocrx_word' id='word_1_580' title='bbox 3205 2698 3423 2760; x_wconf 89' lang='lat' dir='ltr'><strong>regem</strong></span> <span class='ocrx_word' id='word_1_581' title='bbox 3449 2678 3654 2744; x_wconf 85' lang='lat' dir='ltr'><strong>Achis</strong></span> <span class='ocrx_word' id='word_1_582' title='bbox 3683 2677 3965 2744; x_wconf 84' lang='lat' dir='ltr'><strong>Davidis</strong></span> <span class='ocrx_word' id='word_1_583' title='bbox 3998 2699 4260 2746; x_wconf 86' lang='lat' dir='ltr'><strong>causam</strong></span> 
     </span>
     <span class='ocr_line' id='line_1_87' title="bbox 2316 2761 4260 2849; baseline 0.003 -23"><span class='ocrx_word' id='word_1_584' title='bbox 2316 2761 2489 2845; x_wconf 89' lang='lat' dir='ltr'><strong>apud</strong></span> <span class='ocrx_word' id='word_1_585' title='bbox 2536 2784 2688 2830; x_wconf 87' lang='lat' dir='ltr'><strong>suos</strong></span> <span class='ocrx_word' id='word_1_586' title='bbox 2732 2762 2929 2829; x_wconf 83' lang='lat' dir='ltr'><strong>duces</strong></span> <span class='ocrx_word' id='word_1_587' title='bbox 2951 2762 3180 2846; x_wconf 86' lang='lat' dir='ltr'><strong>egisse,</strong></span> <span class='ocrx_word' id='word_1_588' title='bbox 3226 2763 3508 2830; x_wconf 85' lang='lat' dir='ltr'><strong>etfidem</strong></span> <span class='ocrx_word' id='word_1_589' title='bbox 3533 2766 3739 2849; x_wconf 90' lang='lat' dir='ltr'><strong>ipsius</strong></span> <span class='ocrx_word' id='word_1_590' title='bbox 3762 2765 4260 2844; x_wconf 87' lang='lat' dir='ltr'><strong>demonstrasse,</strong></span> 
     </span>
     <span class='ocr_line' id='line_1_88' title="bbox 2318 2847 4264 2933; baseline 0.002 -20"><span class='ocrx_word' id='word_1_591' title='bbox 2318 2869 2518 2930; x_wconf 90' lang='lat' dir='ltr'><strong>quum</strong></span> <span class='ocrx_word' id='word_1_592' title='bbox 2566 2850 2693 2913; x_wconf 88' lang='lat' dir='ltr'><strong>ait:</strong></span> <span class='ocrx_word' id='word_1_593' title='bbox 2751 2852 2984 2914; x_wconf 74' lang='lat' dir='ltr'><strong>Annon</strong></span> <span class='ocrx_word' id='word_1_594' title='bbox 3024 2847 3126 2914; x_wconf 76' lang='lat' dir='ltr'><strong>bic</strong></span> <span class='ocrx_word' id='word_1_595' title='bbox 3181 2854 3273 2914; x_wconf 76' lang='lat' dir='ltr'><strong>est</strong></span> <span class='ocrx_word' id='word_1_596' title='bbox 3312 2849 3534 2916; x_wconf 80' lang='lat' dir='ltr'><strong>David</strong></span> <span class='ocrx_word' id='word_1_597' title='bbox 3584 2871 3804 2916; x_wconf 73' lang='lat' dir='ltr'><strong>servus</strong></span> <span class='ocrx_word' id='word_1_598' title='bbox 3847 2848 4070 2915; x_wconf 74' lang='lat' dir='ltr'><strong>Saulis</strong></span> <span class='ocrx_word' id='word_1_599' title='bbox 4148 2851 4264 2933; x_wconf 73' lang='lat' dir='ltr'><strong>qai</strong></span> 
     </span>
     <span class='ocr_line' id='line_1_89' title="bbox 2312 2898 4263 3018; baseline 0.001 -19"><span class='ocrx_word' id='word_1_600' title='bbox 2312 2934 2445 3016; x_wconf 65' lang='lat' dir='ltr'><strong>fuet</strong></span> <span class='ocrx_word' id='word_1_601' title='bbox 2484 2936 2659 3018; x_wconf 70' lang='lat' dir='ltr'><strong>apua</strong></span> <span class='ocrx_word' id='word_1_602' title='bbox 2716 2955 2813 3001; x_wconf 71' lang='lat' dir='ltr'><strong>me</strong></span> <span class='ocrx_word' id='word_1_603' title='bbox 2868 2936 3003 3000; x_wconf 76' lang='lat' dir='ltr'><strong>iam</strong></span> <span class='ocrx_word' id='word_1_604' title='bbox 3059 2934 3305 3017; x_wconf 74' lang='lat' dir='ltr'><strong>aliquot</strong></span> <span class='ocrx_word' id='word_1_605' title='bbox 3358 2936 3594 3016; x_wconf 65' lang='lat' dir='ltr'><strong>diem,</strong></span> <span class='ocrx_word' id='word_1_606' title='bbox 3650 2937 3775 3001; x_wconf 81' lang='lat' dir='ltr'><strong>imo</strong></span> <span class='ocrx_word' id='word_1_607' title='bbox 3831 2937 3965 3001; x_wconf 63' lang='lat' dir='ltr'><strong>tam</strong></span> <span class='ocrx_word' id='word_1_608' title='bbox 4020 2898 4263 3018; x_wconf 62' lang='lat' dir='ltr'><strong>aitqua:</strong></span> 
     </span>
     <span class='ocr_line' id='line_1_90' title="bbox 2315 3019 4258 3104; baseline 0.001 -19"><span class='ocrx_word' id='word_1_609' title='bbox 2315 3021 2541 3101; x_wconf 72' lang='lat' dir='ltr'><strong>annis,</strong></span> <span class='ocrx_word' id='word_1_610' title='bbox 2600 3041 2797 3103; x_wconf 72' lang='lat' dir='ltr'><strong>neque</strong></span> <span class='ocrx_word' id='word_1_611' title='bbox 2851 3019 3224 3102; x_wconf 70' lang='lat' dir='ltr'><strong>deprehendi</strong></span> <span class='ocrx_word' id='word_1_612' title='bbox 3282 3021 3354 3086; x_wconf 72' lang='lat' dir='ltr'><strong>in</strong></span> <span class='ocrx_word' id='word_1_613' title='bbox 3413 3041 3481 3087; x_wconf 82' lang='lat' dir='ltr'><strong>eo</strong></span> <span class='ocrx_word' id='word_1_614' title='bbox 3537 3021 3929 3104; x_wconf 76' lang='lat' dir='ltr'><strong>quidquam?</strong></span> <span class='ocrx_word' id='word_1_615' title='bbox 3998 3020 4258 3102; x_wconf 83' lang='lat' dir='ltr'><strong>Quibus</strong></span> 
     </span>
     <span class='ocr_line' id='line_1_91' title="bbox 2318 3106 4256 3190; baseline 0.003 -21"><span class='ocrx_word' id='word_1_616' title='bbox 2318 3106 2537 3171; x_wconf 87' lang='lat' dir='ltr'><strong>verbis</strong></span> <span class='ocrx_word' id='word_1_617' title='bbox 2581 3128 2652 3173; x_wconf 91' lang='lat' dir='ltr'><strong>se</strong></span> <span class='ocrx_word' id='word_1_618' title='bbox 2696 3107 3079 3173; x_wconf 86' lang='lat' dir='ltr'><strong>fidelitatem</strong></span> <span class='ocrx_word' id='word_1_619' title='bbox 3104 3107 3379 3171; x_wconf 84' lang='lat' dir='ltr'><strong>Davidis</strong></span> <span class='ocrx_word' id='word_1_620' title='bbox 3427 3108 3651 3170; x_wconf 90' lang='lat' dir='ltr'><strong>multis</strong></span> <span class='ocrx_word' id='word_1_621' title='bbox 3695 3109 3886 3172; x_wconf 90' lang='lat' dir='ltr'><strong>annis</strong></span> <span class='ocrx_word' id='word_1_622' title='bbox 3910 3119 4256 3190; x_wconf 89' lang='lat' dir='ltr'><strong>expertum</strong></span> 
     </span>
     <span class='ocr_line' id='line_1_92' title="bbox 2316 3191 4258 3283; baseline 0.002 -26"><span class='ocrx_word' id='word_1_623' title='bbox 2316 3191 2491 3270; x_wconf 88' lang='lat' dir='ltr'><strong>dicit,</strong></span> <span class='ocrx_word' id='word_1_624' title='bbox 2542 3204 2614 3256; x_wconf 90' lang='lat' dir='ltr'><strong>ut</strong></span> <span class='ocrx_word' id='word_1_625' title='bbox 2655 3192 2718 3283; x_wconf 72' lang='lat' dir='ltr'><strong>ei</strong></span> <span class='ocrx_word' id='word_1_626' title='bbox 2761 3214 2831 3258; x_wconf 91' lang='lat' dir='ltr'><strong>se</strong></span> <span class='ocrx_word' id='word_1_627' title='bbox 2874 3213 3006 3257; x_wconf 89' lang='lat' dir='ltr'><strong>non</strong></span> <span class='ocrx_word' id='word_1_628' title='bbox 3052 3203 3298 3257; x_wconf 87' lang='lat' dir='ltr'><strong>temere</strong></span> <span class='ocrx_word' id='word_1_629' title='bbox 3338 3192 3589 3259; x_wconf 84' lang='lat' dir='ltr'><strong>credat:</strong></span> <span class='ocrx_word' id='word_1_630' title='bbox 3648 3214 3806 3259; x_wconf 86' lang='lat' dir='ltr'><strong>saue</strong></span> <span class='ocrx_word' id='word_1_631' title='bbox 3850 3191 4066 3259; x_wconf 84' lang='lat' dir='ltr'><strong>David</strong></span> <span class='ocrx_word' id='word_1_632' title='bbox 4125 3214 4258 3260; x_wconf 87' lang='lat' dir='ltr'><strong>non</strong></span> 
     </span>
     <span class='ocr_line' id='line_1_93' title="bbox 2314 3278 4256 3365; baseline 0.003 -24"><span class='ocrx_word' id='word_1_633' title='bbox 2314 3278 2558 3343; x_wconf 78' lang='lat' dir='ltr'><strong>inultos</strong></span> <span class='ocrx_word' id='word_1_634' title='bbox 2623 3298 2832 3345; x_wconf 91' lang='lat' dir='ltr'><strong>annos</strong></span> <span class='ocrx_word' id='word_1_635' title='bbox 2898 3278 3069 3361; x_wconf 88' lang='lat' dir='ltr'><strong>apud</strong></span> <span class='ocrx_word' id='word_1_636' title='bbox 3139 3299 3287 3344; x_wconf 91' lang='lat' dir='ltr'><strong>eum</strong></span> <span class='ocrx_word' id='word_1_637' title='bbox 3354 3279 3512 3357; x_wconf 77' lang='lat' dir='ltr'><strong>fuit,</strong></span> <span class='ocrx_word' id='word_1_638' title='bbox 3579 3278 3691 3343; x_wconf 91' lang='lat' dir='ltr'><strong>sed</strong></span> <span class='ocrx_word' id='word_1_639' title='bbox 3757 3279 3918 3345; x_wconf 89' lang='lat' dir='ltr'><strong>satis</strong></span> <span class='ocrx_word' id='word_1_640' title='bbox 3983 3278 4256 3365; x_wconf 88' lang='lat' dir='ltr'><strong>longum</strong></span> 
     </span>
     <span class='ocr_line' id='line_1_94' title="bbox 2314 3364 4253 3449; baseline 0.002 -21"><span class='ocrx_word' id='word_1_641' title='bbox 2314 3374 2574 3446; x_wconf 87' lang='lat' dir='ltr'><strong>tempus</strong></span> <span class='ocrx_word' id='word_1_642' title='bbox 2615 3364 2877 3441; x_wconf 91' lang='lat' dir='ltr'><strong>iudicat,</strong></span> <span class='ocrx_word' id='word_1_643' title='bbox 2924 3384 3051 3446; x_wconf 90' lang='lat' dir='ltr'><strong>quo</strong></span> <span class='ocrx_word' id='word_1_644' title='bbox 3097 3365 3440 3449; x_wconf 90' lang='lat' dir='ltr'><strong>explorare</strong></span> <span class='ocrx_word' id='word_1_645' title='bbox 3498 3364 3692 3429; x_wconf 86' lang='lat' dir='ltr'><strong>fidem</strong></span> <span class='ocrx_word' id='word_1_646' title='bbox 3752 3365 3958 3447; x_wconf 91' lang='lat' dir='ltr'><strong>ipsius</strong></span> <span class='ocrx_word' id='word_1_647' title='bbox 4018 3368 4253 3448; x_wconf 87' lang='lat' dir='ltr'><strong>potuit.</strong></span> 
     </span>
     <span class='ocr_line' id='line_1_95' title="bbox 2315 3446 4258 3533; baseline 0.001 -18"><span class='ocrx_word' id='word_1_648' title='bbox 2315 3446 2446 3515; x_wconf 85' lang='lat' dir='ltr'><strong>Sed</strong></span> <span class='ocrx_word' id='word_1_649' title='bbox 2494 3451 2639 3516; x_wconf 90' lang='lat' dir='ltr'><strong>exci</strong></span> <span class='ocrx_word' id='word_1_650' title='bbox 2690 3451 2839 3515; x_wconf 92' lang='lat' dir='ltr'><strong>iunt</strong></span> <span class='ocrx_word' id='word_1_651' title='bbox 2879 3450 3395 3527; x_wconf 67' lang='lat' dir='ltr'><strong>Philistaeorum</strong></span> <span class='ocrx_word' id='word_1_652' title='bbox 3442 3449 3656 3527; x_wconf 88' lang='lat' dir='ltr'><strong>duces,</strong></span> <span class='ocrx_word' id='word_1_653' title='bbox 3712 3450 4011 3533; x_wconf 75' lang='lat' dir='ltr'><strong>quomodo</strong></span> <span class='ocrx_word' id='word_1_654' title='bbox 4071 3451 4258 3517; x_wconf 73' lang='lat' dir='ltr'><strong>aliter</strong></span> 
     </span>
     <span class='ocr_line' id='line_1_96' title="bbox 2298 3535 4254 3618; baseline 0.002 -18"><span class='ocrx_word' id='word_1_655' title='bbox 2298 3537 2531 3616; x_wconf 76' lang='lat' dir='ltr'><strong>poterit</strong></span> <span class='ocrx_word' id='word_1_656' title='bbox 2663 3556 2847 3601; x_wconf 71' lang='lat' dir='ltr'><strong>avare</strong></span> <span class='ocrx_word' id='word_1_657' title='bbox 2908 3536 3231 3601; x_wconf 69' lang='lat' dir='ltr'><strong>dominam·</strong></span> <span class='ocrx_word' id='word_1_658' title='bbox 3297 3555 3486 3601; x_wconf 72' lang='lat' dir='ltr'><strong>suam</strong></span> <span class='ocrx_word' id='word_1_659' title='bbox 3510 3588 3524 3613; x_wconf 95' lang='lat'>‚</span> <span class='ocrx_word' id='word_1_660' title='bbox 3596 3535 3729 3601; x_wconf 76' lang='lat' dir='ltr'><strong>nisi</strong></span> <span class='ocrx_word' id='word_1_661' title='bbox 3807 3537 3876 3600; x_wconf 81' lang='lat' dir='ltr'><strong>in</strong></span> <span class='ocrx_word' id='word_1_662' title='bbox 3939 3536 4254 3618; x_wconf 71' lang='lat' dir='ltr'><strong>capitibus</strong></span> 
     </span>
     <span class='ocr_line' id='line_1_97' title="bbox 2308 3620 4256 3705; baseline 0.002 -20"><span class='ocrx_word' id='word_1_663' title='bbox 2308 3622 2594 3687; x_wconf 64' lang='lat' dir='ltr'><strong>nostris?</strong></span> <span class='ocrx_word' id='word_1_664' title='bbox 2643 3621 2870 3687; x_wconf 79' lang='lat' dir='ltr'><strong>Nonne</strong></span> <span class='ocrx_word' id='word_1_665' title='bbox 2902 3624 3018 3687; x_wconf 75' lang='lat' dir='ltr'><strong>iste</strong></span> <span class='ocrx_word' id='word_1_666' title='bbox 3049 3628 3138 3687; x_wconf 73' lang='lat' dir='ltr'><strong>est</strong></span> <span class='ocrx_word' id='word_1_667' title='bbox 3157 3621 3396 3702; x_wconf 76' lang='lat' dir='ltr'><strong>David,</strong></span> <span class='ocrx_word' id='word_1_668' title='bbox 3433 3623 3537 3686; x_wconf 79' lang='lat' dir='ltr'><strong>cui</strong></span> <span class='ocrx_word' id='word_1_669' title='bbox 3569 3620 3903 3687; x_wconf 77' lang='lat' dir='ltr'><strong>cantabant</strong></span> <span class='ocrx_word' id='word_1_670' title='bbox 3924 3623 3994 3686; x_wconf 67' lang='grc' dir='ltr'><strong>θη</strong></span> <span class='ocrx_word' id='word_1_671' title='bbox 4026 3622 4256 3705; x_wconf 70' lang='lat' dir='ltr'><strong>choris,</strong></span> 
     </span>
     <span class='ocr_line' id='line_1_98' title="bbox 2307 3707 4255 3797; baseline 0.001 -24"><span class='ocrx_word' id='word_1_672' title='bbox 2307 3707 2591 3784; x_wconf 75' lang='lat' dir='ltr'><strong>dicentes,</strong></span> <span class='ocrx_word' id='word_1_673' title='bbox 2627 3709 2945 3797; x_wconf 67' lang='lat' dir='ltr'><strong>percas-sit</strong></span> <span class='ocrx_word' id='word_1_674' title='bbox 2991 3707 3150 3773; x_wconf 76' lang='lat' dir='ltr'><strong>Saul</strong></span> <span class='ocrx_word' id='word_1_675' title='bbox 3194 3708 3266 3772; x_wconf 75' lang='lat' dir='ltr'><strong>in</strong></span> <span class='ocrx_word' id='word_1_676' title='bbox 3296 3707 3579 3774; x_wconf 73' lang='lat' dir='ltr'><strong>millibus</strong></span> <span class='ocrx_word' id='word_1_677' title='bbox 3618 3707 3777 3783; x_wconf 71' lang='lat' dir='ltr'><strong>suis,</strong></span> <span class='ocrx_word' id='word_1_678' title='bbox 3824 3713 3884 3772; x_wconf 78' lang='lat' dir='ltr'><strong>et</strong></span> <span class='ocrx_word' id='word_1_679' title='bbox 3917 3707 4139 3775; x_wconf 76' lang='lat' dir='ltr'><strong>David</strong></span> <span class='ocrx_word' id='word_1_680' title='bbox 4181 3710 4255 3774; x_wconf 75' lang='lat' dir='ltr'><strong>in</strong></span> 
     </span>
     <span class='ocr_line' id='line_1_99' title="bbox 2305 3791 4252 3876; baseline 0.001 -18"><span class='ocrx_word' id='word_1_681' title='bbox 2305 3793 2512 3858; x_wconf 77' lang='lat' dir='ltr'><strong>decem</strong></span> <span class='ocrx_word' id='word_1_682' title='bbox 2553 3793 2832 3859; x_wconf 71' lang='lat' dir='ltr'><strong>millibus</strong></span> <span class='ocrx_word' id='word_1_683' title='bbox 2874 3794 3065 3859; x_wconf 76' lang='lat' dir='ltr'><strong>suis?</strong></span> <span class='ocrx_word' id='word_1_684' title='bbox 3109 3793 3290 3859; x_wconf 90' lang='lat' dir='ltr'><strong>Hinc</strong></span> <span class='ocrx_word' id='word_1_685' title='bbox 3324 3792 3753 3876; x_wconf 88' lang='lat' dir='ltr'><strong>perspicimus</strong></span> <span class='ocrx_word' id='word_1_686' title='bbox 3791 3791 3918 3858; x_wconf 90' lang='lat' dir='ltr'><strong>Dei</strong></span> <span class='ocrx_word' id='word_1_687' title='bbox 3963 3793 4134 3859; x_wconf 88' lang='lat' dir='ltr'><strong>dona</strong></span> <span class='ocrx_word' id='word_1_688' title='bbox 4177 3795 4252 3860; x_wconf 90' lang='lat' dir='ltr'><strong>in</strong></span> 
     </span>
     <span class='ocr_line' id='line_1_100' title="bbox 2307 3878 4250 3962; baseline 0.001 -19"><span class='ocrx_word' id='word_1_689' title='bbox 2307 3881 2517 3944; x_wconf 89' lang='lat' dir='ltr'><strong>servis</strong></span> <span class='ocrx_word' id='word_1_690' title='bbox 2575 3881 2712 3944; x_wconf 89' lang='lat' dir='ltr'><strong>suis</strong></span> <span class='ocrx_word' id='word_1_691' title='bbox 2758 3900 2887 3944; x_wconf 91' lang='lat' dir='ltr'><strong>non</strong></span> <span class='ocrx_word' id='word_1_692' title='bbox 2934 3889 3187 3944; x_wconf 88' lang='lat' dir='ltr'><strong>tantum</strong></span> <span class='ocrx_word' id='word_1_693' title='bbox 3232 3879 3561 3945; x_wconf 90' lang='lat' dir='ltr'><strong>contemni</strong></span> <span class='ocrx_word' id='word_1_694' title='bbox 3618 3878 3701 3944; x_wconf 90' lang='lat' dir='ltr'><strong>ab</strong></span> <span class='ocrx_word' id='word_1_695' title='bbox 3758 3880 4071 3962; x_wconf 90' lang='lat' dir='ltr'><strong>improbis</strong></span> <span class='ocrx_word' id='word_1_696' title='bbox 4135 3881 4250 3945; x_wconf 86' lang='lat' dir='ltr'><strong>ho·</strong></span> 
     </span>
     <span class='ocr_line' id='line_1_101' title="bbox 2309 3964 4252 4032; baseline 0.002 -4"><span class='ocrx_word' id='word_1_697' title='bbox 2309 3964 2631 4031; x_wconf 83' lang='lat' dir='ltr'><strong>minibus:</strong></span> <span class='ocrx_word' id='word_1_698' title='bbox 2674 3965 2789 4029; x_wconf 89' lang='lat' dir='ltr'><strong>sed</strong></span> <span class='ocrx_word' id='word_1_699' title='bbox 2836 3987 3058 4029; x_wconf 89' lang='lat' dir='ltr'><strong>eorum</strong></span> <span class='ocrx_word' id='word_1_700' title='bbox 3105 3965 3303 4030; x_wconf 91' lang='lat' dir='ltr'><strong>etiam</strong></span> <span class='ocrx_word' id='word_1_701' title='bbox 3348 3966 3726 4030; x_wconf 91' lang='lat' dir='ltr'><strong>memoriam</strong></span> <span class='ocrx_word' id='word_1_702' title='bbox 3764 3965 4052 4031; x_wconf 89' lang='lat' dir='ltr'><strong>odiosam</strong></span> <span class='ocrx_word' id='word_1_703' title='bbox 4090 3986 4252 4032; x_wconf 88' lang='lat' dir='ltr'><strong>esse.</strong></span> 
     </span>
     <span class='ocr_line' id='line_1_102' title="bbox 2307 4049 4254 4133; baseline 0.001 -19"><span class='ocrx_word' id='word_1_704' title='bbox 2307 4049 2478 4115; x_wconf 90' lang='lat' dir='ltr'><strong>Nam</strong></span> <span class='ocrx_word' id='word_1_705' title='bbox 2527 4064 2752 4116; x_wconf 86' lang='lat' dir='ltr'><strong>vetera</strong></span> <span class='ocrx_word' id='word_1_706' title='bbox 2795 4063 2986 4116; x_wconf 89' lang='lat' dir='ltr'><strong>erant</strong></span> <span class='ocrx_word' id='word_1_707' title='bbox 3030 4072 3196 4133; x_wconf 90' lang='lat' dir='ltr'><strong>quae</strong></span> <span class='ocrx_word' id='word_1_708' title='bbox 3254 4050 3365 4115; x_wconf 83' lang='lat' dir='ltr'><strong>isti</strong></span> <span class='ocrx_word' id='word_1_709' title='bbox 3410 4061 3954 4116; x_wconf 88' lang='lat' dir='ltr'><strong>commemorant:</strong></span> <span class='ocrx_word' id='word_1_710' title='bbox 4013 4050 4070 4115; x_wconf 86' lang='lat' dir='ltr'><strong>si</strong></span> <span class='ocrx_word' id='word_1_711' title='bbox 4114 4052 4254 4133; x_wconf 91' lang='lat' dir='ltr'><strong>qui·</strong></span> 
     </span>
     <span class='ocr_line' id='line_1_103' title="bbox 2308 4135 4251 4202; baseline -0.001 -1"><span class='ocrx_word' id='word_1_712' title='bbox 2308 4135 2455 4201; x_wconf 90' lang='lat' dir='ltr'><strong>dem</strong></span> <span class='ocrx_word' id='word_1_713' title='bbox 2516 4135 2741 4201; x_wconf 80' lang='lat' dir='ltr'><strong>David</strong></span> <span class='ocrx_word' id='word_1_714' title='bbox 2802 4135 2995 4201; x_wconf 81' lang='lat' dir='ltr'><strong>valde</strong></span> <span class='ocrx_word' id='word_1_715' title='bbox 3067 4136 3329 4202; x_wconf 84' lang='lat' dir='ltr'><strong>iuvenis</strong></span> <span class='ocrx_word' id='word_1_716' title='bbox 3388 4135 3774 4202; x_wconf 79' lang='lat' dir='ltr'><strong>Goliathum</strong></span> <span class='ocrx_word' id='word_1_717' title='bbox 3834 4136 4251 4201; x_wconf 83' lang='lat' dir='ltr'><strong>interfecerat</strong></span> 
     </span>
     <span class='ocr_line' id='line_1_104' title="bbox 2306 4220 4246 4305; baseline 0.001 -20"><span class='ocrx_word' id='word_1_718' title='bbox 2306 4222 2492 4287; x_wconf 90' lang='lat' dir='ltr'><strong>cuius</strong></span> <span class='ocrx_word' id='word_1_719' title='bbox 2565 4221 2826 4287; x_wconf 83' lang='lat' dir='ltr'><strong>caedem</strong></span> <span class='ocrx_word' id='word_1_720' title='bbox 2895 4222 3401 4287; x_wconf 86' lang='lat' dir='ltr'><strong>Philistaeorum</strong></span> <span class='ocrx_word' id='word_1_721' title='bbox 3475 4223 3804 4287; x_wconf 86' lang='lat' dir='ltr'><strong>exercitus</strong></span> <span class='ocrx_word' id='word_1_722' title='bbox 3877 4220 4246 4305; x_wconf 86' lang='lat' dir='ltr'><strong>profligatio</strong></span> 
     </span>
     <span class='ocr_line' id='line_1_105' title="bbox 2306 4306 4248 4392; baseline 0 -19"><span class='ocrx_word' id='word_1_723' title='bbox 2306 4317 2688 4391; x_wconf 85' lang='lat' dir='ltr'><strong>exceperat:</strong></span> <span class='ocrx_word' id='word_1_724' title='bbox 2748 4307 3074 4390; x_wconf 90' lang='lat' dir='ltr'><strong>quomodo</strong></span> <span class='ocrx_word' id='word_1_725' title='bbox 3131 4328 3290 4392; x_wconf 86' lang='lat' dir='ltr'><strong>ergo</strong></span> <span class='ocrx_word' id='word_1_726' title='bbox 3365 4306 3569 4374; x_wconf 88' lang='lat' dir='ltr'><strong>cladis</strong></span> <span class='ocrx_word' id='word_1_727' title='bbox 3624 4307 3800 4371; x_wconf 86' lang='lat' dir='ltr'><strong>illius</strong></span> <span class='ocrx_word' id='word_1_728' title='bbox 3861 4308 4248 4373; x_wconf 89' lang='lat' dir='ltr'><strong>memoriam</strong></span> 
     </span>
     <span class='ocr_line' id='line_1_106' title="bbox 2305 4390 4248 4476; baseline 0.001 -18"><span class='ocrx_word' id='word_1_729' title='bbox 2305 4392 2666 4459; x_wconf 78' lang='lat' dir='ltr'><strong>refricant?</strong></span> <span class='ocrx_word' id='word_1_730' title='bbox 2711 4393 2988 4476; x_wconf 89' lang='lat' dir='ltr'><strong>Nempe,</strong></span> <span class='ocrx_word' id='word_1_731' title='bbox 3035 4405 3112 4457; x_wconf 91' lang='lat' dir='ltr'><strong>ut</strong></span> <span class='ocrx_word' id='word_1_732' title='bbox 3155 4410 3307 4460; x_wconf 89' lang='lat' dir='ltr'><strong>ante</strong></span> <span class='ocrx_word' id='word_1_733' title='bbox 3353 4394 3510 4471; x_wconf 89' lang='lat' dir='ltr'><strong>dixi,</strong></span> <span class='ocrx_word' id='word_1_734' title='bbox 3571 4391 3759 4457; x_wconf 90' lang='lat' dir='ltr'><strong>donis</strong></span> <span class='ocrx_word' id='word_1_735' title='bbox 3802 4390 3930 4456; x_wconf 90' lang='lat' dir='ltr'><strong>Dei</strong></span> <span class='ocrx_word' id='word_1_736' title='bbox 3977 4392 4248 4474; x_wconf 86' lang='lat' dir='ltr'><strong>spiritus</strong></span> 
     </span>
     <span class='ocr_line' id='line_1_107' title="bbox 2303 4478 4247 4562; baseline 0.001 -19"><span class='ocrx_word' id='word_1_737' title='bbox 2303 4479 2650 4544; x_wconf 89' lang='lat' dir='ltr'><strong>irritantur</strong></span> <span class='ocrx_word' id='word_1_738' title='bbox 2695 4480 2997 4562; x_wconf 90' lang='lat' dir='ltr'><strong>improbi,</strong></span> <span class='ocrx_word' id='word_1_739' title='bbox 3043 4478 3228 4545; x_wconf 90' lang='lat' dir='ltr'><strong>nobis</strong></span> <span class='ocrx_word' id='word_1_740' title='bbox 3251 4479 3532 4545; x_wconf 90' lang='lat' dir='ltr'><strong>inimici:</strong></span> <span class='ocrx_word' id='word_1_741' title='bbox 3580 4489 3645 4542; x_wconf 88' lang='lat' dir='ltr'><strong>ct</strong></span> <span class='ocrx_word' id='word_1_742' title='bbox 3687 4497 3764 4542; x_wconf 91' lang='lat' dir='ltr'><strong>ea</strong></span> <span class='ocrx_word' id='word_1_743' title='bbox 3787 4479 4247 4555; x_wconf 84' lang='lat' dir='ltr'><strong>rationeDeus</strong></span> 
     </span>
     <span class='ocr_line' id='line_1_108' title="bbox 2303 4562 4249 4648; baseline 0 -18"><span class='ocrx_word' id='word_1_744' title='bbox 2303 4565 2449 4630; x_wconf 77' lang='lat' dir='ltr'><strong>vult</strong></span> <span class='ocrx_word' id='word_1_745' title='bbox 2492 4576 2717 4629; x_wconf 85' lang='lat' dir='ltr'><strong>nostra</strong></span> <span class='ocrx_word' id='word_1_746' title='bbox 2762 4567 2934 4630; x_wconf 90' lang='lat' dir='ltr'><strong>dona</strong></span> <span class='ocrx_word' id='word_1_747' title='bbox 2957 4576 3323 4648; x_wconf 88' lang='lat' dir='ltr'><strong>temperare</strong></span> <span class='ocrx_word' id='word_1_748' title='bbox 3367 4585 3451 4629; x_wconf 91' lang='lat' dir='ltr'><strong>ne</strong></span> <span class='ocrx_word' id='word_1_749' title='bbox 3488 4563 3811 4628; x_wconf 89' lang='lat' dir='ltr'><strong>donorum</strong></span> <span class='ocrx_word' id='word_1_750' title='bbox 3857 4562 4249 4630; x_wconf 82' lang='lat' dir='ltr'><strong>excellentia</strong></span> 
     </span>
     <span class='ocr_line' id='line_1_109' title="bbox 2301 4648 4246 4732; baseline 0 -16"><span class='ocrx_word' id='word_1_751' title='bbox 2301 4651 2670 4716; x_wconf 85' lang='lat' dir='ltr'><strong>efferamur.</strong></span> <span class='ocrx_word' id='word_1_752' title='bbox 2759 4648 2896 4715; x_wconf 77' lang='lat' dir='ltr'><strong>Vix‘</strong></span> <span class='ocrx_word' id='word_1_753' title='bbox 2939 4652 3115 4716; x_wconf 90' lang='lat' dir='ltr'><strong>enim</strong></span> <span class='ocrx_word' id='word_1_754' title='bbox 3162 4652 3347 4716; x_wconf 87' lang='lat' dir='ltr'><strong>nobis</strong></span> <span class='ocrx_word' id='word_1_755' title='bbox 3389 4662 3859 4730; x_wconf 86' lang='lat' dir='ltr'><strong>temperamus,</strong></span> <span class='ocrx_word' id='word_1_756' title='bbox 3905 4650 4064 4732; x_wconf 90' lang='lat' dir='ltr'><strong>quin</strong></span> <span class='ocrx_word' id='word_1_757' title='bbox 4117 4648 4246 4716; x_wconf 90' lang='lat' dir='ltr'><strong>Dei</strong></span> 
     </span>
     <span class='ocr_line' id='line_1_110' title="bbox 2302 4733 4248 4818; baseline 0 -16"><span class='ocrx_word' id='word_1_758' title='bbox 2302 4736 2489 4802; x_wconf 90' lang='lat' dir='ltr'><strong>donis</strong></span> <span class='ocrx_word' id='word_1_759' title='bbox 2544 4735 3017 4818; x_wconf 89' lang='lat' dir='ltr'><strong>superbiamus,</strong></span> <span class='ocrx_word' id='word_1_760' title='bbox 3079 4738 3205 4802; x_wconf 91' lang='lat' dir='ltr'><strong>nisi</strong></span> <span class='ocrx_word' id='word_1_761' title='bbox 3255 4737 3434 4800; x_wconf 87' lang='lat' dir='ltr'><strong>Deus</strong></span> <span class='ocrx_word' id='word_1_762' title='bbox 3491 4734 3607 4799; x_wconf 89' lang='lat' dir='ltr'><strong>illa</strong></span> <span class='ocrx_word' id='word_1_763' title='bbox 3663 4733 3944 4816; x_wconf 89' lang='lat' dir='ltr'><strong>quadam</strong></span> <span class='ocrx_word' id='word_1_764' title='bbox 3998 4755 4248 4802; x_wconf 87' lang='lat' dir='ltr'><strong>correc-</strong></span> 
     </span>
     <span class='ocr_line' id='line_1_111' title="bbox 2300 4818 4242 4906; baseline -0.001 -19"><span class='ocrx_word' id='word_1_765' title='bbox 2300 4822 2480 4887; x_wconf 90' lang='lat' dir='ltr'><strong>tione</strong></span> <span class='ocrx_word' id='word_1_766' title='bbox 2521 4835 2862 4906; x_wconf 89' lang='lat' dir='ltr'><strong>temperet.</strong></span> <span class='ocrx_word' id='word_1_767' title='bbox 2955 4821 3067 4889; x_wconf 91' lang='lat' dir='ltr'><strong>Sic</strong></span> <span class='ocrx_word' id='word_1_768' title='bbox 3102 4823 3322 4905; x_wconf 87' lang='lat' dir='ltr'><strong>itaque</strong></span> <span class='ocrx_word' id='word_1_769' title='bbox 3366 4818 3551 4885; x_wconf 90' lang='lat' dir='ltr'><strong>Deus</strong></span> <span class='ocrx_word' id='word_1_770' title='bbox 3594 4840 3853 4884; x_wconf 89' lang='lat' dir='ltr'><strong>omnem</strong></span> <span class='ocrx_word' id='word_1_771' title='bbox 3902 4840 4044 4886; x_wconf 86' lang='lat' dir='ltr'><strong>sese</strong></span> <span class='ocrx_word' id='word_1_772' title='bbox 4087 4821 4242 4886; x_wconf 81' lang='lat' dir='ltr'><strong>effe-</strong></span> 
     </span>
     <span class='ocr_line' id='line_1_112' title="bbox 2300 4905 4242 4983; baseline 0 -10"><span class='ocrx_word' id='word_1_773' title='bbox 2300 4909 2484 4974; x_wconf 90' lang='lat' dir='ltr'><strong>rendi</strong></span> <span class='ocrx_word' id='word_1_774' title='bbox 2529 4909 2932 4974; x_wconf 89' lang='lat' dir='ltr'><strong>occasionem</strong></span> <span class='ocrx_word' id='word_1_775' title='bbox 2977 4908 3114 4973; x_wconf 91' lang='lat' dir='ltr'><strong>suis</strong></span> <span class='ocrx_word' id='word_1_776' title='bbox 3169 4907 3417 4983; x_wconf 90' lang='lat' dir='ltr'><strong>adimit,</strong></span> <span class='ocrx_word' id='word_1_777' title='bbox 3476 4921 3543 4970; x_wconf 92' lang='lat' dir='ltr'><strong>et</strong></span> <span class='ocrx_word' id='word_1_778' title='bbox 3601 4905 3980 4971; x_wconf 90' lang='lat' dir='ltr'><strong>modestiam</strong></span> <span class='ocrx_word' id='word_1_779' title='bbox 4038 4906 4242 4983; x_wconf 81' lang='lat' dir='ltr'><strong>docet,</strong></span> 
     </span>
     <span class='ocr_line' id='line_1_113' title="bbox 2298 4991 4240 5077; baseline 0 -19"><span class='ocrx_word' id='word_1_780' title='bbox 2298 5014 2504 5077; x_wconf 89' lang='lat' dir='ltr'><strong>quum</strong></span> <span class='ocrx_word' id='word_1_781' title='bbox 2571 4995 2893 5076; x_wconf 74' lang='lat' dir='ltr'><strong>permittit</strong></span> <span class='ocrx_word' id='word_1_782' title='bbox 2958 4995 3137 5077; x_wconf 89' lang='lat' dir='ltr'><strong>ipsos</strong></span> <span class='ocrx_word' id='word_1_783' title='bbox 3191 5013 3351 5075; x_wconf 87' lang='lat' dir='ltr'><strong>quos</strong></span> <span class='ocrx_word' id='word_1_784' title='bbox 3405 4993 3471 5055; x_wconf 92' lang='lat' dir='ltr'><strong>in</strong></span> <span class='ocrx_word' id='word_1_785' title='bbox 3549 4992 3830 5074; x_wconf 88' lang='lat' dir='ltr'><strong>aliquem</strong></span> <span class='ocrx_word' id='word_1_786' title='bbox 3900 4991 4240 5077; x_wconf 88' lang='lat' dir='ltr'><strong>dignitatis</strong></span> 
     </span>
     <span class='ocr_line' id='line_1_114' title="bbox 2299 5077 4242 5164; baseline 0.001 -20"><span class='ocrx_word' id='word_1_787' title='bbox 2299 5079 2576 5164; x_wconf 89' lang='lat' dir='ltr'><strong>gradum</strong></span> <span class='ocrx_word' id='word_1_788' title='bbox 2620 5079 2843 5145; x_wconf 76' lang='lat' dir='ltr'><strong>evexit</strong></span> <span class='ocrx_word' id='word_1_789' title='bbox 2886 5079 2967 5145; x_wconf 90' lang='lat' dir='ltr'><strong>ab</strong></span> <span class='ocrx_word' id='word_1_790' title='bbox 3011 5078 3156 5143; x_wconf 82' lang='lat' dir='ltr'><strong>aliis</strong></span> <span class='ocrx_word' id='word_1_791' title='bbox 3178 5077 3329 5142; x_wconf 90' lang='lat' dir='ltr'><strong>odio</strong></span> <span class='ocrx_word' id='word_1_792' title='bbox 3354 5077 3599 5154; x_wconf 87' lang='lat' dir='ltr'><strong>baberi,</strong></span> <span class='ocrx_word' id='word_1_793' title='bbox 3644 5077 3711 5141; x_wconf 91' lang='lat' dir='ltr'><strong>in</strong></span> <span class='ocrx_word' id='word_1_794' title='bbox 3737 5078 3909 5143; x_wconf 88' lang='lat' dir='ltr'><strong>facta</strong></span> <span class='ocrx_word' id='word_1_795' title='bbox 3953 5080 4242 5161; x_wconf 90' lang='lat' dir='ltr'><strong>ipsorum</strong></span> 
     </span>
     <span class='ocr_line' id='line_1_115' title="bbox 2298 5162 4242 5248; baseline 0.001 -18"><span class='ocrx_word' id='word_1_796' title='bbox 2298 5166 2567 5248; x_wconf 89' lang='lat' dir='ltr'><strong>inquiri,</strong></span> <span class='ocrx_word' id='word_1_797' title='bbox 2612 5177 2678 5230; x_wconf 91' lang='lat' dir='ltr'><strong>et</strong></span> <span class='ocrx_word' id='word_1_798' title='bbox 2720 5167 3091 5231; x_wconf 87' lang='lat' dir='ltr'><strong>occasiones</strong></span> <span class='ocrx_word' id='word_1_799' title='bbox 3136 5165 3364 5247; x_wconf 86' lang='lat' dir='ltr'><strong>quaeri</strong></span> <span class='ocrx_word' id='word_1_800' title='bbox 3410 5162 3759 5228; x_wconf 89' lang='lat' dir='ltr'><strong>arrodendi</strong></span> <span class='ocrx_word' id='word_1_801' title='bbox 3803 5163 4001 5247; x_wconf 86' lang='lat' dir='ltr'><strong>ipsos.</strong></span> <span class='ocrx_word' id='word_1_802' title='bbox 4072 5164 4242 5231; x_wconf 90' lang='lat' dir='ltr'><strong>Nam</strong></span> 
     </span>
     <span class='ocr_line' id='line_1_116' title="bbox 2299 5249 4246 5328; baseline -0.001 -11"><span class='ocrx_word' id='word_1_803' title='bbox 2299 5252 2426 5317; x_wconf 88' lang='lat' dir='ltr'><strong>isto</strong></span> <span class='ocrx_word' id='word_1_804' title='bbox 2474 5250 2679 5317; x_wconf 81' lang='lat' dir='ltr'><strong>veluti</strong></span> <span class='ocrx_word' id='word_1_805' title='bbox 2723 5251 2948 5317; x_wconf 84' lang='lat' dir='ltr'><strong>fraeno</strong></span> <span class='ocrx_word' id='word_1_806' title='bbox 2992 5249 3379 5328; x_wconf 87' lang='lat' dir='ltr'><strong>retinentur,</strong></span> <span class='ocrx_word' id='word_1_807' title='bbox 3426 5271 3511 5315; x_wconf 89' lang='lat' dir='ltr'><strong>ne</strong></span> <span class='ocrx_word' id='word_1_808' title='bbox 3554 5250 3748 5316; x_wconf 90' lang='lat' dir='ltr'><strong>rebus</strong></span> <span class='ocrx_word' id='word_1_809' title='bbox 3791 5249 4094 5316; x_wconf 85' lang='lat' dir='ltr'><strong>secundis</strong></span> <span class='ocrx_word' id='word_1_810' title='bbox 4136 5251 4246 5315; x_wconf 85' lang='lat' dir='ltr'><strong>in·</strong></span> 
     </span>
    </p>
   </div>
  </div>
 </body>
</html>
