<?xml version="1.0" encoding="UTF-8"?>
<!DOCTYPE html PUBLIC "-//W3C//DTD XHTML 1.0 Transitional//EN"
    "http://www.w3.org/TR/xhtml1/DTD/xhtml1-transitional.dtd">
<html xmlns="http://www.w3.org/1999/xhtml" xml:lang="en" lang="en">
 <head>
  <title>
</title>
<meta http-equiv="Content-Type" content="text/html;charset=utf-8" />
  <meta name='ocr-system' content='tesseract 3.04.00' />
  <meta name='ocr-capabilities' content='ocr_page ocr_carea ocr_par ocr_line ocrx_word'/>
</head>
<body>
  <div class='ocr_page' id='page_1' title='image "./ioanniscalvinio07unkngoog_0392.png"; bbox 0 0 5059 6059; ppageno 0'>
   <div class='ocr_carea' id='block_1_1' title="bbox 794 306 925 374">
    <p class='ocr_par' dir='ltr' id='par_1_1' title="bbox 794 306 925 374">
     <span class='ocr_line' id='line_1_1' title="bbox 794 306 925 374; baseline 0.008 -1"><span class='ocrx_word' id='word_1_1' title='bbox 794 306 925 374; x_wconf 75' lang='lat'><strong>679</strong></span> 
     </span>
    </p>
   </div>
   <div class='ocr_carea' id='block_1_2' title="bbox 761 499 2762 5317">
    <p class='ocr_par' dir='ltr' id='par_1_2' title="bbox 761 499 2754 1945">
     <span class='ocr_line' id='line_1_2' title="bbox 797 499 2750 590; baseline 0.002 -23"><span class='ocrx_word' id='word_1_2' title='bbox 797 508 883 567; x_wconf 84' lang='lat' dir='ltr'><strong>ut</strong></span> <span class='ocrx_word' id='word_1_3' title='bbox 954 499 1110 580; x_wconf 88' lang='lat' dir='ltr'><strong>dixi,</strong></span> <span class='ocrx_word' id='word_1_4' title='bbox 1183 522 1305 567; x_wconf 90' lang='lat' dir='ltr'><strong>sua</strong></span> <span class='ocrx_word' id='word_1_5' title='bbox 1361 501 1779 568; x_wconf 89' lang='lat' dir='ltr'><strong>induratione</strong></span> <span class='ocrx_word' id='word_1_6' title='bbox 1837 503 2014 570; x_wconf 91' lang='lat' dir='ltr'><strong>viam</strong></span> <span class='ocrx_word' id='word_1_7' title='bbox 2074 504 2204 569; x_wconf 90' lang='lat' dir='ltr'><strong>Dei</strong></span> <span class='ocrx_word' id='word_1_8' title='bbox 2265 505 2517 590; x_wconf 90' lang='lat' dir='ltr'><strong>gratiae</strong></span> <span class='ocrx_word' id='word_1_9' title='bbox 2562 525 2750 590; x_wconf 90' lang='lat' dir='ltr'><strong>prae-</strong></span> 
     </span>
     <span class='ocr_line' id='line_1_3' title="bbox 798 585 2750 675; baseline 0.002 -21"><span class='ocrx_word' id='word_1_10' title='bbox 798 586 1027 654; x_wconf 88' lang='lat' dir='ltr'><strong>cludit.</strong></span> <span class='ocrx_word' id='word_1_11' title='bbox 1118 585 1342 666; x_wconf 76' lang='lat' dir='ltr'><strong>Quare</strong></span> <span class='ocrx_word' id='word_1_12' title='bbox 1399 608 1550 653; x_wconf 91' lang='lat' dir='ltr'><strong>cum</strong></span> <span class='ocrx_word' id='word_1_13' title='bbox 1595 589 1725 654; x_wconf 89' lang='lat' dir='ltr'><strong>fide</strong></span> <span class='ocrx_word' id='word_1_14' title='bbox 1769 590 2238 672; x_wconf 89' lang='lat' dir='ltr'><strong>poenitentiam</strong></span> <span class='ocrx_word' id='word_1_15' title='bbox 2281 591 2589 675; x_wconf 83' lang='lat' dir='ltr'><strong>coniungi</strong></span> <span class='ocrx_word' id='word_1_16' title='bbox 2634 613 2750 657; x_wconf 90' lang='lat' dir='ltr'><strong>ne·</strong></span> 
     </span>
     <span class='ocr_line' id='line_1_4' title="bbox 792 673 2752 761; baseline 0.003 -23"><span class='ocrx_word' id='word_1_17' title='bbox 792 691 985 740; x_wconf 80' lang='lat' dir='ltr'><strong>cesse</strong></span> <span class='ocrx_word' id='word_1_18' title='bbox 1045 681 1146 738; x_wconf 88' lang='grc' dir='ltr'><strong>εει</strong></span> <span class='ocrx_word' id='word_1_19' title='bbox 1189 681 1264 737; x_wconf 89' lang='grc' dir='ltr'><strong>ιιι</strong></span> <span class='ocrx_word' id='word_1_20' title='bbox 1309 673 1437 738; x_wconf 90' lang='lat' dir='ltr'><strong>Dei</strong></span> <span class='ocrx_word' id='word_1_21' title='bbox 1485 674 1767 758; x_wconf 76' lang='lat' dir='ltr'><strong>gratiam</strong></span> <span class='ocrx_word' id='word_1_22' title='bbox 1811 676 2266 760; x_wconf 75' lang='lat' dir='ltr'><strong>percipiamus.</strong></span> <span class='ocrx_word' id='word_1_23' title='bbox 2349 676 2586 761; x_wconf 91' lang='lat' dir='ltr'><strong>Itaque</strong></span> <span class='ocrx_word' id='word_1_24' title='bbox 2630 676 2752 744; x_wconf 87' lang='lat' dir='ltr'><strong>Sa·</strong></span> 
     </span>
     <span class='ocr_line' id='line_1_5' title="bbox 801 758 2751 844; baseline 0.003 -20"><span class='ocrx_word' id='word_1_25' title='bbox 801 758 979 825; x_wconf 88' lang='lat' dir='ltr'><strong>muel</strong></span> <span class='ocrx_word' id='word_1_26' title='bbox 1024 759 1264 842; x_wconf 91' lang='lat' dir='ltr'><strong>populo</strong></span> <span class='ocrx_word' id='word_1_27' title='bbox 1309 779 1494 843; x_wconf 91' lang='lat' dir='ltr'><strong>spem</strong></span> <span class='ocrx_word' id='word_1_28' title='bbox 1539 760 1827 844; x_wconf 79' lang='lat' dir='ltr'>aliquam</span> <span class='ocrx_word' id='word_1_29' title='bbox 1872 762 2159 828; x_wconf 93' lang='lat' dir='ltr'><strong>melioris</strong></span> <span class='ocrx_word' id='word_1_30' title='bbox 2197 762 2589 829; x_wconf 88' lang='lat' dir='ltr'><strong>conditionis</strong></span> <span class='ocrx_word' id='word_1_31' title='bbox 2623 765 2751 830; x_wconf 85' lang='lat' dir='ltr'><strong>fac-</strong></span> 
     </span>
     <span class='ocr_line' id='line_1_6' title="bbox 799 843 2751 933; baseline 0.002 -23"><span class='ocrx_word' id='word_1_32' title='bbox 799 852 990 910; x_wconf 84' lang='lat' dir='ltr'><strong>turus</strong></span> <span class='ocrx_word' id='word_1_33' title='bbox 1039 843 1299 928; x_wconf 91' lang='lat' dir='ltr'><strong>Deique</strong></span> <span class='ocrx_word' id='word_1_34' title='bbox 1362 846 1873 912; x_wconf 86' lang='lat' dir='ltr'><strong>misericordiam</strong></span> <span class='ocrx_word' id='word_1_35' title='bbox 1929 850 2367 930; x_wconf 80' lang='lat' dir='ltr'>promissurus</span> <span class='ocrx_word' id='word_1_36' title='bbox 2410 850 2751 933; x_wconf 88' lang='lat' dir='ltr'><strong>coniungit</strong></span> 
     </span>
     <span class='ocr_line' id='line_1_7' title="bbox 798 928 2750 1018; baseline 0.003 -24"><span class='ocrx_word' id='word_1_37' title='bbox 798 929 970 1013; x_wconf 89' lang='lat' dir='ltr'><strong>quod</strong></span> <span class='ocrx_word' id='word_1_38' title='bbox 1029 928 1374 996; x_wconf 88' lang='lat' dir='ltr'><strong>individuo</strong></span> <span class='ocrx_word' id='word_1_39' title='bbox 1435 952 1608 997; x_wconf 90' lang='lat' dir='ltr'><strong>nexu</strong></span> <span class='ocrx_word' id='word_1_40' title='bbox 1664 933 1989 1014; x_wconf 79' lang='lat' dir='ltr'>cohaeret,</span> <span class='ocrx_word' id='word_1_41' title='bbox 2045 955 2298 1018; x_wconf 83' lang='lat' dir='ltr'><strong>nempe,</strong></span> <span class='ocrx_word' id='word_1_42' title='bbox 2354 935 2593 1002; x_wconf 90' lang='lat' dir='ltr'><strong>seriam</strong></span> <span class='ocrx_word' id='word_1_43' title='bbox 2640 935 2750 1002; x_wconf 90' lang='lat' dir='ltr'><strong>ad·</strong></span> 
     </span>
     <span class='ocr_line' id='line_1_8' title="bbox 797 1016 2749 1105; baseline 0.003 -24"><span class='ocrx_word' id='word_1_44' title='bbox 797 1016 1224 1082; x_wconf 88' lang='lat' dir='ltr'><strong>monitionem</strong></span> <span class='ocrx_word' id='word_1_45' title='bbox 1267 1036 1397 1100; x_wconf 88' lang='lat' dir='ltr'><strong>qua</strong></span> <span class='ocrx_word' id='word_1_46' title='bbox 1431 1016 1514 1082; x_wconf 90' lang='lat' dir='ltr'><strong>ad</strong></span> <span class='ocrx_word' id='word_1_47' title='bbox 1545 1027 1959 1101; x_wconf 89' lang='lat' dir='ltr'><strong>peccatorum</strong></span> <span class='ocrx_word' id='word_1_48' title='bbox 1994 1020 2396 1104; x_wconf 81' lang='lat' dir='ltr'><strong>agnitionem</strong></span> <span class='ocrx_word' id='word_1_49' title='bbox 2434 1022 2749 1105; x_wconf 89' lang='lat' dir='ltr'><strong>populum</strong></span> 
     </span>
     <span class='ocr_line' id='line_1_9' title="bbox 798 1101 2751 1192; baseline 0.003 -25"><span class='ocrx_word' id='word_1_50' title='bbox 798 1101 1100 1185; x_wconf 87' lang='lat' dir='ltr'><strong>adducat,</strong></span> <span class='ocrx_word' id='word_1_51' title='bbox 1147 1114 1222 1166; x_wconf 92' lang='lat' dir='ltr'><strong>ut</strong></span> <span class='ocrx_word' id='word_1_52' title='bbox 1264 1124 1335 1168; x_wconf 90' lang='lat' dir='ltr'><strong>se</strong></span> <span class='ocrx_word' id='word_1_53' title='bbox 1379 1104 1805 1187; x_wconf 87' lang='lat' dir='ltr'><strong>gravissimas</strong></span> <span class='ocrx_word' id='word_1_54' title='bbox 1840 1125 2083 1188; x_wconf 90' lang='lat' dir='ltr'><strong>poenas</strong></span> <span class='ocrx_word' id='word_1_55' title='bbox 2118 1106 2573 1173; x_wconf 90' lang='lat' dir='ltr'><strong>commeritum</strong></span> <span class='ocrx_word' id='word_1_56' title='bbox 2597 1127 2751 1192; x_wconf 91' lang='lat' dir='ltr'><strong>cog-</strong></span> 
     </span>
     <span class='ocr_line' id='line_1_10' title="bbox 799 1190 2749 1277; baseline 0.003 -24"><span class='ocrx_word' id='word_1_57' title='bbox 799 1197 1044 1269; x_wconf 89' lang='lat' dir='ltr'><strong>noscat,</strong></span> <span class='ocrx_word' id='word_1_58' title='bbox 1087 1209 1251 1270; x_wconf 90' lang='lat' dir='ltr'><strong>quas</strong></span> <span class='ocrx_word' id='word_1_59' title='bbox 1295 1211 1428 1254; x_wconf 93' lang='lat' dir='ltr'><strong>non</strong></span> <span class='ocrx_word' id='word_1_60' title='bbox 1471 1190 1678 1272; x_wconf 89' lang='lat' dir='ltr'><strong>possit</strong></span> <span class='ocrx_word' id='word_1_61' title='bbox 1720 1191 2032 1275; x_wconf 88' lang='lat' dir='ltr'><strong>effugere,</strong></span> <span class='ocrx_word' id='word_1_62' title='bbox 2077 1193 2207 1258; x_wconf 89' lang='lat' dir='ltr'><strong>nisi</strong></span> <span class='ocrx_word' id='word_1_63' title='bbox 2249 1193 2435 1259; x_wconf 86' lang='lat' dir='ltr'><strong>Deus</strong></span> <span class='ocrx_word' id='word_1_64' title='bbox 2471 1214 2591 1277; x_wconf 92' lang='lat' dir='ltr'><strong>pro</strong></span> <span class='ocrx_word' id='word_1_65' title='bbox 2624 1194 2749 1258; x_wconf 91' lang='lat' dir='ltr'><strong>im-</strong></span> 
     </span>
     <span class='ocr_line' id='line_1_11' title="bbox 798 1276 2751 1345; baseline 0.004 -7"><span class='ocrx_word' id='word_1_66' title='bbox 798 1293 1032 1341; x_wconf 85' lang='lat' dir='ltr'><strong>mensa</strong></span> <span class='ocrx_word' id='word_1_67' title='bbox 1118 1295 1239 1340; x_wconf 87' lang='lat' dir='ltr'><strong>sua</strong></span> <span class='ocrx_word' id='word_1_68' title='bbox 1325 1276 1766 1342; x_wconf 76' lang='lat' dir='ltr'><strong>misericordia</strong></span> <span class='ocrx_word' id='word_1_69' title='bbox 1842 1277 1865 1341; x_wconf 94' lang='lat' dir='ltr'><strong>i</strong></span> <span class='ocrx_word' id='word_1_70' title='bbox 1914 1279 1969 1343; x_wconf 91' lang='lat' dir='ltr'><strong>si</strong></span> <span class='ocrx_word' id='word_1_71' title='bbox 2050 1299 2127 1343; x_wconf 90' lang='lat' dir='ltr'><strong>ea</strong></span> <span class='ocrx_word' id='word_1_72' title='bbox 2206 1279 2547 1344; x_wconf 90' lang='lat' dir='ltr'><strong>condonet.</strong></span> <span class='ocrx_word' id='word_1_73' title='bbox 2650 1284 2751 1345; x_wconf 87' lang='lat' dir='ltr'><strong>Ac</strong></span> 
     </span>
     <span class='ocr_line' id='line_1_12' title="bbox 800 1359 2752 1448; baseline 0.003 -24"><span class='ocrx_word' id='word_1_74' title='bbox 800 1359 1075 1442; x_wconf 82' lang='lat' dir='ltr'><strong>proinde</strong></span> <span class='ocrx_word' id='word_1_75' title='bbox 1139 1359 1453 1444; x_wconf 90' lang='lat' dir='ltr'><strong>populum</strong></span> <span class='ocrx_word' id='word_1_76' title='bbox 1509 1364 1798 1445; x_wconf 90' lang='lat' dir='ltr'><strong>oportuit</strong></span> <span class='ocrx_word' id='word_1_77' title='bbox 1899 1384 1936 1429; x_wconf 91' lang='grc' dir='ltr'>ε</span> <span class='ocrx_word' id='word_1_78' title='bbox 1994 1364 2131 1430; x_wconf 90' lang='lat' dir='ltr'><strong>suis</strong></span> <span class='ocrx_word' id='word_1_79' title='bbox 2190 1366 2476 1448; x_wconf 87' lang='lat' dir='ltr'><strong>peccatis</strong></span> <span class='ocrx_word' id='word_1_80' title='bbox 2530 1365 2752 1430; x_wconf 91' lang='lat' dir='ltr'><strong>admo-</strong></span> 
     </span>
     <span class='ocr_line' id='line_1_13' title="bbox 799 1445 2748 1535; baseline 0.004 -26"><span class='ocrx_word' id='word_1_81' title='bbox 799 1445 966 1525; x_wconf 85' lang='lat' dir='ltr'><strong>neri,</strong></span> <span class='ocrx_word' id='word_1_82' title='bbox 1012 1453 1088 1511; x_wconf 89' lang='lat' dir='ltr'><strong>ut</strong></span> <span class='ocrx_word' id='word_1_83' title='bbox 1129 1447 1189 1512; x_wconf 94' lang='lat' dir='ltr'><strong>si</strong></span> <span class='ocrx_word' id='word_1_84' title='bbox 1233 1447 1418 1514; x_wconf 87' lang='lat' dir='ltr'><strong>Deus</strong></span> <span class='ocrx_word' id='word_1_85' title='bbox 1462 1467 1540 1512; x_wconf 89' lang='lat' dir='ltr'><strong>ea</strong></span> <span class='ocrx_word' id='word_1_86' title='bbox 1583 1448 1923 1528; x_wconf 90' lang='lat' dir='ltr'><strong>condonet,</strong></span> <span class='ocrx_word' id='word_1_87' title='bbox 1983 1450 2065 1516; x_wconf 91' lang='lat' dir='ltr'><strong>ab</strong></span> <span class='ocrx_word' id='word_1_88' title='bbox 2111 1450 2269 1533; x_wconf 91' lang='lat' dir='ltr'><strong>ipsis</strong></span> <span class='ocrx_word' id='word_1_89' title='bbox 2313 1450 2748 1535; x_wconf 87' lang='lat' dir='ltr'><strong>glorificetur:</strong></span> 
     </span>
     <span class='ocr_line' id='line_1_14' title="bbox 812 1531 2750 1619; baseline 0.004 -24"><span class='ocrx_word' id='word_1_90' title='bbox 812 1540 1011 1614; x_wconf 90' lang='lat' dir='ltr'><strong>atque</strong></span> <span class='ocrx_word' id='word_1_91' title='bbox 1051 1531 1208 1597; x_wconf 91' lang='lat' dir='ltr'><strong>inde</strong></span> <span class='ocrx_word' id='word_1_92' title='bbox 1251 1533 1654 1599; x_wconf 76' lang='lat' dir='ltr'><strong>occasionem</strong></span> <span class='ocrx_word' id='word_1_93' title='bbox 1697 1535 1972 1619; x_wconf 88' lang='lat' dir='ltr'><strong>accipiat</strong></span> <span class='ocrx_word' id='word_1_94' title='bbox 2014 1556 2158 1601; x_wconf 91' lang='lat' dir='ltr'><strong>sese</strong></span> <span class='ocrx_word' id='word_1_95' title='bbox 2203 1535 2284 1602; x_wconf 90' lang='lat' dir='ltr'><strong>ad</strong></span> <span class='ocrx_word' id='word_1_96' title='bbox 2330 1536 2552 1602; x_wconf 89' lang='lat' dir='ltr'><strong>Deum</strong></span> <span class='ocrx_word' id='word_1_97' title='bbox 2596 1559 2750 1605; x_wconf 90' lang='lat' dir='ltr'><strong>con-</strong></span> 
     </span>
     <span class='ocr_line' id='line_1_15' title="bbox 812 1617 2752 1707; baseline 0.003 -24"><span class='ocrx_word' id='word_1_98' title='bbox 812 1617 1131 1697; x_wconf 86' lang='lat' dir='ltr'><strong>vertendi,</strong></span> <span class='ocrx_word' id='word_1_99' title='bbox 1190 1618 1333 1684; x_wconf 91' lang='lat' dir='ltr'><strong>eius</strong></span> <span class='ocrx_word' id='word_1_100' title='bbox 1390 1619 1665 1702; x_wconf 90' lang='lat' dir='ltr'><strong>imperio</strong></span> <span class='ocrx_word' id='word_1_101' title='bbox 1723 1641 1794 1686; x_wconf 92' lang='lat' dir='ltr'><strong>se</strong></span> <span class='ocrx_word' id='word_1_102' title='bbox 1849 1621 2235 1688; x_wconf 92' lang='lat' dir='ltr'><strong>subiiciendi</strong></span> <span class='ocrx_word' id='word_1_103' title='bbox 2293 1633 2361 1688; x_wconf 91' lang='lat' dir='ltr'><strong>et</strong></span> <span class='ocrx_word' id='word_1_104' title='bbox 2418 1622 2500 1688; x_wconf 90' lang='lat' dir='ltr'><strong>ad</strong></span> <span class='ocrx_word' id='word_1_105' title='bbox 2546 1624 2752 1707; x_wconf 90' lang='lat' dir='ltr'><strong>ipsius</strong></span> 
     </span>
     <span class='ocr_line' id='line_1_16' title="bbox 803 1703 2754 1787; baseline 0.004 -19"><span class='ocrx_word' id='word_1_106' title='bbox 803 1703 1188 1787; x_wconf 86' lang='lat' dir='ltr'><strong>obsequium</strong></span> <span class='ocrx_word' id='word_1_107' title='bbox 1243 1705 1689 1787; x_wconf 90' lang='lat' dir='ltr'><strong>componendi,</strong></span> <span class='ocrx_word' id='word_1_108' title='bbox 1755 1714 1820 1772; x_wconf 92' lang='lat' dir='ltr'><strong>et</strong></span> <span class='ocrx_word' id='word_1_109' title='bbox 1879 1707 2169 1773; x_wconf 89' lang='lat' dir='ltr'><strong>studium</strong></span> <span class='ocrx_word' id='word_1_110' title='bbox 2225 1708 2462 1775; x_wconf 89' lang='lat' dir='ltr'><strong>habeat</strong></span> <span class='ocrx_word' id='word_1_111' title='bbox 2504 1709 2587 1774; x_wconf 90' lang='lat' dir='ltr'><strong>ab</strong></span> <span class='ocrx_word' id='word_1_112' title='bbox 2631 1710 2754 1775; x_wconf 90' lang='lat' dir='ltr'><strong>ini-</strong></span> 
     </span>
     <span class='ocr_line' id='line_1_17' title="bbox 761 1790 2753 1878; baseline 0.003 -24"><span class='ocrx_word' id='word_1_113' title='bbox 761 1794 764 1797; x_wconf 76' lang='grc'>’</span> <span class='ocrx_word' id='word_1_114' title='bbox 804 1790 1164 1874; x_wconf 86' lang='lat' dir='ltr'><strong>quit-atibus</strong></span> <span class='ocrx_word' id='word_1_115' title='bbox 1209 1799 1276 1855; x_wconf 92' lang='lat' dir='ltr'><strong>et</strong></span> <span class='ocrx_word' id='word_1_116' title='bbox 1319 1791 1585 1857; x_wconf 87' lang='lat' dir='ltr'><strong>offensis</strong></span> <span class='ocrx_word' id='word_1_117' title='bbox 1630 1792 1866 1875; x_wconf 90' lang='lat' dir='ltr'><strong>quibus</strong></span> <span class='ocrx_word' id='word_1_118' title='bbox 1906 1793 2010 1859; x_wconf 90' lang='lat' dir='ltr'><strong>ira</strong></span> <span class='ocrx_word' id='word_1_119' title='bbox 2054 1793 2183 1859; x_wconf 90' lang='lat' dir='ltr'><strong>Dei</strong></span> <span class='ocrx_word' id='word_1_120' title='bbox 2217 1804 2612 1878; x_wconf 85' lang='lat' dir='ltr'><strong>provocatur</strong></span> <span class='ocrx_word' id='word_1_121' title='bbox 2647 1795 2753 1860; x_wconf 89' lang='lat' dir='ltr'><strong>de-</strong></span> 
     </span>
     <span class='ocr_line' id='line_1_18' title="bbox 809 1874 1986 1945; baseline 0.003 -4"><span class='ocrx_word' id='word_1_122' title='bbox 809 1874 1104 1942; x_wconf 86' lang='lat' dir='ltr'><strong>sistendi.</strong></span> <span class='ocrx_word' id='word_1_123' title='bbox 1195 1876 1287 1941; x_wconf 88' lang='lat' dir='ltr'><strong>Et</strong></span> <span class='ocrx_word' id='word_1_124' title='bbox 1336 1877 1416 1941; x_wconf 91' lang='lat' dir='ltr'><strong>de</strong></span> <span class='ocrx_word' id='word_1_125' title='bbox 1461 1877 1606 1945; x_wconf 90' lang='lat' dir='ltr'><strong>istis</strong></span> <span class='ocrx_word' id='word_1_126' title='bbox 1651 1879 1986 1944; x_wconf 90' lang='lat' dir='ltr'><strong>hactenus.</strong></span> 
     </span>
    </p>

    <p class='ocr_par' dir='ltr' id='par_1_3' title="bbox 800 1960 2754 2885">
     <span class='ocr_line' id='line_1_19' title="bbox 981 1960 2754 2049; baseline 0.003 -21"><span class='ocrx_word' id='word_1_127' title='bbox 981 1960 1328 2045; x_wconf 81' lang='lat' dir='ltr'><strong>Sequitur.-</strong></span> <span class='ocrx_word' id='word_1_128' title='bbox 1392 1962 1553 2030; x_wconf 81' lang='lat' dir='ltr'><strong>Ecce</strong></span> <span class='ocrx_word' id='word_1_129' title='bbox 1597 1970 1857 2047; x_wconf 72' lang='lat' dir='ltr'><strong>praesto</strong></span> <span class='ocrx_word' id='word_1_130' title='bbox 1913 1985 2076 2046; x_wconf 78' lang='lat' dir='ltr'><strong>sum,</strong></span> <span class='ocrx_word' id='word_1_131' title='bbox 2132 1965 2465 2049; x_wconf 72' lang='lat' dir='ltr'><strong>loquimini</strong></span> <span class='ocrx_word' id='word_1_132' title='bbox 2522 1966 2600 2033; x_wconf 79' lang='lat' dir='ltr'><strong>de</strong></span> <span class='ocrx_word' id='word_1_133' title='bbox 2656 1987 2754 2034; x_wconf 82' lang='lat' dir='ltr'><strong>me</strong></span> 
     </span>
     <span class='ocr_line' id='line_1_20' title="bbox 803 2046 2753 2138; baseline 0.002 -23"><span class='ocrx_word' id='word_1_134' title='bbox 803 2068 1014 2115; x_wconf 81' lang='lat' dir='ltr'><strong>coram</strong></span> <span class='ocrx_word' id='word_1_135' title='bbox 1073 2046 1374 2129; x_wconf 80' lang='lat' dir='ltr'><strong>Domino,</strong></span> <span class='ocrx_word' id='word_1_136' title='bbox 1435 2054 1489 2114; x_wconf 80' lang='lat' dir='ltr'><strong>et</strong></span> <span class='ocrx_word' id='word_1_137' title='bbox 1545 2069 1756 2115; x_wconf 84' lang='lat' dir='ltr'><strong>coram</strong></span> <span class='ocrx_word' id='word_1_138' title='bbox 1815 2049 2058 2117; x_wconf 65' lang='lat' dir='ltr'><strong>Chr-ism</strong></span> <span class='ocrx_word' id='word_1_139' title='bbox 2115 2053 2270 2132; x_wconf 80' lang='lat' dir='ltr'><strong>eius,</strong></span> <span class='ocrx_word' id='word_1_140' title='bbox 2331 2062 2396 2118; x_wconf 91' lang='lat' dir='ltr'><strong>et</strong></span> <span class='ocrx_word' id='word_1_141' title='bbox 2453 2055 2753 2138; x_wconf 89' lang='lat' dir='ltr'><strong>superius</strong></span> 
     </span>
     <span class='ocr_line' id='line_1_21' title="bbox 801 2133 2754 2222; baseline 0.003 -24"><span class='ocrx_word' id='word_1_142' title='bbox 801 2133 1095 2199; x_wconf 79' lang='lat' dir='ltr'><strong>dixerat.-</strong></span> <span class='ocrx_word' id='word_1_143' title='bbox 1170 2134 1262 2199; x_wconf 62' lang='lat' dir='ltr'><strong>E:</strong></span> <span class='ocrx_word' id='word_1_144' title='bbox 1337 2154 1502 2200; x_wconf 76' lang='lat' dir='ltr'><strong>nunc</strong></span> <span class='ocrx_word' id='word_1_145' title='bbox 1563 2156 1679 2202; x_wconf 81' lang='lat' dir='ltr'><strong>rex</strong></span> <span class='ocrx_word' id='word_1_146' title='bbox 1740 2137 2040 2220; x_wconf 55' lang='lat' dir='ltr'><strong>,eraditur</strong></span> <span class='ocrx_word' id='word_1_147' title='bbox 2104 2143 2246 2204; x_wconf 79' lang='lat' dir='ltr'><strong>ante</strong></span> <span class='ocrx_word' id='word_1_148' title='bbox 2309 2159 2436 2219; x_wconf 73' lang='lat' dir='ltr'><strong>voe,</strong></span> <span class='ocrx_word' id='word_1_149' title='bbox 2515 2138 2754 2222; x_wconf 89' lang='lat' dir='ltr'><strong>quibus</strong></span> 
     </span>
     <span class='ocr_line' id='line_1_22' title="bbox 802 2219 2753 2309; baseline 0.003 -24"><span class='ocrx_word' id='word_1_150' title='bbox 802 2220 1027 2285; x_wconf 83' lang='lat' dir='ltr'><strong>verbis</strong></span> <span class='ocrx_word' id='word_1_151' title='bbox 1062 2219 1354 2286; x_wconf 89' lang='lat' dir='ltr'><strong>indicare</strong></span> <span class='ocrx_word' id='word_1_152' title='bbox 1390 2220 1634 2286; x_wconf 90' lang='lat' dir='ltr'><strong>voluit:</strong></span> <span class='ocrx_word' id='word_1_153' title='bbox 1673 2220 1944 2288; x_wconf 84' lang='lat' dir='ltr'><strong>Saulem</strong></span> <span class='ocrx_word' id='word_1_154' title='bbox 1980 2224 2113 2288; x_wconf 90' lang='lat' dir='ltr'><strong>iam</strong></span> <span class='ocrx_word' id='word_1_155' title='bbox 2155 2225 2428 2291; x_wconf 91' lang='lat' dir='ltr'><strong>missum</strong></span> <span class='ocrx_word' id='word_1_156' title='bbox 2467 2224 2536 2290; x_wconf 92' lang='lat' dir='ltr'><strong>in</strong></span> <span class='ocrx_word' id='word_1_157' title='bbox 2567 2226 2753 2309; x_wconf 90' lang='lat' dir='ltr'><strong>regni</strong></span> 
     </span>
     <span class='ocr_line' id='line_1_23' title="bbox 803 2305 2753 2393; baseline 0.004 -23"><span class='ocrx_word' id='word_1_158' title='bbox 803 2305 1299 2390; x_wconf 88' lang='lat' dir='ltr'><strong>possessionem.</strong></span> <span class='ocrx_word' id='word_1_159' title='bbox 1390 2305 1810 2390; x_wconf 78' lang='lat' dir='ltr'><strong>Quamquam</strong></span> <span class='ocrx_word' id='word_1_160' title='bbox 1867 2308 2052 2389; x_wconf 90' lang='lat' dir='ltr'><strong>illud,</strong></span> <span class='ocrx_word' id='word_1_161' title='bbox 2101 2311 2401 2393; x_wconf 70' lang='lat' dir='ltr'><strong>yraditur</strong></span> <span class='ocrx_word' id='word_1_162' title='bbox 2442 2315 2584 2377; x_wconf 79' lang='lat' dir='ltr'><strong>ante</strong></span> <span class='ocrx_word' id='word_1_163' title='bbox 2625 2332 2753 2391; x_wconf 71' lang='lat' dir='ltr'><strong>voa,</strong></span> 
     </span>
     <span class='ocr_line' id='line_1_24' title="bbox 800 2392 2754 2478; baseline 0.003 -21"><span class='ocrx_word' id='word_1_164' title='bbox 800 2412 935 2457; x_wconf 91' lang='lat' dir='ltr'><strong>non</strong></span> <span class='ocrx_word' id='word_1_165' title='bbox 980 2398 1236 2455; x_wconf 88' lang='lat' dir='ltr'><strong>tantum</strong></span> <span class='ocrx_word' id='word_1_166' title='bbox 1286 2392 1598 2458; x_wconf 81' lang='lat' dir='ltr'><strong>honorem</strong></span> <span class='ocrx_word' id='word_1_167' title='bbox 1643 2402 1711 2457; x_wconf 90' lang='lat' dir='ltr'><strong>et</strong></span> <span class='ocrx_word' id='word_1_168' title='bbox 1754 2393 2157 2478; x_wconf 88' lang='lat' dir='ltr'><strong>dignitatem,</strong></span> <span class='ocrx_word' id='word_1_169' title='bbox 2202 2396 2319 2462; x_wconf 91' lang='lat' dir='ltr'><strong>sed</strong></span> <span class='ocrx_word' id='word_1_170' title='bbox 2355 2398 2553 2463; x_wconf 90' lang='lat' dir='ltr'><strong>etiam</strong></span> <span class='ocrx_word' id='word_1_171' title='bbox 2587 2418 2754 2463; x_wconf 89' lang='lat' dir='ltr'><strong>onus</strong></span> 
     </span>
     <span class='ocr_line' id='line_1_25' title="bbox 804 2476 2751 2566; baseline 0.002 -23"><span class='ocrx_word' id='word_1_172' title='bbox 804 2487 870 2543; x_wconf 88' lang='lat' dir='ltr'><strong>et</strong></span> <span class='ocrx_word' id='word_1_173' title='bbox 907 2476 1415 2543; x_wconf 90' lang='lat' dir='ltr'><strong>sollicitudinem</strong></span> <span class='ocrx_word' id='word_1_174' title='bbox 1451 2479 1935 2562; x_wconf 80' lang='lat' dir='ltr'><strong>complectitur3</strong></span> <span class='ocrx_word' id='word_1_175' title='bbox 1973 2481 2518 2564; x_wconf 85' lang='lat' dir='ltr'><strong>quemadmodum</strong></span> <span class='ocrx_word' id='word_1_176' title='bbox 2547 2503 2751 2566; x_wconf 91' lang='lat' dir='ltr'><strong>quum</strong></span> 
     </span>
     <span class='ocr_line' id='line_1_26' title="bbox 810 2563 2752 2653; baseline 0.002 -24"><span class='ocrx_word' id='word_1_177' title='bbox 810 2563 996 2629; x_wconf 89' lang='lat' dir='ltr'><strong>Deus</strong></span> <span class='ocrx_word' id='word_1_178' title='bbox 1040 2582 1111 2627; x_wconf 92' lang='lat' dir='ltr'><strong>se</strong></span> <span class='ocrx_word' id='word_1_179' title='bbox 1155 2564 1468 2645; x_wconf 88' lang='lat' dir='ltr'><strong>populum</strong></span> <span class='ocrx_word' id='word_1_180' title='bbox 1513 2585 1708 2630; x_wconf 93' lang='lat' dir='ltr'><strong>suum</strong></span> <span class='ocrx_word' id='word_1_181' title='bbox 1752 2574 2090 2633; x_wconf 87' lang='lat' dir='ltr'><strong>recturum</strong></span> <span class='ocrx_word' id='word_1_182' title='bbox 2126 2577 2193 2633; x_wconf 92' lang='grc' dir='ltr'><strong>ει</strong></span> <span class='ocrx_word' id='word_1_183' title='bbox 2227 2571 2752 2653; x_wconf 85' lang='lat' dir='ltr'><strong>gubernaturum</strong></span> 
     </span>
     <span class='ocr_line' id='line_1_27' title="bbox 803 2647 2752 2735; baseline 0.003 -22"><span class='ocrx_word' id='word_1_184' title='bbox 803 2647 982 2727; x_wconf 91' lang='lat' dir='ltr'><strong>dicit,</strong></span> <span class='ocrx_word' id='word_1_185' title='bbox 1057 2648 1200 2715; x_wconf 88' lang='lat' dir='ltr'><strong>istis</strong></span> <span class='ocrx_word' id='word_1_186' title='bbox 1264 2649 1561 2716; x_wconf 87' lang='lat' dir='ltr'><strong>formulis</strong></span> <span class='ocrx_word' id='word_1_187' title='bbox 1628 2651 1931 2735; x_wconf 90' lang='lat' dir='ltr'><strong>loquendi</strong></span> <span class='ocrx_word' id='word_1_188' title='bbox 1998 2653 2239 2719; x_wconf 88' lang='lat' dir='ltr'><strong>utitur:</strong></span> <span class='ocrx_word' id='word_1_189' title='bbox 2322 2657 2499 2720; x_wconf 89' lang='lat' dir='ltr'><strong>Ante</strong></span> <span class='ocrx_word' id='word_1_190' title='bbox 2563 2654 2752 2721; x_wconf 89' lang='lat' dir='ltr'><strong>illum</strong></span> 
     </span>
     <span class='ocr_line' id='line_1_28' title="bbox 803 2732 2752 2885; baseline 0.005 -88"><span class='ocrx_word' id='word_1_191' title='bbox 803 2732 1103 2885; x_wconf 54' lang='lat' dir='ltr'><strong>gradiar:</strong></span> <span class='ocrx_word' id='word_1_192' title='bbox 1170 2734 1405 2819; x_wconf 90' lang='lat' dir='ltr'><strong>quibus</strong></span> <span class='ocrx_word' id='word_1_193' title='bbox 1467 2756 1688 2803; x_wconf 90' lang='lat' dir='ltr'><strong>curam</strong></span> <span class='ocrx_word' id='word_1_194' title='bbox 1752 2745 1817 2803; x_wconf 89' lang='lat' dir='ltr'><strong>et</strong></span> <span class='ocrx_word' id='word_1_195' title='bbox 1859 2738 2364 2806; x_wconf 90' lang='lat' dir='ltr'><strong>sollicitudinem</strong></span> <span class='ocrx_word' id='word_1_196' title='bbox 2420 2762 2609 2806; x_wconf 92' lang='lat' dir='ltr'><strong>suam</strong></span> <span class='ocrx_word' id='word_1_197' title='bbox 2672 2739 2752 2805; x_wconf 89' lang='lat' dir='ltr'><strong>de</strong></span> 
     </span>
    </p>

    <p class='ocr_par' dir='ltr' id='par_1_4' title="bbox 805 2820 2762 5317">
     <span class='ocr_line' id='line_1_29' title="bbox 856 2820 2751 2911; baseline 0.004 -27"><span class='ocrx_word' id='word_1_198' title='bbox 856 2838 933 2884; x_wconf 90' lang='lat' dir='ltr'><strong>oc</strong></span> <span class='ocrx_word' id='word_1_199' title='bbox 974 2820 1216 2903; x_wconf 92' lang='lat' dir='ltr'><strong>populo</strong></span> <span class='ocrx_word' id='word_1_200' title='bbox 1256 2820 1539 2888; x_wconf 88' lang='lat' dir='ltr'><strong>indicat:</strong></span> <span class='ocrx_word' id='word_1_201' title='bbox 1585 2831 1659 2887; x_wconf 92' lang='lat' dir='ltr'><strong>ut</strong></span> <span class='ocrx_word' id='word_1_202' title='bbox 1700 2823 1791 2889; x_wconf 87' lang='lat' dir='ltr'><strong>sit</strong></span> <span class='ocrx_word' id='word_1_203' title='bbox 1828 2825 1923 2888; x_wconf 89' lang='lat' dir='ltr'><strong>illi</strong></span> <span class='ocrx_word' id='word_1_204' title='bbox 1967 2824 2178 2891; x_wconf 90' lang='lat' dir='ltr'><strong>instar</strong></span> <span class='ocrx_word' id='word_1_205' title='bbox 2212 2826 2428 2911; x_wconf 80' lang='lat' dir='ltr'><strong>clypei</strong></span> <span class='ocrx_word' id='word_1_206' title='bbox 2465 2826 2547 2892; x_wconf 91' lang='lat' dir='ltr'><strong>ad</strong></span> <span class='ocrx_word' id='word_1_207' title='bbox 2585 2828 2751 2892; x_wconf 90' lang='lat' dir='ltr'><strong>ictus</strong></span> 
     </span>
     <span class='ocr_line' id='line_1_30' title="bbox 806 2904 2748 2991; baseline 0.003 -19"><span class='ocrx_word' id='word_1_208' title='bbox 806 2904 1233 2990; x_wconf 86' lang='lat' dir='ltr'><strong>repellendos,</strong></span> <span class='ocrx_word' id='word_1_209' title='bbox 1270 2927 1396 2989; x_wconf 92' lang='lat' dir='ltr'><strong>quo</strong></span> <span class='ocrx_word' id='word_1_210' title='bbox 1432 2909 1714 2991; x_wconf 89' lang='lat' dir='ltr'><strong>populus</strong></span> <span class='ocrx_word' id='word_1_211' title='bbox 1752 2910 1959 2976; x_wconf 84' lang='lat' dir='ltr'><strong>fretus</strong></span> <span class='ocrx_word' id='word_1_212' title='bbox 1996 2911 2247 2977; x_wconf 88' lang='lat' dir='ltr'><strong>nullam</strong></span> <span class='ocrx_word' id='word_1_213' title='bbox 2286 2933 2523 2978; x_wconf 87' lang='lat' dir='ltr'><strong>noxam</strong></span> <span class='ocrx_word' id='word_1_214' title='bbox 2562 2912 2748 2990; x_wconf 82' lang='lat' dir='ltr'><strong>ferat,</strong></span> 
     </span>
     <span class='ocr_line' id='line_1_31' title="bbox 807 2992 2751 3078; baseline 0.003 -20"><span class='ocrx_word' id='word_1_215' title='bbox 807 2993 966 3076; x_wconf 89' lang='lat' dir='ltr'><strong>quin</strong></span> <span class='ocrx_word' id='word_1_216' title='bbox 1011 2993 1154 3075; x_wconf 89' lang='lat' dir='ltr'><strong>ipse</strong></span> <span class='ocrx_word' id='word_1_217' title='bbox 1186 2992 1372 3059; x_wconf 90' lang='lat' dir='ltr'><strong>Deus</strong></span> <span class='ocrx_word' id='word_1_218' title='bbox 1406 2995 1587 3076; x_wconf 89' lang='lat' dir='ltr'><strong>prior</strong></span> <span class='ocrx_word' id='word_1_219' title='bbox 1622 2995 1917 3078; x_wconf 89' lang='lat' dir='ltr'><strong>repellat.</strong></span> <span class='ocrx_word' id='word_1_220' title='bbox 2006 2997 2214 3063; x_wconf 92' lang='lat' dir='ltr'><strong>Porro</strong></span> <span class='ocrx_word' id='word_1_221' title='bbox 2251 2998 2412 3065; x_wconf 89' lang='lat' dir='ltr'><strong>haec</strong></span> <span class='ocrx_word' id='word_1_222' title='bbox 2447 2997 2751 3064; x_wconf 92' lang='lat' dir='ltr'><strong>omnibus</strong></span> 
     </span>
     <span class='ocr_line' id='line_1_32' title="bbox 805 3077 2752 3169; baseline 0.003 -26"><span class='ocrx_word' id='word_1_223' title='bbox 805 3077 1076 3162; x_wconf 87' lang='lat' dir='ltr'><strong>regibus</strong></span> <span class='ocrx_word' id='word_1_224' title='bbox 1121 3086 1190 3143; x_wconf 90' lang='lat' dir='ltr'><strong>et</strong></span> <span class='ocrx_word' id='word_1_225' title='bbox 1232 3080 1724 3162; x_wconf 89' lang='lat' dir='ltr'><strong>magistratibus</strong></span> <span class='ocrx_word' id='word_1_226' title='bbox 1767 3083 1877 3164; x_wconf 93' lang='lat' dir='ltr'><strong>qui</strong></span> <span class='ocrx_word' id='word_1_227' title='bbox 1922 3081 2003 3146; x_wconf 88' lang='lat' dir='ltr'><strong>ad</strong></span> <span class='ocrx_word' id='word_1_228' title='bbox 2048 3104 2270 3149; x_wconf 92' lang='lat' dir='ltr'><strong>rerum</strong></span> <span class='ocrx_word' id='word_1_229' title='bbox 2308 3084 2752 3169; x_wconf 87' lang='lat' dir='ltr'><strong>gubernacula</strong></span> 
     </span>
     <span class='ocr_line' id='line_1_33' title="bbox 808 3164 2750 3250; baseline 0.002 -19"><span class='ocrx_word' id='word_1_230' title='bbox 808 3164 1042 3231; x_wconf 88' lang='lat' dir='ltr'><strong>sedent</strong></span> <span class='ocrx_word' id='word_1_231' title='bbox 1086 3165 1404 3231; x_wconf 83' lang='lat' dir='ltr'><strong>autoritas</strong></span> <span class='ocrx_word' id='word_1_232' title='bbox 1449 3175 1513 3230; x_wconf 90' lang='lat' dir='ltr'><strong>et</strong></span> <span class='ocrx_word' id='word_1_233' title='bbox 1559 3164 1848 3250; x_wconf 85' lang='lat' dir='ltr'><strong>dignitas</strong></span> <span class='ocrx_word' id='word_1_234' title='bbox 1894 3169 2225 3249; x_wconf 88' lang='lat' dir='ltr'><strong>tribuitur,</strong></span> <span class='ocrx_word' id='word_1_235' title='bbox 2271 3181 2342 3235; x_wconf 91' lang='lat' dir='ltr'><strong>ut</strong></span> <span class='ocrx_word' id='word_1_236' title='bbox 2387 3177 2543 3235; x_wconf 88' lang='lat' dir='ltr'><strong>ante</strong></span> <span class='ocrx_word' id='word_1_237' title='bbox 2587 3170 2750 3235; x_wconf 90' lang='lat' dir='ltr'><strong>alios</strong></span> 
     </span>
     <span class='ocr_line' id='line_1_34' title="bbox 809 3248 2750 3338; baseline 0.003 -25"><span class='ocrx_word' id='word_1_238' title='bbox 809 3248 1237 3334; x_wconf 84' lang='lat' dir='ltr'><strong>gradiantur:</strong></span> <span class='ocrx_word' id='word_1_239' title='bbox 1283 3250 1349 3316; x_wconf 92' lang='lat' dir='ltr'><strong>id</strong></span> <span class='ocrx_word' id='word_1_240' title='bbox 1385 3259 1504 3326; x_wconf 87' lang='lat' dir='ltr'><strong>est,</strong></span> <span class='ocrx_word' id='word_1_241' title='bbox 1549 3272 1635 3317; x_wconf 91' lang='lat' dir='ltr'><strong>ne</strong></span> <span class='ocrx_word' id='word_1_242' title='bbox 1669 3252 1763 3319; x_wconf 91' lang='lat' dir='ltr'><strong>sic</strong></span> <span class='ocrx_word' id='word_1_243' title='bbox 1798 3253 1944 3320; x_wconf 91' lang='lat' dir='ltr'><strong>aliis</strong></span> <span class='ocrx_word' id='word_1_244' title='bbox 1980 3253 2298 3338; x_wconf 84' lang='lat' dir='ltr'><strong>dignitate</strong></span> <span class='ocrx_word' id='word_1_245' title='bbox 2333 3256 2750 3338; x_wconf 86' lang='lat' dir='ltr'><strong>praecellant,</strong></span> 
     </span>
     <span class='ocr_line' id='line_1_35' title="bbox 806 3335 2753 3426; baseline 0.004 -27"><span class='ocrx_word' id='word_1_246' title='bbox 806 3344 884 3400; x_wconf 88' lang='grc' dir='ltr'><strong>ιιι</strong></span> <span class='ocrx_word' id='word_1_247' title='bbox 938 3335 1130 3401; x_wconf 84' lang='grc' dir='ltr'><strong>0ιίοεί</strong></span> <span class='ocrx_word' id='word_1_248' title='bbox 1175 3337 1310 3401; x_wconf 89' lang='lat' dir='ltr'><strong>sint</strong></span> <span class='ocrx_word' id='word_1_249' title='bbox 1351 3345 1419 3400; x_wconf 90' lang='lat' dir='ltr'><strong>et</strong></span> <span class='ocrx_word' id='word_1_250' title='bbox 1463 3336 1720 3403; x_wconf 84' lang='lat' dir='ltr'><strong>desides</strong></span> <span class='ocrx_word' id='word_1_251' title='bbox 1765 3338 1949 3405; x_wconf 92' lang='lat' dir='ltr'><strong>velut</strong></span> <span class='ocrx_word' id='word_1_252' title='bbox 1991 3340 2196 3406; x_wconf 88' lang='lat' dir='ltr'><strong>idola:</strong></span> <span class='ocrx_word' id='word_1_253' title='bbox 2257 3341 2371 3407; x_wconf 90' lang='lat' dir='ltr'><strong>sed</strong></span> <span class='ocrx_word' id='word_1_254' title='bbox 2415 3343 2633 3426; x_wconf 89' lang='lat' dir='ltr'><strong>potius</strong></span> <span class='ocrx_word' id='word_1_255' title='bbox 2677 3349 2753 3407; x_wconf 91' lang='lat' dir='ltr'><strong>ut</strong></span> 
     </span>
     <span class='ocr_line' id='line_1_36' title="bbox 805 3421 2753 3507; baseline 0.003 -21"><span class='ocrx_word' id='word_1_256' title='bbox 805 3421 1032 3486; x_wconf 89' lang='lat' dir='ltr'><strong>norint</strong></span> <span class='ocrx_word' id='word_1_257' title='bbox 1086 3442 1163 3486; x_wconf 91' lang='lat' dir='ltr'><strong>eo</strong></span> <span class='ocrx_word' id='word_1_258' title='bbox 1210 3422 1423 3506; x_wconf 89' lang='lat' dir='ltr'><strong>gradu</strong></span> <span class='ocrx_word' id='word_1_259' title='bbox 1467 3424 1854 3490; x_wconf 87' lang='lat' dir='ltr'><strong>servitutem</strong></span> <span class='ocrx_word' id='word_1_260' title='bbox 1900 3425 2243 3492; x_wconf 87' lang='lat' dir='ltr'><strong>honestam</strong></span> <span class='ocrx_word' id='word_1_261' title='bbox 2289 3429 2628 3507; x_wconf 87' lang='lat' dir='ltr'><strong>contineri,</strong></span> <span class='ocrx_word' id='word_1_262' title='bbox 2685 3435 2753 3492; x_wconf 92' lang='lat' dir='ltr'><strong>et</strong></span> 
     </span>
     <span class='ocr_line' id='line_1_37' title="bbox 807 3507 2754 3591; baseline 0.004 -19"><span class='ocrx_word' id='word_1_263' title='bbox 807 3527 878 3572; x_wconf 88' lang='lat' dir='ltr'><strong>se</strong></span> <span class='ocrx_word' id='word_1_264' title='bbox 922 3509 1251 3572; x_wconf 92' lang='lat' dir='ltr'><strong>communi</strong></span> <span class='ocrx_word' id='word_1_265' title='bbox 1297 3507 1690 3591; x_wconf 86' lang='lat' dir='ltr'><strong>reipublicae</strong></span> <span class='ocrx_word' id='word_1_266' title='bbox 1736 3510 2006 3577; x_wconf 83' lang='lat' dir='ltr'><strong>utilitati</strong></span> <span class='ocrx_word' id='word_1_267' title='bbox 2051 3521 2120 3577; x_wconf 91' lang='lat' dir='ltr'><strong>et</strong></span> <span class='ocrx_word' id='word_1_268' title='bbox 2153 3513 2508 3579; x_wconf 89' lang='lat' dir='ltr'><strong>commodis</strong></span> <span class='ocrx_word' id='word_1_269' title='bbox 2544 3514 2754 3578; x_wconf 90' lang='lat' dir='ltr'><strong>teneri</strong></span> 
     </span>
     <span class='ocr_line' id='line_1_38' title="bbox 806 3590 2751 3683; baseline 0.005 -28"><span class='ocrx_word' id='word_1_270' title='bbox 806 3590 1092 3657; x_wconf 88' lang='lat' dir='ltr'><strong>studere.</strong></span> <span class='ocrx_word' id='word_1_271' title='bbox 1182 3593 1273 3657; x_wconf 86' lang='lat' dir='ltr'><strong>Et</strong></span> <span class='ocrx_word' id='word_1_272' title='bbox 1340 3594 1649 3677; x_wconf 90' lang='lat' dir='ltr'><strong>quoniam</strong></span> <span class='ocrx_word' id='word_1_273' title='bbox 1716 3597 2077 3680; x_wconf 88' lang='lat' dir='ltr'><strong>principem</strong></span> <span class='ocrx_word' id='word_1_274' title='bbox 2137 3598 2352 3665; x_wconf 84' lang='lat' dir='ltr'><strong>locum</strong></span> <span class='ocrx_word' id='word_1_275' title='bbox 2410 3608 2751 3683; x_wconf 88' lang='lat' dir='ltr'><strong>occupant,</strong></span> 
     </span>
     <span class='ocr_line' id='line_1_39' title="bbox 806 3679 2753 3769; baseline 0.006 -29"><span class='ocrx_word' id='word_1_276' title='bbox 806 3684 877 3741; x_wconf 91' lang='lat' dir='ltr'><strong>et</strong></span> <span class='ocrx_word' id='word_1_277' title='bbox 940 3687 1099 3741; x_wconf 88' lang='lat' dir='ltr'><strong>sunt</strong></span> <span class='ocrx_word' id='word_1_278' title='bbox 1166 3679 1369 3745; x_wconf 91' lang='lat' dir='ltr'><strong>veluti</strong></span> <span class='ocrx_word' id='word_1_279' title='bbox 1439 3681 1676 3763; x_wconf 88' lang='lat' dir='ltr'><strong>capita,</strong></span> <span class='ocrx_word' id='word_1_280' title='bbox 1744 3684 2038 3768; x_wconf 80' lang='lat' dir='ltr'><strong>cogitent</strong></span> <span class='ocrx_word' id='word_1_281' title='bbox 2096 3684 2220 3750; x_wconf 90' lang='lat' dir='ltr'><strong>sibi</strong></span> <span class='ocrx_word' id='word_1_282' title='bbox 2265 3693 2474 3751; x_wconf 90' lang='lat' dir='ltr'><strong>totum</strong></span> <span class='ocrx_word' id='word_1_283' title='bbox 2519 3706 2753 3769; x_wconf 88' lang='lat' dir='ltr'><strong>corpus</strong></span> 
     </span>
     <span class='ocr_line' id='line_1_40' title="bbox 808 3762 2750 3852; baseline 0.005 -26"><span class='ocrx_word' id='word_1_284' title='bbox 808 3762 1174 3846; x_wconf 89' lang='lat' dir='ltr'><strong>regendum</strong></span> <span class='ocrx_word' id='word_1_285' title='bbox 1242 3785 1386 3831; x_wconf 90' lang='lat' dir='ltr'><strong>esse</strong></span> <span class='ocrx_word' id='word_1_286' title='bbox 1451 3765 1790 3847; x_wconf 89' lang='lat' dir='ltr'><strong>traditum,</strong></span> <span class='ocrx_word' id='word_1_287' title='bbox 1859 3791 1933 3834; x_wconf 89' lang='lat' dir='ltr'><strong>ac</strong></span> <span class='ocrx_word' id='word_1_288' title='bbox 1998 3769 2271 3852; x_wconf 88' lang='lat' dir='ltr'><strong>proinde</strong></span> <span class='ocrx_word' id='word_1_289' title='bbox 2335 3771 2460 3838; x_wconf 90' lang='lat' dir='ltr'><strong>sibi</strong></span> <span class='ocrx_word' id='word_1_290' title='bbox 2528 3792 2750 3838; x_wconf 91' lang='lat' dir='ltr'><strong>rerum</strong></span> 
     </span>
     <span class='ocr_line' id='line_1_41' title="bbox 809 3848 2753 3942; baseline 0.005 -29"><span class='ocrx_word' id='word_1_291' title='bbox 809 3848 1105 3915; x_wconf 90' lang='lat' dir='ltr'><strong>omnium</strong></span> <span class='ocrx_word' id='word_1_292' title='bbox 1163 3870 1386 3916; x_wconf 90' lang='lat' dir='ltr'><strong>curam</strong></span> <span class='ocrx_word' id='word_1_293' title='bbox 1444 3872 1587 3918; x_wconf 91' lang='lat' dir='ltr'><strong>esse</strong></span> <span class='ocrx_word' id='word_1_294' title='bbox 1642 3856 2089 3922; x_wconf 89' lang='lat' dir='ltr'><strong>commissam:</strong></span> <span class='ocrx_word' id='word_1_295' title='bbox 2147 3876 2224 3922; x_wconf 90' lang='lat' dir='ltr'><strong>ac</strong></span> <span class='ocrx_word' id='word_1_296' title='bbox 2267 3858 2568 3942; x_wconf 89' lang='lat' dir='ltr'><strong>exemplo</strong></span> <span class='ocrx_word' id='word_1_297' title='bbox 2613 3877 2753 3922; x_wconf 89' lang='lat' dir='ltr'><strong>cae-</strong></span> 
     </span>
     <span class='ocr_line' id='line_1_42' title="bbox 809 3933 2751 4026; baseline 0.005 -27"><span class='ocrx_word' id='word_1_298' title='bbox 809 3933 973 3999; x_wconf 87' lang='lat' dir='ltr'><strong>teris</strong></span> <span class='ocrx_word' id='word_1_299' title='bbox 1016 3954 1158 4000; x_wconf 89' lang='lat' dir='ltr'><strong>esse</strong></span> <span class='ocrx_word' id='word_1_300' title='bbox 1203 3934 1453 4014; x_wconf 89' lang='lat' dir='ltr'><strong>debere,</strong></span> <span class='ocrx_word' id='word_1_301' title='bbox 1511 3948 1585 4002; x_wconf 89' lang='lat' dir='ltr'><strong>ut</strong></span> <span class='ocrx_word' id='word_1_302' title='bbox 1630 3937 1713 4004; x_wconf 90' lang='lat' dir='ltr'><strong>ad</strong></span> <span class='ocrx_word' id='word_1_303' title='bbox 1755 3940 2021 4006; x_wconf 89' lang='lat' dir='ltr'><strong>illorum</strong></span> <span class='ocrx_word' id='word_1_304' title='bbox 2068 3943 2439 4026; x_wconf 86' lang='lat' dir='ltr'><strong>exemplum</strong></span> <span class='ocrx_word' id='word_1_305' title='bbox 2487 3964 2558 4010; x_wconf 89' lang='lat' dir='ltr'><strong>se</strong></span> <span class='ocrx_word' id='word_1_306' title='bbox 2604 3943 2751 4009; x_wconf 88' lang='lat' dir='ltr'><strong>reli-</strong></span> 
     </span>
     <span class='ocr_line' id='line_1_43' title="bbox 808 4020 2750 4112; baseline 0.004 -27"><span class='ocrx_word' id='word_1_307' title='bbox 808 4020 923 4103; x_wconf 89' lang='lat' dir='ltr'><strong>qui</strong></span> <span class='ocrx_word' id='word_1_308' title='bbox 969 4029 1454 4103; x_wconf 90' lang='lat' dir='ltr'><strong>componentes,</strong></span> <span class='ocrx_word' id='word_1_309' title='bbox 1522 4023 1751 4089; x_wconf 92' lang='lat' dir='ltr'><strong>ordine</strong></span> <span class='ocrx_word' id='word_1_310' title='bbox 1794 4028 2016 4093; x_wconf 90' lang='lat' dir='ltr'><strong>omnia</strong></span> <span class='ocrx_word' id='word_1_311' title='bbox 2061 4038 2312 4112; x_wconf 84' lang='lat' dir='ltr'><strong>gerant.</strong></span> <span class='ocrx_word' id='word_1_312' title='bbox 2401 4029 2750 4095; x_wconf 85' lang='lat' dir='ltr'><strong>Caeterum</strong></span> 
     </span>
     <span class='ocr_line' id='line_1_44' title="bbox 805 4105 2752 4200; baseline 0.004 -28"><span class='ocrx_word' id='word_1_313' title='bbox 805 4126 944 4172; x_wconf 88' lang='lat' dir='ltr'><strong>non</strong></span> <span class='ocrx_word' id='word_1_314' title='bbox 990 4105 1260 4171; x_wconf 90' lang='lat' dir='ltr'><strong>dubium</strong></span> <span class='ocrx_word' id='word_1_315' title='bbox 1304 4116 1404 4172; x_wconf 87' lang='lat' dir='ltr'><strong>est</strong></span> <span class='ocrx_word' id='word_1_316' title='bbox 1448 4110 1605 4192; x_wconf 91' lang='lat' dir='ltr'><strong>quin</strong></span> <span class='ocrx_word' id='word_1_317' title='bbox 1647 4109 1920 4177; x_wconf 82' lang='lat' dir='ltr'><strong>Samuel</strong></span> <span class='ocrx_word' id='word_1_318' title='bbox 1964 4113 2249 4179; x_wconf 85' lang='lat' dir='ltr'><strong>voluerit</strong></span> <span class='ocrx_word' id='word_1_319' title='bbox 2281 4114 2572 4182; x_wconf 89' lang='lat' dir='ltr'><strong>indicare</strong></span> <span class='ocrx_word' id='word_1_320' title='bbox 2609 4136 2752 4200; x_wconf 90' lang='lat' dir='ltr'><strong>reg·</strong></span> 
     </span>
     <span class='ocr_line' id='line_1_45' title="bbox 809 4193 2751 4279; baseline 0.005 -22"><span class='ocrx_word' id='word_1_321' title='bbox 809 4212 971 4258; x_wconf 89' lang='lat' dir='ltr'><strong>num</strong></span> <span class='ocrx_word' id='word_1_322' title='bbox 1015 4212 1158 4257; x_wconf 85' lang='lat' dir='ltr'><strong>esse</strong></span> <span class='ocrx_word' id='word_1_323' title='bbox 1202 4193 1512 4276; x_wconf 90' lang='lat' dir='ltr'><strong>quietum,</strong></span> <span class='ocrx_word' id='word_1_324' title='bbox 1554 4206 1620 4260; x_wconf 91' lang='lat' dir='ltr'><strong>et</strong></span> <span class='ocrx_word' id='word_1_325' title='bbox 1662 4197 1734 4261; x_wconf 92' lang='lat' dir='ltr'><strong>in</strong></span> <span class='ocrx_word' id='word_1_326' title='bbox 1779 4219 1981 4264; x_wconf 88' lang='lat' dir='ltr'><strong>manu</strong></span> <span class='ocrx_word' id='word_1_327' title='bbox 2016 4198 2240 4265; x_wconf 85' lang='lat' dir='ltr'><strong>Saulis</strong></span> <span class='ocrx_word' id='word_1_328' title='bbox 2276 4203 2751 4279; x_wconf 88' lang='lat' dir='ltr'><strong>confirmatum,</strong></span> 
     </span>
     <span class='ocr_line' id='line_1_46' title="bbox 810 4278 2755 4371; baseline 0.004 -26"><span class='ocrx_word' id='word_1_329' title='bbox 810 4297 889 4345; x_wconf 85' lang='lat' dir='ltr'><strong>ac</strong></span> <span class='ocrx_word' id='word_1_330' title='bbox 953 4278 1227 4361; x_wconf 89' lang='lat' dir='ltr'><strong>proinde</strong></span> <span class='ocrx_word' id='word_1_331' title='bbox 1291 4300 1362 4344; x_wconf 90' lang='lat' dir='ltr'><strong>se</strong></span> <span class='ocrx_word' id='word_1_332' title='bbox 1426 4301 1556 4345; x_wconf 92' lang='lat' dir='ltr'><strong>non</strong></span> <span class='ocrx_word' id='word_1_333' title='bbox 1623 4282 1903 4366; x_wconf 87' lang='lat' dir='ltr'><strong>amplius</strong></span> <span class='ocrx_word' id='word_1_334' title='bbox 1968 4307 2156 4352; x_wconf 91' lang='lat' dir='ltr'><strong>suam</strong></span> <span class='ocrx_word' id='word_1_335' title='bbox 2221 4308 2485 4353; x_wconf 88' lang='lat' dir='ltr'><strong>causam</strong></span> <span class='ocrx_word' id='word_1_336' title='bbox 2541 4308 2755 4371; x_wconf 85' lang='lat' dir='ltr'><strong>agere,</strong></span> 
     </span>
     <span class='ocr_line' id='line_1_47' title="bbox 812 4364 2756 4451; baseline 0.004 -21"><span class='ocrx_word' id='word_1_337' title='bbox 812 4364 998 4446; x_wconf 90' lang='lat' dir='ltr'><strong>quasi</strong></span> <span class='ocrx_word' id='word_1_338' title='bbox 1042 4364 1141 4430; x_wconf 87' lang='lat' dir='ltr'><strong>sui</strong></span> <span class='ocrx_word' id='word_1_339' title='bbox 1189 4364 1513 4431; x_wconf 89' lang='lat' dir='ltr'><strong>rationem</strong></span> <span class='ocrx_word' id='word_1_340' title='bbox 1560 4366 1789 4433; x_wconf 90' lang='lat' dir='ltr'><strong>haberi</strong></span> <span class='ocrx_word' id='word_1_341' title='bbox 1833 4369 2052 4451; x_wconf 82' lang='lat' dir='ltr'><strong>vellet,</strong></span> <span class='ocrx_word' id='word_1_342' title='bbox 2110 4380 2179 4437; x_wconf 91' lang='lat' dir='ltr'><strong>et</strong></span> <span class='ocrx_word' id='word_1_343' title='bbox 2217 4374 2354 4438; x_wconf 87' lang='lat' dir='ltr'><strong>suis</strong></span> <span class='ocrx_word' id='word_1_344' title='bbox 2398 4372 2756 4440; x_wconf 89' lang='lat' dir='ltr'><strong>commodis</strong></span> 
     </span>
     <span class='ocr_line' id='line_1_48' title="bbox 809 4448 2757 4542; baseline 0.004 -27"><span class='ocrx_word' id='word_1_345' title='bbox 809 4448 1140 4515; x_wconf 87' lang='lat' dir='ltr'><strong>studeret:</strong></span> <span class='ocrx_word' id='word_1_346' title='bbox 1200 4471 1271 4516; x_wconf 89' lang='lat' dir='ltr'><strong>se</strong></span> <span class='ocrx_word' id='word_1_347' title='bbox 1316 4451 1485 4516; x_wconf 90' lang='lat' dir='ltr'><strong>nihil</strong></span> <span class='ocrx_word' id='word_1_348' title='bbox 1528 4453 1751 4519; x_wconf 92' lang='lat' dir='ltr'><strong>minus</strong></span> <span class='ocrx_word' id='word_1_349' title='bbox 1794 4457 2084 4540; x_wconf 89' lang='lat' dir='ltr'><strong>cogitare</strong></span> <span class='ocrx_word' id='word_1_350' title='bbox 2128 4480 2326 4542; x_wconf 88' lang='lat' dir='ltr'><strong>quam</strong></span> <span class='ocrx_word' id='word_1_351' title='bbox 2373 4458 2453 4525; x_wconf 87' lang='lat' dir='ltr'><strong>de</strong></span> <span class='ocrx_word' id='word_1_352' title='bbox 2498 4459 2757 4542; x_wconf 85' lang='lat' dir='ltr'><strong>privata</strong></span> 
     </span>
     <span class='ocr_line' id='line_1_49' title="bbox 813 4535 2756 4620; baseline 0.006 -21"><span class='ocrx_word' id='word_1_353' title='bbox 813 4535 1100 4600; x_wconf 88' lang='lat' dir='ltr'><strong>utilitate</strong></span> <span class='ocrx_word' id='word_1_354' title='bbox 1165 4536 1555 4619; x_wconf 87' lang='lat' dir='ltr'><strong>quaerenda.</strong></span> <span class='ocrx_word' id='word_1_355' title='bbox 1647 4538 1868 4620; x_wconf 78' lang='lat' dir='ltr'><strong>Quare</strong></span> <span class='ocrx_word' id='word_1_356' title='bbox 1924 4543 2104 4609; x_wconf 90' lang='lat' dir='ltr'><strong>iubet</strong></span> <span class='ocrx_word' id='word_1_357' title='bbox 2163 4564 2276 4611; x_wconf 92' lang='lat' dir='ltr'><strong>eos</strong></span> <span class='ocrx_word' id='word_1_358' title='bbox 2333 4565 2553 4611; x_wconf 88' lang='lat' dir='ltr'><strong>coram</strong></span> <span class='ocrx_word' id='word_1_359' title='bbox 2610 4543 2756 4610; x_wconf 91' lang='lat' dir='ltr'><strong>Deo</strong></span> 
     </span>
     <span class='ocr_line' id='line_1_50' title="bbox 815 4623 2759 4705; baseline 0.004 -19"><span class='ocrx_word' id='word_1_360' title='bbox 815 4630 883 4687; x_wconf 87' lang='lat' dir='ltr'><strong>et</strong></span> <span class='ocrx_word' id='word_1_361' title='bbox 925 4630 1123 4687; x_wconf 91' lang='lat' dir='ltr'><strong>uncto</strong></span> <span class='ocrx_word' id='word_1_362' title='bbox 1166 4623 1370 4705; x_wconf 89' lang='lat' dir='ltr'><strong>ipsius</strong></span> <span class='ocrx_word' id='word_1_363' title='bbox 1416 4623 1495 4687; x_wconf 89' lang='lat' dir='ltr'><strong>de</strong></span> <span class='ocrx_word' id='word_1_364' title='bbox 1538 4645 1608 4689; x_wconf 91' lang='lat' dir='ltr'><strong>se</strong></span> <span class='ocrx_word' id='word_1_365' title='bbox 1653 4626 2022 4692; x_wconf 86' lang='lat' dir='ltr'><strong>testificari:</strong></span> <span class='ocrx_word' id='word_1_366' title='bbox 2070 4637 2137 4694; x_wconf 92' lang='lat' dir='ltr'><strong>et</strong></span> <span class='ocrx_word' id='word_1_367' title='bbox 2180 4631 2273 4697; x_wconf 91' lang='lat' dir='ltr'><strong>ita</strong></span> <span class='ocrx_word' id='word_1_368' title='bbox 2316 4653 2388 4698; x_wconf 92' lang='lat' dir='ltr'><strong>se</strong></span> <span class='ocrx_word' id='word_1_369' title='bbox 2429 4630 2512 4696; x_wconf 89' lang='lat' dir='ltr'><strong>ad</strong></span> <span class='ocrx_word' id='word_1_370' title='bbox 2556 4630 2759 4696; x_wconf 87' lang='lat' dir='ltr'><strong>ratio-</strong></span> 
     </span>
     <span class='ocr_line' id='line_1_51' title="bbox 813 4707 2757 4802; baseline 0.005 -31"><span class='ocrx_word' id='word_1_371' title='bbox 813 4726 969 4772; x_wconf 91' lang='lat' dir='ltr'><strong>nem</strong></span> <span class='ocrx_word' id='word_1_372' title='bbox 1027 4727 1185 4772; x_wconf 89' lang='lat' dir='ltr'><strong>suae</strong></span> <span class='ocrx_word' id='word_1_373' title='bbox 1238 4707 1823 4779; x_wconf 90' lang='lat' dir='ltr'><strong>administrationis</strong></span> <span class='ocrx_word' id='word_1_374' title='bbox 1882 4712 2281 4782; x_wconf 90' lang='lat' dir='ltr'><strong>reddendam</strong></span> <span class='ocrx_word' id='word_1_375' title='bbox 2340 4717 2502 4802; x_wconf 87' lang='lat' dir='ltr'><strong>ipsis</strong></span> <span class='ocrx_word' id='word_1_376' title='bbox 2547 4717 2757 4795; x_wconf 88' lang='lat' dir='ltr'><strong>offert,</strong></span> 
     </span>
     <span class='ocr_line' id='line_1_52' title="bbox 816 4792 2758 4886; baseline 0.005 -29"><span class='ocrx_word' id='word_1_377' title='bbox 816 4802 882 4858; x_wconf 88' lang='lat' dir='ltr'><strong>et</strong></span> <span class='ocrx_word' id='word_1_378' title='bbox 923 4792 1087 4871; x_wconf 90' lang='lat' dir='ltr'><strong>vult,</strong></span> <span class='ocrx_word' id='word_1_379' title='bbox 1133 4794 1188 4859; x_wconf 94' lang='lat' dir='ltr'><strong>si</strong></span> <span class='ocrx_word' id='word_1_380' title='bbox 1232 4795 1344 4877; x_wconf 88' lang='lat' dir='ltr'><strong>qui</strong></span> <span class='ocrx_word' id='word_1_381' title='bbox 1387 4796 1789 4863; x_wconf 85' lang='lat' dir='ltr'><strong>occasionem</strong></span> <span class='ocrx_word' id='word_1_382' title='bbox 1813 4798 2101 4866; x_wconf 87' lang='lat' dir='ltr'><strong>habeant</strong></span> <span class='ocrx_word' id='word_1_383' title='bbox 2136 4800 2215 4867; x_wconf 91' lang='lat' dir='ltr'><strong>de</strong></span> <span class='ocrx_word' id='word_1_384' title='bbox 2249 4802 2390 4886; x_wconf 92' lang='lat' dir='ltr'><strong>ipso</strong></span> <span class='ocrx_word' id='word_1_385' title='bbox 2425 4806 2569 4868; x_wconf 89' lang='lat' dir='ltr'><strong>iure</strong></span> <span class='ocrx_word' id='word_1_386' title='bbox 2604 4822 2758 4867; x_wconf 89' lang='lat' dir='ltr'><strong>con·</strong></span> 
     </span>
     <span class='ocr_line' id='line_1_53' title="bbox 819 4877 2761 4972; baseline 0.005 -30"><span class='ocrx_word' id='word_1_387' title='bbox 819 4877 1158 4961; x_wconf 86' lang='lat' dir='ltr'><strong>querendi,</strong></span> <span class='ocrx_word' id='word_1_388' title='bbox 1205 4901 1346 4945; x_wconf 92' lang='lat' dir='ltr'><strong>sese</strong></span> <span class='ocrx_word' id='word_1_389' title='bbox 1382 4880 1625 4948; x_wconf 91' lang='lat' dir='ltr'><strong>iudicio</strong></span> <span class='ocrx_word' id='word_1_390' title='bbox 1668 4883 1961 4967; x_wconf 90' lang='lat' dir='ltr'><strong>ipsorum</strong></span> <span class='ocrx_word' id='word_1_391' title='bbox 2006 4888 2256 4953; x_wconf 89' lang='lat' dir='ltr'><strong>sistere.</strong></span> <span class='ocrx_word' id='word_1_392' title='bbox 2342 4888 2441 4956; x_wconf 92' lang='lat' dir='ltr'><strong>Ac</strong></span> <span class='ocrx_word' id='word_1_393' title='bbox 2486 4887 2761 4972; x_wconf 90' lang='lat' dir='ltr'><strong>proinde</strong></span> 
     </span>
     <span class='ocr_line' id='line_1_54' title="bbox 817 4964 2760 5046; baseline 0.006 -19"><span class='ocrx_word' id='word_1_394' title='bbox 817 4964 1033 5046; x_wconf 90' lang='lat' dir='ltr'><strong>palam</strong></span> <span class='ocrx_word' id='word_1_395' title='bbox 1089 4973 1372 5032; x_wconf 85' lang='lat' dir='ltr'><strong>testatur</strong></span> <span class='ocrx_word' id='word_1_396' title='bbox 1429 4987 1500 5031; x_wconf 92' lang='lat' dir='ltr'><strong>se</strong></span> <span class='ocrx_word' id='word_1_397' title='bbox 1544 4969 1797 5035; x_wconf 90' lang='lat' dir='ltr'><strong>sincere</strong></span> <span class='ocrx_word' id='word_1_398' title='bbox 1839 4981 1906 5037; x_wconf 90' lang='lat' dir='ltr'><strong>et</strong></span> <span class='ocrx_word' id='word_1_399' title='bbox 1950 4993 2083 5038; x_wconf 90' lang='lat' dir='ltr'><strong>non</strong></span> <span class='ocrx_word' id='word_1_400' title='bbox 2125 4973 2430 5041; x_wconf 87' lang='lat' dir='ltr'><strong>simulate</strong></span> <span class='ocrx_word' id='word_1_401' title='bbox 2474 4975 2644 5040; x_wconf 90' lang='lat' dir='ltr'><strong>velle</strong></span> <span class='ocrx_word' id='word_1_402' title='bbox 2689 4974 2760 5038; x_wconf 90' lang='lat' dir='ltr'><strong>in</strong></span> 
     </span>
     <span class='ocr_line' id='line_1_55' title="bbox 817 5050 2761 5135; baseline 0.006 -22"><span class='ocrx_word' id='word_1_403' title='bbox 817 5050 1022 5114; x_wconf 85' lang='lat' dir='ltr'><strong>vitam</strong></span> <span class='ocrx_word' id='word_1_404' title='bbox 1104 5071 1290 5116; x_wconf 92' lang='lat' dir='ltr'><strong>suam</strong></span> <span class='ocrx_word' id='word_1_405' title='bbox 1354 5052 1621 5135; x_wconf 90' lang='lat' dir='ltr'><strong>inquiri,</strong></span> <span class='ocrx_word' id='word_1_406' title='bbox 1688 5066 1756 5121; x_wconf 92' lang='lat' dir='ltr'><strong>et</strong></span> <span class='ocrx_word' id='word_1_407' title='bbox 1820 5057 2136 5124; x_wconf 90' lang='lat' dir='ltr'><strong>iudicium</strong></span> <span class='ocrx_word' id='word_1_408' title='bbox 2201 5060 2376 5128; x_wconf 84' lang='lat' dir='ltr'><strong>ferri.</strong></span> <span class='ocrx_word' id='word_1_409' title='bbox 2463 5061 2639 5127; x_wconf 88' lang='lat' dir='ltr'><strong>Nam</strong></span> <span class='ocrx_word' id='word_1_410' title='bbox 2705 5060 2761 5125; x_wconf 92' lang='lat' dir='ltr'><strong>si</strong></span> 
     </span>
     <span class='ocr_line' id='line_1_56' title="bbox 818 5134 2761 5216; baseline 0.007 -18"><span class='ocrx_word' id='word_1_411' title='bbox 818 5134 1132 5216; x_wconf 87' lang='lat' dir='ltr'><strong>quamdiu</strong></span> <span class='ocrx_word' id='word_1_412' title='bbox 1189 5136 1595 5204; x_wconf 88' lang='lat' dir='ltr'><strong>dominatum</strong></span> <span class='ocrx_word' id='word_1_413' title='bbox 1654 5142 1991 5210; x_wconf 88' lang='lat' dir='ltr'><strong>obtinebat</strong></span> <span class='ocrx_word' id='word_1_414' title='bbox 2048 5143 2152 5210; x_wconf 90' lang='lat' dir='ltr'><strong>his</strong></span> <span class='ocrx_word' id='word_1_415' title='bbox 2211 5154 2384 5213; x_wconf 88' lang='lat' dir='ltr'><strong>esset</strong></span> <span class='ocrx_word' id='word_1_416' title='bbox 2440 5169 2601 5213; x_wconf 89' lang='lat' dir='ltr'><strong>usus</strong></span> <span class='ocrx_word' id='word_1_417' title='bbox 2646 5166 2761 5212; x_wconf 85' lang='lat' dir='ltr'><strong>vo-</strong></span> 
     </span>
     <span class='ocr_line' id='line_1_57' title="bbox 815 5218 2762 5317; baseline 0.006 -31"><span class='ocrx_word' id='word_1_418' title='bbox 815 5218 1023 5303; x_wconf 88' lang='lat' dir='ltr'><strong>cibus,</strong></span> <span class='ocrx_word' id='word_1_419' title='bbox 1056 5222 1356 5305; x_wconf 83' lang='lat' dir='ltr'><strong>excipere</strong></span> <span class='ocrx_word' id='word_1_420' title='bbox 1390 5224 1489 5289; x_wconf 90' lang='lat' dir='ltr'><strong>illi</strong></span> <span class='ocrx_word' id='word_1_421' title='bbox 1525 5228 1891 5309; x_wconf 89' lang='lat' dir='ltr'><strong>potuissent</strong></span> <span class='ocrx_word' id='word_1_422' title='bbox 1926 5228 2049 5295; x_wconf 90' lang='lat' dir='ltr'><strong>sibi</strong></span> <span class='ocrx_word' id='word_1_423' title='bbox 2086 5250 2220 5296; x_wconf 91' lang='lat' dir='ltr'><strong>non</strong></span> <span class='ocrx_word' id='word_1_424' title='bbox 2256 5253 2398 5299; x_wconf 89' lang='lat' dir='ltr'><strong>osse</strong></span> <span class='ocrx_word' id='word_1_425' title='bbox 2425 5232 2762 5317; x_wconf 86' lang='lat' dir='ltr'><strong>integrum</strong></span> 
     </span>
    </p>
   </div>
   <div class='ocr_carea' id='block_1_3' title="bbox 2492 312 3100 381">
    <p class='ocr_par' dir='ltr' id='par_1_5' title="bbox 2492 312 3100 381">
     <span class='ocr_line' id='line_1_58' title="bbox 2492 312 3100 381; baseline -0.002 -1"><span class='ocrx_word' id='word_1_426' title='bbox 2492 312 2907 381; x_wconf 82' lang='lat' dir='ltr'><strong>HOMILIA</strong></span> <span class='ocrx_word' id='word_1_427' title='bbox 2944 312 3100 380; x_wconf 79' lang='lat' dir='ltr'><strong>XL.</strong></span> 
     </span>
    </p>
   </div>
   <div class='ocr_carea' id='block_1_4' title="bbox 4655 313 4756 384">
    <p class='ocr_par' dir='ltr' id='par_1_6' title="bbox 4655 313 4756 384">
     <span class='ocr_line' id='line_1_59' title="bbox 4655 313 4756 384; baseline 0 0"><span class='ocrx_word' id='word_1_428' title='bbox 4655 313 4756 384; x_wconf 81' lang='grc'><strong>680</strong></span> 
     </span>
    </p>
   </div>
   <div class='ocr_carea' id='block_1_5' title="bbox 2849 502 4788 5315">
    <p class='ocr_par' dir='ltr' id='par_1_7' title="bbox 2849 502 4788 5315">
     <span class='ocr_line' id='line_1_60' title="bbox 2852 502 4756 588; baseline 0.001 -19"><span class='ocrx_word' id='word_1_429' title='bbox 2852 502 3167 571; x_wconf 88' lang='lat' dir='ltr'><strong>adversus</strong></span> <span class='ocrx_word' id='word_1_430' title='bbox 3244 504 3460 586; x_wconf 89' lang='lat' dir='ltr'><strong>ipsum</strong></span> <span class='ocrx_word' id='word_1_431' title='bbox 3525 524 3600 570; x_wconf 94' lang='lat' dir='ltr'><strong>os</strong></span> <span class='ocrx_word' id='word_1_432' title='bbox 3667 503 3922 586; x_wconf 87' lang='lat' dir='ltr'><strong>aperire</strong></span> <span class='ocrx_word' id='word_1_433' title='bbox 3987 502 4071 568; x_wconf 88' lang='lat' dir='ltr'><strong>ad</strong></span> <span class='ocrx_word' id='word_1_434' title='bbox 4137 503 4591 579; x_wconf 82' lang='lat' dir='ltr'><strong>accusandum,</strong></span> <span class='ocrx_word' id='word_1_435' title='bbox 4670 507 4756 588; x_wconf 85' lang='lat' dir='ltr'><strong>qui</strong></span> 
     </span>
     <span class='ocr_line' id='line_1_61' title="bbox 2850 588 4759 672; baseline 0.002 -19"><span class='ocrx_word' id='word_1_436' title='bbox 2850 609 3176 655; x_wconf 88' lang='lat' dir='ltr'><strong>summam</strong></span> <span class='ocrx_word' id='word_1_437' title='bbox 3219 610 3443 655; x_wconf 89' lang='lat' dir='ltr'><strong>rerum</strong></span> <span class='ocrx_word' id='word_1_438' title='bbox 3486 588 3829 656; x_wconf 91' lang='lat' dir='ltr'><strong>obtineret.</strong></span> <span class='ocrx_word' id='word_1_439' title='bbox 3920 589 4142 670; x_wconf 76' lang='lat' dir='ltr'><strong>Quum</strong></span> <span class='ocrx_word' id='word_1_440' title='bbox 4185 609 4346 656; x_wconf 86' lang='lat' dir='ltr'><strong>vero</strong></span> <span class='ocrx_word' id='word_1_441' title='bbox 4390 589 4681 672; x_wconf 88' lang='lat' dir='ltr'><strong>privatus</strong></span> <span class='ocrx_word' id='word_1_442' title='bbox 4707 603 4759 657; x_wconf 82' lang='lat' dir='ltr'><strong>et</strong></span> 
     </span>
     <span class='ocr_line' id='line_1_62' title="bbox 2851 673 4757 757; baseline 0.001 -18"><span class='ocrx_word' id='word_1_443' title='bbox 2851 673 3151 741; x_wconf 90' lang='lat' dir='ltr'><strong>abdicata</strong></span> <span class='ocrx_word' id='word_1_444' title='bbox 3194 676 3546 742; x_wconf 88' lang='lat' dir='ltr'><strong>autoritate</strong></span> <span class='ocrx_word' id='word_1_445' title='bbox 3590 682 3659 741; x_wconf 90' lang='grc' dir='ltr'><strong>ει</strong></span> <span class='ocrx_word' id='word_1_446' title='bbox 3702 675 4147 741; x_wconf 88' lang='lat' dir='ltr'><strong>dominatione</strong></span> <span class='ocrx_word' id='word_1_447' title='bbox 4171 697 4312 742; x_wconf 89' lang='lat' dir='ltr'><strong>sese</strong></span> <span class='ocrx_word' id='word_1_448' title='bbox 4335 676 4575 742; x_wconf 88' lang='lat' dir='ltr'><strong>iudicio</strong></span> <span class='ocrx_word' id='word_1_449' title='bbox 4594 676 4757 757; x_wconf 84' lang='lat' dir='ltr'><strong>sistit,</strong></span> 
     </span>
     <span class='ocr_line' id='line_1_63' title="bbox 2849 761 4759 846; baseline -0.001 -19"><span class='ocrx_word' id='word_1_450' title='bbox 2849 761 3013 827; x_wconf 90' lang='lat' dir='ltr'><strong>satis</strong></span> <span class='ocrx_word' id='word_1_451' title='bbox 3091 770 3365 846; x_wconf 91' lang='lat' dir='ltr'><strong>apparet</strong></span> <span class='ocrx_word' id='word_1_452' title='bbox 3442 761 3612 827; x_wconf 85' lang='lat' dir='ltr'><strong>m‘hil</strong></span> <span class='ocrx_word' id='word_1_453' title='bbox 3673 763 3823 828; x_wconf 86' lang='lat' dir='ltr'><strong>ficte</strong></span> <span class='ocrx_word' id='word_1_454' title='bbox 3879 781 4090 846; x_wconf 90' lang='lat' dir='ltr'><strong>neque</strong></span> <span class='ocrx_word' id='word_1_455' title='bbox 4146 762 4453 828; x_wconf 89' lang='lat' dir='ltr'><strong>simulate</strong></span> <span class='ocrx_word' id='word_1_456' title='bbox 4510 761 4593 827; x_wconf 90' lang='lat' dir='ltr'><strong>ab</strong></span> <span class='ocrx_word' id='word_1_457' title='bbox 4642 761 4759 846; x_wconf 84' lang='lat' dir='ltr'><strong>ipso</strong></span> 
     </span>
     <span class='ocr_line' id='line_1_64' title="bbox 2851 845 4760 932; baseline 0.002 -21"><span class='ocrx_word' id='word_1_458' title='bbox 2851 845 2959 912; x_wconf 85' lang='lat' dir='ltr'><strong>hic</strong></span> <span class='ocrx_word' id='word_1_459' title='bbox 3001 848 3161 932; x_wconf 88' lang='lat' dir='ltr'><strong>geri,</strong></span> <span class='ocrx_word' id='word_1_460' title='bbox 3205 846 3320 915; x_wconf 87' lang='lat' dir='ltr'><strong>sed</strong></span> <span class='ocrx_word' id='word_1_461' title='bbox 3363 848 3535 917; x_wconf 81' lang='lat' dir='ltr'><strong>velle</strong></span> <span class='ocrx_word' id='word_1_462' title='bbox 3579 855 3654 912; x_wconf 87' lang='grc' dir='ltr'><strong>ιιι</strong></span> <span class='ocrx_word' id='word_1_463' title='bbox 3697 849 3768 912; x_wconf 90' lang='lat' dir='ltr'><strong>in</strong></span> <span class='ocrx_word' id='word_1_464' title='bbox 3812 847 4014 913; x_wconf 83' lang='lat' dir='ltr'><strong>vitam</strong></span> <span class='ocrx_word' id='word_1_465' title='bbox 4062 868 4249 914; x_wconf 87' lang='lat' dir='ltr'><strong>suam</strong></span> <span class='ocrx_word' id='word_1_466' title='bbox 4282 848 4673 932; x_wconf 85' lang='lat' dir='ltr'><strong>inquiratur,</strong></span> <span class='ocrx_word' id='word_1_467' title='bbox 4708 862 4760 914; x_wconf 88' lang='lat' dir='ltr'><strong>et</strong></span> 
     </span>
     <span class='ocr_line' id='line_1_65' title="bbox 2849 932 4759 1018; baseline 0.002 -22"><span class='ocrx_word' id='word_1_468' title='bbox 2849 932 2920 997; x_wconf 91' lang='lat' dir='ltr'><strong>in</strong></span> <span class='ocrx_word' id='word_1_469' title='bbox 2965 941 3153 1018; x_wconf 86' lang='lat' dir='ltr'><strong>gesta</strong></span> <span class='ocrx_word' id='word_1_470' title='bbox 3194 953 3352 1000; x_wconf 88' lang='lat' dir='ltr'><strong>suae</strong></span> <span class='ocrx_word' id='word_1_471' title='bbox 3396 932 4007 1013; x_wconf 87' lang='lat' dir='ltr'><strong>administrationis,</strong></span> <span class='ocrx_word' id='word_1_472' title='bbox 4051 934 4229 1000; x_wconf 89' lang='lat' dir='ltr'><strong>unde</strong></span> <span class='ocrx_word' id='word_1_473' title='bbox 4273 942 4603 1018; x_wconf 86' lang='lat' dir='ltr'><strong>appareat,</strong></span> <span class='ocrx_word' id='word_1_474' title='bbox 4646 955 4759 1017; x_wconf 68' lang='lat' dir='ltr'><strong>pre</strong></span> 
     </span>
     <span class='ocr_line' id='line_1_66' title="bbox 2851 1019 4761 1104; baseline 0.001 -20"><span class='ocrx_word' id='word_1_475' title='bbox 2851 1019 3016 1085; x_wconf 88' lang='lat' dir='ltr'><strong>bene</strong></span> <span class='ocrx_word' id='word_1_476' title='bbox 3070 1039 3156 1085; x_wconf 91' lang='lat' dir='ltr'><strong>an</strong></span> <span class='ocrx_word' id='word_1_477' title='bbox 3213 1040 3400 1087; x_wconf 92' lang='lat' dir='ltr'><strong>secus</strong></span> <span class='ocrx_word' id='word_1_478' title='bbox 3457 1020 3668 1087; x_wconf 80' lang='lat' dir='ltr'><strong>officio</strong></span> <span class='ocrx_word' id='word_1_479' title='bbox 3710 1039 3832 1086; x_wconf 89' lang='grc' dir='ltr'>ειιο</span> <span class='ocrx_word' id='word_1_480' title='bbox 3873 1019 4143 1087; x_wconf 90' lang='lat' dir='ltr'><strong>functus</strong></span> <span class='ocrx_word' id='word_1_481' title='bbox 4180 1021 4285 1087; x_wconf 88' lang='lat' dir='ltr'><strong>sit.</strong></span> <span class='ocrx_word' id='word_1_482' title='bbox 4375 1019 4554 1086; x_wconf 90' lang='lat' dir='ltr'><strong>Sane</strong></span> <span class='ocrx_word' id='word_1_483' title='bbox 4596 1020 4761 1104; x_wconf 79' lang='lat' dir='ltr'><strong>longe</strong></span> 
     </span>
     <span class='ocr_line' id='line_1_67' title="bbox 2850 1103 4761 1190; baseline 0 -21"><span class='ocrx_word' id='word_1_484' title='bbox 2850 1103 2981 1170; x_wconf 90' lang='lat' dir='ltr'><strong>alia</strong></span> <span class='ocrx_word' id='word_1_485' title='bbox 3037 1113 3140 1172; x_wconf 88' lang='lat' dir='ltr'><strong>est</strong></span> <span class='ocrx_word' id='word_1_486' title='bbox 3182 1104 3375 1172; x_wconf 89' lang='lat' dir='ltr'><strong>hodie</strong></span> <span class='ocrx_word' id='word_1_487' title='bbox 3416 1106 3778 1172; x_wconf 88' lang='lat' dir='ltr'><strong>multorum</strong></span> <span class='ocrx_word' id='word_1_488' title='bbox 3824 1106 4198 1190; x_wconf 89' lang='lat' dir='ltr'><strong>principum</strong></span> <span class='ocrx_word' id='word_1_489' title='bbox 4240 1108 4429 1186; x_wconf 89' lang='lat' dir='ltr'><strong>ratio,</strong></span> <span class='ocrx_word' id='word_1_490' title='bbox 4475 1106 4590 1190; x_wconf 90' lang='lat' dir='ltr'><strong>qui</strong></span> <span class='ocrx_word' id='word_1_491' title='bbox 4631 1126 4761 1170; x_wconf 87' lang='lat' dir='ltr'><strong>con·</strong></span> 
     </span>
     <span class='ocr_line' id='line_1_68' title="bbox 2850 1190 4761 1276; baseline -0.001 -20"><span class='ocrx_word' id='word_1_492' title='bbox 2850 1199 3157 1257; x_wconf 88' lang='lat' dir='ltr'><strong>vocantes</strong></span> <span class='ocrx_word' id='word_1_493' title='bbox 3217 1212 3375 1257; x_wconf 90' lang='lat' dir='ltr'><strong>suae</strong></span> <span class='ocrx_word' id='word_1_494' title='bbox 3432 1191 3698 1259; x_wconf 88' lang='lat' dir='ltr'><strong>ditionis</strong></span> <span class='ocrx_word' id='word_1_495' title='bbox 3741 1199 3971 1272; x_wconf 90' lang='lat' dir='ltr'><strong>status,</strong></span> <span class='ocrx_word' id='word_1_496' title='bbox 4038 1199 4107 1257; x_wconf 90' lang='lat' dir='ltr'><strong>et</strong></span> <span class='ocrx_word' id='word_1_497' title='bbox 4149 1212 4269 1276; x_wconf 89' lang='lat' dir='ltr'><strong>pro</strong></span> <span class='ocrx_word' id='word_1_498' title='bbox 4311 1194 4451 1259; x_wconf 89' lang='lat' dir='ltr'><strong>suis</strong></span> <span class='ocrx_word' id='word_1_499' title='bbox 4495 1190 4761 1257; x_wconf 84' lang='lat' dir='ltr'><strong>tribuna·</strong></span> 
     </span>
     <span class='ocr_line' id='line_1_69' title="bbox 2851 1276 4761 1362; baseline -0.001 -21"><span class='ocrx_word' id='word_1_500' title='bbox 2851 1276 3027 1344; x_wconf 89' lang='lat' dir='ltr'><strong>libus</strong></span> <span class='ocrx_word' id='word_1_501' title='bbox 3085 1277 3406 1358; x_wconf 89' lang='lat' dir='ltr'><strong>sedentes,</strong></span> <span class='ocrx_word' id='word_1_502' title='bbox 3464 1278 3674 1344; x_wconf 89' lang='lat' dir='ltr'><strong>multa</strong></span> <span class='ocrx_word' id='word_1_503' title='bbox 3731 1278 3813 1343; x_wconf 91' lang='lat' dir='ltr'><strong>de</strong></span> <span class='ocrx_word' id='word_1_504' title='bbox 3855 1300 3927 1344; x_wconf 93' lang='lat' dir='ltr'><strong>se</strong></span> <span class='ocrx_word' id='word_1_505' title='bbox 3968 1278 4352 1362; x_wconf 90' lang='lat' dir='ltr'><strong>loquuntur,</strong></span> <span class='ocrx_word' id='word_1_506' title='bbox 4413 1299 4605 1345; x_wconf 91' lang='lat' dir='ltr'><strong>suum</strong></span> <span class='ocrx_word' id='word_1_507' title='bbox 4645 1289 4761 1343; x_wconf 85' lang='lat' dir='ltr'><strong>stu·</strong></span> 
     </span>
     <span class='ocr_line' id='line_1_70' title="bbox 2855 1363 4762 1448; baseline 0 -20"><span class='ocrx_word' id='word_1_508' title='bbox 2855 1363 3035 1429; x_wconf 89' lang='lat' dir='ltr'><strong>dium</strong></span> <span class='ocrx_word' id='word_1_509' title='bbox 3092 1363 3551 1431; x_wconf 89' lang='lat' dir='ltr'><strong>commendant</strong></span> <span class='ocrx_word' id='word_1_510' title='bbox 3595 1384 3722 1447; x_wconf 91' lang='lat' dir='ltr'><strong>quo</strong></span> <span class='ocrx_word' id='word_1_511' title='bbox 3766 1364 4021 1448; x_wconf 89' lang='lat' dir='ltr'><strong>plebem</strong></span> <span class='ocrx_word' id='word_1_512' title='bbox 4067 1365 4606 1448; x_wconf 85' lang='lat' dir='ltr'><strong>complectuntur,</strong></span> <span class='ocrx_word' id='word_1_513' title='bbox 4660 1365 4762 1429; x_wconf 91' lang='lat' dir='ltr'><strong>sibi</strong></span> 
     </span>
     <span class='ocr_line' id='line_1_71' title="bbox 2853 1450 4764 1533; baseline -0.002 -18"><span class='ocrx_word' id='word_1_514' title='bbox 2853 1469 3057 1533; x_wconf 87' lang='lat' dir='ltr'><strong>grave</strong></span> <span class='ocrx_word' id='word_1_515' title='bbox 3114 1457 3182 1516; x_wconf 90' lang='lat' dir='ltr'><strong>et</strong></span> <span class='ocrx_word' id='word_1_516' title='bbox 3225 1451 3572 1517; x_wconf 88' lang='lat' dir='ltr'><strong>molestum</strong></span> <span class='ocrx_word' id='word_1_517' title='bbox 3616 1469 3759 1516; x_wconf 86' lang='grc' dir='ltr'>εεεε</span> <span class='ocrx_word' id='word_1_518' title='bbox 3804 1458 4134 1516; x_wconf 89' lang='lat' dir='ltr'><strong>testantur</strong></span> <span class='ocrx_word' id='word_1_519' title='bbox 4177 1461 4274 1516; x_wconf 90' lang='lat' dir='ltr'><strong>tot</strong></span> <span class='ocrx_word' id='word_1_520' title='bbox 4315 1450 4622 1517; x_wconf 89' lang='lat' dir='ltr'><strong>oneribus</strong></span> <span class='ocrx_word' id='word_1_521' title='bbox 4660 1450 4764 1513; x_wconf 88' lang='lat' dir='ltr'><strong>mi·</strong></span> 
     </span>
     <span class='ocr_line' id='line_1_72' title="bbox 2853 1536 4763 1620; baseline -0.002 -19"><span class='ocrx_word' id='word_1_522' title='bbox 2853 1556 3067 1601; x_wconf 89' lang='lat' dir='ltr'><strong>seram</strong></span> <span class='ocrx_word' id='word_1_523' title='bbox 3112 1536 3368 1620; x_wconf 89' lang='lat' dir='ltr'><strong>plebem</strong></span> <span class='ocrx_word' id='word_1_524' title='bbox 3413 1536 3655 1619; x_wconf 91' lang='lat' dir='ltr'><strong>premi:</strong></span> <span class='ocrx_word' id='word_1_525' title='bbox 3703 1536 3960 1601; x_wconf 89' lang='lat' dir='ltr'><strong>nullum</strong></span> <span class='ocrx_word' id='word_1_526' title='bbox 4005 1558 4078 1603; x_wconf 89' lang='lat' dir='ltr'><strong>se</strong></span> <span class='ocrx_word' id='word_1_527' title='bbox 4118 1537 4320 1601; x_wconf 87' lang='lat' dir='ltr'><strong>finem</strong></span> <span class='ocrx_word' id='word_1_528' title='bbox 4362 1538 4592 1603; x_wconf 88' lang='lat' dir='ltr'><strong>fecisse</strong></span> <span class='ocrx_word' id='word_1_529' title='bbox 4632 1538 4763 1600; x_wconf 88' lang='lat' dir='ltr'><strong>rati·</strong></span> 
     </span>
     <span class='ocr_line' id='line_1_73' title="bbox 2854 1620 4762 1706; baseline -0.001 -19"><span class='ocrx_word' id='word_1_530' title='bbox 2854 1643 3013 1687; x_wconf 90' lang='lat' dir='ltr'><strong>ones</strong></span> <span class='ocrx_word' id='word_1_531' title='bbox 3080 1622 3438 1705; x_wconf 90' lang='lat' dir='ltr'><strong>quaerendi</strong></span> <span class='ocrx_word' id='word_1_532' title='bbox 3505 1621 3744 1706; x_wconf 90' lang='lat' dir='ltr'><strong>quibus</strong></span> <span class='ocrx_word' id='word_1_533' title='bbox 3806 1620 4285 1703; x_wconf 86' lang='lat' dir='ltr'><strong>sublevaretur,</strong></span> <span class='ocrx_word' id='word_1_534' title='bbox 4350 1632 4419 1687; x_wconf 90' lang='lat' dir='ltr'><strong>et</strong></span> <span class='ocrx_word' id='word_1_535' title='bbox 4482 1624 4552 1687; x_wconf 89' lang='lat' dir='ltr'><strong>in</strong></span> <span class='ocrx_word' id='word_1_536' title='bbox 4606 1630 4762 1687; x_wconf 87' lang='lat' dir='ltr'><strong>tran-</strong></span> 
     </span>
     <span class='ocr_line' id='line_1_74' title="bbox 2854 1707 4766 1792; baseline -0.002 -19"><span class='ocrx_word' id='word_1_537' title='bbox 2854 1708 3174 1790; x_wconf 90' lang='lat' dir='ltr'><strong>quillitate</strong></span> <span class='ocrx_word' id='word_1_538' title='bbox 3210 1708 3495 1792; x_wconf 83' lang='lat' dir='ltr'><strong>degeret,</strong></span> <span class='ocrx_word' id='word_1_539' title='bbox 3540 1729 3612 1773; x_wconf 92' lang='lat' dir='ltr'><strong>se</strong></span> <span class='ocrx_word' id='word_1_540' title='bbox 3647 1728 3987 1791; x_wconf 92' lang='lat' dir='ltr'><strong>nunquam</strong></span> <span class='ocrx_word' id='word_1_541' title='bbox 4024 1708 4349 1791; x_wconf 80' lang='lat' dir='ltr'><strong>quievisse</strong></span> <span class='ocrx_word' id='word_1_542' title='bbox 4387 1708 4543 1791; x_wconf 92' lang='lat' dir='ltr'><strong>quin</strong></span> <span class='ocrx_word' id='word_1_543' title='bbox 4580 1707 4766 1771; x_wconf 85' lang='lat' dir='ltr'><strong>modis</strong></span> 
     </span>
     <span class='ocr_line' id='line_1_75' title="bbox 2853 1792 4768 1878; baseline -0.001 -20"><span class='ocrx_word' id='word_1_544' title='bbox 2853 1793 3155 1859; x_wconf 91' lang='lat' dir='ltr'><strong>omnibus</strong></span> <span class='ocrx_word' id='word_1_545' title='bbox 3206 1793 3348 1859; x_wconf 91' lang='lat' dir='ltr'><strong>eius</strong></span> <span class='ocrx_word' id='word_1_546' title='bbox 3391 1793 3729 1860; x_wconf 89' lang='lat' dir='ltr'><strong>commoda</strong></span> <span class='ocrx_word' id='word_1_547' title='bbox 3770 1795 4202 1877; x_wconf 86' lang='lat' dir='ltr'><strong>promoverit:</strong></span> <span class='ocrx_word' id='word_1_548' title='bbox 4262 1794 4542 1878; x_wconf 90' lang='lat' dir='ltr'><strong>denique</strong></span> <span class='ocrx_word' id='word_1_549' title='bbox 4582 1792 4768 1858; x_wconf 82' lang='lat' dir='ltr'><strong>multa</strong></span> 
     </span>
     <span class='ocr_line' id='line_1_76' title="bbox 2852 1879 4767 1964; baseline -0.002 -20"><span class='ocrx_word' id='word_1_550' title='bbox 2852 1879 3194 1945; x_wconf 90' lang='lat' dir='ltr'><strong>mendacia</strong></span> <span class='ocrx_word' id='word_1_551' title='bbox 3235 1880 3329 1945; x_wconf 92' lang='lat' dir='ltr'><strong>sic</strong></span> <span class='ocrx_word' id='word_1_552' title='bbox 3372 1880 3631 1964; x_wconf 84' lang='lat' dir='ltr'><strong>egregie</strong></span> <span class='ocrx_word' id='word_1_553' title='bbox 3674 1880 4063 1946; x_wconf 88' lang='lat' dir='ltr'><strong>concinnata</strong></span> <span class='ocrx_word' id='word_1_554' title='bbox 4099 1879 4592 1964; x_wconf 87' lang='lat' dir='ltr'><strong>praedicabunt,</strong></span> <span class='ocrx_word' id='word_1_555' title='bbox 4632 1899 4767 1961; x_wconf 89' lang='lat' dir='ltr'><strong>quo·</strong></span> 
     </span>
     <span class='ocr_line' id='line_1_77' title="bbox 2854 1964 4770 2050; baseline 0 -21"><span class='ocrx_word' id='word_1_556' title='bbox 2854 1985 3002 2030; x_wconf 91' lang='lat' dir='ltr'><strong>rum</strong></span> <span class='ocrx_word' id='word_1_557' title='bbox 3057 1974 3274 2030; x_wconf 88' lang='lat' dir='ltr'><strong>tamen</strong></span> <span class='ocrx_word' id='word_1_558' title='bbox 3320 1986 3453 2031; x_wconf 87' lang='lat' dir='ltr'><strong>non</strong></span> <span class='ocrx_word' id='word_1_559' title='bbox 3490 1966 3621 2031; x_wconf 90' lang='lat' dir='ltr'><strong>alia</strong></span> <span class='ocrx_word' id='word_1_560' title='bbox 3658 1966 3787 2030; x_wconf 91' lang='lat' dir='ltr'><strong>erit</strong></span> <span class='ocrx_word' id='word_1_561' title='bbox 3828 1964 4179 2047; x_wconf 89' lang='lat' dir='ltr'><strong>conclusio,</strong></span> <span class='ocrx_word' id='word_1_562' title='bbox 4235 1986 4429 2050; x_wconf 88' lang='lat' dir='ltr'><strong>quam</strong></span> <span class='ocrx_word' id='word_1_563' title='bbox 4476 1976 4551 2031; x_wconf 90' lang='lat' dir='ltr'><strong>ut</strong></span> <span class='ocrx_word' id='word_1_564' title='bbox 4591 1967 4770 2031; x_wconf 86' lang='lat' dir='ltr'><strong>confi·</strong></span> 
     </span>
     <span class='ocr_line' id='line_1_78' title="bbox 2855 2049 4771 2135; baseline -0.002 -18"><span class='ocrx_word' id='word_1_565' title='bbox 2855 2049 3124 2117; x_wconf 86' lang='lat' dir='ltr'><strong>ciendae</strong></span> <span class='ocrx_word' id='word_1_566' title='bbox 3203 2052 3519 2135; x_wconf 89' lang='lat' dir='ltr'><strong>pecuniae</strong></span> <span class='ocrx_word' id='word_1_567' title='bbox 3584 2050 3757 2117; x_wconf 91' lang='lat' dir='ltr'><strong>ratio</strong></span> <span class='ocrx_word' id='word_1_568' title='bbox 3822 2052 4098 2130; x_wconf 85' lang='lat' dir='ltr'><strong>ineatur,</strong></span> <span class='ocrx_word' id='word_1_569' title='bbox 4178 2060 4247 2117; x_wconf 91' lang='lat' dir='ltr'><strong>et</strong></span> <span class='ocrx_word' id='word_1_570' title='bbox 4310 2053 4553 2118; x_wconf 85' lang='lat' dir='ltr'><strong>misera</strong></span> <span class='ocrx_word' id='word_1_571' title='bbox 4610 2051 4771 2133; x_wconf 84' lang='lat' dir='ltr'><strong>plebs</strong></span> 
     </span>
     <span class='ocr_line' id='line_1_79' title="bbox 2854 2135 4769 2221; baseline -0.001 -18"><span class='ocrx_word' id='word_1_572' title='bbox 2854 2137 3070 2221; x_wconf 89' lang='lat' dir='ltr'><strong>specie</strong></span> <span class='ocrx_word' id='word_1_573' title='bbox 3147 2137 3262 2202; x_wconf 89' lang='lat' dir='ltr'><strong>illa</strong></span> <span class='ocrx_word' id='word_1_574' title='bbox 3342 2137 3692 2203; x_wconf 91' lang='lat' dir='ltr'><strong>verborum</strong></span> <span class='ocrx_word' id='word_1_575' title='bbox 3772 2135 4045 2219; x_wconf 88' lang='lat' dir='ltr'><strong>decepta</strong></span> <span class='ocrx_word' id='word_1_576' title='bbox 4114 2136 4367 2221; x_wconf 90' lang='lat' dir='ltr'><strong>laqueis</strong></span> <span class='ocrx_word' id='word_1_577' title='bbox 4434 2137 4769 2203; x_wconf 85' lang='lat' dir='ltr'><strong>irretiatur.</strong></span> 
     </span>
     <span class='ocr_line' id='line_1_80' title="bbox 2857 2221 4773 2309; baseline -0.002 -20"><span class='ocrx_word' id='word_1_578' title='bbox 2857 2222 2994 2289; x_wconf 90' lang='lat' dir='ltr'><strong>Alii</strong></span> <span class='ocrx_word' id='word_1_579' title='bbox 3041 2223 3236 2289; x_wconf 90' lang='lat' dir='ltr'><strong>etiam</strong></span> <span class='ocrx_word' id='word_1_580' title='bbox 3263 2221 3574 2304; x_wconf 88' lang='lat' dir='ltr'><strong>quamdiu</strong></span> <span class='ocrx_word' id='word_1_581' title='bbox 3612 2223 3965 2289; x_wconf 86' lang='lat' dir='ltr'><strong>autoritate</strong></span> <span class='ocrx_word' id='word_1_582' title='bbox 4000 2232 4066 2288; x_wconf 91' lang='lat' dir='ltr'><strong>et</strong></span> <span class='ocrx_word' id='word_1_583' title='bbox 4099 2225 4316 2309; x_wconf 90' lang='lat' dir='ltr'><strong>gratia</strong></span> <span class='ocrx_word' id='word_1_584' title='bbox 4355 2224 4597 2302; x_wconf 87' lang='lat' dir='ltr'><strong>valent,</strong></span> <span class='ocrx_word' id='word_1_585' title='bbox 4638 2243 4773 2288; x_wconf 79' lang='lat' dir='ltr'><strong>suas</strong></span> 
     </span>
     <span class='ocr_line' id='line_1_81' title="bbox 2854 2307 4770 2392; baseline 0 -19"><span class='ocrx_word' id='word_1_586' title='bbox 2854 2307 3081 2374; x_wconf 91' lang='lat' dir='ltr'><strong>laudes</strong></span> <span class='ocrx_word' id='word_1_587' title='bbox 3119 2307 3605 2392; x_wconf 90' lang='lat' dir='ltr'><strong>praedicabunt,</strong></span> <span class='ocrx_word' id='word_1_588' title='bbox 3643 2318 3711 2374; x_wconf 91' lang='lat' dir='ltr'><strong>et</strong></span> <span class='ocrx_word' id='word_1_589' title='bbox 3744 2307 4082 2375; x_wconf 84' lang='lat' dir='ltr'><strong>benefacta</strong></span> <span class='ocrx_word' id='word_1_590' title='bbox 4104 2329 4226 2375; x_wconf 90' lang='lat' dir='ltr'><strong>sna</strong></span> <span class='ocrx_word' id='word_1_591' title='bbox 4248 2319 4313 2375; x_wconf 91' lang='grc' dir='ltr'><strong>ει</strong></span> <span class='ocrx_word' id='word_1_592' title='bbox 4342 2330 4669 2375; x_wconf 83' lang='lat' dir='ltr'><strong>summam</strong></span> <span class='ocrx_word' id='word_1_593' title='bbox 4690 2308 4770 2373; x_wconf 86' lang='lat' dir='ltr'><strong>in·</strong></span> 
     </span>
     <span class='ocr_line' id='line_1_82' title="bbox 2857 2394 4771 2480; baseline 0.001 -21"><span class='ocrx_word' id='word_1_594' title='bbox 2857 2394 3228 2480; x_wconf 89' lang='lat' dir='ltr'><strong>tegritatem</strong></span> <span class='ocrx_word' id='word_1_595' title='bbox 3258 2395 3878 2473; x_wconf 90' lang='lat' dir='ltr'><strong>commemorabunt,</strong></span> <span class='ocrx_word' id='word_1_596' title='bbox 3903 2394 4019 2461; x_wconf 87' lang='lat' dir='ltr'><strong>sed</strong></span> <span class='ocrx_word' id='word_1_597' title='bbox 4040 2395 4353 2477; x_wconf 88' lang='lat' dir='ltr'><strong>quamdiu</strong></span> <span class='ocrx_word' id='word_1_598' title='bbox 4375 2406 4559 2461; x_wconf 90' lang='lat' dir='ltr'><strong>metu</strong></span> <span class='ocrx_word' id='word_1_599' title='bbox 4580 2395 4771 2479; x_wconf 86' lang='lat' dir='ltr'><strong>digni·</strong></span> 
     </span>
     <span class='ocr_line' id='line_1_83' title="bbox 2856 2480 4771 2564; baseline 0 -20"><span class='ocrx_word' id='word_1_600' title='bbox 2856 2483 3009 2547; x_wconf 90' lang='lat' dir='ltr'><strong>tatis</strong></span> <span class='ocrx_word' id='word_1_601' title='bbox 3064 2482 3353 2564; x_wconf 92' lang='lat' dir='ltr'><strong>ipsorum</strong></span> <span class='ocrx_word' id='word_1_602' title='bbox 3410 2501 3604 2547; x_wconf 91' lang='lat' dir='ltr'><strong>nemo</strong></span> <span class='ocrx_word' id='word_1_603' title='bbox 3659 2487 3762 2548; x_wconf 91' lang='grc' dir='ltr'><strong>εει</strong></span> <span class='ocrx_word' id='word_1_604' title='bbox 3819 2482 3931 2564; x_wconf 92' lang='lat' dir='ltr'><strong>qui</strong></span> <span class='ocrx_word' id='word_1_605' title='bbox 3973 2480 4078 2546; x_wconf 84' lang='lat' dir='ltr'><strong>vel</strong></span> <span class='ocrx_word' id='word_1_606' title='bbox 4125 2502 4200 2547; x_wconf 88' lang='lat' dir='ltr'><strong>os</strong></span> <span class='ocrx_word' id='word_1_607' title='bbox 4241 2481 4483 2547; x_wconf 89' lang='lat' dir='ltr'><strong>audeat</strong></span> <span class='ocrx_word' id='word_1_608' title='bbox 4526 2482 4771 2564; x_wconf 85' lang='lat' dir='ltr'><strong>aperire.</strong></span> 
     </span>
     <span class='ocr_line' id='line_1_84' title="bbox 2855 2565 4774 2652; baseline -0.001 -20"><span class='ocrx_word' id='word_1_609' title='bbox 2855 2567 3007 2632; x_wconf 89' lang='lat' dir='ltr'><strong>Non</strong></span> <span class='ocrx_word' id='word_1_610' title='bbox 3072 2569 3288 2650; x_wconf 92' lang='lat' dir='ltr'><strong>itaque</strong></span> <span class='ocrx_word' id='word_1_611' title='bbox 3352 2574 3611 2650; x_wconf 90' lang='lat' dir='ltr'><strong>tempus</strong></span> <span class='ocrx_word' id='word_1_612' title='bbox 3676 2576 3776 2633; x_wconf 90' lang='lat' dir='ltr'><strong>est</strong></span> <span class='ocrx_word' id='word_1_613' title='bbox 3840 2565 4068 2633; x_wconf 88' lang='lat' dir='ltr'><strong>laudes</strong></span> <span class='ocrx_word' id='word_1_614' title='bbox 4133 2588 4306 2644; x_wconf 87' lang='lat' dir='ltr'><strong>suas,</strong></span> <span class='ocrx_word' id='word_1_615' title='bbox 4382 2588 4587 2652; x_wconf 90' lang='lat' dir='ltr'><strong>quum</strong></span> <span class='ocrx_word' id='word_1_616' title='bbox 4652 2567 4774 2650; x_wconf 82' lang='lat' dir='ltr'><strong>quis</strong></span> 
     </span>
     <span class='ocr_line' id='line_1_85' title="bbox 2855 2652 4773 2738; baseline -0.001 -21"><span class='ocrx_word' id='word_1_617' title='bbox 2855 2652 3059 2738; x_wconf 87' lang='lat' dir='ltr'><strong>pollet</strong></span> <span class='ocrx_word' id='word_1_618' title='bbox 3131 2652 3477 2718; x_wconf 89' lang='lat' dir='ltr'><strong>autoritate</strong></span> <span class='ocrx_word' id='word_1_619' title='bbox 3542 2661 3609 2717; x_wconf 90' lang='lat' dir='ltr'><strong>et</strong></span> <span class='ocrx_word' id='word_1_620' title='bbox 3672 2654 3905 2737; x_wconf 88' lang='lat' dir='ltr'><strong>gratia,</strong></span> <span class='ocrx_word' id='word_1_621' title='bbox 3981 2652 4421 2736; x_wconf 86' lang='lat' dir='ltr'><strong>praedicandi,</strong></span> <span class='ocrx_word' id='word_1_622' title='bbox 4504 2652 4773 2737; x_wconf 85' lang='lat' dir='ltr'><strong>quando·</strong></span> 
     </span>
     <span class='ocr_line' id='line_1_86' title="bbox 2856 2737 4774 2822; baseline -0.001 -18"><span class='ocrx_word' id='word_1_623' title='bbox 2856 2737 3116 2822; x_wconf 89' lang='lat' dir='ltr'><strong>quidem</strong></span> <span class='ocrx_word' id='word_1_624' title='bbox 3187 2738 3373 2804; x_wconf 89' lang='lat' dir='ltr'><strong>nulla</strong></span> <span class='ocrx_word' id='word_1_625' title='bbox 3440 2744 3542 2803; x_wconf 89' lang='lat' dir='ltr'><strong>est</strong></span> <span class='ocrx_word' id='word_1_626' title='bbox 3609 2738 4093 2805; x_wconf 87' lang='lat' dir='ltr'><strong>contradicendi</strong></span> <span class='ocrx_word' id='word_1_627' title='bbox 4162 2739 4453 2807; x_wconf 87' lang='lat' dir='ltr'><strong>libertas.</strong></span> <span class='ocrx_word' id='word_1_628' title='bbox 4543 2737 4774 2805; x_wconf 85' lang='lat' dir='ltr'><strong>Idcirco</strong></span> 
     </span>
     <span class='ocr_line' id='line_1_87' title="bbox 2855 2822 4773 2897; baseline -0.003 -5"><span class='ocrx_word' id='word_1_629' title='bbox 2855 2824 3233 2892; x_wconf 83' lang='lat' dir='ltr'><strong>Samuelem</strong></span> <span class='ocrx_word' id='word_1_630' title='bbox 3268 2824 3655 2890; x_wconf 87' lang='lat' dir='ltr'><strong>nominatim</strong></span> <span class='ocrx_word' id='word_1_631' title='bbox 3689 2823 3799 2891; x_wconf 90' lang='lat' dir='ltr'><strong>hic</strong></span> <span class='ocrx_word' id='word_1_632' title='bbox 3832 2822 4048 2892; x_wconf 90' lang='lat' dir='ltr'><strong>dicere</strong></span> <span class='ocrx_word' id='word_1_633' title='bbox 4082 2824 4416 2892; x_wconf 91' lang='lat' dir='ltr'><strong>videmus:</strong></span> <span class='ocrx_word' id='word_1_634' title='bbox 4464 2825 4637 2892; x_wconf 83' lang='lat' dir='ltr'><strong>Ecce</strong></span> <span class='ocrx_word' id='word_1_635' title='bbox 4666 2844 4773 2897; x_wconf 85' lang='lat' dir='ltr'><strong>me,</strong></span> 
     </span>
     <span class='ocr_line' id='line_1_88' title="bbox 2855 2909 4777 2995; baseline 0 -20"><span class='ocrx_word' id='word_1_636' title='bbox 2855 2932 3060 2994; x_wconf 89' lang='lat' dir='ltr'><strong>quum</strong></span> <span class='ocrx_word' id='word_1_637' title='bbox 3117 2931 3188 2977; x_wconf 89' lang='lat' dir='ltr'><strong>se</strong></span> <span class='ocrx_word' id='word_1_638' title='bbox 3247 2909 3598 2976; x_wconf 86' lang='lat' dir='ltr'><strong>autoritate</strong></span> <span class='ocrx_word' id='word_1_639' title='bbox 3655 2920 3724 2976; x_wconf 92' lang='lat' dir='ltr'><strong>et</strong></span> <span class='ocrx_word' id='word_1_640' title='bbox 3777 2918 4102 2994; x_wconf 87' lang='lat' dir='ltr'><strong>potestate</strong></span> <span class='ocrx_word' id='word_1_641' title='bbox 4158 2912 4560 2979; x_wconf 85' lang='lat' dir='ltr'><strong>abdicasset:</strong></span> <span class='ocrx_word' id='word_1_642' title='bbox 4614 2909 4777 2995; x_wconf 86' lang='lat' dir='ltr'><strong>quasi</strong></span> 
     </span>
     <span class='ocr_line' id='line_1_89' title="bbox 2854 2996 4775 3081; baseline -0.001 -19"><span class='ocrx_word' id='word_1_643' title='bbox 2854 2996 3131 3063; x_wconf 85' lang='lat' dir='ltr'><strong>diceret:</strong></span> <span class='ocrx_word' id='word_1_644' title='bbox 3187 2997 3303 3063; x_wconf 80' lang='lat' dir='ltr'><strong>Me</strong></span> <span class='ocrx_word' id='word_1_645' title='bbox 3359 3002 3579 3062; x_wconf 89' lang='lat' dir='ltr'><strong>vestro</strong></span> <span class='ocrx_word' id='word_1_646' title='bbox 3635 2997 3795 3062; x_wconf 90' lang='lat' dir='ltr'><strong>sisto</strong></span> <span class='ocrx_word' id='word_1_647' title='bbox 3850 2996 4112 3076; x_wconf 89' lang='lat' dir='ltr'><strong>iudicio,</strong></span> <span class='ocrx_word' id='word_1_648' title='bbox 4178 2996 4567 3081; x_wconf 88' lang='lat' dir='ltr'><strong>quorumvis</strong></span> <span class='ocrx_word' id='word_1_649' title='bbox 4607 3016 4775 3062; x_wconf 84' lang='lat' dir='ltr'><strong>accu-</strong></span> 
     </span>
     <span class='ocr_line' id='line_1_90' title="bbox 2855 3081 4776 3168; baseline -0.002 -19"><span class='ocrx_word' id='word_1_650' title='bbox 2855 3084 3177 3150; x_wconf 88' lang='lat' dir='ltr'><strong>sationem</strong></span> <span class='ocrx_word' id='word_1_651' title='bbox 3233 3087 3637 3166; x_wconf 86' lang='lat' dir='ltr'><strong>exspectans,</strong></span> <span class='ocrx_word' id='word_1_652' title='bbox 3691 3083 3745 3148; x_wconf 89' lang='lat' dir='ltr'><strong>si</strong></span> <span class='ocrx_word' id='word_1_653' title='bbox 3806 3103 3936 3165; x_wconf 88' lang='lat' dir='ltr'><strong>qua</strong></span> <span class='ocrx_word' id='word_1_654' title='bbox 3977 3084 4049 3148; x_wconf 92' lang='lat' dir='ltr'><strong>in</strong></span> <span class='ocrx_word' id='word_1_655' title='bbox 4092 3103 4163 3148; x_wconf 91' lang='lat' dir='ltr'><strong>re</strong></span> <span class='ocrx_word' id='word_1_656' title='bbox 4206 3084 4306 3149; x_wconf 81' lang='lat' dir='ltr'><strong>fui</strong></span> <span class='ocrx_word' id='word_1_657' title='bbox 4349 3084 4657 3168; x_wconf 88' lang='lat' dir='ltr'><strong>cuiquam</strong></span> <span class='ocrx_word' id='word_1_658' title='bbox 4694 3081 4776 3146; x_wconf 89' lang='lat' dir='ltr'><strong>in-</strong></span> 
     </span>
     <span class='ocr_line' id='line_1_91' title="bbox 2853 3167 4747 3236; baseline -0.001 -2"><span class='ocrx_word' id='word_1_659' title='bbox 2853 3169 3056 3235; x_wconf 86' lang='lat' dir='ltr'><strong>iurias</strong></span> <span class='ocrx_word' id='word_1_660' title='bbox 3115 3175 3233 3233; x_wconf 89' lang='lat' dir='ltr'><strong>aut</strong></span> <span class='ocrx_word' id='word_1_661' title='bbox 3274 3167 3804 3235; x_wconf 87' lang='lat' dir='ltr'><strong>contumeliosus.</strong></span> <span class='ocrx_word' id='word_1_662' title='bbox 3896 3167 4065 3235; x_wconf 91' lang='lat' dir='ltr'><strong>Sum</strong></span> <span class='ocrx_word' id='word_1_663' title='bbox 4109 3169 4286 3235; x_wconf 89' lang='lat' dir='ltr'><strong>enim</strong></span> <span class='ocrx_word' id='word_1_664' title='bbox 4328 3170 4464 3236; x_wconf 92' lang='lat' dir='ltr'><strong>iam</strong></span> <span class='ocrx_word' id='word_1_665' title='bbox 4508 3171 4581 3234; x_wconf 89' lang='lat' dir='ltr'><strong>in</strong></span> <span class='ocrx_word' id='word_1_666' title='bbox 4620 3189 4658 3233; x_wconf 88' lang='lat' dir='ltr'><strong>r</strong></span> <span class='ocrx_word' id='word_1_667' title='bbox 4736 3168 4747 3180; x_wconf 83' lang='lat'><strong><em>&#39;</em></strong></span> 
     </span>
     <span class='ocr_line' id='line_1_92' title="bbox 2854 3252 4774 3340; baseline -0.001 -19"><span class='ocrx_word' id='word_1_668' title='bbox 2854 3261 3197 3340; x_wconf 87' lang='lat' dir='ltr'><strong>potestate.</strong></span> <span class='ocrx_word' id='word_1_669' title='bbox 3288 3252 3422 3321; x_wconf 87' lang='lat' dir='ltr'><strong>Sed</strong></span> <span class='ocrx_word' id='word_1_670' title='bbox 3469 3254 3539 3319; x_wconf 92' lang='lat' dir='ltr'><strong>in</strong></span> <span class='ocrx_word' id='word_1_671' title='bbox 3583 3254 3813 3338; x_wconf 90' lang='lat' dir='ltr'><strong>primis</strong></span> <span class='ocrx_word' id='word_1_672' title='bbox 3855 3275 3927 3320; x_wconf 90' lang='lat' dir='ltr'><strong>se</strong></span> <span class='ocrx_word' id='word_1_673' title='bbox 3968 3275 4189 3321; x_wconf 91' lang='lat' dir='ltr'><strong>coram</strong></span> <span class='ocrx_word' id='word_1_674' title='bbox 4231 3255 4486 3324; x_wconf 88' lang='lat' dir='ltr'><strong>Iehova</strong></span> <span class='ocrx_word' id='word_1_675' title='bbox 4518 3275 4664 3322; x_wconf 80' lang='lat' dir='ltr'><strong>esse</strong></span> <span class='ocrx_word' id='word_1_676' title='bbox 4737 3255 4774 3301; x_wconf 86' lang='lat'><strong>’-</strong></span> 
     </span>
     <span class='ocr_line' id='line_1_93' title="bbox 2852 3339 4779 3423; baseline -0.002 -14"><span class='ocrx_word' id='word_1_677' title='bbox 2852 3342 2962 3421; x_wconf 90' lang='lat' dir='ltr'><strong>oit,</strong></span> <span class='ocrx_word' id='word_1_678' title='bbox 3021 3348 3099 3406; x_wconf 89' lang='lat' dir='ltr'><strong>ut</strong></span> <span class='ocrx_word' id='word_1_679' title='bbox 3152 3339 3453 3407; x_wconf 88' lang='lat' dir='ltr'><strong>ostendat</strong></span> <span class='ocrx_word' id='word_1_680' title='bbox 3495 3360 3627 3405; x_wconf 90' lang='lat' dir='ltr'><strong>non</strong></span> <span class='ocrx_word' id='word_1_681' title='bbox 3671 3340 3795 3406; x_wconf 89' lang='lat' dir='ltr'><strong>sibi</strong></span> <span class='ocrx_word' id='word_1_682' title='bbox 3844 3340 4270 3420; x_wconf 85' lang='lat' dir='ltr'><strong>satisfactum,</strong></span> <span class='ocrx_word' id='word_1_683' title='bbox 4331 3342 4488 3409; x_wconf 89' lang='lat' dir='ltr'><strong>licet</strong></span> <span class='ocrx_word' id='word_1_684' title='bbox 4531 3341 4614 3407; x_wconf 89' lang='lat' dir='ltr'><strong>ab</strong></span> <span class='ocrx_word' id='word_1_685' title='bbox 4656 3340 4779 3423; x_wconf 85' lang='lat' dir='ltr'><strong>ipso</strong></span> 
     </span>
     <span class='ocr_line' id='line_1_94' title="bbox 2851 3425 4775 3511; baseline -0.001 -19"><span class='ocrx_word' id='word_1_686' title='bbox 2851 3447 3010 3511; x_wconf 88' lang='lat' dir='ltr'><strong>rege</strong></span> <span class='ocrx_word' id='word_1_687' title='bbox 3053 3432 3122 3492; x_wconf 90' lang='grc' dir='ltr'><strong>ει</strong></span> <span class='ocrx_word' id='word_1_688' title='bbox 3163 3425 3467 3492; x_wconf 88' lang='lat' dir='ltr'><strong>omnibus</strong></span> <span class='ocrx_word' id='word_1_689' title='bbox 3510 3425 3887 3492; x_wconf 88' lang='lat' dir='ltr'><strong>hominibus</strong></span> <span class='ocrx_word' id='word_1_690' title='bbox 3930 3426 4350 3493; x_wconf 85' lang='lat' dir='ltr'><strong>absolvatur:</strong></span> <span class='ocrx_word' id='word_1_691' title='bbox 4411 3427 4528 3494; x_wconf 90' lang='lat' dir='ltr'><strong>sed</strong></span> <span class='ocrx_word' id='word_1_692' title='bbox 4572 3449 4645 3493; x_wconf 87' lang='lat' dir='ltr'><strong>se</strong></span> <span class='ocrx_word' id='word_1_693' title='bbox 4686 3445 4775 3491; x_wconf 85' lang='lat' dir='ltr'><strong>co-</strong></span> 
     </span>
     <span class='ocr_line' id='line_1_95' title="bbox 2852 3510 4778 3598; baseline -0.002 -20"><span class='ocrx_word' id='word_1_694' title='bbox 2852 3534 2997 3578; x_wconf 92' lang='lat' dir='ltr'><strong>ram</strong></span> <span class='ocrx_word' id='word_1_695' title='bbox 3039 3513 3179 3595; x_wconf 88' lang='lat' dir='ltr'><strong>ipso</strong></span> <span class='ocrx_word' id='word_1_696' title='bbox 3224 3510 3512 3576; x_wconf 92' lang='lat' dir='ltr'><strong>Domino</strong></span> <span class='ocrx_word' id='word_1_697' title='bbox 3555 3510 3725 3578; x_wconf 92' lang='lat' dir='ltr'><strong>velle</strong></span> <span class='ocrx_word' id='word_1_698' title='bbox 3768 3532 4028 3578; x_wconf 91' lang='lat' dir='ltr'><strong>causam</strong></span> <span class='ocrx_word' id='word_1_699' title='bbox 4073 3533 4258 3579; x_wconf 91' lang='lat' dir='ltr'><strong>suam</strong></span> <span class='ocrx_word' id='word_1_700' title='bbox 4304 3514 4433 3598; x_wconf 89' lang='lat' dir='ltr'><strong>agi,</strong></span> <span class='ocrx_word' id='word_1_701' title='bbox 4477 3521 4545 3579; x_wconf 91' lang='lat' dir='ltr'><strong>et</strong></span> <span class='ocrx_word' id='word_1_702' title='bbox 4577 3513 4778 3596; x_wconf 86' lang='lat' dir='ltr'><strong>ipsum</strong></span> 
     </span>
     <span class='ocr_line' id='line_1_96' title="bbox 2852 3596 4778 3683; baseline -0.002 -20"><span class='ocrx_word' id='word_1_703' title='bbox 2852 3598 3135 3664; x_wconf 89' lang='lat' dir='ltr'><strong>iudicem</strong></span> <span class='ocrx_word' id='word_1_704' title='bbox 3194 3596 3500 3680; x_wconf 89' lang='lat' dir='ltr'><strong>experiri.</strong></span> <span class='ocrx_word' id='word_1_705' title='bbox 3589 3596 3728 3663; x_wconf 88' lang='lat' dir='ltr'><strong>Nos</strong></span> <span class='ocrx_word' id='word_1_706' title='bbox 3784 3598 3962 3664; x_wconf 91' lang='lat' dir='ltr'><strong>istud</strong></span> <span class='ocrx_word' id='word_1_707' title='bbox 4006 3600 4381 3683; x_wconf 85' lang='lat' dir='ltr'><strong>exemplum</strong></span> <span class='ocrx_word' id='word_1_708' title='bbox 4424 3599 4613 3666; x_wconf 90' lang='lat' dir='ltr'><strong>decet</strong></span> <span class='ocrx_word' id='word_1_709' title='bbox 4651 3596 4778 3661; x_wconf 91' lang='lat' dir='ltr'><strong>imi-</strong></span> 
     </span>
     <span class='ocr_line' id='line_1_97' title="bbox 2853 3682 4779 3762; baseline 0 -12"><span class='ocrx_word' id='word_1_710' title='bbox 2853 3685 3002 3762; x_wconf 88' lang='lat' dir='ltr'><strong>tari,</strong></span> <span class='ocrx_word' id='word_1_711' title='bbox 3060 3691 3134 3748; x_wconf 93' lang='lat' dir='ltr'><strong>ut</strong></span> <span class='ocrx_word' id='word_1_712' title='bbox 3191 3684 3403 3750; x_wconf 91' lang='lat' dir='ltr'><strong>omnis</strong></span> <span class='ocrx_word' id='word_1_713' title='bbox 3459 3690 3687 3749; x_wconf 90' lang='lat' dir='ltr'><strong>nostra</strong></span> <span class='ocrx_word' id='word_1_714' title='bbox 3741 3682 4035 3750; x_wconf 80' lang='lat' dir='ltr'><strong>defensio</strong></span> <span class='ocrx_word' id='word_1_715' title='bbox 4088 3693 4157 3750; x_wconf 91' lang='lat' dir='ltr'><strong>et</strong></span> <span class='ocrx_word' id='word_1_716' title='bbox 4200 3687 4534 3752; x_wconf 85' lang='lat' dir='ltr'><strong>excusatio</strong></span> <span class='ocrx_word' id='word_1_717' title='bbox 4575 3702 4779 3752; x_wconf 80' lang='lat' dir='ltr'><strong>coram</strong></span> 
     </span>
     <span class='ocr_line' id='line_1_98' title="bbox 2853 3767 4782 3855; baseline -0.003 -18"><span class='ocrx_word' id='word_1_718' title='bbox 2853 3771 2999 3837; x_wconf 93' lang='lat' dir='ltr'><strong>Deo</strong></span> <span class='ocrx_word' id='word_1_719' title='bbox 3066 3770 3173 3836; x_wconf 89' lang='lat' dir='ltr'><strong>sit.</strong></span> <span class='ocrx_word' id='word_1_720' title='bbox 3262 3768 3436 3835; x_wconf 90' lang='lat' dir='ltr'><strong>Nam</strong></span> <span class='ocrx_word' id='word_1_721' title='bbox 3502 3768 3676 3852; x_wconf 88' lang='lat' dir='ltr'><strong>quid,</strong></span> <span class='ocrx_word' id='word_1_722' title='bbox 3757 3769 4040 3848; x_wconf 89' lang='lat' dir='ltr'><strong>obsecro,</strong></span> <span class='ocrx_word' id='word_1_723' title='bbox 4120 3772 4671 3855; x_wconf 86' lang='lat' dir='ltr'><strong>promoverimus,</strong></span> <span class='ocrx_word' id='word_1_724' title='bbox 4736 3767 4782 3832; x_wconf 91' lang='lat' dir='ltr'><strong>si</strong></span> 
     </span>
     <span class='ocr_line' id='line_1_99' title="bbox 2854 3855 4781 3940; baseline -0.002 -18"><span class='ocrx_word' id='word_1_725' title='bbox 2854 3855 3197 3923; x_wconf 89' lang='lat' dir='ltr'><strong>hominnm</strong></span> <span class='ocrx_word' id='word_1_726' title='bbox 3256 3856 3600 3920; x_wconf 89' lang='lat' dir='ltr'><strong>sententiis</strong></span> <span class='ocrx_word' id='word_1_727' title='bbox 3654 3855 3955 3940; x_wconf 87' lang='lat' dir='ltr'><strong>absoluti,</strong></span> <span class='ocrx_word' id='word_1_728' title='bbox 4022 3862 4089 3921; x_wconf 91' lang='lat' dir='ltr'><strong>et</strong></span> <span class='ocrx_word' id='word_1_729' title='bbox 4144 3864 4447 3923; x_wconf 86' lang='lat' dir='ltr'><strong>votorum</strong></span> <span class='ocrx_word' id='word_1_730' title='bbox 4500 3856 4781 3922; x_wconf 87' lang='lat' dir='ltr'><strong>omnium</strong></span> 
     </span>
     <span class='ocr_line' id='line_1_100' title="bbox 2855 3941 4782 4026; baseline -0.003 -17"><span class='ocrx_word' id='word_1_731' title='bbox 2855 3951 3230 4009; x_wconf 91' lang='lat' dir='ltr'><strong>nostrorum</strong></span> <span class='ocrx_word' id='word_1_732' title='bbox 3278 3941 3431 4008; x_wconf 78' lang='lat' dir='ltr'><strong>facti</strong></span> <span class='ocrx_word' id='word_1_733' title='bbox 3475 3949 3822 4026; x_wconf 90' lang='lat' dir='ltr'><strong>compotes,</strong></span> <span class='ocrx_word' id='word_1_734' title='bbox 3867 3954 4087 4007; x_wconf 88' lang='lat' dir='ltr'><strong>tamen</strong></span> <span class='ocrx_word' id='word_1_735' title='bbox 4129 3942 4259 4008; x_wconf 93' lang='lat' dir='ltr'><strong>Dei</strong></span> <span class='ocrx_word' id='word_1_736' title='bbox 4301 3955 4369 4009; x_wconf 92' lang='lat' dir='ltr'><strong>et</strong></span> <span class='ocrx_word' id='word_1_737' title='bbox 4411 3943 4782 4025; x_wconf 84' lang='lat' dir='ltr'><strong>angelorum</strong></span> 
     </span>
     <span class='ocr_line' id='line_1_101' title="bbox 2853 4025 4781 4113; baseline -0.003 -18"><span class='ocrx_word' id='word_1_738' title='bbox 2853 4049 3014 4096; x_wconf 86' lang='lat' dir='ltr'><strong>voce</strong></span> <span class='ocrx_word' id='word_1_739' title='bbox 3057 4025 3605 4094; x_wconf 82' lang='lat' dir='ltr'><strong>condemnamur?</strong></span> <span class='ocrx_word' id='word_1_740' title='bbox 3653 4026 3874 4108; x_wconf 78' lang='lat' dir='ltr'><strong>Quare</strong></span> <span class='ocrx_word' id='word_1_741' title='bbox 3918 4029 3974 4094; x_wconf 90' lang='lat' dir='ltr'><strong>si</strong></span> <span class='ocrx_word' id='word_1_742' title='bbox 4020 4038 4312 4094; x_wconf 90' lang='lat' dir='ltr'><strong>nostram</strong></span> <span class='ocrx_word' id='word_1_743' title='bbox 4347 4030 4781 4113; x_wconf 84' lang='lat' dir='ltr'><strong>integritatem</strong></span> 
     </span>
     <span class='ocr_line' id='line_1_102' title="bbox 2857 4113 4783 4198; baseline -0.002 -19"><span class='ocrx_word' id='word_1_744' title='bbox 2857 4124 2923 4179; x_wconf 92' lang='lat' dir='ltr'><strong>et</strong></span> <span class='ocrx_word' id='word_1_745' title='bbox 2956 4114 3396 4180; x_wconf 89' lang='lat' dir='ltr'><strong>innocentiam</strong></span> <span class='ocrx_word' id='word_1_746' title='bbox 3433 4113 3739 4179; x_wconf 86' lang='lat' dir='ltr'><strong>volumus</strong></span> <span class='ocrx_word' id='word_1_747' title='bbox 3773 4113 3845 4177; x_wconf 89' lang='lat' dir='ltr'><strong>in</strong></span> <span class='ocrx_word' id='word_1_748' title='bbox 3880 4114 4174 4179; x_wconf 91' lang='lat' dir='ltr'><strong>medium</strong></span> <span class='ocrx_word' id='word_1_749' title='bbox 4211 4114 4445 4182; x_wconf 82' lang='lat' dir='ltr'><strong>adduci</strong></span> <span class='ocrx_word' id='word_1_750' title='bbox 4482 4125 4552 4179; x_wconf 90' lang='lat' dir='ltr'><strong>et</strong></span> <span class='ocrx_word' id='word_1_751' title='bbox 4580 4114 4783 4198; x_wconf 87' lang='lat' dir='ltr'><strong>palam</strong></span> 
     </span>
     <span class='ocr_line' id='line_1_103' title="bbox 2853 4199 4784 4285; baseline -0.003 -19"><span class='ocrx_word' id='word_1_752' title='bbox 2853 4200 3017 4280; x_wconf 87' lang='lat' dir='ltr'><strong>fieri,</strong></span> <span class='ocrx_word' id='word_1_753' title='bbox 3075 4200 3233 4266; x_wconf 90' lang='lat' dir='ltr'><strong>hinc</strong></span> <span class='ocrx_word' id='word_1_754' title='bbox 3286 4220 3447 4265; x_wconf 88' lang='lat' dir='ltr'><strong>sane</strong></span> <span class='ocrx_word' id='word_1_755' title='bbox 3493 4206 3592 4264; x_wconf 89' lang='lat' dir='ltr'><strong>est</strong></span> <span class='ocrx_word' id='word_1_756' title='bbox 3635 4199 4128 4279; x_wconf 88' lang='lat' dir='ltr'><strong>exordiendum,</strong></span> <span class='ocrx_word' id='word_1_757' title='bbox 4185 4222 4421 4285; x_wconf 90' lang='lat' dir='ltr'><strong>nempe</strong></span> <span class='ocrx_word' id='word_1_758' title='bbox 4466 4199 4548 4267; x_wconf 91' lang='lat' dir='ltr'><strong>ab</strong></span> <span class='ocrx_word' id='word_1_759' title='bbox 4588 4199 4784 4283; x_wconf 79' lang='lat' dir='ltr'><strong>ipsius</strong></span> 
     </span>
     <span class='ocr_line' id='line_1_104' title="bbox 2854 4282 4787 4354; baseline -0.004 -1"><span class='ocrx_word' id='word_1_760' title='bbox 2854 4286 2985 4353; x_wconf 89' lang='lat' dir='ltr'><strong>Dei</strong></span> <span class='ocrx_word' id='word_1_761' title='bbox 3040 4284 3201 4352; x_wconf 90' lang='lat' dir='ltr'><strong>solio</strong></span> <span class='ocrx_word' id='word_1_762' title='bbox 3260 4294 3328 4350; x_wconf 90' lang='lat' dir='ltr'><strong>et</strong></span> <span class='ocrx_word' id='word_1_763' title='bbox 3382 4282 3654 4350; x_wconf 85' lang='lat' dir='ltr'><strong>iudicio:</strong></span> <span class='ocrx_word' id='word_1_764' title='bbox 3711 4293 3777 4351; x_wconf 91' lang='lat' dir='ltr'><strong>et</strong></span> <span class='ocrx_word' id='word_1_765' title='bbox 3829 4286 4260 4352; x_wconf 88' lang='lat' dir='ltr'><strong>conscientiae</strong></span> <span class='ocrx_word' id='word_1_766' title='bbox 4316 4296 4583 4354; x_wconf 85' lang='lat' dir='ltr'><strong>nostrae</strong></span> <span class='ocrx_word' id='word_1_767' title='bbox 4645 4292 4787 4350; x_wconf 82' lang='lat' dir='ltr'><strong>sunt</strong></span> 
     </span>
     <span class='ocr_line' id='line_1_105' title="bbox 2859 4368 4784 4456; baseline -0.001 -19"><span class='ocrx_word' id='word_1_768' title='bbox 2859 4370 3357 4456; x_wconf 88' lang='lat' dir='ltr'><strong>examinandae,</strong></span> <span class='ocrx_word' id='word_1_769' title='bbox 3403 4391 3486 4436; x_wconf 90' lang='lat' dir='ltr'><strong>an</strong></span> <span class='ocrx_word' id='word_1_770' title='bbox 3531 4370 3628 4436; x_wconf 92' lang='lat' dir='ltr'><strong>rei</strong></span> <span class='ocrx_word' id='word_1_771' title='bbox 3672 4370 3877 4438; x_wconf 91' lang='lat' dir='ltr'><strong>simus</strong></span> <span class='ocrx_word' id='word_1_772' title='bbox 3922 4372 4198 4438; x_wconf 89' lang='lat' dir='ltr'><strong>alicuius</strong></span> <span class='ocrx_word' id='word_1_773' title='bbox 4241 4373 4508 4439; x_wconf 86' lang='lat' dir='ltr'><strong>sceleris</strong></span> <span class='ocrx_word' id='word_1_774' title='bbox 4539 4368 4784 4447; x_wconf 82' lang='lat' dir='ltr'><strong>occulti,</strong></span> 
     </span>
     <span class='ocr_line' id='line_1_106' title="bbox 2858 4456 4785 4526; baseline -0.003 -1"><span class='ocrx_word' id='word_1_775' title='bbox 2858 4459 3043 4526; x_wconf 90' lang='lat' dir='ltr'><strong>cuius</strong></span> <span class='ocrx_word' id='word_1_776' title='bbox 3108 4465 3326 4522; x_wconf 90' lang='lat' dir='ltr'><strong>tamen</strong></span> <span class='ocrx_word' id='word_1_777' title='bbox 3392 4456 3648 4522; x_wconf 90' lang='lat' dir='ltr'><strong>nullum</strong></span> <span class='ocrx_word' id='word_1_778' title='bbox 3710 4457 3780 4523; x_wconf 91' lang='lat' dir='ltr'><strong>in</strong></span> <span class='ocrx_word' id='word_1_779' title='bbox 3848 4458 4044 4524; x_wconf 90' lang='lat' dir='ltr'><strong>terris</strong></span> <span class='ocrx_word' id='word_1_780' title='bbox 4108 4466 4343 4525; x_wconf 89' lang='lat' dir='ltr'><strong>testem</strong></span> <span class='ocrx_word' id='word_1_781' title='bbox 4409 4468 4785 4524; x_wconf 77' lang='lat' dir='ltr'><strong>metuamus.</strong></span> 
     </span>
     <span class='ocr_line' id='line_1_107' title="bbox 2857 4541 4785 4630; baseline -0.001 -21"><span class='ocrx_word' id='word_1_782' title='bbox 2857 4544 2965 4609; x_wconf 88' lang='lat' dir='ltr'><strong>Ita</strong></span> <span class='ocrx_word' id='word_1_783' title='bbox 3019 4541 3245 4608; x_wconf 85' lang='lat' dir='ltr'><strong>fideles</strong></span> <span class='ocrx_word' id='word_1_784' title='bbox 3305 4542 3518 4609; x_wconf 91' lang='lat' dir='ltr'><strong>solent</strong></span> <span class='ocrx_word' id='word_1_785' title='bbox 3569 4561 3640 4609; x_wconf 87' lang='lat' dir='ltr'><strong>se</strong></span> <span class='ocrx_word' id='word_1_786' title='bbox 3696 4549 3866 4611; x_wconf 86' lang='lat' dir='ltr'><strong>totos</strong></span> <span class='ocrx_word' id='word_1_787' title='bbox 3921 4543 4004 4610; x_wconf 87' lang='lat' dir='ltr'><strong>ad</strong></span> <span class='ocrx_word' id='word_1_788' title='bbox 4064 4566 4351 4630; x_wconf 88' lang='lat' dir='ltr'><strong>unguem</strong></span> <span class='ocrx_word' id='word_1_789' title='bbox 4397 4544 4785 4611; x_wconf 75' lang='lat' dir='ltr'><strong>examinare.</strong></span> 
     </span>
     <span class='ocr_line' id='line_1_108' title="bbox 2858 4627 4786 4712; baseline -0.002 -16"><span class='ocrx_word' id='word_1_790' title='bbox 2858 4631 3109 4696; x_wconf 83' lang='lat' dir='ltr'><strong>Oontra</strong></span> <span class='ocrx_word' id='word_1_791' title='bbox 3152 4628 3351 4694; x_wconf 88' lang='lat' dir='ltr'><strong>huius</strong></span> <span class='ocrx_word' id='word_1_792' title='bbox 3392 4627 3626 4693; x_wconf 89' lang='lat' dir='ltr'><strong>mundi</strong></span> <span class='ocrx_word' id='word_1_793' title='bbox 3670 4629 3809 4710; x_wconf 89' lang='lat' dir='ltr'><strong>filii,</strong></span> <span class='ocrx_word' id='word_1_794' title='bbox 3851 4637 3926 4695; x_wconf 88' lang='lat' dir='ltr'><strong>ut</strong></span> <span class='ocrx_word' id='word_1_795' title='bbox 3958 4638 4118 4697; x_wconf 89' lang='lat' dir='ltr'><strong>sunt</strong></span> <span class='ocrx_word' id='word_1_796' title='bbox 4150 4632 4498 4712; x_wconf 88' lang='lat' dir='ltr'><strong>ambitiosi,</strong></span> <span class='ocrx_word' id='word_1_797' title='bbox 4536 4640 4786 4695; x_wconf 84' lang='lat' dir='ltr'><strong>tantum</strong></span> 
     </span>
     <span class='ocr_line' id='line_1_109' title="bbox 2859 4712 4786 4802; baseline -0.002 -22"><span class='ocrx_word' id='word_1_798' title='bbox 2859 4715 3251 4800; x_wconf 89' lang='lat' dir='ltr'><strong>applausum</strong></span> <span class='ocrx_word' id='word_1_799' title='bbox 3288 4714 3630 4780; x_wconf 90' lang='lat' dir='ltr'><strong>hominum</strong></span> <span class='ocrx_word' id='word_1_800' title='bbox 3668 4723 4016 4797; x_wconf 84' lang='lat' dir='ltr'><strong>quaerunt,</strong></span> <span class='ocrx_word' id='word_1_801' title='bbox 4062 4724 4129 4781; x_wconf 93' lang='lat' dir='ltr'><strong>et</strong></span> <span class='ocrx_word' id='word_1_802' title='bbox 4162 4736 4381 4782; x_wconf 90' lang='lat' dir='ltr'><strong>coram</strong></span> <span class='ocrx_word' id='word_1_803' title='bbox 4416 4717 4578 4802; x_wconf 87' lang='lat' dir='ltr'><strong>ipsis</strong></span> <span class='ocrx_word' id='word_1_804' title='bbox 4616 4712 4786 4780; x_wconf 84' lang='lat' dir='ltr'><strong>testi·</strong></span> 
     </span>
     <span class='ocr_line' id='line_1_110' title="bbox 2858 4799 4786 4888; baseline -0.003 -21"><span class='ocrx_word' id='word_1_805' title='bbox 2858 4803 3079 4868; x_wconf 90' lang='lat' dir='ltr'><strong>monio</strong></span> <span class='ocrx_word' id='word_1_806' title='bbox 3154 4799 3430 4883; x_wconf 90' lang='lat' dir='ltr'><strong>cupiunt</strong></span> <span class='ocrx_word' id='word_1_807' title='bbox 3502 4801 3742 4879; x_wconf 85' lang='lat' dir='ltr'><strong>ornari,</strong></span> <span class='ocrx_word' id='word_1_808' title='bbox 3822 4803 3976 4869; x_wconf 91' lang='lat' dir='ltr'><strong>licet</strong></span> <span class='ocrx_word' id='word_1_809' title='bbox 4038 4802 4221 4868; x_wconf 87' lang='lat' dir='ltr'><strong>aliud</strong></span> <span class='ocrx_word' id='word_1_810' title='bbox 4284 4803 4447 4888; x_wconf 85' lang='lat' dir='ltr'><strong>ipsis</strong></span> <span class='ocrx_word' id='word_1_811' title='bbox 4506 4802 4786 4867; x_wconf 81' lang='lat' dir='ltr'><strong>dictante</strong></span> 
     </span>
     <span class='ocr_line' id='line_1_111' title="bbox 2861 4885 4786 4972; baseline -0.003 -19"><span class='ocrx_word' id='word_1_812' title='bbox 2861 4886 3277 4964; x_wconf 89' lang='lat' dir='ltr'><strong>conscientia,</strong></span> <span class='ocrx_word' id='word_1_813' title='bbox 3336 4907 3533 4971; x_wconf 85' lang='lat' dir='ltr'><strong>quam</strong></span> <span class='ocrx_word' id='word_1_814' title='bbox 3578 4885 3788 4953; x_wconf 90' lang='lat' dir='ltr'><strong>modis</strong></span> <span class='ocrx_word' id='word_1_815' title='bbox 3829 4888 4135 4955; x_wconf 90' lang='lat' dir='ltr'><strong>omnibus</strong></span> <span class='ocrx_word' id='word_1_816' title='bbox 4173 4887 4432 4972; x_wconf 86' lang='lat' dir='ltr'><strong>placare</strong></span> <span class='ocrx_word' id='word_1_817' title='bbox 4475 4889 4786 4953; x_wconf 84' lang='lat' dir='ltr'><strong>nituntur.</strong></span> 
     </span>
     <span class='ocr_line' id='line_1_112' title="bbox 2862 4971 4788 5056; baseline -0.003 -18"><span class='ocrx_word' id='word_1_818' title='bbox 2862 4974 3074 5039; x_wconf 76' lang='lat' dir='ltr'><strong>Tanto</strong></span> <span class='ocrx_word' id='word_1_819' title='bbox 3119 4973 3341 5056; x_wconf 87' lang='lat' dir='ltr'><strong>itaque</strong></span> <span class='ocrx_word' id='word_1_820' title='bbox 3385 4973 3595 5038; x_wconf 90' lang='lat' dir='ltr'><strong>maior</strong></span> <span class='ocrx_word' id='word_1_821' title='bbox 3636 4971 3746 5038; x_wconf 90' lang='lat' dir='ltr'><strong>hic</strong></span> <span class='ocrx_word' id='word_1_822' title='bbox 3788 4973 3972 5040; x_wconf 89' lang='lat' dir='ltr'><strong>nobis</strong></span> <span class='ocrx_word' id='word_1_823' title='bbox 4015 4982 4116 5041; x_wconf 89' lang='lat' dir='ltr'><strong>est</strong></span> <span class='ocrx_word' id='word_1_824' title='bbox 4158 4974 4525 5041; x_wconf 87' lang='lat' dir='ltr'><strong>adhibenda</strong></span> <span class='ocrx_word' id='word_1_825' title='bbox 4559 4973 4788 5044; x_wconf 76' lang='lat' dir='ltr'><strong>cautio,</strong></span> 
     </span>
     <span class='ocr_line' id='line_1_113' title="bbox 2862 5058 4788 5143; baseline -0.001 -20"><span class='ocrx_word' id='word_1_826' title='bbox 2862 5079 2991 5142; x_wconf 92' lang='lat' dir='ltr'><strong>quo</strong></span> <span class='ocrx_word' id='word_1_827' title='bbox 3050 5058 3272 5143; x_wconf 88' lang='lat' dir='ltr'><strong>lapsus</strong></span> <span class='ocrx_word' id='word_1_828' title='bbox 3315 5058 3681 5141; x_wconf 86' lang='lat' dir='ltr'><strong>proclivior,</strong></span> <span class='ocrx_word' id='word_1_829' title='bbox 3738 5068 3815 5124; x_wconf 91' lang='lat' dir='ltr'><strong>ut</strong></span> <span class='ocrx_word' id='word_1_830' title='bbox 3857 5060 3913 5127; x_wconf 90' lang='lat' dir='ltr'><strong>si</strong></span> <span class='ocrx_word' id='word_1_831' title='bbox 3957 5059 4037 5126; x_wconf 87' lang='lat' dir='ltr'><strong>de</strong></span> <span class='ocrx_word' id='word_1_832' title='bbox 4080 5069 4304 5127; x_wconf 86' lang='lat' dir='ltr'><strong>nostra</strong></span> <span class='ocrx_word' id='word_1_833' title='bbox 4347 5058 4589 5128; x_wconf 84' lang='lat' dir='ltr'><strong>tuenda.</strong></span> <span class='ocrx_word' id='word_1_834' title='bbox 4635 5061 4788 5124; x_wconf 86' lang='lat' dir='ltr'><strong>inte·</strong></span> 
     </span>
     <span class='ocr_line' id='line_1_114' title="bbox 2864 5145 4788 5233; baseline -0.001 -23"><span class='ocrx_word' id='word_1_835' title='bbox 2864 5145 3101 5230; x_wconf 90' lang='lat' dir='ltr'><strong>gritate</strong></span> <span class='ocrx_word' id='word_1_836' title='bbox 3145 5151 3211 5211; x_wconf 90' lang='lat' dir='ltr'><strong>et</strong></span> <span class='ocrx_word' id='word_1_837' title='bbox 3254 5145 3625 5210; x_wconf 89' lang='lat' dir='ltr'><strong>innocentia</strong></span> <span class='ocrx_word' id='word_1_838' title='bbox 3669 5164 3886 5212; x_wconf 86' lang='lat' dir='ltr'><strong>coram</strong></span> <span class='ocrx_word' id='word_1_839' title='bbox 3928 5145 4301 5214; x_wconf 90' lang='lat' dir='ltr'><strong>hominibus</strong></span> <span class='ocrx_word' id='word_1_840' title='bbox 4340 5158 4591 5233; x_wconf 82' lang='lat' dir='ltr'><strong>agatur,</strong></span> <span class='ocrx_word' id='word_1_841' title='bbox 4654 5145 4788 5208; x_wconf 81' lang='lat' dir='ltr'><strong>Deo</strong></span> 
     </span>
     <span class='ocr_line' id='line_1_115' title="bbox 2865 5225 4787 5315; baseline -0.001 -20"><span class='ocrx_word' id='word_1_842' title='bbox 2865 5230 3116 5314; x_wconf 91' lang='lat' dir='ltr'><strong>priores</strong></span> <span class='ocrx_word' id='word_1_843' title='bbox 3188 5239 3412 5315; x_wconf 86' lang='lat' dir='ltr'><strong>partes</strong></span> <span class='ocrx_word' id='word_1_844' title='bbox 3472 5228 3855 5299; x_wconf 86' lang='lat' dir='ltr'><strong>tribuamus.</strong></span> <span class='ocrx_word' id='word_1_845' title='bbox 3947 5232 4234 5315; x_wconf 77' lang='lat' dir='ltr'><strong>Quinam</strong></span> <span class='ocrx_word' id='word_1_846' title='bbox 4298 5254 4453 5299; x_wconf 91' lang='lat' dir='ltr'><strong>vero</strong></span> <span class='ocrx_word' id='word_1_847' title='bbox 4502 5231 4576 5297; x_wconf 89' lang='lat' dir='ltr'><strong>id</strong></span> <span class='ocrx_word' id='word_1_848' title='bbox 4636 5225 4787 5297; x_wconf 78' lang='lat' dir='ltr'><strong>fiet?</strong></span> 
     </span>
    </p>
   </div>
   <div class='ocr_carea' id='block_1_6' title="bbox 4904 620 4909 1508">
    <p class='ocr_par' dir='ltr' id='par_1_8' title="bbox 4904 620 4909 1508">
     <span class='ocr_line' id='line_1_116' title="bbox 4904 620 4909 1508; baseline 0 0"><span class='ocrx_word' id='word_1_849' title='bbox 4904 620 4909 1508; x_wconf 95' lang='lat' dir='ltr'><strong> </strong></span> 
     </span>
    </p>
   </div>
   <div class='ocr_carea' id='block_1_7' title="bbox 4903 620 4910 2232">
    <p class='ocr_par' dir='ltr' id='par_1_9' title="bbox 4903 620 4910 2232">
     <span class='ocr_line' id='line_1_117' title="bbox 4903 620 4910 2232; baseline 0 0"><span class='ocrx_word' id='word_1_850' title='bbox 4903 620 4910 2232; x_wconf 95' lang='lat' dir='ltr'><strong> </strong></span> 
     </span>
    </p>
   </div>
   <div class='ocr_carea' id='block_1_8' title="bbox 4902 3161 4912 5956">
    <p class='ocr_par' dir='ltr' id='par_1_10' title="bbox 4902 3161 4912 5956">
     <span class='ocr_line' id='line_1_118' title="bbox 4902 3161 4912 5956; baseline 0 0"><span class='ocrx_word' id='word_1_851' title='bbox 4902 3161 4912 5956; x_wconf 95' lang='lat' dir='ltr'><strong> </strong></span> 
     </span>
    </p>
   </div>
  </div>
 </body>
</html>
