5059 6059
271 249 400 318 573

269 439 431 506 dum
499 442 717 523 ipsum
798 460 942 504 esse
1009 437 1309 504 videmus
1377 437 1646 507 Domini
1725 438 1882 505 Iesu
1961 436 2218 505 Christi

273 527 691 593 imitatorem.
776 526 870 590 Et
925 524 1082 590 alibi
1144 544 1263 590 nos
1320 523 1506 591 iubet
1562 525 1758 592 fidem
1817 524 2023 608 ipsius
2066 525 2219 588 imi-

273 613 433 679 tari:
477 633 559 677 ne
601 613 910 678 aberrent
952 611 1253 677 homines
1277 619 1342 674 et
1378 621 1625 677 temere
1660 611 1858 676 huius
1896 611 2002 675 vel
2040 609 2217 676 illius

273 698 576 782 exempla
618 699 979 763 imitentur.
1026 695 1376 762 Caeterum
1407 718 1613 781 quum
1636 695 2218 763 excellentissimos

272 798 340 852 et
387 785 838 850 sanctissimos
881 782 1012 849 Dei
1068 802 1296 848 servos
1353 785 1786 868 conspicimus
1847 790 1982 848 tam
2028 781 2218 847 facile

272 872 342 936 in
389 870 615 935 multis
660 870 892 954 lapsos,
954 887 1384 953 agnoscamus
1427 890 1546 935 nos
1590 871 1702 953 qui
1744 868 1942 953 longe
1983 887 2215 933 snmus

271 956 639 1040 fragiliores
680 964 982 1039 oportere
1021 955 1268 1020 maiore
1302 954 1520 1020 studio
1565 955 1707 1032 niti,
1756 976 1840 1020 ne
1883 955 1955 1018 in
2000 953 2214 1019 istius-

269 1041 448 1108 modi
494 1043 659 1107 vitia
700 1041 1088 1125 praecipites
1128 1041 1453 1107 feramur:
1510 1041 1860 1124 Deumque
1902 1041 2074 1105 votis
2118 1059 2219 1104 ar-

272 1127 677 1194 dentioribus
720 1147 1081 1210 precemur,
1125 1136 1199 1191 nt
1242 1146 1359 1192 nos
1401 1139 1628 1192 sancto
1670 1147 1790 1193 suo
1831 1125 2068 1209 spiritu
2115 1146 2215 1189 re-

272 1225 404 1299 gat,
457 1223 530 1278 et
592 1215 664 1279 in
723 1215 969 1279 nostris
1010 1212 1314 1279 cordibus
1348 1224 1608 1278 tantum
1655 1231 1812 1278 snae
1855 1212 2215 1277 maiestatis

269 1302 573 1366 timorem
612 1298 957 1382 insculpat‚
1005 1307 1081 1364 ut
1102 1317 1326 1366 veram
1350 1301 1416 1364 in
1441 1298 1740 1364 omnibus
1782 1297 2212 1363 obedientiam

269 1386 399 1469 ipsi
439 1385 890 1535 praebeamus,
950 1406 1034 1452 ne
1088 1386 1156 1449 in
1219 1387 1483 1451 inanem
1537 1384 1863 1468 quandam
1909 1385 2217 1468 pietatem

269 1483 336 1536 et
401 1493 437 1538 c
488 1470 748 1536 ristiani
810 1470 1097 1536 nominis
1155 1470 1407 1537 larvam
1476 1491 1632 1554 prae
1693 1469 1878 1535 nobis
1934 1470 2218 1535 ferentes

263 1557 641 1635 efferamur,
699 1566 770 1620 et
826 1559 894 1621 in
953 1566 1254 1623 nostrum
1312 1557 1590 1624 exitium
1643 1566 1781 1621 tam
1841 1553 2217 1621 venerando

269 1643 460 1709 tit-ulo
520 1641 901 1709 abutamur:
960 1641 1073 1709 sed
1132 1644 1355 1726 potius
1396 1644 1469 1709 in
1526 1646 1760 1708 timore
1804 1654 1874 1706 et
1907 1641 2216 1725 simplici-

268 1738 404 1795 tate
447 1728 519 1793 in
567 1737 795 1795 nostra
854 1730 1132 1812 quisque
1177 1730 1518 1796 vocatione
1560 1727 1956 1807 incedamus,
2015 1727 2219 1793 donec

266 1814 463 1965 pilene
518 1813 727 1899 ipsius
781 1814 1037 1880 iustitia
1100 1814 1486 1892 induamur,
1554 1813 1638 1878 ad
1697 1833 1894 1898 quam
1954 1823 2220 1879 conten·

316 1921 511 1967 imus.

436 1985 583 2052 Iam
629 2008 786 2052 vero
828 1988 1024 2071 agite,
1065 1991 1170 2053 stc.

817 2416 1315 2500 HOMILIA
1363 2415 1661 2500 XOIII·

985 2550 1186 2618 oAP.
1232 2550 1497 2619 xxv1.

440 2759 496 2825 l.
544 2757 636 2824 Et
673 2764 974 2824 venerunt
1018 2757 1290 2839 ziphaei
1345 2759 1434 2824 ad
1490 2758 1652 2825 Saul
1692 2759 1764 2824 in
1811 2757 2057 2837 Gabaa,
2111 2758 2212 2825 di-

256 2849 494 2911 centes.-
551 2844 712 2910 Eece
754 2843 978 2910 David
1015 2844 1415 2912 absconditus
1470 2850 1560 2910 est
1609 2847 1678 2910 in
1714 2844 1867 2911 colle
1909 2843 2210 2924 Haekila,

258 2932 375 3014 qm·
409 2935 502 2997 est
540 2951 620 2996 ex
662 2930 923 2996 adverso
964 2930 1344 2997 solitudinis.
1435 2931 1496 2997 2.
1557 2930 1648 2996 Et
1702 2932 1983 2997 sarm-a
2029 2929 2210 3006 Saul,

255 3016 666 3083 &descondit
719 3017 791 3080 in
847 3016 1157 3081 deser-mm
1205 3016 2212 3099 Ziph,eteumeofflamillia

257 3103 546 3168 virorum
587 3103 665 3168 de
721 3100 922 3168 electis
966 3102 1194 3181 Israel,
1247 3107 1323 3166 ut
1357 3108 1674 3185 quaereret
1729 3103 1952 3169 David
1992 3103 2063 3168 in
2106 3104 2211 3169 de-

255 3193 426 3255 serto
471 3187 657 3270 Ziph.
746 3188 806 3254 3.
870 3186 960 3253 Et
999 3193 1474 3254 castrametatus
1526 3194 1617 3254 est
1660 3187 1821 3255 Saul
1863 3191 1934 3255 in
1980 3188 2209 3255 Gabaa

260 3273 562 3356 Hachilo,
605 3294 769 3357 quae
811 3279 949 3340 erat
988 3293 1067 3338 ea:
1102 3275 1364 3341 adverso
1397 3274 1758 3341 solitudinis
1799 3276 2031 3341 invia.-
2072 3274 2210 3340 Da·

256 3360 623 3427 vidawtem
678 3359 994 3425 habitabat
1047 3360 1417 3426 inde-serto.
1520 3359 2210 3442 Vidensautemquod

255 3446 530 3513 venisset
574 3445 736 3512 δασεῖ
780 3451 932 3528 post
972 3466 1039 3510 se
1079 3447 1152 3511 in
1192 3447 1522 3527 deser-tum,
1581 3447 1641 3512 4.
1691 3447 1884 3514 Misit
1922 3447 2212 3529 explora-

253 3539 438 3610 tores,
482 3537 540 3597 et
581 3532 808 3599 didicit
850 3531 1014 3614 quod
1055 3532 1320 3598 venisset
1367 3533 1725 3598 certissime.
1815 3535 1875 3600 5.
1937 3532 2027 3598 Et
2066 3552 2209 3598 sur-

253 3620 427 3685 remit
468 3618 710 3696 David,
757 3622 814 3683 et
851 3615 1023 3681 v'enit
1063 3617 1152 3683 ad
1194 3618 1394 3683 locum
1431 3617 1545 3682 ubi
1586 3624 1722 3684 erat
1756 3618 1952 3685 Saul.-
1991 3639 2210 3701 quum-

253 3725 381 3789 que
420 3705 680 3770 vidisset
737 3704 935 3770 tomen
990 3704 1062 3768 in
1119 3723 1240 3785 quo
1282 3704 1623 3769 dormiebat
1667 3703 1847 3790 Saul,
1900 3709 1956 3770 et
1997 3704 2213 3771 Almer

253 3790 441 3873 filius
501 3789 669 3873 Ner,
742 3791 1039 3872 princeps
1109 3789 1379 3854 madiae
1443 3791 1584 3855 eius
1647 3795 1704 3856 et
1759 3789 2018 3857 Saulem
2073 3792 2213 3858 dor-

255 3877 547 3942 mientem
589 3877 662 3940 in
705 3875 979 3955 tentorio,
1024 3874 2213 3958 etreliqmmvulyuspereirouitum

257 3959 2212 4043 eius,6.AitDavtdadthimezoehHethaeumetAbi-

259 4049 371 4114 sai
404 4047 616 4129 filium
643 4044 937 4126 Samiae,
970 4048 1238 4129 fratrem
1261 4046 1437 4128 Ioab,
1480 4048 1728 4114 dicens.-
1774 4048 1933 4129 Quis
1965 4049 2213 4115 descen-

261 4136 364 4201 det
403 4153 644 4200 meeum
687 4134 773 4198 ad
818 4131 980 4199 Saul
1021 4134 1091 4197 in
1131 4133 1391 4198 castra?
1433 4133 2027 4216 DixitqtoeAbisai:
2073 4134 2214 4219 qu

259 4222 638 4288 descendam
678 4224 895 4285 tecum

445 4390 757 4457 Redeunt
833 4390 1020 4458 nobis
1077 4391 1144 4455 in
1208 4388 1331 4455 hac
1382 4387 1658 4456 historia
1704 4391 2214 4458 considerandae

260 4477 494 4545 variae
537 4479 937 4543 tentationes
980 4488 1047 4541 et
1095 4476 1273 4540 varia
1320 4475 1702 4541 discrimina
1736 4477 1971 4561 quibus
1997 4477 2214 4544 David

255 4573 621 4647 antequam
681 4563 764 4629 ad
820 4582 1099 4628 coronae
1155 4562 1623 4644 possessionem
1683 4564 1940 4630 veniret
1995 4565 2216 4648 exagi-

258 4662 448 4717 tatus
490 4659 624 4716 est:
682 4670 809 4734 quo
852 4646 1113 4731 quidem
1162 4649 1357 4712 etiam
1405 4659 1699 4732 tempore
1744 4670 1878 4716 non
1913 4649 2046 4715 fuit
2087 4671 2214 4716 un-

255 4738 604 4820 dequaque
667 4737 957 4820 quietus,
1032 4734 1145 4799 sed
1209 4732 1549 4799 meliorem
1617 4745 1838 4800 tamen
1906 4746 2217 4820 expertus

250 4820 707 4891 conditionem
751 4841 949 4906 quam
994 4831 1203 4897 antea,
1262 4819 1436 4901 quod
1479 4842 1610 4885 non
1661 4821 1823 4887 adeo
1864 4822 2217 4887 crudeliter

251 4909 613 4976 hominum
635 4907 966 4974 consortio
987 4905 1220 4990 pulsus
1249 4905 1464 4971 fuerit.
1511 4906 1959 4974 Nihilominus
1997 4919 2212 4973 tamen

245 5016 422 5063 eum
443 4993 630 5059 Deus
670 4994 873 5061 variis
917 4992 1128 5058 modis
1163 5010 1469 5058 exercere
1498 4991 1727 5069 voluit,
1773 4993 1978 5059 donec
2023 4993 2218 5077 plane

247 5084 493 5149 hostes
527 5080 737 5164 ipsius
771 5079 1082 5145 exstincti
1119 5086 1359 5142 essent.
1404 5076 1559 5160 Ipse
1586 5099 1750 5148 ,vero
1784 5078 2103 5163 quomodo
2146 5101 2217 5144 se

248 5171 329 5236 in
398 5167 601 5233 tantis
664 5164 1153 5232 difficultatibus
1211 5165 1488 5247 gesserit
1544 5165 2048 5245 observandum,
2103 5186 2217 5230 ex-

1541 250 1637 315 IN
1683 245 1742 312 Ι.
1787 246 1967 314 ΙιῙΒ.
2015 248 2419 315 SAMUEL.
2466 248 2666 315 CAP.
2709 248 2974 315 XXVI.

4127 251 4258 317 574

2322 445 2628 520 spectans
2690 440 3247 522 opportunitatem
3312 439 3562 524 regiam
3629 438 4015 520 dignitatem
4078 459 4269 508 occu·

2322 522 2541 606 pandi,
2588 542 2782 605 quam
2807 523 2992 590 Deus
3026 525 3425 604 decreverat,
3471 535 3538 592 et
3569 524 3737 591 nihil
3761 524 4078 592 adversus
4100 525 4269 593 Sau-

2321 607 2449 674 lem
2497 609 2785 688 molitus,
2829 631 2972 676 sese
3015 611 3333 677 adversus
3375 611 3554 678 illius
3578 612 3713 678 vim
3752 610 4100 680 defendere
4121 633 4270 678 eon-

2317 704 2563 760 tentus.

2491 780 2622 846 Hic
2705 781 2914 865 igitur
2993 782 3063 848 in
3144 781 3376 865 primis
3456 782 3618 848 illud
3697 785 4010 862 occurrit,
4090 783 4266 868 quod

2318 865 2593 948 Ziphaei
2641 868 2895 933 venisse
2939 868 3250 935 dicuntur
3294 868 3377 934 ad
3423 868 3694 935 Saulem
3740 869 4048 936 Gibham.
4094 869 4267 935 Nam

2321 951 2678 1019 verisimile
2723 965 2822 1018 est
2862 952 3152 1032 Saulem,
3214 954 3341 1021 nisi
3384 955 3828 1039 sollicitatum,
3887 977 4020 1021 non
4063 956 4267 1021 fuisse

2320 1049 2870 1121 persequuturum
2928 1061 3077 1105 eum
3133 1061 3326 1124 quem
3386 1042 3800 1107 innocentem
3855 1053 4268 1125 cognoverat,

2320 1133 2390 1188 et
2431 1125 2537 1190 cui
2582 1126 3028 1191 testimonium
3075 1127 3477 1211 integritatis
3536 1127 3692 1192 dare
3736 1143 3999 1195 coactus
4035 1128 4265 1194 fuerat.

2319 1207 2512 1290 Quod
2581 1213 2756 1275 enim
2815 1210 3144 1277 Davidem
3218 1213 3638 1296 impedierat,
3706 1215 4051 1295 quominus
4117 1233 4269 1279 eum

2320 1295 2599 1373 tolleret,
2643 1316 2845 1379 quum
2889 1301 2958 1362 in
3001 1319 3237 1365 manus
3278 1299 3484 1382 ipsius
3527 1299 3883 1383 incidisset,
3927 1300 4054 1365 nisi
4088 1311 4269 1365 recta

2318 1379 2740 1460 conscientia,
2785 1385 2968 1449 cuius
3012 1384 3153 1466 ipse
3198 1386 3384 1451 testis
3429 1394 3571 1450 erat
3612 1383 3827 1451 Saul?
3875 1385 4066 1452 Licet
4109 1405 4267 1468 ergo

2320 1466 2545 1532 furore
2602 1479 2941 1552 ageretur,
3010 1481 3231 1536 tamen
3287 1479 3550 1555 poterat
3603 1471 3931 1536 Davidem
3992 1472 4270 1538 missum

2320 1553 2567 1629 faeere,
2636 1554 2895 1620 etiamsi
2950 1576 3080 1620 non
3140 1556 3284 1621 sine
3348 1566 3726 1640 contemptu
3789 1557 3997 1640 ipsius
4059 1559 4268 1624 fieret.

2321 1637 2587 1704 Sciebat
2630 1642 2803 1704 enim
2831 1640 3155 1707 Davidem
3179 1642 3344 1707 nihil
3370 1643 3722 1709 adversum
3757 1662 3827 1708 se
3863 1642 4268 1719 moliturum,

2321 1723 2581 1789 nullum
2641 1722 2883 1791 bellum
2941 1727 3427 1805 suscitaturum,
3487 1727 3602 1794 sed
3660 1729 3843 1794 tenui
3887 1738 3954 1794 et
3997 1728 4269 1814 ignobili

2322 1811 2463 1877 vita
2505 1819 2890 1876 contentum
2951 1812 3111 1893 fore,
3167 1813 3375 1881 donec
3419 1815 3603 1880 Deus
3661 1815 3901 1880 factam
3957 1814 4085 1898 ipsi
4127 1835 4271 1898 pro-

2324 1895 2701 1963 missionem
2746 1897 3168 1980 implevisset.
3212 1899 3460 1965 Verum
3507 1921 3655 1966 ecce
3677 1899 3949 1984 Ziphaei
3983 1899 4269 1968 secundo

2323 1980 2456 2047 iam
2501 1991 2612 2046 tan
2661 2003 2810 2049 uam
2848 1984 3107 2052 flabella
3147 1986 3425 2069 sopitam
3451 1984 3673 2053 Saulis
3705 1986 4024 2056 malitiam
4070 1987 4270 2052 susci-

2323 2075 2488 2133 tant.
2557 2065 2619 2132 0
2666 2079 2809 2134 erat
2850 2069 2965 2136 ille
3008 2071 3269 2154 quidem
3315 2071 3461 2137 odio
3514 2072 3881 2138 inveterato
3921 2072 4269 2150 Davidem,

2323 2173 2516 2237 quem
2554 2154 2764 2220 modis
2793 2155 3094 2224 omnibus
3116 2158 3519 2225 exstinctum
3544 2157 3864 2242 cupiebat,
3908 2158 4034 2225 etsi
4068 2157 4269 2241 probe

2323 2247 2516 2305 norat
2560 2239 2837 2307 electum
2877 2262 2918 2307 a
2962 2244 3106 2308 Deo
3150 2262 3402 2329 regem:
3446 2253 3903 2310 verumtamen
3941 2263 4268 2327 nusquam

2322 2326 2605 2410 legimus
2666 2327 2749 2392 ab
2791 2328 2938 2412 ipso
2982 2329 3216 2396 missos
3258 2329 3573 2396 satellites
3617 2330 3729 2413 qui
3764 2329 4012 2395 Davidi
4053 2341 4268 2395 strue·-

2321 2422 2472 2476 rent
2535 2410 2841 2491 insidias,
2922 2423 3037 2480 aut
3098 2415 3307 2498 ipsius
3371 2417 3543 2483 facta
3607 2415 4044 2498 explorarent.
4133 2413 4267 2482 Sed

2319 2495 2594 2581 Ziphaei
2638 2498 2812 2564 ultro
2835 2501 3162 2566 Davidem
3207 2502 3274 2567 in
3320 2523 3444 2568 sua
3486 2502 3753 2586 regione
3797 2501 4112 2570 latentem
4157 2501 4271 2566 de-

2323 2585 2562 2650 ferunt.
2603 2581 2736 2651 Hic
2768 2585 2839 2650 in
2882 2587 3115 2670 primis
3151 2587 3652 2666 observandum,
3696 2608 3736 2651 a
3763 2587 4019 2653 diabolo
4065 2589 4269 2654 susci-

2319 2681 2489 2736 tatos
2544 2680 2865 2754 quotquot
2921 2675 2990 2738 in
3036 2672 3283 2738 Iudaea
3339 2694 3564 2740 servos
3622 2674 3870 2752 habuit,
3932 2682 4007 2739 ut
4058 2673 4266 2757 impe-

2319 2756 2490 2821 diret
2537 2757 2889 2840 quominus
2912 2759 3132 2825 David
3179 2772 3503 2842 regnaret.
3573 2760 3666 2824 Et
3705 2758 4046 2843 oportebat
4087 2758 4266 2824 istud

2315 2843 2384 2908 in
2429 2862 2637 2926 regno
2680 2841 2941 2911 iudaico
2987 2847 3385 2929 contingere,
3429 2844 3599 2928 quod
3635 2857 3781 2910 erat
3823 2846 4037 2928 figura
4076 2845 4266 2929 regni

2314 2928 2587 2994 Domini
2632 2930 2845 2996 nostri
2904 2930 3062 2997 Iesu
3106 2930 3378 2997 Christi.
3464 2930 3617 2996 Non
3663 2930 3870 3014 igitur
3923 2930 4267 2995 inimicum

2315 3035 2520 3080 unum
2582 3027 2701 3081 aut
2747 3015 3028 3082 alterum
3090 3016 3322 3083 habuit
3362 3015 3616 3081 David:
3676 3015 3791 3082 sed
3849 3036 4000 3081 eum
4058 3017 4267 3100 gratis

2311 3100 2617 3181 oderunt,
2662 3103 2776 3186 qui
2823 3101 2907 3168 ab
2946 3104 3090 3187 ipso
3132 3103 3319 3169 nulla
3360 3105 3623 3168 fuerant
3664 3102 3911 3167 iniuria
3931 3102 4037 3166 vel
4080 3122 4265 3169 occa-

2313 3188 2497 3253 sione
2556 3192 2928 3274 provocati,
2985 3201 3052 3256 et
3110 3190 3313 3273 ipsius
3373 3191 3549 3254 vitae
3603 3195 3761 3253 sunt
3817 3187 4129 3264 insidiati,
4187 3200 4267 3253 ut

2313 3273 2781 3355 implereretur
2835 3275 3006 3357 quod
3052 3275 3181 3341 alio
3224 3275 3367 3341 loco
3410 3273 3637 3341 scribit
3678 3273 3762 3339 de
3802 3293 3875 3340 se
3909 3272 4266 3358 propheta:

2320 3360 2554 3426 Gratis
2595 3380 2695 3426 me
2738 3361 3016 3429 oderunt.
3064 3361 3169 3427 Ex
3215 3381 3343 3445 quo
3387 3359 3633 3444 duplex
3666 3359 3924 3425 utilitas
3944 3368 4047 3425 est
4077 3358 4267 3427 nobis

2316 3445 2681 3511 reserenda.
2744 3446 2974 3511 Prima
3016 3468 3100 3511 ne
3142 3449 3247 3512 cui
3289 3447 3515 3512 iniurii
3559 3445 3782 3524 simus,
3825 3455 3893 3509 et
3935 3466 4021 3510 ne
4065 3444 4266 3512 ullam

2313 3531 2727 3598 occasionem
2772 3531 2965 3599 nobis
3006 3533 3342 3600 molestias
3384 3530 3750 3598 facessendi
3804 3529 4266 3614 praebeamus:

2314 3617 2426 3684 sed
2464 3617 2647 3682 omni
2683 3619 2927 3683 iniuria
2961 3628 3030 3683 et
3073 3618 3386 3686 violentia
3428 3617 3856 3698 abstinentes,
3900 3618 4155 3703 integre
4200 3628 4267 3685 et

2316 3705 2570 3770 sincere
2612 3704 2914 3770 vivamus
2969 3724 3119 3770 cum
3178 3704 3475 3788 singulis,
3541 3712 3621 3768 ut
3681 3722 3875 3768 nemo
3933 3706 4142 3786 possit
4184 3704 4266 3770 de

2311 3788 2503 3855 nobis
2557 3790 2793 3855 merito
2847 3791 3176 3875 conqueri,
3236 3803 3302 3857 et
3361 3811 3401 3854 a
3459 3788 3648 3855 nobis
3706 3809 3778 3855 se
3836 3799 4266 3873 provocatum

2317 3875 2552 3942 dicere.
2644 3875 2895 3957 Altera,
2955 3890 3031 3941 ut
3087 3877 3169 3942 iis
3227 3896 3349 3942 nos
3393 3875 3952 3959 persequentibus,
4013 3888 4080 3941 et
4120 3876 4265 3943 sine

2315 3981 2514 4028 causa
2539 3960 2889 4028 adversum
2914 3983 3032 4027 nos
3055 3963 3566 4047 insurgentibus,
3594 3982 3946 4045 necemque
3970 3971 4265 4027 nostram

2314 4047 2802 4131 quaerentibus,
2868 4049 2979 4131 qui
3049 4048 3255 4132 gratis
3313 4059 3382 4115 et
3437 4048 3764 4112 immerito
3821 4048 4117 4122 oderunt,
4179 4068 4263 4111 ne

2317 4153 2563 4198 novum
2610 4143 2675 4200 et
2709 4133 2996 4199 insolens
3039 4133 3105 4198 id
3152 4134 3338 4199 nobis
3377 4133 3693 4212 videatur,
3734 4132 4261 4216 quandoquidem

2315 4219 2492 4283 idem
2541 4219 2782 4285 Davidi
2826 4220 3175 4304 contigisse
3219 4219 3535 4298 videmus,
3580 4220 3690 4302 qui
3734 4221 3948 4301 figura
3991 4215 4263 4284 Domini

2318 4307 2526 4371 nostri
2586 4305 2739 4371 Iesu
2798 4305 3049 4372 Christi
3118 4305 3262 4387 fuit,
3329 4305 3443 4389 qui
3508 4326 3578 4371 se
3635 4305 3822 4370 nobis
3890 4303 4260 4386 exemplum

2318 4390 2707 4456 imitandum
2743 4392 3096 4475 proposuit.
3143 4391 3314 4457 Nam
3339 4392 3599 4476 singula
3635 4390 3946 4457 ecclesiae
3971 4389 4263 4454 membra

2319 4478 2444 4560 ipsi
2478 4486 2739 4560 oportet
2780 4479 3193 4544 conformari.
3241 4479 3522 4544 Interim
3572 4491 3789 4540 tamen
3826 4495 3955 4557 quo
4000 4476 4264 4559 gravio-

2319 4563 2501 4629 ribus
2547 4563 2717 4629 odiis
2760 4584 2882 4629 nos
2926 4565 3228 4630 insectati
3274 4564 3537 4642 fuerint,
3582 4582 3657 4625 eo
3691 4563 3901 4626 maior
3927 4582 4076 4644 spes
4121 4582 4264 4627 esse

2320 4659 2549 4715 nostra
2592 4648 2799 4729 debet,
2844 4650 3062 4715 Deum
3107 4652 3316 4715 nostri
3360 4650 3803 4713 miserturum.
3866 4646 3980 4714 Sic
4022 4647 4261 4726 David,

2320 4757 2396 4801 eo
2438 4754 2636 4818 quem
2674 4733 2959 4800 diximus
2994 4735 3152 4815 loco,
3197 4755 3338 4800 sese
3368 4733 3686 4799 adversus
3721 4734 4118 4800 tentationes
4140 4732 4264 4799 hac

2320 4842 2434 4904 spe
2495 4820 2747 4900 munit,
2814 4821 2953 4886 fore
3019 4821 3330 4886 nimirum
3388 4829 3465 4884 ut
3521 4839 3649 4901 quo
3716 4822 3969 4888 maiora
4024 4820 4267 4885 fuerint

2322 4907 2613 4973 hostium
2670 4906 2879 4991 ipsius
2928 4908 2999 4971 in
3045 4929 3114 4972 se
3158 4905 3324 4985 odia,
3384 4925 3511 4988 quo
3555 4907 3768 4972 maior
3810 4911 4108 5000 ipsorum
4148 4905 4272 4982 vis,

2321 5013 2398 5058 eo
2457 4992 2670 5058 maius
2736 4991 2862 5058 Dei
2919 4992 3236 5057 auxilium
3300 4991 3695 5075 experiatur.
3860 5011 4026 5070 nare
4069 4987 4283 5050 danda

2321 5078 2538 5143 omnis
2580 5099 2797 5162 opera,
2840 5092 2917 5145 ut
2939 5099 3153 5142 coram
3184 5079 3326 5142 Deo
3372 5089 3591 5142 rectae
3611 5077 4088 5171 consa-‘entiae
4113 5070 4297 5132 testi-

2322 5168 2617 5229 monium
2679 5164 3078 5230 adferamus:
3136 5176 3202 5228 et
3260 5180 3389 5246 quo
3432 5164 3645 5230 maior
3711 5172 4066 5278 husffinm
4097 5149 4315 5212 ⁹35⁹*
