5059 6059
861 313 1000 382 687

868 502 967 569 hil
1025 501 1374 582 desideres,
1433 504 1503 566 et
1565 500 1915 568 videantur
2017 499 2243 568 erfecti
2297 507 2366 566 et
2423 498 2680 585 angelis
2732 500 2819 564 si-

872 589 1094 655 miles:
1141 608 1306 671 quos
1348 586 1584 653 deinde
1626 586 1735 653 vel
1782 608 1978 671 super
2021 588 2089 653 ia
2129 594 2453 666 excaecat,
2513 585 2623 651 vel
2662 605 2819 653 ava·

875 675 1033 742 ritia
1086 682 1497 740 transversos
1552 672 1708 758 agit,
1764 684 1881 739 aut
1933 672 2063 738 alia
2105 673 2267 739 vitia
2309 673 2404 739 sic
2446 673 2820 751 immutant,

877 770 954 827 ιιι
1018 759 1144 826 sibi
1207 758 1467 842 quidvis
1530 758 1728 826 licere
1791 758 2212 839 arbitrentur,
2278 767 2347 825 et
2412 779 2497 824 ex
2550 756 2823 823 libidine

880 866 1000 913 sua
1063 843 1360 912 subditos
1425 865 1676 930 regere,
1742 843 1915 929 quod
1980 844 2062 911 ad
2123 854 2382 927 tempus
2425 843 2592 909 bene
2635 862 2707 910 se
2749 844 2822 908 in

871 931 1091 999 officio
1135 930 1482 1016 gesserint.
1570 930 1755 997 Idem
1805 928 1997 998 Sauli
2039 930 2337 1015 contigit,
2397 950 2593 1013 quem
2637 927 2824 995 initio

878 1019 1065 1102 regni
1121 1018 1226 1082 sui
1282 1016 1583 1084 videmus
1641 1017 1855 1084 virum
1910 1017 2233 1101 optimum
2281 1026 2346 1081 et
2389 1014 2822 1082 moderatissi-

877 1125 1059 1170 mum
1128 1103 1345 1182 fuisse,
1411 1111 1479 1169 et
1542 1104 1708 1169 miro
1767 1103 1956 1169 modo
2013 1103 2397 1168 modestiam
2459 1102 2822 1179 simulasse,

872 1209 1046 1274 quae
1102 1188 1367 1254 tandem
1424 1190 1494 1254 in
1551 1188 1972 1273 tyrannidem
2029 1188 2241 1253 desiit.
2330 1187 2516 1254 Idem
2571 1186 2652 1252 de
2695 1187 2823 1252 Ne·

880 1297 1040 1342 rone
1085 1283 1413 1341 testantur
1454 1274 1786 1355 historiae,
1844 1294 1980 1340 non
2023 1274 2224 1340 fuisse
2265 1273 2443 1340 inter
2484 1274 2823 1338 Romanos

878 1363 1309 1445 imperatores
1365 1360 1557 1426 initio
1611 1381 1836 1445 parem
1881 1360 2131 1426 Neroni
2176 1359 2578 1438 fortitudine,
2634 1379 2818 1442 mag·

880 1448 1290 1526 nanimitate,
1355 1454 1421 1512 et
1462 1446 1610 1512 aliis
1652 1445 2041 1512 virtutibus:
2109 1453 2183 1511 ut
2229 1445 2567 1511 videretur
2609 1445 2822 1511 omnis

881 1533 1285 1618 integritatis
1328 1540 1394 1598 et
1435 1532 1846 1600 innocentiae
1887 1532 2240 1614 exemplar.
2330 1530 2464 1598 Sed
2501 1540 2819 1613 quantum

877 1620 1079 1685 fuerit
1138 1620 1544 1698 immutatus,
1616 1618 1813 1683 fidem
1880 1617 2037 1683 facit
2101 1617 2409 1684 immanis
2471 1616 2653 1682 illius
2721 1628 2821 1700 ty·

878 1707 1108 1771 rannis
1166 1712 1230 1769 et
1274 1704 1568 1784 saevitia,
1635 1713 1709 1769 ut
1753 1725 1963 1788 neque
2005 1704 2406 1782 necessariis,
2447 1723 2679 1787 *neque
2722 1702 2823 1766 fa·

877 1788 1266 1868 miliaribus,
1328 1810 1538 1873 neque
1594 1790 1788 1855 matri
1844 1790 1973 1874 ipsi
2016 1811 2175 1855 suae
2217 1789 2601 1873 pepercerit.
2689 1788 2822 1853 No-

878 1887 989 1942 tae
1044 1883 1200 1942 sunt
1254 1876 1433 1941 illius
1489 1875 1853 1942 horrendae
1911 1874 2231 1956 libidines,
2306 1886 2458 1940 nota
2515 1873 2825 1939 immanis

880 1962 1189 2046 profusio,
1265 1961 1556 2046 rapinae,
1627 1963 2105 2042 concussiones,
2170 1961 2550 2028 vexationes
2606 1958 2827 2025 subdi-

878 2064 1117 2114 torum.
1205 2047 1509 2130 Denique
1552 2068 1708 2112 vere
1752 2068 1994 2132 gurges
2039 2067 2115 2114 ac
2154 2068 2399 2131 vorago
2435 2046 2717 2129 imperii,
2760 2053 2825 2110 et

877 2134 1096 2220 potius
1171 2132 1445 2198 daemon
1516 2134 2019 2216 impurissimus,
2079 2155 2273 2217 quam
2338 2133 2552 2197 homo.
2641 2131 2824 2198 Alios

877 2241 1035 2286 vero
1102 2220 1322 2286 videas
1388 2218 1655 2302 quidem
1720 2221 1794 2284 in
1860 2227 2195 2285 senectute
2261 2219 2620 2301 prudenter
2684 2238 2823 2282 rem

879 2306 1206 2391 publicam
1293 2303 1855 2372 administrantes:
1947 2305 2062 2372 sed
2149 2324 2432 2388 quorum
2510 2304 2825 2370 iuventus

883 2391 1108 2458 multis
1166 2398 1413 2457 temere
1475 2403 1543 2456 et
1599 2390 2078 2457 inconsiderate
2123 2390 2329 2471 factis,
2387 2400 2504 2455 aut
2545 2389 2825 2456 crudeli-

885 2485 1038 2557 tate,
1112 2485 1228 2542 aut
1281 2478 1577 2555 avaritia,
1650 2484 1764 2541 aut
1821 2476 1967 2543 aliis
2023 2476 2392 2542 istiusmodi
2450 2474 2825 2541 excessibus

884 2564 1103 2628 fuerat
1171 2560 1456 2628 infamis.
1544 2562 1988 2648 Conspicuam
2053 2562 2234 2628 istud
2298 2569 2401 2629 est
2460 2560 2821 2626 multorum

883 2649 1298 2733 profanorum
1346 2649 1683 2731 exemplis,
1727 2648 1842 2732 qui
1884 2650 1956 2713 in
1998 2657 2332 2715 senectute
2375 2657 2627 2712 tantam
2665 2667 2824 2712 suae

888 2733 1474 2800 administrationis
1529 2734 1792 2800 laudem
1836 2744 1992 2801 sunt
2033 2734 2383 2818 assequuti,
2439 2743 2511 2798 ut
2556 2733 2668 2817 qui
2711 2752 2824 2798 eos

885 2820 1129 2885 imitati
1171 2829 1345 2898 sunt,
1389 2841 1523 2885 non
1567 2841 1838 2903 parvam
1882 2821 2157 2904 gloriam
2201 2818 2622 2902 reportarint,
2673 2819 2826 2884 licet

885 2918 1106 2972 tamen
1165 2906 1473 2972 iuventus
1529 2906 1827 2989 ipsorum
1873 2928 2006 2972 non
2050 2906 2212 2972 adeo
2256 2906 2451 2972 fuerit
2494 2925 2824 2970 commen·

883 2991 1138 3070 dabilis,
1197 2991 1310 3059 sed
1371 3000 1489 3057 aut
1545 2991 1951 3069 crudelitate,
2012 3001 2127 3058 aut
2168 2993 2463 3070 avaritia,
2523 3000 2641 3056 aut
2685 2991 2823 3055 libi·

886 3078 1164 3155 dinibus,
1245 3086 1363 3142 aut
1419 3078 1566 3143 aliis
1625 3078 1996 3144 istiusmodi
2059 3078 2423 3144 iuventutis
2483 3076 2826 3143 affectibus

883 3174 1333 3247 conspurcata.
1425 3162 1649 3243 Quare
1692 3171 1875 3230 tanto
1912 3164 2293 3248 diligentius
2330 3162 2661 3229 Samuelis
2697 3162 2826 3227 ista

883 3250 1268 3333 protest-atio
1310 3249 1801 3330 consideranda,
1844 3271 2080 3334 nempe
2124 3270 2194 3316 se
2242 3270 2281 3315 a
2323 3250 2667 3315 iuventute
2708 3269 2826 3313 sua

883 3357 1086 3420 usque
1141 3334 1227 3400 ad
1282 3334 1453 3400 diem
1514 3335 1702 3400 illum
1759 3356 1886 3419 quo
1942 3334 2114 3419 apud
2167 3337 2345 3419 ipsos
2402 3334 2607 3399 verba
2651 3334 2825 3411 facit,

882 3421 1128 3487 nemini
1165 3420 1418 3487 dedisse
1451 3421 1693 3486 iustam
1730 3420 1810 3487 de
1832 3442 1903 3487 se
1924 3420 2362 3505 conquerendi
2384 3421 2822 3486 occasionem:

883 3507 1001 3573 sed
1047 3529 1164 3590 pro
1209 3507 1383 3572 virili
1418 3507 1642 3590 populi
1678 3507 2031 3573 commodis
2066 3515 2135 3572 et
2169 3507 2439 3572 utilitati
2476 3504 2823 3585 studuisse,

884 3604 953 3657 et
1008 3613 1347 3676 nunquam
1387 3592 1610 3659 oculos
1654 3593 1735 3659 ab
1778 3593 1981 3676 ipsius
2024 3593 2214 3659 malis
2258 3592 2593 3658 avertisse.
2680 3592 2825 3657 Iam

884 3699 1039 3744 vero
1083 3699 1153 3744 se
1209 3679 1456 3743 factum
1500 3699 1721 3744 senem
1768 3701 1910 3746 esse
1954 3688 2023 3744 et
2079 3678 2414 3753 caducum,
2475 3687 2544 3743 et
2587 3678 2826 3743 nihilo-

886 3765 1107 3829 minus
1166 3784 1237 3829 se
1294 3765 1366 3828 in
1425 3784 1504 3830 ea
1546 3765 1886 3831 vocatione
1930 3767 2014 3831 ad
2057 3785 2256 3848 quam
2302 3785 2342 3829 a
2385 3763 2672 3829 Domino
2718 3784 2826 3829 vo-

886 3857 1077 3916 catus
1133 3849 1353 3915 fuerat
1405 3849 1532 3932 ipsi
1575 3852 1824 3918 servire
1865 3852 2231 3935 perrexisse
2276 3850 2598 3915 inoffenso
2643 3848 2824 3933 pede,

887 3943 963 3999 ut
1016 3955 1207 4000 nemo
1264 3936 1407 4000 iure
1462 3937 1670 4020 possit
1726 3936 1807 4002 de
1862 3938 2034 4002 facta
2089 3936 2212 4002 sibi
2272 3937 2352 4003 ab
2396 3937 2537 4020 ipso
2580 3936 2827 4001 iniuria

890 4027 1008 4087 aut
1050 4020 1234 4085 illata
1276 4022 1670 4089 contumelia
1712 4024 2039 4106 conqueri.

1063 4107 1153 4172 Et
1215 4106 1532 4173 hactenus
1596 4107 1678 4174 de
1744 4108 2085 4175 Samuele:
2153 4106 2451 4190 sequitur
2516 4104 2826 4191 deinceps

888 4192 1111 4277 populi
1168 4213 1578 4276 responsum:
1644 4215 1895 4278 nempe,
1951 4215 2022 4259 se
2077 4194 2244 4258 nihil
2302 4193 2370 4257 in
2416 4195 2561 4276 ipso
2606 4214 2826 4276 repre·

887 4279 1207 4346 honsione
1265 4279 1544 4363 dignum
1603 4279 2163 4346 animadvertisse.
2264 4280 2433 4343 'l'um
2498 4277 2827 4345 Samuelis

888 4365 1184 4449 exceptio
1249 4364 1355 4431 his
1411 4366 1669 4433 verbis:
1741 4367 1943 4433 Testis
2003 4364 2239 4432 Iehova
2302 4370 2518 4432 contra
2580 4386 2705 4445 vos,
2771 4370 2830 4430 et

885 4452 1063 4517 testis
1102 4456 1158 4516 et
1197 4456 1421 4518 unctus
1460 4452 1601 4518 eius
1634 4452 1829 4531 hodie,
1873 4472 1981 4517 vos
2022 4473 2146 4516 non
2180 4451 2495 4517 invenisse
2527 4451 2600 4516 in
2632 4472 2829 4517 manu

884 4557 1024 4603 mea
1064 4538 1428 4619 quidquam.
1517 4542 1616 4604 Ac
1659 4537 1949 4603 vicissim
1993 4538 2215 4621 populi
2260 4538 2628 4619 responsio:
2680 4539 2825 4603 Tes-

885 4624 972 4689 tis
1026 4629 1134 4689 est.
1224 4622 1484 4705 Quibus
1544 4645 1702 4689 sane
1760 4624 1981 4689 verbis
2035 4643 2221 4689 suam
2285 4623 2829 4708 ingratitudinem

888 4718 957 4774 et
1016 4708 1379 4791 perfidiam,
1442 4729 1661 4775 coram
1726 4708 1976 4775 Iehova
2039 4718 2109 4774 et
2174 4729 2328 4794 rege
2393 4709 2826 4790 confitentur;

887 4794 1059 4877 quod
1122 4805 1259 4859 tam
1322 4793 1717 4861 laudabilem
1764 4794 2091 4862 Samuelis
2133 4795 2680 4880 gubernationem
2724 4817 2827 4859 re-

890 4890 1253 4946 cusassent.
1336 4880 1545 4946 Porro
1611 4902 1814 4964 quum
1875 4880 2146 4947 Samuel
2214 4891 2446 4947 testem
2505 4881 2828 4947 Iehovam

889 4973 1114 5031 contra
1165 4967 1480 5050 populum
1541 4978 1750 5047 vocat,
1818 4988 2231 5051 nequaquam
2300 4966 2435 5032 ulla
2499 4968 2827 5033 vindictae

889 5051 1244 5133 cupiditate
1308 5051 1579 5118 ductum
1637 5053 1859 5130 fuisse,
1926 5063 2001 5118 ut
2055 5054 2228 5118 infra
2293 5053 2642 5131 videbitur,
2687 5073 2826 5118 cer·

891 5144 1033 5201 tum
1092 5146 1222 5203 est:
1282 5139 1395 5204 sed
1453 5140 1670 5223 potius
1716 5139 1844 5205 Dei
1886 5140 2129 5223 gloriae
2197 5148 2263 5205 et
2305 5139 2522 5205 cultus
2566 5160 2825 5223 promo-

889 5222 1087 5287 vendi
1147 5223 1364 5289 studio
1420 5225 1796 5310 impulsum,
1854 5233 1929 5292 ιιι
1990 5225 2273 5311 populus
2328 5246 2513 5290 suam
2561 5225 2822 5310 culpam

2548 309 2964 378 HOMILIA
3004 308 3195 376 XLI.
4102 300 4123 331 ⁸
4684 319 4769 386 688

2921 519 3279 584 agnoscens
3343 518 3562 565 coram
3628 500 3773 566 Deo
3841 499 4315 578 humiliaretur,
4397 510 4463 569 et
4518 514 4771 584 peccatam

2921 605 3118 652 suum
3162 585 3613 652 detestaretur.
3673 586 3865 662 Nam,
3909 598 3986 651 ιιι
4028 588 4120 651 ait
4163 587 4503 670 apostolus,
4544 588 4774 659 debemus

2922 692 3056 737 non
3093 682 3351 737 tantum
3386 692 3604 737 coram
3645 673 3786 737 Dec
3824 674 4065 739 bonum
4102 693 4472 755 procurare,
4511 675 4609 739 sed
4638 677 4775 743 otiam

2923 777 3142 824 coram
3200 758 3593 837 hominibus,
3648 780 3783 823 non
3839 759 4109 842 gloriam
4171 771 4460 825 nostram
4498 774 4558 824 et
4604 760 4774 827 famam

2925 844 3093 909 tueri
3154 845 3511 927 cupientes,
3576 842 3687 908 sed
3751 844 4016 909 virtutis
4073 865 4313 910 amore.
4406 845 4563 911 Nam
4614 862 4777 913 contra

2923 928 3242 995 adversus
3297 948 3716 1012 quascunque
3775 930 4160 996 afflictiones
4222 929 4525 996 debemus
4578 952 4777 1016 praepa·

2924 1015 3076 1094 rari,
3113 1024 3180 1079 et
3217 1014 3557 1080 hominum
3593 1015 3954 1081 calumnias
3990 1030 4442 1082 contemnere:
4483 1016 4585 1082 sed
4616 1038 4776 1084 eorum

2922 1100 3229 1185 inprimis
3289 1102 3354 1166 in
3415 1121 3577 1184 quos
3633 1104 3921 1167 maxime
3977 1102 4249 1168 benefici
4294 1103 4622 1168 fuerimus:
4670 1107 4779 1169 adso

2923 1196 3001 1252 ut
3057 1185 3391 1252 moderato
3452 1188 3671 1251 animo
3715 1190 4005 1270 ipsorum
4059 1188 4485 1254 contumelias
4525 1189 4783 1254 absorbes·

2924 1293 3091 1338 mus.
3139 1272 3487 1338 Caeterum
3532 1293 3947 1356 summopere
3982 1275 4348 1339 cavendum
4396 1295 4476 1339 ne
4516 1275 4611 1339 cui
4639 1277 4783 1341 simus

2922 1358 3336 1437 offendiculo,
3378 1357 3493 1424 sed
3537 1379 3655 1442 pro
3701 1360 3952 1425 viribus
3999 1362 4090 1424 ita
4136 1361 4334 1424 vitam
4380 1380 4781 1443 componamus,

2922 1452 3001 1509 ιιι
3065 1443 3146 1509 de
3212 1445 3396 1510 nobis
3467 1445 3635 1510 male
3714 1445 4044 1529 cogitandi
4125 1466 4385 1511 omnem
4467 1449 4785 1511 occasionem

2923 1530 3254 1596 tollamus.
3336 1530 3428 1595 Et
3473 1531 3594 1596 hoc
3639 1530 3724 1595 D.
3769 1531 3960 1597 Pauli
4006 1546 4426 1615 praeceptum
4471 1543 4580 1612 est,
4618 1533 4705 1613 qui
4734 1533 4785 1594 do

2923 1637 2995 1682 se
3037 1616 3181 1699 ipso
3226 1616 3503 1700 loquens
3546 1616 3655 1698 ait,
3718 1638 3806 1696 se,
3867 1617 4018 1683 licet
4074 1637 4410 1700 nunquam
4457 1638 4497 1682 a
4536 1632 4686 1682 recta
4716 1620 4788 1681 via

2923 1701 3282 1779 deflexerit,
3366 1714 3583 1767 tamen
3664 1703 3745 1767 ab
3826 1702 4199 1769 hominibus
4266 1706 4467 1769 fuisse
4534 1705 4787 1767 reiectum.

2924 1787 3061 1855 Sed
3105 1809 3174 1854 se
3218 1787 3645 1852 nihilominus
3679 1788 3962 1854 fideliter
4005 1791 4075 1855 in
4112 1792 4450 1855 vocatione
4484 1790 4788 1872 perrexisse,

2923 1882 2992 1938 et
3049 1873 3377 1957 quaslibet
3430 1873 3865 1941 contumelias
3924 1887 3991 1940 et
4050 1878 4325 1941 iniurias
4369 1876 4559 1957 parvi
4599 1875 4786 1940 fecisse:

2924 1979 3001 2025 ac
3065 1960 3343 2025 salutem
3410 1970 3477 2024 et
3540 1960 3893 2026 utilitatem
3954 1963 4244 2026 omnium
4312 1981 4531 2027 coram
4584 1958 4703 2024 Dec
4748 1972 4788 2024 st

2925 2045 3301 2111 hominibus
3345 2046 3764 2129 quaesivisse,
3811 2067 3886 2113 ac
3929 2048 4344 2113 innocentiae
4388 2059 4454 2111 et
4499 2045 4787 2130 integritati

2924 2131 3276 2211 studuisse,
3320 2143 3396 2196 ut
3437 2133 3579 2196 sine
3623 2134 3895 2197 crimine
3936 2133 4142 2199 vitam
4182 2146 4428 2217 ageret,
4474 2144 4540 2197 et
4568 2133 4640 2197 ab
4670 2130 4791 2195 omni

2926 2217 3217 2283 criminis
3282 2217 3653 2299 suspicione
3718 2218 3882 2284 liber
3946 2234 4139 2300 esset,
4205 2239 4280 2285 ac
4336 2239 4460 2284 suo
4512 2218 4792 2282 ministerio

2925 2303 3244 2368 intactam
3299 2312 3368 2367 et
3403 2304 3721 2368 illibatam
3769 2305 4159 2388 dignitatem
4205 2320 4535 2369 servaret:
4591 2325 4661 2368 ne
4697 2303 4791 2385 quis

2926 2387 3195 2454 auderet
3255 2388 3353 2453 illi
3411 2389 3762 2472 quidquam
3807 2392 4101 2458 obiicere.
4191 2391 4449 2456 Paulus
4491 2392 4691 2472 itaque
4722 2387 4792 2452 ad·

2927 2495 3162 2540 versus
3205 2495 3430 2541 omnes
3463 2477 3893 2541 contumelias
3929 2498 4162 2561 puram
4199 2490 4267 2540 et
4304 2477 4623 2542 sinceram
4654 2476 4792 2539 vitan

2930 2560 3164 2626 ducere
3221 2560 3501 2641 studuit3
3561 2562 4107 2645 quemadmodum
4176 2576 4243 2626 et
4301 2565 4667 2628 Samuelem
4719 2560 4797 2623 bct

2929 2645 3072 2712 loco
3133 2647 3340 2713 facere
3402 2647 3717 2712 videmus.
3783 2646 4041 2714 Idcirco
4085 2647 4304 2714 Deum
4367 2662 4599 2713 testem
4638 2660 4797 2713 centn

2929 2732 3243 2816 populum
3310 2732 3674 2811 advocavit,
3755 2755 3887 2799 non
3957 2747 4028 2799 ut
4094 2735 4177 2800 ab
4240 2738 4388 2817 ipso
4457 2733 4707 2817 populus
4750 2728 4797 2793 dt

2929 2817 3404 2903 ingratitudine
3447 2828 3515 2883 et
3559 2820 3808 2885 malitia
3866 2841 4123 2886 summo
4166 2823 4308 2885 iure
4352 2822 4682 2902 puniatur:
4727 2814 4796 2880 sed

2931 2916 3005 2968 ut
3060 2905 3344 2988 populus
3402 2905 3802 2984 humilietur,
3859 2918 3929 2971 et
3985 2908 4125 2988 ipsc
4182 2928 4374 2972 suam
4436 2903 4797 2971 innocentiam

2929 3000 2996 3055 et
3051 2991 3500 3074 integritatem
3558 2990 3875 3057 adversus
3918 2991 4214 3057 omnium
4259 2993 4678 3057 contumelias
4713 3009 4798 3052 sar·

2930 3087 3062 3140 tam
3130 3086 3368 3142 tectam
3433 3087 3809 3143 conservet:
3875 3091 4075 3161 atque
4141 3090 4215 3143 ut
4278 3100 4402 3143 sua
4470 3073 4799 3144 conversatio

2929 3161 3209 3244 posteris
3267 3163 3353 3226 sit
3396 3164 3715 3245 exemplo,
3776 3183 3858 3228 ne
3902 3166 4025 3229 sibi
4069 3163 4332 3247 quidvis
4379 3167 4731 3247 permittant
4762 3170 4800 3221 et

2930 3248 3125 3313 licere
3205 3249 3625 3328 arbitrentur,
3713 3249 3885 3331 quod
3975 3251 4055 3315 ad
4147 3251 4397 3334 regiam
4494 3249 4800 3333 dignitatem

2927 3333 3138 3400 evecti
3182 3335 3335 3399 sint.
3397 3333 3812 3418 Quapropter
3856 3334 4075 3401 Deum
4122 3350 4468 3402 anteactae
4515 3338 4674 3401 vitae
4700 3350 4801 3396 suae

2928 3429 3159 3486 testem
3206 3421 3517 3498 advocat:
3577 3432 3655 3485 ut
3698 3422 3975 3504 populus
4034 3421 4116 3486 ad
4157 3443 4315 3489 suae
4375 3416 4801 3510 ingratitudinis

2926 3506 3363 3589 cognitionem
3442 3507 3894 3586 adduceretur,
3979 3518 4045 3571 et
4121 3508 4555 3573 nihilominus
4628 3530 4662 3570 a
4725 3503 4803 3568 Dm

2927 3592 3373 3658 misericordia
3408 3592 3713 3675 deinceps
3734 3614 4078 3677 prosperos
4112 3614 4457 3660 successus
4503 3602 4803 3676 exspectare

2928 3676 3306 3744 doceretur:
3388 3691 3463 3743 ut
3528 3680 3655 3743 Dei
3721 3680 3973 3746 cultum
4041 3694 4108 3743 et
4180 3680 4505 3745 honorem
4572 3678 4802 3755 deinceps

2928 3785 3046 3848 pro
3093 3764 3338 3830 viribus
3381 3765 3451 3829 in
3487 3765 3666 3830 omni
3708 3765 4077 3831 obedientia
4119 3787 4497 3852 propagare
4538 3763 4789 3831 studeret.

3100 3847 3235 3917 Sed
3277 3851 3410 3916 iam
3455 3852 3632 3935 agite
3674 3852 3928 3932 fratres,
3973 3858 4077 3918 etc.

3511 4195 4010 4277 HOMILIA
4056 4194 4274 4277 XLI.

3104 4366 3163 4431 6.
3212 4364 3302 4429 Et
3365 4366 3458 4433 ait
3515 4363 3772 4430 Samuel
3835 4366 3920 4431 ad
3975 4366 4312 4448 populum:
4380 4365 4685 4432 Dominus
4731 4357 4805 4441 qvi

2930 4451 3077 4535 fecit
3134 4450 3356 4516 Mosen
3421 4457 3477 4517 et
3545 4454 3860 4518 Aaronem
3878 4504 3893 4527 .
3959 4457 4016 4518 et
4078 4453 4295 4517 eduxit
4350 4458 4576 4534 patres
4633 4452 4804 4542 nostre&

2932 4538 3007 4603 de
3071 4543 3239 4604 terra
3296 4538 3592 4621 Aeyypti.
3685 4537 3742 4603 7.
3808 4537 3998 4604 Nunc
4057 4558 4199 4622 erqo
4252 4543 4427 4618 state,
4514 4544 4583 4604 ut
4634 4533 4802 4601 isdem

2933 4625 3295 4690 contendam
3353 4625 3684 4689 adversum
3741 4644 3847 4689 vos
3905 4645 4111 4690 coram
4158 4623 4432 4691 Domino
4474 4625 4553 4690 de
4590 4617 4803 4690 omnib&

2932 4710 3387 4775 misericordiis
3449 4709 3732 4786 Domini,
3800 4730 3963 4791 quas
4015 4710 4161 4791 fecit
4237 4709 4554 4776 vobiscum
4613 4715 4663 4773 et
4710 4718 4803 4769 aa·

2920 4795 3220 4880 pambus
3285 4796 3528 4861 vestris.
3616 4796 3674 4862 8.
3749 4797 4061 4878 Quomodo
4128 4795 4320 4861 Iacob
4384 4797 4695 4879 inyressus
4741 4790 4800 4851 δέ

2932 4883 3307 4966 Aegyptum,
3352 4888 3409 4947 et
3449 4882 3870 4947 clamaverunt
3902 4889 4120 4965 patres
4151 4884 4348 4947 vestri
4390 4884 4479 4948 ad
4512 4881 4803 4947 Dominus,

2931 4973 2990 5032 et
3031 4968 3207 5033 misit
3251 4968 3567 5033 Dominus
3611 4967 3878 5050 Moysen
3919 4974 3976 5034 et
4020 4970 4264 5045 Aaron,
4309 4973 4365 5034 et
4406 4968 4615 5033 eduxit
4643 4966 4803 5046 paim

2929 5058 3161 5119 vestros
3237 5055 3310 5118 de
3374 5056 3674 5137 Aegypto,
3749 5059 3805 5118 et
3878 5054 4193 5121 collocavit
4255 5075 4355 5119 eos
4417 5056 4492 5118 in
4557 5055 4669 5119 1000
4718 5047 4801 5109 Μ·

2929 5140 2992 5204 9.
3055 5140 3181 5221 Qui
3235 5140 3407 5207 obliti
3460 5145 3607 5204 sunt
3660 5140 3925 5207 Domini
3968 5140 4096 5206 Dei
4151 5141 4278 5223 sui,
4337 5144 4395 5205 et
4447 5138 4695 5205 tradidit
4736 5146 4803 5224 ἐφ’

2929 5226 3001 5290 in
3067 5246 3299 5293 manus
3354 5225 3632 5303 Sisarae,
3702 5228 3992 5311 mayistri
4050 5227 4318 5293 militiae
4382 5224 4613 5303 Hasor,
4668 5224 4715 5284 d
4758 5231 4801 5277 ι·
