5059 6059
879 307 1010 376 595

886 521 1209 572 errorem:
1254 521 1331 570 ac
1374 500 1684 586 quidquid
1729 519 2037 587 magnum
2082 500 2266 567 66616
2309 499 2709 584 pollicemur,
2753 501 2822 568 id

891 589 1085 656 nobis
1127 590 1316 657 facile
1370 587 1721 672 perfecturi
1766 596 1831 653 et
1874 585 1957 652 ad
1998 586 2253 652 exitum
2296 587 2542 653 nostris
2574 587 2824 654 viribus

888 673 1272 759 perducturi
1343 673 1700 741 videamur.
1788 672 1965 738 Hine
2020 672 2403 756 plerumque
2457 671 2694 739 accidit
2749 683 2825 739 ut·

886 761 1083 827 multi
1118 761 1502 848 praecipites
1544 760 1614 825 in
1648 778 1769 825 sua
1803 758 1963 824 vitia
1997 766 2211 838 ruant,
2257 766 2326 825 et
2358 767 2584 838 contra
2617 777 2821 843 quum

898 845 1141 914 divinis
1200 847 1417 915 verbis
1475 843 1868 912 credendum
1928 853 2030 909 est
2085 853 2151 909 et
2195 846 2333 910 eius
2378 844 2632 925 virtuti,
2688 865 2822 910 non

897 931 1225 1018 possimus
1270 930 1685 1018 persuaderi,
1711 939 1777 997 et
1805 928 1978 995 ultro
2007 949 2080 995 ac
2128 930 2434 997 uiescere.
2492 929 2823 1011 Quamob-

891 1039 1035 1084 rem
1110 1039 1312 1104 quum
1382 1018 1449 1084 in
1508 1018 1710 1084 sacris
1754 1014 2047 1081 videmus
2157 1031 2307 1081 eum
2352 1014 2574 1082 multis
2616 1018 2825 1101 signis

884 1125 1009 1172 sua
1046 1105 1369 1188 promissa
1410 1106 1845 1182 confirmasse,
1887 1101 2131 1168 factum
2165 1101 2232 1166 id
2278 1117 2700 1183 agnoscamus
2743 1102 2823 1168 ob

886 1190 1193 1258 innatum
1231 1189 1403 1256 istud
1437 1189 1811 1256 hominibus
1829 1186 2307 1253 incredulitatis
2330 1187 2587 1253 vitium.
2632 1187 2823 1270 Quod

888 1293 1046 1344 vero
1112 1293 1247 1342 non
1310 1276 1652 1342 incurrant
1715 1273 1908 1339 hodie
1974 1273 2052 1339 ob
2119 1273 2343 1338 oculos
2405 1281 2660 1340 nostros
2724 1282 2823 1340 tot

884 1361 1080 1447 signa
1158 1370 1225 1427 et
1284 1361 1584 1446 symbola
1656 1359 2061 1425 divinarum·
2090 1358 2600 1442 promissionum
2665 1366 2823 1443 quot

885 1453 1047 1514 sunt
1090 1446 1244 1514 olim
1285 1447 1618 1514 veteribus
1660 1444 1879 1511 oblata
1919 1444 2086 1527 legis
2129 1453 2440 1528 tempore,
2500 1465 2584 1510 ne
2626 1461 2822 1532 prop-

879 1539 1064 1600 terea
1122 1541 1340 1598 tamen
1400 1532 1849 1600 existimemus
1891 1530 2108 1598 Deum
2171 1530 2357 1596 nobis
2414 1530 2655 1611 deesse,
2709 1540 2826 1595 aut

852 1618 1031 1684 ideo
1075 1618 1460 1684 deteriorem
1504 1637 1645 1683 esse
1688 1626 1978 1682 nostram
2024 1616 2497 1683 conditionem:
2537 1616 2824 1700 quando-

886 1700 1157 1788 quidem·
1192 1702 1386 1787 longe
1431 1703 1663 1769 melior
1704 1712 1770 1768 et
1812 1703 2156 1786 pretiosior
2199 1710 2300 1768 est
2343 1702 2548 1767 nostri
2584 1701 2820 1768 saeculi

862 1801 1078 1874 ‘quam
1119 1789 1238 1855 sub
1282 1787 1426 1875 lege
1471 1788 1627 1854 olim
1672 1789 1971 1856 conditio.
2031 1788 2203 1855 Nam
2247 1788 2317 1852 in
2361 1787 2514 1852 Iesu
2549 1786 2823 1853 Christo

877 1875 1072 1943 nobis
1106 1874 1371 1941 omnino
1414 1873 1953 1957 acquiescendum
1998 1885 2129 1940 est:
2177 1879 2245 1938 et
2284 1876 2532 1957 figuras
2573 1880 2643 1938 61
2682 1894 2823 1938 um-

877 1959 1035 2028 bras
1092 1982 1225 2027 non
1284 1959 1564 2046 amplius
1622 1958 2022 2044 expetendas
2081 1958 2440 2037 sciendum,
2499 1958 2820 2046 siquidem

880 2066 1118 2132 corpus
1172 2046 1391 2131 ipsum
1451 2055 1516 2111 et
1568 2047 1921 2113 veritatem
1986 2046 2054 2111 in
2121 2065 2401 2111 summa·
2429 2045 2822 2128 perfectione

879 2151 1103 2200 secum
1144 2131 1285 2216 ipse
1328 2130 1515 2197 nobis
1559 2132 1782 2199 attulit
1822 2131 2005 2198 Iesus
2051 2130 2376 2197 Christus.

1055 2216 1407 2285 Caeterum
1466 2218 1753 2303 primum
1811 2215 1984 2301 quod
2044 2214 2232 2284 Sauli
2281 2217 2546 2301 signum
2591 2235 2816 2282 oecur-

878 2322 1108 2372 surum
1172 2311 1331 2384 erat,
1389 2303 1514 2369 duo
1572 2304 1701 2369 viri
1759 2303 2068 2369 dicuntur
2110 2302 2372 2369 obviam
2416 2301 2511 2366 illi
2557 2302 2820 2367 venturi

878 2388 1058 2475 apud
1137 2389 1509 2474 sepulcrum
1574 2389 1884 2456 Rachelis
1959 2387 2029 2454 in
2108 2388 2390 2454 termino
2442 2387 2816 2453 Beniamini

876 2473 1083 2562 (quod
1119 2474 1431 2540 nimirum
1466 2475 1592 2539 fuit
1622 2475 1800 2540 inter
1832 2481 2072 2544 sortem
2110 2472 2488 2540 Beniamini
2522 2481 2588 2538 et
2621 2472 2817 2558 Iuda)

879 2562 996 2648 qui
1053 2559 1341 2626 referant
1403 2559 1708 2628 inventas
1742 2563 1958 2628 asinas
1998 2559 2204 2626 fuisse
2248 2578 2407 2643 quas
2450 2558 2813 2643 quaesitum

882 2645 1150 2725 abierat,
1209 2653 1591 2729 patremque
1652 2646 1732 2712 de
1795 2645 1937 2732 ipso
2001 2665 2144 2713 6666
2209 2644 2578 2713 sollicitum.
2680 2643 2816 2726 Qui

872 2749 1035 2799 vero
1106 2727 1374 2797 Samuel
1455 2731 1586 2798 ista
1665 2731 2021 2798 divinasset
2091 2731 2224 2796 nisi
2308 2729 2628 2795 divinitus
2689 2730 2813 2814 ipsi

874 2814 1169 2884 revelata
1212 2815 1533 2882 fuissent?
1589 2816 1820 2901 Itaque
1865 2816 2136 2884 Saulem
2182 2816 2623 2893 vehementer,
2669 2822 2812 2881 tan-

874 2922 1073 2987 quam
1119 2902 1377 2968 oraculo
1424 2901 1642 2972 divino
1684 2902 2057 2971 confirmari
2103 2900 2404 2986 oportuit,
2463 2921 2590 2984 quo
2627 2902 2813 2968 velut

872 2989 1019 3073 ipse
1078 2987 1262 3055 Deus
1318 2996 1534 3053 ratam
1588 2988 1868 3057 faciebat
1920 2988 2101 3062 illam
2164 2987 2244 3053 de
2302 3007 2506 3072 regno
2573 2986 2813 3070 adipis-

873 3072 1081 3143 cendo
1138 3073 1650 3157 promissionem.
1741 3074 1818 3142 Si
1860 3073 2031 3142 hano
2090 3074 2368 3159 gratiam
2411 3071 2614 3139 solam
2659 3091 2812 3140 con-

872 3166 1193 3245 sequutus
1236 3160 1486 3236 suisset,
1532 3170 1608 3225 ut
1650 3159 1815 3227 duos
1861 3161 2033 3226 viros
2091 3159 2454 3226 offenderet
2497 3180 2537 3224 a
2580 3159 2813 3243 quibus

874 3244 1142 3313 domum
1185 3243 1624 3323 reduceretur,
1667 3245 1892 3330 magni
1931 3265 2089 3314 6666
2122 3245 2420 3312 beneficii
2459 3244 2599 3310 1666
2637 3244 2814 3311 istud

868 3330 1114 3397 habere
1148 3329 1337 3396 illum
1374 3332 1791 3414 oportuisset:
1828 3331 1942 3397 sed
1977 3333 2268 3398 virorum
2290 3331 2568 3396 istorum
2592 3350 2813 3397 ooour·

872 3433 987 3484 666
1065 3416 1219 3482 finis
1296 3415 1402 3484 lon
1454 3438 1489 3482 6
1552 3417 1693 3486 fuit,
1744 3416 2163 3483 excellentior
2228 3424 2297 3483 et
2358 3418 2809 3501 praestantior,

872 3524 1025 3569 nem
1076 3523 1111 3568 e
1156 3522 1290 3568 non
1326 3501 1410 3567 du
1459 3501 1522 3567 ia
1554 3501 1929 3570 testificatio
1962 3502 2117 3580 fore,
2163 3511 2237 3567 61
2270 3501 2812 3585 quemadmodum

872 3587 976 3653 illi
1064 3607 1149 3653 uo
1208 3588 1331 3652 viri
1386 3587 1523 3672 ipsi‘
1557 3594 1974 3656 occurrerent
2027 3608 2109 3653 ex
2155 3586 2483 3654 Samuelis
2527 3588 2806 3664 oraculo,

874 3671 970 3737 ita
1012 3674 1085 3737 in
1129 3691 1198 3739 16
1248 3673 1374 3739 ‘am
1422 3673 1806 3757 dignitatem
1851 3674 2257 3739 eveheretur.
2326 3674 2551 3757 Digna
2593 3672 2810 3740 obser-

871 3758 1141 3824 vatione
1243 3758 1509 3825 octrina.
1598 3757 1769 3826 Nam
1829 3760 2125 3826 videmus
2181 3759 2507 3843 quomodo
2555 3758 2810 3824 161666

875 3844 1057 3909 omni
1115 3863 1274 3911 aevo
1331 3842 1631 3910 homines
1696 3843 1900 3927 signis
1958 3865 1998 3911 6
2056 3844 2200 3911 Deo
2254 3845 2567 3910 immissis
2624 3845 2811 3911 abusi

874 3927 1033 4005 sint,
1076 3949 1206 3993 non
1251 3941 1668 4013 assurgentes
1714 3943 1920 4015 usque
1963 3930 2043 3997 ad
2088 3930 2303 3996 Deum
2349 3951 2388 3994 a
2431 3949 2558 4013 quo
2600 3932 2808 3996 mitte·

850 4013 1130 4081 ‘banton
1173 4013 1391 4097 Atque
1434 4014 1628 4080 hodie
1670 4016 1908 4083 vitium
1953 4015 2128 4083 istud
2173 4016 2415 4100 passim
2458 4017 2527 4080 111
2565 4016 2809 4082 mundo

850 4099 1092 4167 ‘locum
1172 4099 1405 4165 habet:
1482 4099 1673 4182 Nam,
1750 4097 2035 4180 obsecro,
2112 4103 2258 4186 quis
2346 4101 2810 4167 animadvertit

846 4185 1192 4252 ‘miracula
1236 4184 1469 4269 quibus
1512 4186 1637 4253 1166
1681 4189 1935 4256 saeculo
1979 4189 2163 4253 Deus
2208 4186 2534 4272 evangelii
2578 4187 2811 4254 doctri-

875 4290 1033 4338 nam
1092 4269 1494 4338 illustravit?
1522 4285 1537 4294 ’
1584 4273 1823 4339 Annon
1879 4275 2097 4358 potius
2155 4273 2229 4338 in'
2280 4274 2808 4356 superstitionem

871 4364 942 4422 et
984 4356 1448 4426 idolomaniam
1493 4379 1681 4424 versa
1724 4369 1881 4424 sunt
1922 4360 2001 4425 ab
2046 4358 2550 4443 impostoribus?
2636 4359 2807 4425 Nam

916 4462 1075 4509 uum
1142 4442 1223 4507 de
1287 4441 1623 4509 miraculis
1687 4446 1905 4528 agitur
1971 4446 2038 4509 in
2106 4454 2364 4529 papatu,
2439 4465 2666 4509 nonne
2736 4446 2806 4510 in

868 4527 893 4594 i
942 4527 1276 4595 ololatriae
1320 4529 1881 4595 confirmationem
1927 4530 2299 4607 trahuntur,
2356 4539 2435 4594 ut
2477 4532 2692 4614 magis
2733 4551 2809 4596 ao

866 4614 1083 4700 magis
1141 4612 1438 4681 homines
1482 4613 1894 4692 indurentur,
1949 4626 2016 4681 et
2056 4617 2126 4684 in
2171 4617 2580 4700 ignorantiae
2623 4625 2806 4682 1666-

870 4697 1024 4766 bras
1103 4697 1433 4765 densiores
1513 4701 1989 4768 involvantur?
2075 4702 2519 4767 Nihilominus
2584 4709 2807 4768 tamen

869 4785 1190 4852 miracula
1234 4784 1361 4851 Dei
1430 4787 1741 4852 virtutem
1804 4797 1867 4853 et
1932 4789 2284 4871 potentiam
2355 4788 2807 4872 testificantur,

866 4879 949 4936 ut
983 4883 1161 4938 certa
1194 4871 1432 4938 fiducia
1468 4872 1877 4958 evangelium
1916 4873 1995 4939 ab
2032 4872 2402 4940 hominibus
2433 4874 2805 4957 recipiatur.

866 4953 1007 5022 Sed
1066 4957 1138 5022 in
1197 4958 1618 5032 contrarium,
1678 4966 1755 5023 ut
1812 4957 1970 5036 dixi,
2028 4961 2226 5024 finem
2282 4959 2399 5025 illa
2441 4960 2663 5025 miseri
2709 4959 2808 5025 1111

871 5040 1265 5126 impostores
1309 5043 1605 5128 papistici
1653 5044 1945 5110 trahunt.
2005 5046 2220 5110 'Panto
2264 5047 2481 5128 116666
2527 5046 2806 5129 diiigen-

872 5127 1009 5193 1166
1075 5126 1257 5193 66616
1326 5127 1620 5194 doctrina
1687 5128 1848 5196 haee
1913 5130 2321 5197 observanda
2366 5143 2483 5210 est,
2559 5141 2806 5214 quanto

864 5211 1080 5279 maior
1122 5224 1218 5279 est
1261 5213 1602 5281 hominum
1649 5215 1718 5280 in
1764 5225 1938 5283 recto
1995 5217 2332 5302 signorum
2378 5237 2499 5283 666
2542 5217 2803 5303 dignos-

2490 307 2901 379 HOMILIA
2945 311 3250 381 XXXII.

2891 2125 3335 2211 -condonavit,
3394 2151 3526 2196 non
3579 2130 3728 2196 ideo
3779 2129 4122 2195 tamenin-

4676 321 4898 387 596¹

2926 502 3132 568 sendo
3186 503 3565 587 stupiditas:
3619 519 3874 587 nempe,
3927 510 4002 568 61
4059 521 4262 586 quum
4303 504 4496 587 signa
4533 506 4775 587 quaedam

2925 587 3109 656 Deus
3167 597 3323 656 ante
3375 602 3634 656 nostros
3691 586 3908 656 6611166
3949 588 4380 672 6666611666
4419 609 4546 656 nen
4585 600 4774 659 1611111111

2923 673 3358 755 admiremur-,³
3405 673 3657 758 Deiq'ue
3719 674 4074 758 6616611616
4139 681 4212 739 61
4261 673 4568 740 virtutem
4613 678 4776 744 adore·
4897 697 4898 702 ’

2922 782 3071 914 {²5:¹5
3113 780 3891 931 §xsffasszffilff‘m-
3718 759 4272 912 ⁸⁰³⁶⁰ffi3132¹¹33
4297 761 4782 913 361113.

3480 893 3495 927 2

2926 951 3107 997 mus:
3152 931 3403 999 Verum
3448 933 3644 1000 etiam
3686 940 3754 997 et
3793 930 4057 1015 quidem
4100 932 4176 995 in
4259 929 4446 996 rimis
4477 931 4648 1014 signa
4673 952 4783 999 oum

2925 1017 3124 1084 verbo
3167 1019 3372 1102 ipsius
3414 1017 3900 1101 ooniungamue.
3961 1015 4217 1097 Quamo
4331 1037 4398 1080 m
4441 1016 4606 1101 signi
4633 1017 4786 1085 huius

2926 1103 3087 1169 haee
3143 1102 3269 1170 fuit
3321 1102 3596 1190 utilitas,
3651 1111 3728 1168 ut
3765 1100 3932 1168 Saul
3989 1123 4119 1168 non
4161 1112 4424 1167 tantum
4467 1115 4786 1187 agnosceret

2925 1189 3143 1255 Deum
3195 1190 3300 1256 sui
3328 1190 3717 1266 «misertum,
3782 1185 4013 1254 oblatis
4047 1187 4198 1272 :ipsi
4250 1189 4516 1254 nunciis
4566 1208 4602 1252 a
4647 1197 4787 1272 patre

2924 1276 3159 1355 missis,
3201 1275 3315 1342 sed
3360 1275 3554 1341 etiam
3598 1273 3837 1340 certior
3877 1274 4080 1350 fieret,
4123 1273 4612 1356 promissionem
4638 1273 4791 1354 inam,

2923 1379 3117 1444 quam
3155 1359 3480 1428 Samuelis
3512 1358 3874 1425 ministerio
3907 1368 4263 1443 acceperat,
4308 1358 4390 1424 de
4422 1358 4599 1442 regia
4627 1359 4790 1444 digni·

2923 1457 3058 1514 tate
3099 1443 3362 1513 tandem
3402 1446 3488 1511 ab
3523 1465 3600 1511 eo
3639 1443 4043 1527 implendam
4081 1444 4197 1528 qui
4239 1446 4639 1528 promiserat.

3091 1532 3472 1599 Secundum
3515 1530 4007 1614 verowignum,
4059 1529 4331 1595 fuerunt
4374 1531 4498 1595 viri
4541 1539 4678 1610 tros,
4705 1529 4791 1596 ad-

2923 1618 3306 1685 scendentes
3347 1619 3416 1683 in
3453 1613 3891 1686 Dei-domum
3921 1614 4372 1682 sacrificaturi.
4417 1614 4608 1682 Unde
4642 1635 4798 1698 app·-

2923 1714 3026 1768 161
3049 1745 3054 1754 -
3077 1704 3542 1789 praescriptam
3587 1721 3630 1768 a
3671 1702 3816 1768 Deo
3871 1700 4660 1785 sacrificiorum-regulam
4697 1719 4798 1767 non

2921 1790 3122 1856 fuisse
3165 1789 3325 1855 adeo
3365 1787 3684 1873 religiose,
3727 1794 3809 1852 ut
3849 1785 4625 1871 oportum-observatam.
4687 1785 4802 1852 Non
4899 1825 4900 1828 =

2924 1875 3230 1942 dicuntur
3283 1875 3462 1940 enim
3522 1872 3783 1940 venisse
3835 1871 3908 1937 in
3953 1872 4168 1939 Ram·
4207 1872 4673 1950 sacrificatum,
4721 1873 4802 1938 ubi

2923 1972 3138 2027 tamen
3201 1958 3473 2028 Samuel
3535 1966 3872 2025 exstructo
3935 1957 4128 2023 altari
4189 1958 4605 2024 sacrifica-rat.
4695 1954 4803 2022 Sibi
4899 1959 4900 1992 ³

2921 2061 3077 2131 ergo
3110 2046 3392 2112 multum
3434 2043 3889 2129 permiserunt.
3920 2043 4036 2108 ‹Az
4069 2042 4138 2122 si
4178 2042 4361 2108 Deus
4403 2042 4649 2128 aliquid
4685 2043 4807 2193 iffi

4420 2150 4538 2194 um
4580 2135 4673 2195 est

2922 2227 3063 2283 tum
3142 2218 3458 2306 ipsorum·
3515 2214 3929 2282 trahendum.
4031 2211 4242 2295 Quod
4303 2214 4600 2298 papistas
4658 2212 4807 2280 hodie

2920 2303 3220 2370 factitare
3277 2300 3600 2388 videmus,
3648 2321 3852 2385 quum
3910 2299 4298 2378 traditiones
4348 2299 4668 2367 humanas
4703 2301 4806 2366 suis

2919 2388 3281 2454 rat-ionibus
3323 2397 3647 2454 conantur
3690 2387 3885 2453 verbo
3926 2385 4055 2453 Dei
4083 2406 4387 2469 aequare,
4427 2395 4504 2451 61
4539 2393 4810 2469 tanqum

2922 2475 3046 2540 Dei
3082 2474 3353 2541 verbum
3395 2472 3728 2539 habendas
3761 2472 4169 2555 persuadere.
4213 2471 4388 2537 Nam
4421 2470 4606 2537 hunc
4637 2471 4808 2536 16611111

2918 2568 2985 2627 61
3025 2561 3273 2629 similes
3315 2580 3400 2625 ex
3441 2579 3627 2626 sacra
3655 2559 3990 2642 scriptura
4021 2558 4096 2622 in
4130 2578 4390 2624 6611611111
4433 2576 4814 2624 communem

2918 2645 3190 2712 trahunt
3226 2656 3301 2711 ut
3338 2645 3475 2713 suis
3508 2644 3896 2711 commentis
3925 2642 4124 2709 fidem
4157 2644 4418 2709 faciant.
4441 2643 4566 2708 .At
4593 2640 4811 2709 siDeus

2918 2731 3209 2812 ἢιτῇματα
3265 2730 3579 2815 quaedam
3636 2729 3956 2810 toleravit,
4003 2749 4149 2794 666
4203 2728 4352 2794 ideo
4408 2739 4639 2794 tamen
4674 2747 4810 2795 66111·

2917 2816 3919 2970 ῗέἒῑῗὲῗζωῗᾞοὲῖἓῗὲἒὴῖέ
3950 2814 4814 2983 ‘mmmmm
4901 2855 4902 2908 ³

2917 2987 3042 3055 Dei
3085 2987 3291 3055 verbo
3335 2986 3495 3053 velit
3529 2985 4033 3052 ati-hominibus
4068 2984 4336 3052 haberi?
4384 2986 4594 3051 Viam
4627 2985 4816 3052 Domi·

2916 3095 3041 3142 nus
3083 3076 3224 3160 ipse
3262 3074 3451 3140 nobis
3506 3091 3729 3156 praesc
3769 3072 3788 3086 ”
3868 3073 3938 3151 it,
3997 3091 4144 3138 sam
4197 3072 4406 3157 igitur
4455 3072 4813 3137 insistamus.

2914 3160 3088 3226 Nam
3163 3160 3302 3243 ipse
3363 3157 3702 3252 Dominus·
3817 3158 4128 3244 iligenter
4207 3165 4366 3223 6616
4426 3178 4558 3242 per
4623 3156 4816 3224 Mosen

2914 3245 3124 3327 eavit,¹
3155 3264 3237 3311 ne
3271 3244 3418 3329 qais
3453 3244 3645 3311 faeiat
3675 3243 3851 3328 quod
3885 3245 4134 3316 reatum
4170 3241 4512 3310 videbitur
4543 3243 4617 3309 in
4649 3240 4815 3308 oculis

2909 3333 3083 3401 suis:
3128 3330 3256 3398 sed·
3283 3339 3541 3396 tautum
3575 3328 3746 3413 quod
3767 3328 3952 3397 Deus
3981 3329 4318 3413 praecipit.
4376 3327 4620 3410 Quare
4657 3346 4820 3412 666111

2914 3418 3037 3485 1166
3079 3416 3340 3484 saeculo
3380 3413 3587 3500 signis
3621 3414 3755 3482 illis
3787 3435 4145 3493 careamus,
4191 3414 4428 3514 quibus
4478 3415 4638 3482 olim
4669 3414 4818 3480 Dens

2912 3523 3061 3570 oum
3096 3502 3335 3587 populo
3369 3521 3489 3567 suo
3522 3502 3676 3586 egit,
3719 3501 3902 3567 verbi
3935 3500 4145 3583 ipsius
4171 3499 4596 3584 simplicitati
4631 3501 4820 3566 imm·

2911 3609 3199 3656 neamus.
3300 3588 3493 3654 Licet
3551 3588 3782 3670 itaque
3843 3603 4323 3669 nonnunquam
4386 3589 4678 3670 populus
4729 3582 4821 3648 ille

2911 3675 3210 3742 iudaicus
3246 3682 3492 3739 temere
3525 3670 3906 3755 quibusdam
3942 3671 4104 3738 locis
4123 3672 4562 3754 sacrificavit,
4606 3681 4820 3737 616611·

2911 3760 3080 3827 nihil
3121 3777 3168 3825 a
3205 3759 3374 3845 legis
3415 3759 3704 3841 puritate
3735 3757 4025 3838 recessit,
4346 3780 4384 3823 6
4415 3757 4823 3825 nihilominus

2911 3846 3182 3933 ignovit,
3241 3865 3326 3911 66
3381 3853 3606 3909 tamen
3663 3841 3962 3934 exempla
4016 3842 4129 3908 illa
4189 3862 4583 3928 sequamur,
4648 3859 4822 3925 nequo

2912 3933 3219 3998 audacius
3278 3929 3523 4013 aliquid
3579 3937 3927 4008 tentemus,
3957 3925 4504 3994 misericordiam
4551 3951 4596 3994 a
4637 3929 4824 3994 divina

2910 4017 3257 4084 elementia
3295 4023 3775 4097 exspect-antes.
3863 4012 4208 4079 Voluntati
4241 4012 4428 4078 enim
4478 4016 4632 4081 61116
4669 4012 4822 4078 nobis

2908 4104 3269 4186 patefactae
3314 4109 3416 4166 est
3457 4098 4018 4183 acquiescendum,
4075 4103 4144 4163 eze.
4184 4098 4308 4165 soli
4349 4098 4824 4193 inhaerendum,

2909 4189 3198 4256 scientes·
3233 4207 3382 4252 66111
3425 4205 3702 4252 servum·
3731 4185 3858 4269 661
3901 4185 4092 4250 novit
4127 4185 4545 4251 voluntatem
4589 4183 4822 4251 nemim

2911 4275 3031 4351 sui,
3093 4293 3210 4339 666
3249 4293 3322 4337 66
3357 4272 3784 4354 comparavit,
3829 4289 3950 4336 nso
3987 4268 4153 4337 feeit
4191 4290 4278 4335 em
4315 4271 4680 4337 voluntate
4715 4271 4824 4334 eius

2905 4360 3136 4425 multis
3170 4358 3408 4458 ‘plagis
3473 4375 3735 4448 caesum
3798 4356 3900 4422 iri.
3985 4354 4127 4421 Nos
4191 4356 4412 4458 itaque
4448 4357 4614 4456 ’Dei
4679 4353 4822 4452 verbi

2908 4444 4119 4626 {gzplitcffiffimffiqugffssgoqanssgz
4157 4437 4824 4625 gu'i'diqulildoDffiefflg

2908 4629 3043 4683 non
3097 4616 3417 4699 cong-mit,
3470 4614 3668 4680 semel
3730 4623 3829 4679 est
3871 4612 4313 4678 renuendum.
4403 4613 4628 4679 Porro
4659 4621 4822 4678 tuum

2907 4702 3170 4769 illorum
3213 4700 3325 4784 qui
3369 4698 3703 4768 occursuri
3743 4703 3950 4777 erant,
3995 4719 4168 4764 unus
4205 4708 4343 4764 tres
4387 4697 4651 4767 hoedos
4691 4700 4825 4763 latu·

2907 4807 3022 4855 rus
3062 4788 3314 4866 dicitur,
3360 4786 3528 4851 alius
3571 4792 3706 4851 tres
3749 4793 4002 4852 tractus
4044 4785 4259 4867 panis,
4299 4793 4367 4849 61
4413 4783 4604 4850 alius
4648 4793 4820 4849 utrm

2908 4875 3065 4941 vini.
3176 4872 3363 4954 Quae
3443 4879 3578 4937 tam
3659 4871 3999 4936 articulate
4081 4870 4189 4937 hio
4247 4879 4825 4938 commemorantur

2904 4961 3157 5026 faciunt
3198 4958 3280 5024 ad
3316 4956 3539 5025 Saulis
3579 4955 3778 5024 fidem
3821 4977 3930 5022 ma
3978 4955 4033 5021 is
4071 4973 4151 5020 ao
4196 4956 4408 5040 magis
4460 4958 4823 5023 confirman-

2907 5047 3076 5113 dum.
3165 5043 3335 5109 Nam
3394 5045 3449 5109 si
3507 5044 3576 5108 in
3637 5063 3874 5126 genere
3974 5062 4009 5107 e
4064 5040 4275 5107 tribus
4321 5041 4492 5108 viris
4537 5040 4826 5109 sacrifiea·

2908 5141 3048 5198 tum
3106 5128 3522 5198 venientibus
3581 5128 3752 5194 facta
3789 5128 4040 5193 mentio
4101 5127 4347 5204 fuisset,
4405 5150 4556 5193 non
4603 5137 4824 5192 tantum

2906 5218 3161 5302 pondus
3204 5211 3560 5294 habuisset,
3623 5224 3939 5298 quantum
3984 5212 4097 5279 ubi
4142 5233 4369 5279 omnes
4415 5214 4824 5280 circumstan-
