5059 6059
253 341 360 409 573

251 529 553 616 flagitiosis
593 525 967 593 hominibus
1024 547 1262 594 nomen
1309 530 1519 613 ipsius
1554 529 1954 615 blasphemis
1990 532 2161 598 voci-

254 621 356 685 bus
394 613 838 692 lacerantibus,
906 622 973 678 et
1016 612 1329 681 adversus
1371 614 1500 681 Dei
1545 617 1880 684 ecclesiam
1929 617 2160 684 trium-

251 704 394 789 phos
448 717 590 766 suos
646 699 1143 777 instruentibus,
1210 700 1396 767 Deus
1457 724 1576 788 pro
1626 712 1726 769 ter
1787 725 2025 770 nomen
2092 711 2160 769 et

253 786 499 874 gloriam
542 805 747 864 suam,
852 805 1051 852 cenas
1095 785 1376 863 differat,
1419 798 1486 853 et
1527 810 1566 854 a
1655 810 1725 855 se
1768 789 2158 855 clamantem

249 873 551 941 ecclesiam
616 891 787 937 exau
834 870 946 950 iat,
993 893 1069 938 ac
1132 872 1473 939 victoriam
1542 873 1621 940 de
1679 874 1974 942 hostibus
2031 876 2155 960 ipsi

246 956 561 1032 concedat,
635 977 720 1022 an
798 956 945 1023 ideo
1007 958 1135 1024 Dei
1199 980 1471 1026 manum
1538 963 1820 1028 evasisse
1885 960 2153 1028 dicetur.

251 1047 406 1114 Sane
459 1041 680 1108 tardus
723 1053 825 1108 est
868 1040 950 1109 ad
995 1042 1350 1110 vindictam
1396 1044 1601 1127 Deus,
1655 1047 1768 1113 sed
1829 1048 2154 1132 gravitate

246 1149 464 1217 poenae
506 1128 880 1195 tarditatem
937 1141 1332 1213 compensat,
1392 1151 1588 1216 quum
1650 1132 1884 1199 deinde
1940 1133 2154 1217 plagis

244 1217 442 1283 multis
482 1234 700 1281 caesos
754 1214 833 1279 de
876 1215 1088 1281 officio
1133 1216 1457 1283 admonet.
1548 1217 1989 1300 Quamobrem
2043 1219 2151 1286 hic

244 1304 630 1370 observemus
696 1300 914 1365 Deum
995 1302 1217 1385 populi
1282 1302 1631 1368 clamorem
1695 1303 2148 1371 exaudientem

241 1409 354 1454 non
409 1387 546 1452 ideo
609 1395 831 1452 tamen
889 1385 972 1451 ad
1029 1408 1257 1453 omnes
1318 1389 1495 1454 illius
1552 1411 1776 1473 preces
1821 1393 2155 1471 annuisse,

243 1474 339 1541 sed
389 1479 598 1538 tamen
657 1472 739 1536 ad
798 1481 1058 1556 tempus
1100 1473 1227 1558 ipsi
1269 1476 1653 1573 pepercisse,
1711 1485 1786 1543 ut
1842 1497 1956 1560 spe
2010 1498 2152 1543 sese

242 1561 527 1625 foverent.
607 1557 911 1642 Namque
953 1557 1332 1626 Philistaeis
1393 1561 1654 1643 quidem
1698 1560 1780 1627 ad
1824 1561 2149 1648 castigan-

243 1646 379 1712 dum
454 1643 790 1730 populum,
862 1649 940 1708 ut
1020 1642 1325 1729 deinceps
1403 1645 1788 1728 videbimus,
1856 1648 2150 1714 habenas

234 1731 487 1797 laxavit:
550 1729 722 1814 quod
781 1727 1061 1814 populus
1105 1729 1265 1796 adeo
1308 1752 1379 1796 se
1421 1732 1795 1817 petulanter
1838 1743 2149 1818 gesserat,

238 1839 300 1884 ac
336 1815 591 1900 proinde
613 1813 747 1881 Dei
791 1814 1148 1881 vindictam
1192 1817 1262 1880 in
1297 1837 1367 1881 se
1410 1825 1856 1900 pertraxerat:
1899 1820 2011 1885 sed
2055 1820 2151 1884 ita

241 1917 432 1968 tamen
485 1911 561 1966 ut
618 1901 694 1965 in
738 1900 933 1966 rebus
977 1902 1277 1986 angustis
1320 1902 1504 1970 Deus
1594 1903 1774 1988 opuli
1832 1905 2150 1971 clamores

241 1988 453 2054 audiat.
535 1985 733 2069 Quod
792 1987 848 2051 si
913 1988 1190 2072 contigit
1254 2008 1390 2053 non
1454 1925 1686 2066 audiri,
1752 1989 1863 2057 sed
1932 1993 2150 2074 potius

235 2074 390 2139 reiici
426 2092 648 2158 preces
692 2071 1003 2155 ipsorum,
1060 2073 1308 2138 factum
1361 2075 1529 2157 quod
1576 2075 1796 2142 Deum
1838 2075 1969 2142 fide
2012 2099 2147 2142 non

236 2158 585 2226 invocarint.
634 2158 809 2223 Nam
842 2158 1025 2225 Deus
1054 2157 1135 2223 ad
1180 2179 1252 2224 se
1282 2180 1439 2225 vera
1479 2162 1610 2227 fide
1654 2172 1723 2228 et
1743 2163 2147 2246 poenitentia

235 2244 574 2311 accedentes
642 2264 979 2327 nunqnam
1039 2244 1278 2310 reiicit:
1348 2243 1479 2313 Sed
1536 2248 1608 2312 in
1662 2248 1951 2332 peccatis
2006 2248 2144 2314 suis

233 2330 445 2397 diutius
484 2330 850 2404 haerentes,
896 2336 963 2395 et
996 2328 1215 2395 Deum
1258 2352 1391 2396 non
1435 2332 1697 2416 quidem
1739 2334 2142 2412 invocantes,

232 2414 328 2480 sed
364 2435 693 2482 murmure
738 2414 1054 2480 adversus
1094 2416 1311 2501 ipsum
1352 2417 1786 2503 insurgentes,
1832 2428 1897 2485 et
1937 2419 2143 2503 impa-

234 2503 430 2567 tientia
481 2502 856 2577 frementes,
920 2520 1055 2565 non
1108 2502 1351 2567 mirum
1411 2512 1512 2569 est
1563 2526 1698 2570 non
1754 2503 1949 2571 modo
2007 2525 2136 2570 non

233 2587 513 2668 exaudiri,
569 2586 689 2654 sed
748 2596 978 2653 contra
1028 2588 1250 2672 potius
1305 2588 1554 2674 repelli.
1643 2590 1757 2658 Sic
1796 2591 1980 2656 Deus
2035 2590 2138 2657 Is-

234 2673 492 2753 raelita,
532 2673 692 2740 licet
732 2671 1059 2757 indignos,
1104 2673 1416 2740 suscitato
1463 2673 1791 2754 Samuele,
1849 2677 2139 2743 claman-

232 2767 312 2824 tes
346 2757 421 2824 ad
461 2780 530 2825 se
572 2757 931 2825 exaudivit.
994 2756 1108 2825 Sic
1145 2780 1339 2843 saepe
1380 2760 1463 2826 ad
1500 2769 1756 2828 nostras
1787 2762 2137 2847 petitiones

232 2847 448 2928 annuit,
508 2845 669 2912 licet
730 2863 861 2909 non
927 2864 1041 2909 eae
1106 2845 1272 2922 sint,
1341 2866 1504 2928 quas
1569 2868 1712 2913 esse
1773 2847 2131 2932 oportebat,

230 2949 442 3013 preces.
484 2929 664 2997 Nam
708 2928 764 2995 si
809 2927 996 2995 Deus
1039 2938 1451 3014 exspectaret
1493 2932 1820 3016 tantisper
1858 2932 2013 2999 dum
2061 2933 2131 2997 in

229 3036 478 3082 summas
539 3014 884 3101 angustias
949 3015 1194 3082 redacti
1258 3026 1334 3081 ιιι
1390 3025 1645 3103 oportet
1694 3039 2132 3120 precaremur,

232 3099 366 3166 eheu
426 3103 577 3186 quid
645 3099 830 3166 nobis
895 3102 1101 3184 fieret,
1164 3121 1363 3185 quam
1430 3125 1649 3169 serum
1704 3105 1908 3188 ipsius
1961 3113 2134 3171 esset

231 3187 524 3254 auxilium.
584 3186 768 3256 Sane
803 3186 1041 3252 millies
1082 3188 1329 3254 centies
1372 3190 1737 3273 periremus
1780 3198 2132 3274 antequam

229 3270 380 3338 Deus
429 3274 593 3340 ullas
653 3292 737 3338 ex
795 3272 1037 3338 nostris
1079 3272 1378 3358 precibus
1423 3273 1813 3342 admitteret.
1898 3275 2134 3360 Itaque

234 3357 386 3424 Dens
437 3369 733 3427 nostram
794 3358 1245 3424 infirmitatem
1288 3358 1544 3441 tolerat,
1601 3361 1716 3427 sed
1769 3381 1905 3427 non
1949 3371 2022 3427 ut
2064 3362 2134 3426 in

239 3461 299 3505 ea
333 3446 530 3512 securi
572 3453 968 3523 stertamus,
1032 3453 1102 3511 et
1154 3454 1354 3529 prout
1404 3468 1595 3513 mens
1650 3445 1992 3513 dictaverit
2051 3445 2136 3512 ad

234 3525 416 3596 Deum
456 3530 861 3609 accedamus,
919 3537 988 3595 et
1035 3530 1249 3614 ipsum
1295 3552 1638 3616 precemur
1677 3533 2135 3616 perfunctorie,

228 3623 280 3677 et
331 3615 501 3682 inani
565 3615 853 3701 quadam
913 3617 1309 3682 ceremonia:
1377 3617 1493 3683 sed
1557 3620 1774 3703 potius
1830 3619 2136 3685 omnibus

231 3699 446 3767 viribus
486 3701 856 3778 nitendum,
900 3711 977 3766 nt
1018 3721 1101 3768 ex
1149 3702 1367 3767 animo
1413 3703 1632 3769 Deum
1679 3703 1853 3770 votis
1898 3704 2135 3770 arden·

219 3785 365 3853 tibus
394 3789 835 3857 sollicitemus.

367 3872 714 3941 Caeterum
772 3873 882 3940 hic
926 3872 1228 3940 videmus
1271 3875 1491 3940 Deum
1547 3873 1871 3941 Israelitis
1913 3896 1985 3941 re
2036 3875 2135 3942 ‘ae

228 3953 526 4041 dignitatis
579 3958 967 4046 petitionem
1025 3958 1510 4040 concedentem,
1556 3958 1828 4028 Saulem
1872 3897 2134 4046 quid-em

230 4061 417 4127 regem
459 4047 854 4132 designasse,
914 4044 1029 4112 sed
1073 4066 1203 4110 non
1248 4053 1469 4112 tamen
1515 4054 1860 4132 propterea
1900 4067 2132 4113 verum

227 4135 280 4191 et
336 4133 721 4212 promissum
785 4130 975 4196 illum
1039 4152 1112 4197 re
1160 4152 1264 4196 em
1327 4133 1561 4197 fuisse:
1628 4132 1741 4199 sed
1807 4153 1890 4198 ex
1994 4142 2136 4199 arte

230 4223 474 4301 tantum,
529 4215 1077 4303 quemadmodum
1114 4153 1576 4283 {eroboamnm
1633 4228 1702 4285 et
1744 4218 1908 4283 alios
1996 4218 2132 4284 ein-

232 4317 354 4384 ceps
393 4325 572 4389 reges
617 4303 920 4368 videmus
942 4302 1177 4370 Israeli
1222 4304 1613 4386 praefectos:
1656 4323 1868 4388 neque
1911 4309 2132 4370 tamen

230 4397 533 4471 propterea
588 4389 937 4475 legitimos,
997 4388 1111 4455 sed
1169 4408 1254 4455 ex
1307 4390 1686 4457 confusione
1744 4391 1813 4454 in
1854 4411 2133 4476 regnum

229 4469 366 4538 illud
415 4474 691 4557 invecta,
747 4483 1089 4561 postquam
1145 4473 1363 4542 decem
1411 4475 1620 4542 tribus
1665 4495 1705 4540 a
1748 4474 1920 4540 tribu
1966 4475 2134 4541 Iuda

231 4561 618 4628 secessionem
674 4561 1001 4627 fecissent.
1090 4561 1201 4627 Ex
1260 4561 1494 4645 quibus
1549 4559 1856 4627 discimus
1914 4560 2132 4627 Deum

228 4640 537 4727 aliquando
603 4649 697 4714 sic
761 4647 1039 4731 operari,
1103 4656 1181 4712 ut
1239 4669 1322 4713 ex
1378 4654 1562 4732 parte
1619 4654 1877 4712 tantum
1936 4667 2131 4712 suum

230 4748 366 4810 opus
413 4755 547 4800 esse
606 4733 767 4799 velit
820 4733 1121 4819 agnosci:
1188 4733 1301 4799 sed
1362 4732 1457 4798 ita
1511 4741 1730 4798 tamen
1788 4741 1863 4797 ut
1915 4732 2132 4815 ipsum

229 4816 385 4898 operi
432 4819 530 4884 illi
583 4841 855 4886 manum
915 4817 1288 4884 adhibuisse
1339 4826 1786 4904 cognoscatur.
1878 4814 1991 4884 Sic
2036 4817 2132 4882 di-

231 4901 412 4969 visum
454 4906 575 4971 fuit
617 4903 822 4971 Iudae
864 4923 1181 4989 regnum:
1222 4902 1510 4969 Domino
1557 4902 1975 4970 rebellionem
2018 4923 2132 4986 po·

233 4985 354 5067 puli
387 4990 772 5058 vindicante.
859 4989 1139 5055 Interim
1198 5010 1357 5056 vero
1401 5012 1488 5056 ne
1531 5010 1602 5056 se
1645 5011 1685 5055 a
1728 4990 1871 5054 Deo
1914 4986 2134 5054 deser-

230 5082 354 5136 tum
392 5097 523 5143 esse
565 5078 846 5162 populus
892 5076 1313 5154 existimaret,
1372 5077 1495 5143 etsi
1551 5084 1741 5141 extra
1782 5073 2133 5139 modestiae

236 5158 379 5224 fines
399 5164 840 5243 transsilierat,
863 5163 1046 5228 Deus
1069 5161 1243 5227 illius
1265 5163 1575 5229 misertus
1598 5161 1870 5228 Saulem
1908 5181 2130 5245 regem

229 5249 530 5328 concessit,
594 5257 670 5315 ut
733 5248 920 5335 regni
987 5247 1374 5333 dignitatem
1434 5267 1474 5312 a
1529 5268 1601 5314 se
1669 5266 1800 5313 uno
1863 5266 2131 5312 manare

1562 343 1663 408 IN
1707 343 1763 409 1.
1808 343 1990 410 LIB.
2037 344 2440 412 SAMUEL.
2486 342 2686 410 GAP.
2731 342 2858 409 IX.

4073 346 4204 411 574

2307 532 2572 615 opulum
2619 531 2898 612 doceret,
2954 531 3139 598 cuius
3181 544 3280 598 est
3323 532 3521 597 etiam
3566 530 3841 598 eandem
3886 533 4201 601 stabilire.

2324 619 2405 683 tsi
2455 617 2676 686 Saulis
2733 639 3008 705 regnum
3066 638 3152 684 ex
3208 626 3393 702 parte
3436 626 3712 696 tantum,
3772 629 3848 683 ut
3892 619 4200 701 diximus,

2259 704 2618 770 constituit.
2706 703 2853 771 Hoc
2901 705 3193 769 omnium
3236 712 3599 787 temporum
3643 712 3708 769 et
3749 704 4036 770 locorum
4083 726 4199 772 ex-

2257 790 2580 874 perientia
2638 788 2845 856 docet.
2949 790 3119 855 Nam
3176 809 3372 874 quam
3429 790 3615 873 pauci
3671 800 3829 855 sunt
3884 810 4075 875 reges
4130 797 4199 857 et

2256 877 2584 960 principes
2637 876 2748 960 qui
2801 875 3012 940 officio
3068 896 3184 941 sua
3227 872 3639 959 fungantur?
3730 875 3872 942 Nae
3916 875 4197 962 exiguus

2258 970 2358 1027 est
2380 962 2645 1026 illorum
2668 981 2998 1026 numerus.
3053 960 3499 1027 Nihilominus
3535 972 3759 1026 tamen
3804 961 4198 1047 principium

2254 1047 2431 1113 istud
2474 1047 2915 1113 certissimum
2959 1055 3079 1127 est,
3142 1067 3330 1131 reges
3388 1057 3454 1112 et
3509 1046 3838 1131 principes
3895 1048 4192 1113 domina-

2255 1133 2502 1199 tionem
2561 1152 2747 1199 suam
2791 1155 2831 1197 a
2875 1133 3157 1198 Domino
3215 1132 3555 1215 accepisse,
3622 1134 3736 1216 qui
3802 1133 4191 1217 dignitatem

2253 1219 2545 1304 ipsorum
2584 1226 2930 1285 conservat
2971 1226 3040 1285 et
3082 1226 3318 1284 tuetur.
3385 1216 3612 1299 Quare
3645 1238 3850 1301 quum
3889 1220 3958 1282 in
3996 1219 4192 1284 huius

2252 1303 2484 1370 mundi
2525 1304 2947 1389 principibus,
2993 1312 3062 1369 et
3102 1323 3397 1369 summae
3442 1304 3810 1369 autoritatis
3851 1304 4019 1369 viris
4053 1324 4195 1369 cor·

2251 1391 2543 1475 ruptelas
2606 1390 2929 1456 maximas
2983 1400 3048 1454 et
3104 1391 3267 1455 vitia
3318 1391 3531 1455 omnis
3598 1389 3860 1473 generis
3916 1411 4194 1475 regnare

2252 1476 2708 1561 conspicimus,
2768 1494 3196 1560 agnoscamus
3241 1476 3458 1540 Deum
3501 1474 3648 1540 illos
3691 1495 3773 1540 ex
3817 1485 4006 1559 parte
4064 1476 4192 1541 sibi

2251 1562 2413 1646 ipsis
2476 1562 2887 1646 permittere:
2959 1558 3129 1645 quod
3185 1560 3473 1626 mundus
3530 1560 3845 1646 indignus
3900 1562 3989 1627 sit
4029 1561 4248 1628 viris·

2252 1648 2366 1731 qui
2431 1658 2659 1714 sancto
2716 1647 2922 1730 ipsius
2998 1647 3236 1730 spiritu
3302 1655 3638 1731 regantur.
3744 1646 4191 1713 Nihilominus

2251 1754 2411 1798 vero
2474 1741 2730 1817 partem
2795 1732 2919 1798 sibi
2985 1732 3273 1815 aliquam
3338 1751 3676 1798 reservare
3692 1784 3707 1810 ,
3775 1753 3859 1797 ne
3924 1752 4190 1816 prorsus

2374 1819 2465 1883 tia
2523 1818 2730 1902 ipsius
2795 1838 2984 1903 reges
3048 1837 3123 1884 ac
3186 1818 3482 1901 primarii
3543 1818 3673 1884 viri
3733 1817 4189 1884 destituantur.

2248 1839 2482 1987 ffique
2546 1903 2713 1968 iuris
2779 1911 2846 1970 et
2909 1905 3251 1987 aequitatis
3314 1903 3790 1987 portiunculam
3859 1901 4187 1987 quandam

2249 1989 2462 2055 adhuc
2517 1990 2774 2068 retinet,
2833 2009 2918 2054 ne
2974 2010 3090 2055 sus
3150 1989 3357 2073 deque
3414 1991 3634 2055 omnia
3687 1988 3759 2053 in
3802 1988 4049 2054 mundo
4091 1988 4188 2054 fe-

2244 2084 2498 2140 rantur.
2608 2073 3050 2157 Quamobrem
3115 2075 3280 2142 haec
3342 2076 3673 2141 intuentes
3738 2094 3885 2141 cum
3948 2075 4189 2140 iudicio

2247 2160 2700 2227 discernamus
2757 2180 2923 2244 quae
2962 2159 3089 2226 Dei
3150 2169 3325 2241 sunt,
3384 2170 3460 2224 nt
3515 2181 3667 2225 eum
3712 2160 4186 2245 glorificemus:

2244 2255 2312 2313 et
2354 2246 2435 2311 de
2477 2266 2628 2313 acce
2674 2245 2761 2312 tis
2803 2245 2886 2310 ab
2929 2266 3006 2311 eo
3051 2245 3381 2312 beneficiis
3423 2246 3670 2330 gratias
3713 2247 3839 2329 ipsi
3882 2264 4185 2328 agamus:

2243 2339 2311 2398 et
2367 2354 2538 2417 quae
2592 2351 2632 2396 a
2729 2331 3104 2397 hominibus
3158 2340 3225 2397 et
3267 2331 3556 2414 ipsorum
3599 2331 3853 2397 malitia
3895 2331 4184 2415 proficis-

2243 2430 2502 2494 cuntur,
2548 2437 2588 2482 a
2614 2417 2860 2483 divinis
2893 2416 3197 2501 operibus
3219 2437 3633 2500 separemus:
3676 2438 3763 2482 ne
3801 2416 3972 2499 quod
4007 2418 4187 2482 Dens

2241 2502 2366 2569 sibi
2410 2503 2531 2570 soli
2576 2501 2872 2569 vindicat·
2915 2524 3079 2587 opus
3122 2501 3496 2587 polluamus
3536 2512 3602 2568 et
3643 2502 4189 2567 contaminemus.

2242 2587 2377 2657 Sed
2421 2589 2694 2668 malum,
2746 2599 2822 2654 ut
2867 2586 3050 2654 Deus
3094 2588 3302 2667 docet,
3358 2589 3749 2667 reiiciamus,
3815 2597 3884 2652 et
3944 2587 4187 2652 bonum

2239 2674 2436 2741 sicuti
2498 2693 2619 2759 par
2682 2682 2785 2740 est
2847 2673 3258 2757 recipiamus,
3320 2682 3401 2740 ut
3441 2672 3587 2739 Deo
3647 2693 3809 2739 suus
3868 2671 4083 2738 honor
4123 2682 4189 2739 et

2238 2760 2442 2846 gloria
2485 2758 2818 2826 reddatur.

2408 2845 2555 2910 Iam
2598 2864 2758 2911 vero
2802 2844 2996 2928 agite,
3038 2848 3140 2911 ete.

2777 3186 3277 3272 HOMILIA
3320 3185 3634 3269 XXXI.

2409 3358 2511 3425 17.
2586 3358 2911 3440 Quumque
2976 3355 3238 3423 Samuel
3297 3356 3533 3422 videret
3596 3353 3874 3437 Saulern,
3942 3356 4178 3424 Iehova

2233 3445 2404 3511 dixit
2444 3445 2539 3511 ei.-
2586 3443 2748 3511 Eece
2782 3443 2886 3509 hic
2916 3445 3019 3508 vir
3052 3447 3162 3522 est,
3201 3461 3384 3524 quem
3416 3443 3712 3508 dixeram
3747 3442 3884 3522 tibi,
3918 3442 4020 3510 laic
4060 3443 4178 3508 im-

2221 3531 2483 3616 perium
2532 3527 2826 3597 obtinebit
2882 3531 2951 3594 in
2982 3527 3222 3610 populo
3261 3547 3410 3593 meo.
3501 3526 3602 3592 18.
3647 3528 3934 3595 Accessit
3972 3533 4176 3594 autem

2236 3617 2398 3685 Saul
2438 3618 2527 3682 ad
2571 3614 2923 3681 Samuelem
2973 3617 3045 3679 iu
3097 3613 3302 3679 medio
3343 3617 3589 3694 portae,
3655 3618 3712 3680 et
3762 3614 3887 3679 ait:
3947 3613 4177 3682 Indica

2235 3724 2342 3772 oro
2397 3700 2563 3767 mihi
2616 3699 2728 3765 ubi
2778 3706 2871 3766 est
2920 3700 3141 3766 donnus
3194 3698 3481 3764 videntis.
3556 3699 3658 3765 19.
3705 3698 3797 3764 Et
3852 3701 4179 3783 respondit

2236 3787 2497 3856 Samuel
2553 3784 2760 3864 Sauli,
2825 3786 3071 3852 dicens.-
3136 3783 3276 3867 qu
3330 3804 3474 3849 sum
3530 3785 3784 3850 videns.-
3846 3786 4178 3851 Adscende

2235 3879 2380 3942 ante
2450 3893 2550 3938 me
2618 3874 2687 3938 in
2762 3871 3083 3953 excelsum,
3147 3874 3219 3933 ut
3278 3870 3613 3936 comedatis
3673 3890 3907 3936 meeum
3972 3869 4173 3950 bodie,

2235 3965 2293 4025 et
2341 3959 2659 4026 dimittam
2716 3962 2775 4023 te
2826 3977 3038 4022 mane:
3094 3959 3150 4020 et
3206 3957 3422 4020 omnia
3477 3975 3641 4037 quae
3697 3960 3845 4021 sunt
3886 3956 4176 4022 incorde

2232 4052 2339 4112 tuo
2380 4043 2670 4110 indicabo
2713 4042 2844 4108 tibi.
2913 4042 3016 4108 20.
3055 4040 3147 4106 Et
3184 4040 3261 4107 de
3301 4042 3511 4106 asinis
3564 4061 3728 4123 quas
3763 4041 4004 4106 nudius
4058 4047 4177 4107 ter-

2233 4134 2363 4198 tius
2408 4128 2769 4214 perdidisti,
2826 4147 2905 4192 ue
2953 4126 3258 4193 sollicitus
3299 4126 3412 4205 sis,
3465 4127 3622 4209 quia
3678 4127 3961 4192 iuventae
4006 4131 4172 4205 sunt,

2234 4224 2293 4284 et
2337 4218 2519 4284 euius
2575 4218 2753 4278 erant
2808 4213 3042 4295 optima
3096 4231 3379 4296 quaeque
3421 4211 3650 4292 Israel,
3712 4231 3912 4277 nonne
3964 4211 4079 4275 tibi
4118 4217 4177 4275 et

2234 4302 2406 4370 omni
2447 4299 2660 4365 domui
2691 4299 2910 4380 patris
2949 4297 3095 4363 tui?
3160 4297 3264 4362 21.
3313 4296 3720 4380 Respondeas
3761 4301 3967 4363 autem
3991 4294 4171 4374 Saul,

2233 4390 2359 4454 ait.-
2406 4384 2738 4467 Numquid
2776 4405 2902 4451 uon
2938 4384 3119 4466 filius
3161 4382 3396 4449 Iemim'
3436 4404 3544 4467 eqo
3584 4403 3746 4466 sum,
3791 4384 3866 4448 de
3904 4381 4173 4446 minima

2233 4473 2404 4540 tribu
2442 4471 2669 4550 Israel,
2725 4475 2784 4535 et
2836 4489 2904 4536 eo
3055 4472 3121 4534 io
3180 4490 3315 4534 mea
3369 4470 3712 4534 novissuna
3754 4470 3919 4532 inter
3960 4487 4171 4532 ornnes

2227 4559 2520 4642 familias
2561 4558 2638 4624 de
2680 4555 2847 4621 tribu
2958 4556 3235 4620 miamin
3251 4554 3289 4619 ‚⁹
3345 4574 3540 4636 quare
3590 4574 3733 4638 erqo
3775 4555 4064 4635 loquutus
4104 4571 4172 4617 es

2231 4645 2391 4712 mihi
2430 4663 2768 4708 sermonem
2809 4641 3049 4706 istum?
3124 4641 3228 4706 22.
3273 4639 3627 4705 Assumens
3665 4640 3873 4720 itaque
3916 4637 4171 4703 Samuel

2235 4729 2495 4796 Saulem
2540 4733 2599 4793 et
2627 4747 2903 4810 puerum
2945 4728 3097 4801 eius,
3140 4726 3496 4792 introduxit
3545 4744 3647 4790 eos
3686 4724 3760 4787 in
3800 4723 4164 4802 triclinium,

2232 4823 2289 4883 et
2339 4815 2509 4882 dedit
2560 4816 2656 4880 eis
2698 4815 2896 4880 locum
2943 4812 3018 4878 in
3058 4813 3258 4895 eapite
3300 4828 3516 4876 eorum
3557 4809 3670 4891 qui
3707 4808 3963 4890 fuerant
4001 4810 4167 4873 invi-

2230 4904 2377 4968 tati.-
2441 4904 2621 4965 eraut
2681 4900 2845 4963 euim
2904 4899 3093 4982 quasi
3154 4898 3414 4981 triyinta
3476 4895 3624 4959 viri.
3713 4895 3818 4959 23.
3860 4893 4167 4975 Dixitque

2234 4987 2492 5054 Samuel
2509 5005 2735 5067 eoquo:
2775 4983 2890 5051 Da
2920 4989 3168 5067 partem
3199 5000 3388 5063 quam
3423 4980 3572 5045 dedi
3605 4979 3738 5056 tibi,
3780 4984 3837 5045 et
3868 4981 4166 5062 praecepi

2231 5079 2302 5140 ut
2339 5090 2663 5153 reponeres
2704 5089 2984 5135 seorsum
3025 5069 3196 5152 apud
3225 5072 3301 5132 te.
3377 5064 3481 5130 24.
3527 5065 3783 5130 Levavit
3824 5069 4031 5131 autem
4072 5085 4165 5131 oo-

2232 5178 2397 5243 quus
2436 5177 2705 5234 armum,
2740 5160 2796 5220 et
2825 5157 3041 5237 posuit
3082 5158 3227 5218 ante
3250 5151 3523 5231 Saulem,
3565 5151 3847 5233 dia-itque
3871 5151 4160 5217 Samaei:

2231 5244 2392 5311 Ecce
2431 5243 2597 5327 quod
2637 5241 2960 5319 remansit,
2993 5259 3156 5321 pone
3197 5243 3340 5304 aute
3380 5241 3454 5313 te,
3498 5240 3553 5300 et
3593 5237 3862 5303 comede:
3902 5238 4164 5319 quiade
