5059 6059
722 290 853 355 643

2323 283 2739 350 HOMILIA
2779 283 3036 351 XCIX.

4617 283 4734 348 644

725 477 947 544 Deum
993 475 1300 553 revereri,
1345 497 1430 539 ne
1474 494 1763 556 unquam
1799 494 2041 538 nomen
2085 474 2294 557 ipsius
2338 474 2409 538 in
2435 494 2682 539 vanum
2789 472 2980 537 multi
3023 493 3292 538 suorum
3332 484 3449 538 aut
3491 483 3844 572 parentum
3890 482 4010 539 aut
4066 474 4434 538 amicorum
4498 472 4739 537 obitum

732 583 1149 632 assumamus
1193 576 1261 625 et
1303 558 1715 643 contemptui
1771 559 2148 626 habeamus.
2242 558 2420 625 Sane
2478 559 2685 625 iusiu-

2788 577 2986 641 aegre
3030 557 3252 623 ferunt
3313 567 3379 622 et
3422 556 3504 623 de
3547 559 3842 643 ipsorum
3898 559 4272 625 conditione
4315 557 4514 625 valde
4569 557 4741 623 anxii

732 649 1015 717 randum
1060 667 1254 712 omne
1299 644 1368 709 in
1416 646 1542 710 Dei
1587 645 1906 710 honorem
1951 645 2195 723 fertur,
2252 643 2428 710 unde
2471 646 2550 709 fit
2607 651 2685 708 ιιι
2795 650 2972 721 sunt,
3032 643 3269 725 quibus
3313 642 3532 709 stultis
3577 654 3854 710 naturae
3897 644 4243 710 affectibus
4287 643 4502 709 delusi
4547 641 4744 708 homi·

738 734 1013 803 venefici
1077 743 1143 798 et
1207 732 1657 797 incantatores
1724 732 1900 814 magi
1981 743 2050 795 et
2121 694 2234 795 al’ii
2308 727 2685 795 istiusmodi
2796 747 2913 793 nes
2934 749 3012 793 eo
3036 727 3475 804 adducuntur,
3512 738 3588 794 ut
3609 729 3730 794 de'
3712 749 4006 829 ipsorum
4029 729 4406 795 conditione
4427 728 4746 797 curiosius

733 820 1034 886 homines
1092 816 1245 883 inde
1316 815 1724 914 occasionem
1795 816 2082 899 aliquam
2128 815 2254 881 sibi
2312 813 2691 899 gratulandi

736 904 1082 989 accipiant,
1125 900 1301 986 quod
1335 901 1467 966 Dei
1504 901 1771 966 nomine
1813 902 2130 968 advocato
2173 920 2490 984 responsa
2529 900 2689 966 dent

733 988 1147 1066 hominibus,
1193 988 1380 1070 quasi
1420 987 1611 1052 Deus
1681 995 1952 1053 vocatus
1996 985 2429 1071 respondeat,
2475 1005 2681 1068 quum

734 1085 959 1176 tamen
1003 1096 1043 1140 a
1087 1038 1346 1138 diabolo
1405 1073 1530 1136 toti
1587 1071 1936 1154 pendeant,
1996 1082 2065 1138 et
2122 1072 2251 1138 Dei
2308 1092 2548 1137 nomen
2607 1070 2688 1137 ab

734 1161 896 1247 ipsis
941 1160 1103 1226 salso
1151 1168 1541 1224 assumatur.
1608 1157 1842 1240 Itaque
1875 1159 2170 1223 iurantes
2213 1165 2467 1240 oportet
2511 1166 2690 1221 certo

785 1267 1086 1312 ersuasos
1131 1264 1275 1310 esse
1317 1265 1404 1319 se,
1451 1243 1755 1309 invocato
1799 1242 1929 1308 Dei
1970 1244 2257 1323 nomine,
2313 1261 2689 1327 agnoscere,

736 1269 866 1398 Βᾶθι
912 1331 1198 1397 officium
1245 1343 1311 1394 et
1346 1329 1710 1429 potentiam
1748 1350 1889 1394 esse
1924 1328 2213 1395 iudicare
2257 1349 2391 1427 non
2429 1336 2687 1393 tantum

747 1417 829 1484 de
872 1417 1080 1495 factis,
1128 1414 1241 1480 sed
1288 1417 1486 1479 etiam
1532 1413 1612 1478 de
1657 1413 2197 1497 cogitationibus·
2242 1414 2355 1497 qui
2390 1433 2690 1479 summus

739 1504 954 1569 honor
1026 1502 1172 1566 Deo
1239 1498 1587 1565 exhibetur
1644 1519 1844 1580 quum
1916 1521 2038 1565 nos
2109 1501 2251 1564 eius
2317 1497 2558 1563 iudicio
2625 1505 2693 1561 ct

742 1587 908 1655 solio
951 1587 1046 1652 ita
1086 1586 1402 1661 sistimus,
1448 1596 1523 1649 ut
1567 1584 1995 1666 profiteamur
2038 1585 2358 1650 factorum
2394 1582 2690 1649 omnium

746 1674 1204 1755 dictorumque
1248 1680 1317 1735 et
1360 1670 1830 1753 cogitationum
1875 1670 2195 1734 rationem
2241 1669 2368 1752 ipsi
2412 1668 2694 1733 redden-

746 1757 898 1824 dam
945 1780 1104 1824 esse.
1191 1758 1283 1821 Et
1329 1766 1665 1838 praeterea
1722 1754 2179 1821 iusiurandum
2238 1754 2498 1837 publica
2544 1774 2694 1852 pro·

743 1844 941 1911 sessio
985 1850 1089 1908 est
1126 1841 1390 1907 divinae
1428 1842 1788 1923 potestatis,
1830 1841 2000 1922 quod
2046 1841 2225 1907 solus
2260 1840 2483 1940 omnia
2521 1839 2696 1903 norit

744 1937 811 1994 et
854 1927 1271 1993 mendacium
1317 1947 1354 1991 a
1389 1927 1664 1990 veritate
1701 1926 2058 1992 discernat:
2106 1925 2225 1991 sed
2267 1926 2325 1990 si
2361 1926 2694 1989 iuramen-

738 2020 884 2080 tum
941 2013 1290 2079 adhibetur
1349 2010 1432 2075 ad
1500 2031 1567 2074 m
1588 2010 1764 2076 alum
1832 2011 2115 2093 aliquem
2175 2011 2379 2076 finem
2436 2029 2697 2077 summa

739 2105 845 2166 est
888 2097 1096 2163 divini
1141 2097 1429 2161 nominis
1453 2117 1570 2178 pro
1584 2097 1862 2161 sanatio:
1909 2095 2069 2162 adeo
2113 2105 2187 2162 ιιι
2233 2115 2432 2179 quum
2478 2114 2693 2161 sacro-

739 2194 969 2250 sancta
992 2204 1098 2248 res
1122 2184 1211 2248 sit
1244 2182 1561 2247 advocato
1582 2181 1713 2247 Dei
1750 2182 2014 2247 nomine
2039 2184 2254 2247 iurare
2278 2202 2694 2266 summopere

740 2269 1112 2337 cavendum
1157 2268 1242 2333 sit
1286 2290 1370 2333 ne
1395 2266 1617 2350 pravis
1663 2266 1815 2332 ullis
1851 2267 2190 2333 affectibus
2234 2267 2414 2333 ducti
2453 2289 2691 2333 nomen

743 2356 951 2439 ipsius
994 2355 1066 2418 in
1117 2374 1362 2418 vanum
1409 2373 1820 2418 assumamus
1865 2364 1930 2416 et
1973 2352 2260 2418 ludibrio
2294 2352 2692 2420 habeamus:

741 2438 857 2506 sed
917 2460 1124 2521 quum
1184 2439 1540 2504 necessitas
1602 2438 1888 2518 postulat
1929 2437 2059 2501 Dei
2106 2438 2393 2503 viventis
2453 2460 2692 2504 nomen

741 2545 1159 2591 assumamus
1218 2533 1295 2588 ut
1349 2523 1420 2588 in
1477 2521 1693 2587 studio
1751 2525 1915 2588 recti
1971 2543 2049 2589 ac
2107 2523 2261 2589 boni
2325 2524 2540 2624 magis
2615 2545 2692 2591 ac

742 2610 957 2693 magis
1000 2610 1484 2687 confirmemur,
1542 2613 1611 2673 et
1666 2608 1875 2674 bonae
1933 2616 2198 2675 nostrae
2255 2610 2690 2676 conscientiae

745 2695 1198 2761 testimonium
1292 2692 1670 2759 habeamus.
1796 2694 2018 2777 Atque
2105 2693 2268 2760 haec
2345 2694 2690 2761 retinenda

739 2790 898 2848 sunt
942 2802 1024 2845 ex
1070 2781 1194 2845 isto
1240 2778 1459 2846 Saulis
1501 2780 1900 2843 iuramento.
1946 2781 2118 2844 iurat
2154 2789 2374 2845 autem
2418 2782 2490 2845 in
2525 2780 2688 2847 haec

742 2867 961 2945 verba,
1005 2865 1187 2933 Deus
1228 2865 1400 2930 vivit.
1472 2865 1678 2930 Porro
1725 2867 1860 2932 vita
1904 2862 2033 2930 Dei
2078 2864 2321 2932 dicitur
2361 2886 2494 2931 non
2540 2873 2688 2932 tan-

740 2959 880 3017 tum
928 2971 1006 3015 ea
1050 2972 1180 3033 qua
1229 2950 1533 3030 vivimus,
1592 2971 1847 3033 nempe
1871 2971 1999 3033 qua
2055 2971 2422 3027 movemur,
2482 2952 2687 3017 senti-

737 3058 908 3116 mus,
946 3037 1264 3115 videmus,
1306 3036 1606 3101 volumus
1641 3046 1710 3101 et
1731 3036 2115 3120 cogitamus,
2162 3035 2277 3102 sed
2300 3058 2378 3102 ea
2400 3038 2687 3103 maxime

739 3143 870 3206 qua
912 3121 1238 3187 mundum
1283 3122 1473 3204 regit,
1520 3141 1651 3204 qua
1694 3122 1985 3188 subiecta
2033 3122 2157 3187 sibi
2200 3120 2400 3188 habet
2442 3123 2687 3203 omnia,

741 3228 872 3292 qua
914 3228 1213 3272 summus
1258 3203 1458 3272 iudex
1502 3216 1623 3286 est,
1682 3218 1753 3271 et
1794 3228 1988 3272 omne
2031 3228 2208 3291 genu
2250 3208 2378 3290 ipsi
2420 3209 2688 3274 flectere

741 3302 1018 3376 oportet,
1064 3313 1195 3375 qua
1239 3292 1452 3376 legem
1495 3291 1682 3358 nobis
1718 3292 2000 3375 imponit
2042 3306 2107 3358 et
2152 3293 2398 3358 malum
2444 3314 2483 3358 a
2517 3293 2689 3358 bono

743 3378 1091 3459 discernit,
1173 3398 1305 3460 qua
1355 3378 1650 3477 ‘denique
1718 3378 2060 3443 hominum
2129 3380 2690 3463 transgressiones

743 3464 942 3563 punit
1018 3471 1086 3529 οι
1165 3462 1482 3528 iustitiam
1576 3473 1644 3528 et
1739 3464 2136 3546 aequitatem
2247 3464 2441 3531 fovet.
2567 3465 2691 3547 Ea,

744 3552 1037 3630 inquam,
1060 3548 1188 3613 Dei
1214 3549 1353 3613 vita
1395 3558 1493 3614 est
1535 3569 1652 3632 per
1695 3569 1894 3632 quam
1918 3548 2133 3615 Saul
2117 3570 2343 3615 iurans
2375 3557 2691 3632 tanquam

744 3634 1073 3700 fanaticus
1117 3635 1184 3698 in
1231 3656 1303 3700 se
1338 3636 1553 3716 ipsum
1579 3634 1771 3713 iurat,
1817 3640 1885 3701 et
1906 3635 2009 3700 sui
2031 3635 2240 3720 ipsius
2262 3635 2690 3700 obliviscitur.

747 3720 888 3786 Nos
945 3720 1166 3801 itaque
1224 3720 1424 3785 sobrii
1490 3741 1635 3785 esse
1702 3719 2028 3786 discamus
2091 3721 2161 3785 ιη
2229 3721 2498 3786 nomine
2564 3721 2693 3786 Dei

746 3804 1142 3871 assumendo
1187 3826 1269 3869 ne
1314 3805 1476 3870 illud
1522 3805 1592 3870 ιη
1619 3826 1863 3870 vanum
1886 3826 2297 3872 assumamus
2337 3815 2404 3871 et
2448 3804 2693 3873 discer-

746 3911 1001 3975 pamus,
1047 3889 1161 3955 sed
1204 3890 1421 3954 Deum
1468 3900 1895 3974 agnoscentes
1932 3891 2144 3974 qualis
2183 3899 2305 3974 est,
2350 3902 2585 3958 testem
2629 3901 2696 3957 et

745 3975 1029 4042 iudicem
1077 3976 1146 4038 in
1192 3974 1386 4040 rebus
1423 3975 1618 4042 licitis
1661 3976 2074 4044 advocemus.

923 4059 1250 4142 Deinceps
1330 4062 1621 4160 sequitur
1702 4061 2046 4128 mulierem
2129 4062 2530 4145 quaesivisse
2612 4084 2697 4128 ex

749 4146 955 4214 Saule
1016 4167 1210 4230 quem
1270 4147 1569 4210 suscitari
1625 4148 1748 4212 sibi
1808 4147 2005 4213 vellet
2064 4169 2149 4213 ex
2203 4148 2497 4213 mortuis.
2587 4148 2695 4214 Ex

745 4232 987 4315 quibus
1035 4238 1306 4314 apparet
1351 4231 1570 4296 verbis
1616 4232 1955 4297 mulierem
2009 4234 2202 4298 istam
2261 4234 2697 4299 necromanti-

749 4338 893 4384 cam
940 4325 1149 4382 artem
1195 4317 1581 4395 exercuisse,
1624 4316 1690 4381 id
1735 4327 1833 4384 est
1868 4317 2341 4384 divinationem
2378 4339 2494 4401 per
2529 4339 2699 4383 mor·

748 4412 897 4468 tuos
939 4402 1071 4466 Dei
1117 4401 1383 4466 nomine
1429 4410 1766 4468 evocatos.
1828 4422 1981 4467 nam
2040 4404 2132 4468 ita
2189 4403 2400 4470 solent
2458 4403 2699 4469 diaboli

747 4487 1037 4553 ministri
1081 4487 1211 4551 Dei
1256 4487 1524 4552 nomine
1584 4488 1763 4553 abuti
1823 4496 1890 4552 et
1946 4510 2016 4554 se
2078 4488 2429 4573 prophetas
2483 4488 2699 4554 dicere

748 4573 1055 4657 spiritum
1113 4571 1532 4639 revelationis
1594 4573 1940 4643 habentes:
2014 4596 2215 4673 quum
2281 4586 2498 4639 tamen
2565 4583 2701 4640 tota

751 4658 1042 4742 ipsorum
1102 4677 1211 4723 ars
1267 4678 1447 4722 mere
1508 4658 1749 4724 diaboli
1806 4660 2200 4742 praestigiae
2259 4667 2328 4724 et
2380 4660 2698 4742 iniquitas

750 4747 858 4810 sit.
945 4744 1225 4808 Interim
1300 4744 1469 4810 hanc
1543 4743 1887 4810 mulierem
1958 4744 2258 4811 videmus
2332 4745 2700 4811 assuevisse

751 4837 1044 4895 mortuos
1090 4851 1126 4894 e
1171 4829 1488 4912 sepulcris
1512 4850 1801 4906 evocare,
1848 4839 1925 4894 ut
1958 4832 2015 4896 is
2039 4831 2178 4895 sive
2216 4851 2297 4894 ex
2336 4830 2698 4913 prophetis,

752 4914 894 4979 sive
949 4937 1031 4979 ex
1091 4914 1420 4979 veteribus
1480 4925 1895 4992 evocaretur,
1954 4937 2150 4998 quem
2205 4916 2438 4998 aliquis
2504 4917 2700 4981 vellet

751 4999 1157 5082 compellare.
1266 4999 1484 5081 Atque
1561 5002 1691 5065 ista
1770 5002 2038 5066 fuerunt
2117 5000 2357 5067 diaboli
2441 5021 2701 5084 semper

750 5086 1142 5168 praestigiae
1187 5084 1421 5168 quibus
1466 5085 1766 5152 homines
1812 5087 2026 5165 elusit,
2073 5087 2277 5169 impia
2321 5086 2700 5157 curiositate

750 5180 1158 5234 mortuorum
1236 5169 1632 5253 colloquium
1712 5181 2115 5255 expetentes.
2234 5170 2447 5255 Saepe
2519 5172 2695 5237 enim

2792 811 3152 896 inquirant,
3212 824 3285 879 ut
3315 810 3386 880 si
3429 814 3594 880 bene
3635 816 3658 879 i
3739 837 3796 881 ιε
3839 836 3983 881 esse
4025 814 4408 915 intelligant
4450 835 4746 882 recreen-

2792 907 2925 983 tur,
2969 920 3167 984 quam
3212 900 3620 967 occasionem
3660 837 3876 966 Satan
3921 900 4159 999 arripit
4210 899 4295 966 ad
4356 922 4473 967 eos
4517 901 4590 964 ιιι
4633 920 4748 966 sua

2791 986 2960 1050 retia
3003 984 3361 1051 trahendos
3404 994 3470 1050 et
3513 995 3906 1067 potestatem
3953 986 4114 1069 ipsis
4158 985 4315 1053 facit
4376 1006 4532 1052 cum
4578 1006 4746 1049 mor·

2792 1069 2924 1135 tuis
2982 1070 3414 1153 colloquendi.
3534 1069 3810 1137 Accedit
3876 1071 3964 1135 ad
4026 1072 4403 1155 superiores
4477 1071 4747 1137 affectus

2792 1156 3015 1222 nescio
3061 1156 3232 1239 quod
3257 1155 3568 1221 stolidum
3612 1178 3770 1241 erga
3792 1165 4085 1223 mortuos
4107 1157 4422 1237 studium,
4473 1176 4748 1240 quorum

2797 1242 2998 1306 vitam
3038 1260 3243 1324 quum
3286 1240 3562 1306 audiunt
3604 1242 3897 1325 plerique
3955 1264 4101 1308 eam
4160 1264 4567 1343 magnopere
4611 1263 4746 1306 sus·

2795 1327 3047 1426 piciunt
3122 1338 3191 1391 ct
3267 1349 3339 1393 se
3420 1326 3774 1410 discipulos
3852 1348 4084 1393 eorum
4151 1330 4527 1395 viventium
4613 1348 4748 1393 esse

2796 1412 3080 1494 potuisse
3173 1421 3436 1494 optant,
3515 1411 3790 1496 ideoque
3853 1421 4264 1479 mortuorum
4352 1414 4748 1497 colloquium

2797 1495 3218 1564 vehementer
3261 1506 3601 1581 expetunt,
3647 1499 3836 1581 quasi
3860 1519 3943 1564 ex
3964 1498 4079 1564 illo
4121 1519 4462 1565 summum
4506 1499 4746 1562 bouum

2796 1581 3041 1664 aliquid
3098 1584 3583 1666 consequuturi.
3673 1583 3994 1650 Diabolus
4054 1604 4214 1650 vero
4259 1587 4747 1667 corruptionem

2800 1668 3000 1732 istam
3066 1667 3408 1733 hominum
3476 1668 3710 1735 fovens
3777 1669 4044 1735 simulat
4098 1691 4170 1735 se
4235 1670 4488 1735 nostris
4559 1670 4746 1733 rebus

2795 1753 3040 1834 optime
3083 1753 3445 1833 consulere,
3489 1755 3544 1820 si
3581 1775 3730 1820 cum
3767 1756 4042 1820 mortuis
4066 1756 4588 1823 familiaritatem
4635 1753 4748 1819 ali-

2797 1858 2995 1920 quam
3042 1836 3483 1921 habuerimus,
3527 1839 3800 1923 ideoque
3844 1841 3939 1906 sic
3984 1841 4284 1906 homiues
4319 1862 4592 1923 semper
4633 1840 4747 1903 im-

2797 1926 3030 2006 posuit,
3089 1933 3166 1988 ut
3223 1925 3628 2006 persuaserit
3695 1935 3993 1991 mortuos
4051 1947 4240 2009 posse
4317 1927 4492 1991 vivis
4560 1944 4750 1990 suum

2796 2017 3044 2074 statum
3086 2009 3397 2090 indicare,
3445 2018 3512 2075 et
3555 2010 3635 2075 de
3678 2009 3875 2077 rebus
3916 2012 4059 2077 suis
4103 2031 4254 2077 cum
4289 2011 4426 2077 illis
4461 2031 4750 2077 commu·

2798 2095 3035 2158 nicare.
3126 2093 3262 2161 Sed
3306 2115 3437 2178 quo
3472 2106 3710 2161 natura
3755 2118 3982 2162 sumus
4027 2096 4109 2162 ad
4153 2096 4277 2163 hoc
4322 2096 4572 2164 vitium
4606 2116 4752 2178 pro·

2796 2181 3117 2264 cliviores,
3163 2200 3239 2245 eo
3283 2181 3494 2246 maior
3538 2179 3910 2247 adhibenda
3965 2180 4156 2248 nobis
4211 2184 4428 2248 cautio
4487 2192 4624 2261 est,
4679 2190 4752 2245 ut

2795 2265 3173 2332 devotiones
3230 2275 3295 2330 et
3343 2266 3562 2332 cultus
3616 2266 3778 2333 istos
3849 2268 4212 2351 fugiamus,
4283 2278 4348 2332 et
4426 2268 4748 2350 appetitus

2798 2362 3053 2417 nostros
3114 2352 3356 2418 fraenis
3413 2352 3791 2418 cohibentes
3860 2352 3941 2419 ab
4006 2354 4186 2418 omni
4249 2374 4325 2418 re
4389 2352 4626 2419 illicita
4685 2364 4748 2417 et

2796 2437 2998 2502 verbo
3082 2437 3211 2502 Dei
3302 2437 3632 2520 prohibita
3725 2459 3982 2521 semper
4069 2438 4540 2505 abstineamus.
4657 2438 4748 2503 Et

2796 2524 3107 2607 quoniam
3150 2522 3456 2589 iubemur
3499 2522 3582 2588 ad
3625 2523 3853 2623 legem
3874 2533 3957 2622 et·
3978 2525 4334 2607 prophetas
4378 2525 4749 2624 confugere,

2796 2610 3014 2675 Deum
3057 2628 3423 2691 precemur,
3466 2618 3546 2673 ιιι
3589 2611 3790 2676 verbo
3834 2608 4045 2692 ipsius
4100 2609 4315 2676 edocti
4373 2610 4446 2675 ιιι
4503 2610 4619 2675 ιΠο
4663 2612 4752 2675 sic

2795 2693 3334 2778 conquiescamus
3377 2714 3464 2758 ne
3508 2694 3679 2760 scire
3723 2694 3902 2759 aliud
3947 2693 4285 2778 quidpiam
4333 2715 4538 2778 quam
4581 2692 4750 2779 quod

2794 2780 2947 2847 licet
2991 2788 3394 2879 expetamus.
3484 2778 3665 2845 Sane
3725 2801 3858 2845 non
3918 2788 4176 2853 tantum
4242 2781 4372 2847 hoc
4431 2780 4750 2864 exemplo,

2793 2867 2908 2932 sed
2952 2865 3154 2931 etiam
3200 2886 3326 2931 usu
3370 2865 3703 2930 communi
3747 2886 3975 2948 sapere
4020 2885 4139 2931 nos
4177 2876 4458 2950 oportet,
4519 2868 4578 2932 si
4611 2866 4748 2950 qui·

2795 2950 2944 3016 dem
2988 2950 3170 3016 omni
3213 2951 3468 3017 saeculo
3513 2950 3811 3017 videmus
3871 2951 4171 3016 ethnicos
4224 2950 4351 3018 hac
4411 2953 4672 3017 ratione
4711 2974 4748 3017 a

2794 3037 3050 3103 diabolo
3093 3037 3329 3117 elusos,
3373 3044 3450 3101 ιιι
3492 3042 3903 3102 mortuorum
3957 3036 4302 3121 colloquiis
4363 3038 4749 3106 evocationi-

2794 3123 2917 3190 bus
2975 3123 3270 3189 animum
3330 3121 3764 3187 adducerent:
3844 3121 3958 3188 sed
4019 3130 4093 3187 ut
4152 3121 4302 3188 illos
4361 3124 4742 3189 omittamus

2795 3207 2970 3274 unde
3057 3228 3254 3274 uaeso
3297 3206 3371 3271 in
3414 3215 3659 3291 papatu
3690 3207 3906 3274 cultus
3940 3207 4120 3273 illius
4163 3208 4563 3275 idololatrici
4603 3229 4746 3291 pars

2796 3294 2927 3367 nisi
2994 3314 3033 3358 a
3140 3291 3265 3357 hoc
3329 3293 3510 3358 fonte
3577 3296 3909 3359 manavit:
3978 3313 4136 3358 nam
4204 3293 4263 3358 si
4328 3316 4610 3377 quaeras
4670 3315 4745 3359 ex

2796 3379 3071 3464 papistis
3116 3378 3289 3444 unde
3337 3387 3468 3443 tam
3529 3378 3807 3444 ridicula
3866 3379 4076 3444 multa
4130 3379 4203 3443 ιιι
4264 3380 4566 3465 ipsorum
4624 3379 4748 3446 cul·

2796 3478 2939 3530 tum
2997 3464 3407 3546 irrepserint,
3460 3466 3678 3545 aiunt,
3738 3487 3823 3530 ex
3880 3466 4154 3547 spiritus
4213 3466 4628 3531 revelatione
4683 3486 4746 3530 se

2792 3550 3057 3616 habere.
3101 3549 3283 3614 Hinc
3327 3549 3641 3616 ridiculae
3687 3549 4032 3615 hominum
4077 3549 4244 3615 istae
4291 3572 4512 3618 voces:
4560 3552 4743 3634 spiri-

2796 3646 2907 3702 tus
2965 3634 3158 3701 istius
3217 3634 3537 3703 revelavit
3594 3656 3665 3700 se
3720 3637 3790 3700 in
3865 3636 4125 3719 magnis
4187 3639 4520 3721 angustiis
4574 3634 4743 3735 apud

2797 3722 3038 3787 inferos
3081 3740 3241 3795 esse,
3285 3741 3356 3785 se
3398 3741 3588 3803 posse
3614 3731 3716 3786 tot
3758 3722 4106 3787 missarum
4131 3742 4412 3788 munere
4445 3721 4746 3799 recreati,

2797 3819 2864 3874 et
2907 3804 3433 3890 peregrinatione
3478 3806 3558 3871 ad
3596 3816 3900 3873 sanctum
3937 3806 4222 3889 aliquem
4261 3808 4500 3874 iuvari.
4579 3808 4748 3872 ωηο

2798 3892 3042 3958 factum
3089 3903 3164 3956 ιιι
3207 3890 3524 3956 sacellum
3569 3892 3764 3957 alicui
3808 3903 4034 3958 sancto
4079 3893 4204 3957 iste
4249 3894 4530 3969 voverit,
4587 3893 4748 3959 alter

2799 3980 3004 4043 altare
3049 3978 3471 4057 exstruxerit,
3516 3986 3712 4060 atque
3756 3978 3883 4042 ista
3925 3988 4030 4043 est
4050 3978 4464 4077 papistarum
4512 3979 4747 4045 sancti·

2801 4073 2904 4129 tas
2961 4073 3028 4128 et
3086 4062 3291 4126 divini
3345 4062 3562 4128 cultus
3622 4064 3806 4140 ratio,
3863 4062 4017 4130 hinc
4072 4064 4425 4130 missarum
4487 4078 4557 4130 et
4613 4063 4752 4129 reli·

2801 4168 3076 4231 quarum
3131 4149 3691 4213 caeremoniarum
3752 4160 3972 4227 ortus,
4035 4170 4294 4249 nempe
4327 4172 4414 4214 ex
4474 4159 4743 4215 mortue-

2803 4255 2954 4298 rum
3012 4232 3435 4299 revelatione.
3525 4234 3665 4299 Nos
3727 4255 3880 4300 vero
3939 4244 4173 4300 contra
4232 4234 4571 4301 discamus
4613 4235 4742 4299 Deo

2802 4318 2941 4384 solo
2982 4320 3407 4401 acquiescere,
3466 4326 3602 4418 tam
3651 4319 3948 4386 viventes
3992 4340 4194 4404 quam
4238 4323 4511 4399 mortui,
4573 4332 4640 4385 et
4673 4320 4746 4384 ab

2802 4405 2946 4487 ipso
2990 4404 3128 4469 solo
3173 4405 3502 4503 verboque
3543 4403 3753 4487 ipsius
3811 4406 3906 4470 ita
3949 4405 4253 4487 pendere,
4313 4414 4391 4470 ut
4450 4406 4634 4472 solus
4673 4408 4750 4471 sit

2805 4500 3026 4555 nostra
3066 4488 3418 4572 sapientia:
3465 4497 3533 4554 et
3575 4489 3670 4555 sic
3714 4490 4032 4557 adversus
4075 4491 4486 4558 curiositatis
4526 4496 4739 4559 vitium

2805 4595 3191 4659 pugnemus,
3257 4582 3329 4639 ut
3390 4574 3754 4674 diabolicas
3806 4595 4036 4642 omnes
4108 4575 4462 4642 illusiones
4529 4580 4746 4662 quihus

2805 4660 3177 4726 hominibus
3221 4659 3440 4727 illudit
3483 4659 3704 4742 procul
3750 4681 3789 4725 a
3833 4661 4020 4728 nobis
4063 4662 4462 4728 reficiamus.

2978 4745 3295 4829 Sequitur
3348 4745 3677 4811 mulierem
3733 4745 3916 4812 illam
3970 4748 4338 4813 excitavisset
4385 4747 4754 4827 Samuezoe,

2802 4837 2858 4895 ec
2899 4851 2966 4896 eo
3008 4832 3140 4896 viso
3181 4830 3559 4896 vehementer
3595 4831 3996 4909 exclamasse,
4042 4837 4530 4915 &conquestam
4568 4837 4756 4918 fau-w

2802 4937 2997 4999 quare
3059 4914 3185 4981 sibi
3250 4916 3663 4997 imposuisset.
3769 4918 3875 4983 Ex
3958 4937 4106 5001 quo.
4171 4932 4460 5002 apparet
4527 4920 4754 4987 diaboli

2805 5002 3270 5084 apparitionem
3321 5003 3517 5066 fuisse
3563 5003 3671 5067 isti
3729 5002 3991 5068 mulieri
4039 5014 4360 5087 tanquam
4406 5008 4758 5090 speculum..

2804 5109 2886 5151 ex
2953 5108 3079 5170 quo
3147 5086 3227 5150 de
3295 5088 3489 5151 rebus
3554 5088 3827 5153 occultis
3893 5087 4252 5154 iudicaret·
4337 5113 4498 5157 nam
4577 5108 4758 5159 anm

2805 5171 3074 5237 Saulem
3124 5192 3260 5236 non
3303 5181 3581 5237 noverat
3618 5174 3698 5237 de
3758 5172 3919 5239 facie
3976 5174 4151 5257 quod
4217 5175 4371 5242 aliis
4417 5181 4758 5244 vesfimen·
