5059 6059
281 362 393 428 413

280 561 533 638 quntum
578 551 969 625 immaniter,
1017 550 1176 615 adeo
1220 550 1482 636 quidem
1542 561 1619 617 ut
1685 552 1930 616 nemini
1990 553 2199 636 parci-

1558 363 1659 429 IN
1699 364 1755 429 Ι.
1803 363 1980 429 LIB.
2028 362 2428 431 SAMUEL.
2476 363 2675 430 CAP.
2720 363 2952 430 XXII.

4117 370 4246 434 414

2306 551 2584 620 siduum.
2632 552 2870 617 dicitur
2912 550 3349 620 adiuvandum
3385 555 3623 638 exigua
3664 575 3881 635 mann,
3925 556 4007 620 ad
4051 576 4245 640 quam

281 655 453 704 turus
493 637 709 712 fuerit,
752 637 866 701 sed
914 638 1130 719 potius
1172 639 1350 702 omni
1398 638 1800 704 crudelitatis
1843 659 2084 722 genere
2126 639 2199 702 in
2306 639 2501 701 etiam
2549 639 2871 704 accessuri
2914 639 3143 705 frande
3199 652 3266 705 et
3308 641 3645 706 mendacio
3689 642 3881 707 multi
3925 641 4248 708 dicuntur.

279 725 478 791 obvios
532 743 816 804 quosque
874 722 1264 788 saeviturus.
1369 724 1553 789 Deus
1609 724 1817 807 igitur
1871 723 2019 788 illos
2079 723 2202 789 hac

279 809 634 961 {saggqa-ex
687 808 930 871 Iudaea
975 807 1040 873 vi
1084 808 1367 892 quadam
1413 808 1725 875 abductos
1770 809 1850 874 ab
1877 809 2198 873 Davidem

2304 724 2639 806 Loquitur
2704 733 2924 789 antem
2991 725 3176 792 Deus
3242 726 3323 791 de
3400 727 3783 793 liberatione
3855 747 4050 810 quam
4174 748 4247 793 er

2305 807 2744 875 Machabaeos
2786 809 2955 886 fecit,
2999 831 3199 893 quum
3245 833 3316 877 se
3359 811 3623 895 regibus
3652 812 3888 897 Syriae
3933 832 3971 875 a
4015 750 4247 895 quibus

2247 899 2255 976 Ι
2304 894 2543 959 misera
2570 896 2694 959 Dei
2718 895 2990 960 ecclesia
3010 897 3415 981 gravissimis
3438 898 3915 963 calamitatibus
3938 917 4246 983 oppressa

431 980 636 1044 Porro
659 977 975 1060 quaedam
1017 978 1222 1044 videri
1244 988 1514 1063 possent
1558 979 1628 1043 in
1667 980 1787 1045 hac
1827 981 2203 1044 narratione
2305 982 2519 1045 fuerat
2563 989 3044 1079 opposuerunt:
3101 982 3226 1046 fuit
3269 1003 3425 1067 ergo
3471 1003 3706 1049 manus
3747 983 3858 1048 illa
3903 983 4242 1049 hominum

275 1067 479 1131 minus
519 1066 751 1128 rationi
791 1073 1243 1146 consentanea,
1290 1084 1490 1148 quum
1527 1066 1836 1130 nimirum
1882 1064 1960 1130 ad
2002 1066 2201 1130 Davi-

274 1153 408 1216 dem
451 1150 837 1216 convenisse
860 1150 1170 1216 dicuntur
1213 1152 1327 1234 qui
1370 1160 1561 1217 erant
1601 1152 1670 1215 in
1697 1153 2004 1235 angustia
2046 1172 2199 1217 con-

275 1237 472 1304 stituti
515 1249 580 1300 et
624 1236 918 1319 oppressi
974 1256 1124 1301 aere
1166 1237 1377 1301 alieno
1444 1247 1512 1301 et
1556 1257 1778 1301 amaro
1838 1237 2076 1313 anim0,
2137 1244 2203 1301 et

271 1325 495 1389 factum
543 1341 685 1387 esse
741 1322 1033 1405 ipsorum
1093 1322 1474 1405 principem.
1563 1322 1943 1387 Absurdum
2000 1323 2203 1406 igitur

272 1408 551 1487 videtur,
628 1415 697 1472 et
751 1407 1042 1473 maximo
1102 1427 1251 1472 cum
1306 1406 1695 1473 offendiculo
1752 1410 2199 1490 coniunctum,

278 1493 582 1559 Davidem
652 1492 885 1558 ducem
949 1493 1150 1559 fuisse
1215 1493 1461 1558 dictum
1543 1493 2054 1558 latrunculorum
2136 1503 2202 1558 et

270 1599 479 1644 corum
525 1578 869 1643 hominum
927 1580 1038 1662 qui
1097 1577 1289 1644 fidem
1354 1578 1709 1661 fregerant.
1796 1579 2199 1645 Nominatim

271 1666 431 1730 enim
490 1664 799 1730 dicuntur
857 1665 925 1728 in
987 1665 1296 1748 angustia
1367 1665 1701 1730 constituti
1782 1675 1851 1729 et
1906 1665 2200 1748 oppressi

268 1770 407 1816 aere
464 1750 697 1815 alieno.
803 1748 975 1815 Lues
1049 1751 1273 1832 itaque
1337 1752 1627 1814 maxima
1683 1751 1882 1816 fuisse
1938 1751 2202 1815 videtur

267 1843 397 1902 tota
458 1835 574 1901 illa
639 1834 981 1900 hominum
1050 1835 1394 1911 colluvies,
1475 1856 1752 1918 quorum
1834 1859 1904 1901 se
1969 1834 2197 1901 ducem

261 1922 542 2006 profiteri
606 1920 848 1986 Davidi
906 1930 1094 2005 turpe
1152 1921 1278 1985 fuit
1335 1932 1400 1986 et
1457 1921 1856 2005 indecorum,
1923 1930 1991 1987 et
2047 1942 2195 1987 cum

263 2007 501 2073 offensa
523 2007 652 2072 Dei
697 2007 1139 2071 coniunctum.
1206 2006 1375 2071 Nam
1424 2007 1534 2089 qui
1572 2005 1947 2072 obaeratum
1985 2008 2199 2072 homi-

262 2112 404 2157 nem
428 2093 662 2176 recipit
705 2093 775 2156 in
803 2093 1193 2168 societatem,
1241 2102 1493 2157 certum
1538 2105 1638 2157 est
1660 2093 2199 2158 condemnatione

262 2177 541 2262 dignum.
649 2178 740 2243 Et
794 2199 995 2261 quum
1049 2177 1404 2243 facinorosi
1467 2176 1765 2243 homines
1837 2191 1900 2243 ct
1971 2179 2200 2262 poenis

262 2263 435 2347 digni
499 2264 810 2329 foventur
874 2273 942 2328 et
1019 2264 1301 2328 iustitiae
1379 2263 1749 2346 eripiuntur
1818 2265 1997 2330 Deus
2079 2283 2199 2329 suo

260 2351 567 2434 suffragio
613 2349 738 2415 hoc
762 2348 1171 2414 condemnat.
1263 2347 1705 2429 Quamobrem
1752 2348 1988 2422 David,
2017 2351 2198 2434 ipsos

259 2434 555 2500 homines
600 2437 666 2499 in
717 2455 899 2499 suam
958 2434 1329 2500 societatem
1392 2445 1458 2498 et
1514 2435 1781 2499 tutelam
1845 2436 2197 2500 admittens

259 2520 610 2586 maximam
658 2520 779 2586 sibi
843 2520 1012 2603 apud
1073 2541 1298 2585 omnes
1354 2521 1679 2586 conflabat
1735 2520 2075 2599 invidiam,
2133 2530 2201 2586 et

256 2606 598 2689 opprobrio
643 2628 715 2671 se
758 2605 1126 2689 exponebat
1168 2604 1339 2687 quod
1396 2608 1467 2670 in
1524 2605 1739 2688 ipsum
1787 2606 1915 2672 Dei
1958 2627 2195 2671 nomen

256 2691 684 2770 redundabat,
745 2691 915 2774 quod
957 2691 1039 2756 ab
1083 2691 1384 2756 omnibus
1428 2703 1910 2757 sacrosanctum
1972 2692 2197 2757 haberi

256 2777 460 2844 debet.
563 2778 740 2843 Nam
798 2798 1018 2842 nonne
1075 2776 1439 2842 istiusmodi
1501 2787 1858 2859 potuerunt
1916 2798 2059 2843 esse
2116 2775 2197 2841 de

250 2862 389 2946 ipso
431 2864 611 2929 male
655 2862 1035 2928 feriatorum
1100 2864 1439 2927 hominum
1486 2862 1777 2928 iudicia?
1838 2863 1980 2928 Iam
2042 2885 2082 2928 a
2125 2883 2196 2927 se

249 2948 463 3018 David
519 2948 774 3032 detegit
828 2948 1037 3030 qualis
1093 2949 1407 3015 hactenus
1466 2948 1696 3030 fuerit,
1749 2970 1950 3032 quum
2011 2957 2195 3013 tanta

248 3031 586 3101 hominum
646 3035 956 3100 colluvies
1031 3037 1111 3099 ad
1180 3036 1392 3117 ipsum
1456 3034 1750 3118 confugit
1806 3036 2192 3100 miserorum

245 3119 589 3186 hominum
650 3129 714 3185 et
766 3141 918 3185 aere
975 3120 1189 3185 alieno
1246 3140 1706 3204 oppressorum
1765 3121 1998 3203 quibus
2054 3122 2195 3203 ipse

250 3226 318 3270 se
359 3207 602 3273 ducem
648 3205 931 3289 praebet.
1020 3206 1159 3272 Iam
1219 3216 1489 3289 apparet
1533 3206 1698 3270 nihil
1759 3206 2082 3272 hactenus
2120 3206 2192 3270 in

246 3292 382 3375 ipso
440 3293 577 3358 nisi
645 3292 1023 3358 simulatum
1089 3300 1158 3356 et
1218 3293 1442 3357 fictum
1502 3293 1722 3375 fuisse,
1786 3292 1917 3356 iam
1984 3292 2193 3375 ipsius

244 3379 519 3459 perfidia
554 3378 876 3443 adversus
912 3399 1132 3460 regem
1165 3375 1512 3461 detegitur.
1582 3378 1685 3442 En
1711 3378 1946 3460 quibus
1983 3377 2193 3443 modis

245 3463 365 3528 Dei
411 3484 661 3530 nomen
703 3465 915 3546 potuit
957 3464 1304 3546 impiorum
1346 3464 1682 3528 bominum
1719 3464 1985 3528 vocibus
2032 3464 2195 3529 lace-

245 3551 393 3630 rari,
434 3551 751 3616 coniectis
787 3550 852 3613 in
880 3550 1203 3614 Davidem
1230 3547 1602 3615 huiusmodi
1639 3549 1927 3615 dicteriis
1961 3550 2192 3633 quibus

241 3634 568 3701 adventus
617 3636 890 3701 istorum
953 3634 1290 3699 hominum
1352 3636 1753 3701 occasionem
1815 3634 2055 3700 dabat?
2102 3636 2194 3700 Et

242 3742 396 3785 sane
441 3724 514 3786 in
564 3721 691 3787 hoc
747 3740 1019 3785 numero
1075 3731 1326 3786 certum
1388 3731 1489 3786 est
1541 3720 1739 3785 fuisse
1796 3721 2034 3786 multos
2094 3722 2190 3785 in·

242 3804 492 3891 dignos,
552 3808 668 3889 qui
726 3808 1187 3889 reciperentur,
1240 3815 1308 3870 et
1365 3826 1526 3889 quos
1571 3805 1789 3870 David
1851 3827 2186 3890 nunquam

239 3893 302 3955 in
348 3915 546 3957 suum
598 3895 994 3958 consortium
1032 3891 1398 3957 admisisset
1440 3892 1496 3957 si
1542 3913 1581 3955 a
1616 3891 1759 3955 Deo
1804 3902 2185 3974 potestatem

242 3978 343 4041 vel
388 3979 457 4043 in
506 3998 623 4044 eos
667 3976 1249 4056 animadvertendi,
1305 3977 1406 4043 vel
1453 3977 1790 4042 reiiciendi
1833 3997 2188 4062 consequu-

234 4072 343 4128 tus
383 4074 583 4130 esset.
676 4062 900 4144 Quare
959 4064 1039 4129 ad
1099 4063 1482 4146 superiores,
1535 4062 1756 4147 gravis
1811 4066 2006 4128 etiam
2061 4065 2187 4128 ista

231 4152 511 4215 tentatio
560 4150 852 4230 accessit,
907 4159 982 4213 ut
1040 4151 1288 4213 venerit
1344 4148 1558 4214 David
1625 4150 1694 4212 in
1755 4150 2184 4232 suspicionem

229 4236 406 4318 apud
485 4236 834 4320 plerosque
905 4237 1085 4318 quasi
1155 4235 1330 4300 ultro
1404 4233 1693 4319 perditos
1762 4234 2062 4300 homines
2119 4244 2187 4299 et

229 4323 409 4386 vitae
457 4322 854 4405 profligatae
897 4319 1293 4399 advocasset,
1351 4331 1417 4386 ct
1472 4321 1542 4384 in
1587 4341 1771 4385 snam
1818 4320 2183 4386 clientelam

230 4409 628 4492 recepisset,
723 4406 1048 4491 pollicitus
1122 4406 1287 4491 ipsis
1374 4406 1692 4472 adversus
1765 4408 2186 4488 insequentes

229 4494 564 4559 auxilium
612 4504 679 4556 et
724 4512 908 4574 opem
956 4510 1177 4557 suam:
1220 4492 1492 4575 ideoque
1527 4491 1758 4556 merito
1781 4492 1863 4557 ab
1885 4490 2186 4558 omnibus

227 4582 639 4663 culparetur,
686 4585 752 4642 et
797 4580 865 4642 in
907 4576 1123 4643 Deum
1169 4578 1462 4662 graviter
1503 4597 1770 4661 peccare
1828 4576 2182 4643 videretur.

231 4662 364 4731 Sed
411 4685 625 4749 quum
673 4664 928 4729 venisse
972 4663 1050 4728 ad
1093 4664 1408 4729 Davidem
1447 4685 1577 4728 non
1618 4664 1825 4728 vocati
1862 4663 2182 4743 dicantur,

229 4759 293 4815 et
355 4752 507 4835 ipse
569 4751 639 4814 in
699 4758 798 4813 tot
851 4749 1184 4832 tantisque
1238 4748 1727 4815 difficultatibus
1793 4749 2183 4815 constitutus

225 4857 359 4902 non
405 4835 710 4920 potuerit
752 4855 861 4899 eos
918 4854 957 4898 a
1001 4856 1071 4901 se
1114 4834 1461 4912 dimittere,
1523 4834 1664 4899 dico
1721 4835 2181 4920 gravissimam

226 4920 308 4985 ad
377 4922 757 5005 superiores
817 4919 987 4986 hanc
1052 4922 1399 4987 accessisse
1465 4920 1927 5004 tentationem,
2009 4920 2180 5004 quod

225 5006 615 5074 istiusmodi
691 5005 1009 5071 militibus
1072 5006 1258 5071 illum
1323 5005 1556 5089 stipari
1621 5006 1803 5072 Dens
1883 5006 2180 5072 voluerit.

225 5092 410 5174 Quin
459 5093 665 5158 etiam
711 5092 1056 5176 contigisse
1099 5091 1275 5156 idem
1317 5091 1619 5157 videmus
1676 5092 2027 5158 israelitico
2071 5113 2185 5177 po·

222 5180 403 5261 pulo,
452 5179 647 5245 cuius
689 5178 870 5242 Deus
917 5178 1223 5242 misertus
1269 5185 1370 5244 est
1409 5186 1557 5261 post
1601 5177 1832 5263 longas
1874 5187 1940 5242 et
1983 5177 2182 5244 duras

221 5264 810 5349 persequutiones:
871 5283 1025 5328 nam
1084 5263 1255 5346 quod
1313 5264 1435 5329 erit
1484 5284 1571 5329 ex
1630 5263 1864 5347 populo
1911 5264 2032 5328 Dei
2080 5286 2181 5329 re-

2305 1067 2563 1150 exigna,
2610 1086 2751 1131 sine
2794 1068 3050 1150 magnis
3095 1068 3343 1134 viribus
3387 1077 3452 1133 et
3495 1071 3638 1135 sine
3674 1079 4010 1154 apparatu,
4054 1070 4243 1134 multi

2304 1153 2618 1235 flagitiosi
2676 1150 2976 1217 homines
3033 1153 3334 1218 fidelibus
3437 1157 3716 1232 ermixti,
3775 1155 3965 1220 multi
4024 1155 4244 1238 prodi·

2307 1251 2481 1302 tores
2524 1238 2595 1301 in
2641 1237 2772 1302 illis
2797 1238 3197 1304 occasionem
3226 1176 3469 1322 perfide
3513 1239 3748 1324 agendi
3792 1241 3861 1304 in
3908 1241 4243 1307 ecclesiam

2303 1323 2738 1405 irrepserant,
2804 1323 2994 1388 multi
3054 1323 3332 1408 denique
3397 1324 3693 1391 dissoluti
3748 1338 3815 1390 et
3872 1326 4242 1403 insolentes,

2301 1408 2537 1491 quibus
2582 1420 2799 1473 tamen
2846 1409 3153 1475 ecclesiae
3195 1411 3539 1493 permixtis
3584 1410 3770 1476 Deus
3815 1433 3974 1476 usus
4017 1421 4118 1476 est
4160 1411 4241 1476 ad

2302 1493 2610 1559 ecclesiae
2653 1515 2808 1559 suae
2841 1493 3312 1572 liberationem,
3357 1504 3426 1560 et
3461 1497 3597 1562 suis
3638 1497 3819 1562 Deus
3855 1495 4245 1564 humiliandi

2303 1602 2375 1645 se
2441 1598 2659 1644 coram
2727 1580 2868 1663 ipso
2946 1582 3246 1662 praebuit
3325 1583 3750 1647 occasionem.
3859 1581 3973 1647 Sic
4047 1583 4247 1646 etiam

2303 1685 2767 1748 cognoscamus
2844 1667 3061 1730 Deum
3141 1667 3426 1733 voluisse
3507 1668 3784 1733 Davidis
3860 1668 4240 1751 patientiam

2301 1750 2649 1835 opprobrio
2693 1759 2760 1815 et
2802 1750 3143 1817 hominum
3181 1751 3468 1818 dicteriis
3513 1775 3587 1819 ac
3611 1753 3857 1819 salibus
3880 1753 4241 1836 explorare.

2300 1836 2644 1902 Hactenus
2685 1837 2947 1918 quidem
2993 1838 3201 1902 multa
3244 1838 3464 1902 David
3519 1840 3889 1921 pertulerat,
3948 1837 4060 1903 sed
4107 1840 4238 1903 iam

2301 1922 2603 1987 omnibus
2645 1923 2851 2005 ipsius
2891 1923 3173 1988 inimicis
3229 1925 3473 1989 invidis
3530 1945 3605 1989 ac
3662 1924 3999 1990 malevolis
4057 1945 4243 2008 aper-

2303 2018 2443 2071 tum
2489 2028 2562 2072 os
2603 2007 2869 2073 videtur
2911 2008 2993 2072 ad
3046 2010 3456 2088 calumniam,
3512 2030 3715 2093 quum
3774 2020 3907 2075 tota
3964 2010 4244 2089 regionis

2303 2093 2618 2159 colluvies
2663 2093 2742 2158 ad
2784 2095 2997 2177 ipsum
3045 2096 3438 2162 confluxisse
3483 2095 3610 2161 dici
3652 2104 3882 2179 potest,
3927 2103 3992 2160 et
4037 2096 4242 2161 Davi·

2303 2178 2448 2243 dem
2507 2181 2751 2245 factum
2805 2180 3070 2245 illorum
3130 2179 3379 2247 ducem.
3467 2181 3743 2247 Factum
3804 2181 4009 2266 igitur
4061 2181 4239 2247 istud

2301 2264 2628 2347 peculiare
2672 2286 2812 2330 esse
2835 2285 3278 2349 agnoscamus,
3322 2266 3493 2350 quod
3538 2288 3670 2331 non
3695 2267 3902 2351 possit
3930 2266 3996 2331 in
4043 2286 4241 2351 regu·

2302 2349 2431 2414 lam
2477 2350 2843 2434 generalem
2905 2352 3097 2418 trahi.
3169 2353 3340 2416 Nam
3409 2352 3598 2418 multi
3657 2351 3968 2418 adversus
4022 2351 4241 2417 Deum

2301 2436 2718 2520 insurgentes
2761 2457 2903 2502 sese
2947 2437 3227 2502 libenter
3269 2439 3569 2521 exemplo
3606 2437 3880 2503 Davidis
3924 2448 4239 2522 tegerent,

2303 2521 2638 2589 advocatis
2680 2523 2746 2586 in
2784 2522 3104 2587 auxilium
3129 2522 3498 2589 bominibus
3534 2544 3834 2607 nequam,
3875 2524 4237 2608 flagitiosis,

2303 2606 2735 2686 helluonibus,
2781 2618 2849 2673 et
2892 2609 2971 2673 ad
2998 2608 3271 2691 quodvis
3310 2608 3631 2693 flagitium
3656 2609 3925 2692 paratis.
3982 2607 4239 2674 Deinde

2302 2692 2605 2759 videmus
2648 2693 2930 2758 multum
2976 2694 3097 2759 sibi
3120 2694 3419 2760 homines
3453 2696 3833 2780 permittere
3877 2693 3959 2760 ad
4006 2696 4240 2760 bonam
4331 2756 4334 2760 .

2302 2778 2451 2843 licet
2506 2798 2765 2845 causam
2833 2778 3062 2845 mediis
3127 2787 3348 2844 tamen
3416 2780 3661 2845 illicitis
3726 2780 4236 2864 promovendam

2302 2862 2476 2947 quod
2519 2865 2805 2930 maxime
2864 2865 3078 2929 locum
3129 2866 3324 2930 habet
3377 2866 3445 2930 in
3492 2886 3748 2932 summa
3803 2886 4022 2930 rerum
4085 2886 4234 2930 con-

2299 2949 2571 3028 fusione,
2617 2970 2817 3033 quum
2862 2951 3152 3017 institiae
3196 2960 3262 3017 et
3305 2952 3619 3035 aequitati
3678 2951 3899 3016 nullus
3956 2950 4236 3032 amplius

2301 3035 2484 3101 locus
2543 3044 2860 3120 superest.
2948 3036 3117 3101 Nam
3176 3037 3509 3120 inquiunt,
3562 3057 3762 3118 quare
3818 3056 3940 3120 ego
3999 3036 4235 3099 bonam

2299 3131 2366 3187 et
2408 3122 2650 3186 iustam
2697 3142 2959 3188 causam
3006 3142 3206 3207 agens
3250 3143 3379 3187 non
3417 3132 3638 3188 uterer
3681 3120 3913 3187 mediis
3955 3140 4121 3204 quae
4165 3139 4235 3185 se

2299 3207 2463 3271 mihi
2507 3207 2838 3272 offerunt?
2877 3208 2966 3272 Et
3010 3209 3154 3273 istis
3197 3209 3579 3291 praesertim
3627 3206 3991 3272 rationibus
4035 3215 4233 3271 utun-

2299 3301 2410 3358 tur
2452 3294 2760 3359 ecclesiae
2803 3293 3041 3374 hostes,
3084 3294 3400 3360 adversus
3440 3295 3655 3377 ipsum
3680 3293 3896 3358 Deum
3934 3313 4233 3377 pugnan-

2298 3387 2415 3457 tes,
2480 3380 2594 3461 qui
2660 3380 2782 3444 etsi
2842 3380 3185 3457 latronum,
3246 3380 3651 3463 perditorum
3714 3379 4233 3463 profligatorum-

2296 3485 2420 3547 que
2462 3463 2827 3542 hominum,
2872 3486 3239 3549 ganconum
3286 3475 3558 3530 utantur
3600 3485 3794 3548 opera
3838 3463 3961 3529 sibi
4006 3475 4229 3528 tamen

2294 3549 2361 3613 id
2425 3550 2621 3615 licere
2678 3551 3074 3632 gloriantur,
3140 3551 3310 3635 quod
3378 3572 3508 3616 non
3577 3551 3901 3634 propriam
3967 3569 4230 3616 causam

2295 3648 2514 3719 agant,
2561 3658 2772 3719 neque
2818 3638 3018 3700 vitam
3064 3657 3246 3701 suam
3297 3649 3409 3702 aut
3466 3637 3796 3701 fortunam
3855 3633 4229 3714 defendant,

2292 3722 2405 3786 sed
2450 3744 2569 3805 pro
2619 3722 2741 3787 Dei
2786 3723 2993 3807 gloria
3034 3733 3101 3787 et
3146 3722 3393 3787 honore
3453 3721 3772 3786 laborent.
3861 3721 3970 3786 En
4024 3731 4103 3784 ut
4160 3722 4225 3785 in

2292 3829 2510 3872 rerum
2557 3808 2934 3874 confusione
2979 3807 3168 3874 multi
3226 3808 3351 3873 sibi
3408 3808 3617 3873 multa
3670 3807 4070 3890 permittant,
4131 3827 4227 3871 se-

2291 3915 2416 3977 que
2460 3892 2737 3959 Davidis
2782 3894 3082 3976 exemplo
3130 3906 3452 3970 tueantur,
3498 3895 3611 3977 qui
3657 3894 3929 3959 miseros
3972 3900 4040 3958 et
4074 3912 4225 3976 ege·

2290 4001 2410 4044 nos
2469 3988 2534 4043 et
2594 3999 2743 4043 aere
2803 3980 3050 4045 alienos
3103 3999 3445 4063 oppressos
3503 3978 3582 4043 ad
3645 3999 3717 4044 se
3775 3979 4227 4062 confugientes

2288 4065 2553 4148 recepit.
2660 4065 2906 4129 Verum
2967 4066 3301 4131 enimvero
3376 4086 3506 4131 non
3565 4065 3845 4149 legimus
3902 4062 4222 4128 Davidem

2287 4153 2446 4215 istos
2494 4151 2691 4216 tubae
2747 4151 3052 4233 clangore
3112 4171 3536 4217 convocasse:
3597 4151 3710 4216 sed
3769 4161 3996 4215 contra
4054 4147 4224 4212 ultro

2288 4235 2367 4301 ad
2413 4236 2626 4319 ipsum
2674 4237 2929 4303 venisse
2972 4235 3293 4315 dicuntur,
3334 4238 3404 4301 in
3451 4257 3578 4319 quo
3602 4236 3897 4301 videmus
3942 4232 4223 4298 voluisse

2287 4321 2503 4387 Deum
2550 4322 2763 4405 ipsum
2809 4322 3151 4405 explorare
3193 4332 3259 4387 et
3302 4320 3456 4389 huic
3478 4323 3796 4404 vituperio
3839 4320 3921 4384 ad
3966 4330 4223 4400 tempus

2285 4407 2619 4486 subiicere,
2677 4420 2749 4472 ut
2792 4428 3010 4473 coram
3055 4407 3199 4471 Deo
3255 4410 3466 4492 magis
3528 4428 3602 4474 ac
3659 4406 3869 4489 magis
3925 4405 4220 4476 disceret,

2287 4502 2357 4558 et
2397 4493 2749 4577 humiliari,
2794 4504 2860 4558 et
2900 4495 2969 4558 in
3018 4493 3200 4558 nullo
3238 4493 3366 4558 alio
3401 4513 3593 4578 quam
3638 4493 3706 4557 in
3735 4493 3874 4556 Deo
3917 4489 4219 4555 fiduciam

2285 4579 2636 4657 collocare,
2693 4588 2762 4644 et
2816 4580 2886 4643 in
2948 4579 3252 4645 omnibus
3311 4577 3803 4645 difficultatibus
3861 4576 3941 4640 ad
4006 4576 4219 4659 ipsum

2286 4666 2554 4730 unicum
2613 4664 2978 4749 confugere.
3077 4666 3427 4732 Praeterea
3488 4662 3881 4742 notandum,
3936 4671 4014 4726 ut
4069 4672 4221 4725 ante

2286 4748 2442 4830 dixi,
2486 4750 2695 4815 multa
2738 4751 2805 4816 in
2847 4750 3049 4818 sacris
3079 4751 3439 4835 singularia
3461 4751 3628 4815 facta
3649 4768 4005 4823 occurrere,
4052 4766 4220 4829 quae

2285 4857 2417 4900 non
2463 4838 2595 4901 sint
2637 4837 2707 4900 in
2744 4837 3114 4920 exemplum
3165 4849 3406 4902 temere
3448 4833 3786 4910 trahenda,
3831 4835 3898 4897 in
3942 4851 4220 4915 qnorum

2286 4942 2560 4987 numero
2602 4920 2779 4987 istud
2822 4931 2922 4988 est
2964 4921 3430 5006 reponendum.
3516 4919 3661 4985 Non
3724 4921 3964 5001 itaque,
4022 4919 4077 4984 si
4138 4916 4218 4981 ad

2284 5007 2608 5073 Davidem
2675 5008 3040 5073 istiusmodi
3124 5007 3419 5072 homines
3504 5006 3971 5090 confugerunt,
4047 5001 4216 5067 idem

2285 5091 2471 5158 nobis
2514 5113 2556 5157 a
2598 5092 2743 5159 Deo
2784 5093 3218 5178 permittitur:
3264 5091 3374 5156 sed
3422 5092 3633 5175 potius
3670 5090 3977 5156 docemur
4020 5091 4222 5174 preci·

2285 5179 2409 5245 bus
2451 5178 2530 5244 ad
2559 5179 2775 5244 Deum
2818 5179 3188 5263 confugere,
3234 5190 3308 5242 ut
3351 5177 3504 5261 quid
3551 5178 3720 5243 facto
3763 5176 3850 5242 sit
3891 5197 4051 5259 opus
4072 5196 4220 5242 cum

2286 5264 2356 5330 in
2377 5264 2694 5331 eiusmodi
2710 5263 3126 5331 difficultates
3149 5262 3566 5330 inciderimus
3586 5263 3724 5347 ipse
3747 5262 3936 5329 nobis
3957 5263 4205 5346 aperiat
