5059 6059
291 347 407 416 313

1646 349 1750 418 IN
1795 350 1851 417 Ι.
1894 348 2080 417 LIB.
2122 345 2524 421 SAMUEL.
2570 349 2772 418 CAP.
2812 350 2906 419 11.

4151 356 4288 424 314

284 559 390 605 rex
432 544 610 603 erat:
656 556 732 604 ae
776 537 931 604 licet
954 537 1177 605 Moses
1199 558 1237 602 a
1260 538 1403 604 Deo
1446 537 1894 606 suscitandum
1938 537 2222 622 aliquem
2327 542 2586 608 titatem
2666 539 3054 623 consequuti
3117 538 3674 623 conquiescemus.
3782 542 4017 628 Itaque
4095 544 4279 613 nulla

288 623 713 709 praedixerat,
767 633 925 691 tunc
970 634 1193 690 tamen
1238 636 1383 690 erat
1422 624 1643 708 populi
1686 625 1958 691 confusa
2000 623 2224 691 condi-

288 710 398 776 tio:
460 723 528 776 et
571 709 881 794 deinceps
925 709 1304 776 Samuelem
1353 710 1506 777 huic
1551 711 1790 794 populo
1834 709 1916 775 ad
1963 717 2226 793 tempus

286 795 640 881 praefuisse
693 805 760 861 et
813 798 917 862 ius
982 796 1229 863 dixisse
1294 797 1698 863 videbimus:
1764 817 1840 862 ac
1906 796 2225 881 populum

287 903 500 967 regem
549 902 589 946 a
634 880 780 949 Deo
830 883 1240 967 flagitantem
1308 884 1374 948 in
1442 904 1513 948 se
1570 883 1712 948 eius
1774 883 1940 947 iram
2007 881 2227 947 conci·

286 979 470 1048 tasse,
516 987 647 1034 non
673 979 1057 1051 exspectato
1081 967 1362 1035 Davidis
1405 989 1632 1069 regno,
1676 968 1848 1052 quod
1875 987 2003 1033 non
2028 967 2224 1033 modo

288 1063 611 1121 terrenum
657 1065 797 1119 erat
843 1055 1161 1136 futurum,
1206 1054 1315 1121 sed
1344 1054 1594 1120 Christi
1641 1056 1829 1139 regni
1876 1052 2049 1138 quod
2082 1055 2224 1137 ipse

283 1141 461 1207 Deus
541 1139 861 1206 stabilivit
926 1142 1162 1225 figura.
1272 1139 1577 1223 Denique
1643 1140 1895 1206 nullam
1964 1138 2224 1205 videtur

282 1226 474 1292 Anna
519 1236 678 1293 tunc
723 1226 1123 1292 occasionem
1171 1224 1250 1291 de
1293 1224 1658 1293 iudicandis
1701 1237 1917 1291 terrae
1965 1224 2224 1305 finibus,

285 1323 347 1377 et
398 1312 621 1379 danda
678 1314 847 1413 regi·
877 1310 1267 1378 fortitudine
1324 1310 1633 1396 loquendi
1680 1312 2221 1412 praetermisisse:

283 1397 509 1550 3313
522 1398 901 1568 2⁰¹&ssssss
944 1420 1076 1550 ¹5:1¹3
1080 1397 2222 1568 “pisssssxfflss‘zsszffffifxsszffigztt

321 1589 468 1635 uam
537 1591 671 1635 non
736 1591 857 1636 suo
922 1571 1146 1653 ipsius,
1213 1571 1330 1637 sed
1395 1571 1608 1637 sancti
1672 1570 1939 1653 spiritus
1994 1567 2224 1635 afflatu

383 1678 472 1723 na
494 1657 760 1739 profert.
827 1655 1052 1737 Quare
1087 1677 1285 1740 quum
1324 1677 1470 1722 eam
1514 1654 1676 1723 duce
1719 1656 1956 1740 spiritu
1998 1665 2223 1721 sancto

279 1743 618 1827 loquutam
669 1753 1000 1827 appareat,
1060 1763 1145 1808 ne
1199 1742 1415 1819 talem,
1484 1744 1767 1819 obsecro,
1832 1741 2219 1824 magistram

279 1828 501 1893 audire
545 1848 666 1893 nos
709 1829 948 1912 pigeat.
1039 1827 1263 1909 Quare
1308 1828 1478 1895 absit
1521 1839 1595 1893 ut
1640 1848 1836 1911 quam
1880 1826 2070 1892 nobis
2114 1827 2221 1892 hie

283 1913 642 1979 doctrinam
687 1914 994 1997 proponit
1038 1934 1442 1997 respuamus,
1504 1935 1708 1997 quum
1752 1933 1887 1979 non
1930 1911 2223 1977 humana

280 2010 657 2076 commenta,
703 1999 815 2064 sed
844 2000 969 2065 Dei
1004 1998 1270 2066 decreta
1311 2009 1380 2065 et
1421 2017 1660 2065 arcana
1702 1998 1973 2065 consilia
2014 2018 2223 2081 eaque

281 2097 546 2152 aeterna
609 2094 678 2150 et
742 2085 1179 2151 immutabilia
1246 2086 1611 2169 patefaciat.
1742 2084 2047 2150 Alterum
2117 2083 2222 2150 hic

278 2172 468 2237 nobis
530 2171 1012 2238 observandum
1079 2180 1198 2251 est,
1265 2193 1500 2256 nempe
1565 2170 1859 2237 fidelium
1917 2169 2221 2235 omnibus

276 2256 555 2324 saeculis
608 2277 791 2340 spem
849 2259 914 2323 in
979 2257 1102 2324 hoc
1144 2278 1185 2324 a
1228 2256 1371 2323 Deo
1416 2257 1879 2324 stabiliendum
1939 2275 2220 2340 regnum

274 2342 672 2409 incubuisse.
762 2343 933 2408 Nam
980 2345 1101 2410 etsi
1139 2343 1347 2410 Mosis
1391 2353 1456 2410 et
1491 2344 1774 2409 Aaronis
1817 2340 2222 2426 temporibus

268 2429 557 2514 populus
618 2429 747 2495 Dei
803 2428 1152 2513 specialem
1197 2451 1357 2514 erga
1406 2450 1476 2495 se
1521 2427 1646 2494 Dei
1693 2427 2219 2493 benevolentiam

271 2516 539 2599 quidem
576 2515 803 2581 multis
847 2536 977 2580 non
1025 2515 1239 2582 dubiis
1281 2516 1489 2599 signis
1532 2522 1838 2580 testatam
1884 2514 2107 2591 sensit,
2152 2521 2221 2577 et

270 2621 341 2667 se
387 2601 608 2685 ipsum
651 2621 876 2686 regem
925 2602 1273 2686 ipsius,‘ut
1316 2621 1433 2686 per
1469 2600 1706 2666 Mosen
1741 2599 2060 2684 edixerat,
2105 2620 2221 2664 ex·

270 2686 552 2768 biberet,
608 2707 744 2752 non
804 2696 1025 2752 tamen
1070 2687 1430 2770 perfectum
1477 2685 1691 2752 adhuc
1734 2705 2012 2769 regnum
2056 2682 2218 2750 illud

270 2772 626 2838 dicendum
670 2785 803 2839 est:
847 2783 916 2838 et
957 2794 1123 2857 quae
1167 2770 1350 2838 Deus
1394 2772 1803 2857 praesentiae
1837 2791 1995 2836 suae
2028 2770 2222 2855 signa

268 2859 491 2939 dabat,
532 2858 809 2924 meliora
850 2879 1115 2942 sperare
1159 2859 1474 2942 populum
1517 2857 1847 2924 iubebant.
1915 2856 1998 2921 In
2044 2855 2221 2923 hunc

266 2945 504 3097 {⁸³3¹AE
536 2942 2220 3114 ssffisssffiffisppssssffli&P‘Zsst’quii‘ssffiffissffi

264 3123 409 3182 tam
454 3135 642 3182 suam
688 3117 760 3182 in
806 3137 883 3182 eo
926 3115 1303 3183 felicitatem
1344 3115 1662 3184 collocare
1707 3115 2092 3193 debuerunt,
2144 3123 2219 3179 ut

264 3204 325 3268 si
390 3202 561 3268 forte
625 3203 826 3269 variis
891 3203 1192 3286 procellis
1244 3202 1377 3270 huc
1432 3202 1590 3268 illuc
1642 3202 2070 3288 agitarentur,
2136 3221 2219 3267 ne

261 3297 495 3354 tamen
556 3290 850 3353 animum
895 3288 1395 3373 desponderent,
1452 3288 1566 3355 sed
1625 3286 2080 3353 liberationem
2139 3286 2220 3353 ab

263 3393 344 3440 en
391 3384 875 3458 exspectarent,
918 3395 1115 3458 quem
1159 3376 1315 3459 ipsis
1351 3373 1832 3458 redemptorem
1858 3371 2044 3438 Deus
2079 3379 2221 3438 erat

261 3460 616 3527 missurus.
688 3457 991 3542 Denique
1013 3460 1261 3526 nullam
1288 3481 1573 3543 unquam
1616 3459 1843 3525 fideles
1886 3458 2221 3526 conscien-

260 3546 379 3612 tiis
423 3545 566 3612 suis
609 3565 835 3629 pacem
881 3545 1137 3612 dedisse
1170 3565 1458 3629 suaeque
1493 3545 1726 3612 salutis
1761 3564 2055 3628 unquam
2092 3545 2221 3611 ihc·

258 3641 372 3697 tos
415 3633 730 3698 certiores
773 3634 1268 3717 comperiemus,
1326 3653 1522 3716 quam
1580 3632 1647 3697 in
1694 3631 1874 3696 hunc
1916 3629 2219 3715 redemp-

256 3727 482 3784 torem
527 3718 880 3796 intuentes,
924 3739 1117 3802 quem
1164 3717 1348 3785 Deus
1391 3719 1551 3801 ipsis
1592 3715 1923 3803 pollicitus
1962 3723 2123 3795 erat,
2179 3734 2222 3782 a

257 3823 402 3887 qno
444 3811 522 3868 ut
566 3824 725 3870 vero
769 3804 985 3887 eapite
1026 3815 1430 3890 regerentur.
1499 3804 1708 3869 Porro
1749 3803 1804 3868 si
1846 3799 2076 3868 fideles
2121 3802 2219 3868 illi

257 3890 399 3954 hae
457 3910 569 3972 spe
613 3890 924 3955 foverunt
972 3911 1044 3956 se
1086 3891 1320 3975 quibus
1364 3899 1622 3955 tantum
1669 3889 1938 3955 umbrae
1982 3907 2217 3972 propo·

253 3975 634 4056 nebantur,
689 3976 913 4059 quales
977 3997 1120 4043 esse
1186 3997 1303 4042 nos
1366 3982 1620 4059 oportet
1684 3973 1878 4040 hodie
1941 3993 2212 4058 quorum

249 4081 502 4129 sensus
545 4082 776 4127 omnes
816 4062 887 4126 in
931 4063 1145 4128 omnis
1188 4062 1343 4129 boni
1385 4061 1918 4128 manifestatione
1965 4061 2216 4125 exerci-

246 4149 386 4214 tati
446 4146 648 4213 sunt?
739 4146 964 4228 Quare
1017 4148 1366 4215 dissimiles
1421 4168 1564 4214 esse
1625 4166 1746 4212 nos
1788 4155 2043 4230 oportet
2085 4145 2217 4212 illis

243 4233 531 4300 miseris
589 4233 942 4300 incredulis
997 4234 1109 4318 qui
1168 4243 1482 4319 papatum
1531 4241 1885 4312 sectantur,
1946 4239 2019 4298 et
2073 4251 2216 4298 sese

248 4319 539 4404 quidem
719 4321 814 4384 tia
854 4319 986 4385 Dei
1042 4319 1338 4405 indigere
1397 4321 1704 4398 fatentur,
1773 4327 1839 4384 et
1881 4317 2215 4403 praeclare

246 4406 537 4490 quidem
627 4428 664 4471 e
704 4403 863 4471 Iesu
906 4406 1173 4472 Christo
1215 4405 1504 4472 Domino
1562 4415 1786 4471 nostro
1835 4403 2216 4489 loquuntur,

240 4513 498 4558 verum
546 4498 770 4557 tamen
815 4491 988 4575 quod
1030 4501 1281 4557 rectum
1326 4492 1623 4557 veritatis
1681 4489 1910 4556 callem
1953 4511 2083 4554 non
2119 4488 2218 4553 in·

244 4579 529 4659 sistant,
590 4577 717 4643 sibi
775 4598 984 4644 novas
1044 4577 1311 4644 semitas
1354 4580 1633 4659 fingunt,
1698 4574 2216 4658 tantundemque

240 4684 287 4729 a
339 4663 623 4730 Christo
668 4662 1004 4731 recedunt.
1078 4665 1253 4730 Nam
1296 4683 1712 4747 quoscunque
1757 4663 2050 4748 papistae
2070 4659 2217 4726 Deo

236 4750 435 4815 ritus
483 4749 822 4834 affingunt
878 4747 1112 4833 quibus
1169 4770 1313 4816 sese
1354 4750 1452 4814 illi
1513 4748 1884 4822 concilient,
1942 4745 2216 4811 totidem

236 4836 676 4921 corruptelas
730 4836 874 4917 puri
923 4835 1102 4902 illius
1145 4836 1362 4903 cultus
1407 4855 1551 4901 esse
1591 4833 1929 4900 fatendum
1974 4841 2096 4916 est,
2140 4852 2219 4898 ac

232 4922 542 5006 proinde
608 4932 872 4987 tantum
913 4942 954 4986 a
994 4921 1141 4987 Deo
1195 4922 1373 5005 ipsos
1432 4921 1736 4987 recedere
1821 4925 2100 4984 uantum
2146 4937 2218 4983 se

230 5027 656 5091 promovere
722 5008 1146 5074 arbitrantur.
1242 5007 1687 5089 Quamobrem
1744 5026 1782 5071 a
1876 5003 2217 5071 Christum

232 5095 577 5161 medere
637 5093 849 5160 divini
904 5095 1111 5179 ipsius
1154 5094 1337 5160 verbi
1383 5093 1581 5159 ductu
1628 5091 1981 5158 discamus:
2029 5110 2215 5155 nam-

232 5202 381 5264 que
447 5181 687 5248 ducem
748 5180 920 5245 hanc
973 5199 1198 5246 vocem
1250 5182 1528 5263 sequuti,
1589 5180 1931 5246 veritatem
1974 5175 2217 5259 adipis·

235 5286 510 5347 eemur,
576 5266 703 5333 hoe
754 5275 855 5333 est
895 5265 966 5331 in
1010 5286 1144 5332 uno
1185 5264 1340 5332 Iesu
1383 5265 1652 5333 Christo
1694 5283 2020 5332 summam
2063 5260 2217 5328 bea·

2328 627 2751 694 excusatione
2793 646 2938 692 sese
2981 625 3175 692 hodie
3211 625 3570 692 tuebuntur
3603 633 3921 712 quotquot
3953 650 4089 696 non
4123 652 4274 699 eum

2327 714 2542 780 solum
2585 713 2930 778 intuentur
2971 721 3041 776 et
3079 713 3151 776 in
3194 731 3328 778 uno
3368 712 3485 778 illo
3526 715 3994 797 conquiescunt
4029 717 4161 782 viri
4194 737 4272 787 ao

2325 800 2659 875 mulieres,
2704 818 2912 882 quum
2956 797 3114 863 olim
3156 798 3278 863 sub
3322 798 3574 865 umbris
3616 799 3938 885 legalibus
3981 802 4273 870 fidelium

2326 887 2498 953 hanc
2542 904 2745 950 unam
2787 884 2987 949 fuisse
3029 904 3212 967 spem
3256 883 3575 952 videmus.
3664 885 4069 954 Nominatim
4112 909 4274 957 vere

2327 974 2522 1037 Anna
2546 970 2850 1035 meminit
2871 969 3047 1054 regis
3069 979 3138 1035 et
3159 970 3343 1036 uncti
3366 970 3674 1051 Iehovae,
3709 974 3985 1040 minime
4008 974 4272 1057 quidem

2326 1058 2513 1142 quasi
2562 1055 2886 1122 Dominus
2927 1063 3152 1122 noster
3192 1055 3381 1122 Iesus
3425 1054 3735 1125 Christus
3792 1078 3994 1142 supra
4050 1059 4273 1128 Deum

2323 1143 2542 1227 ipsum
2585 1150 2837 1227 regnet,
2892 1140 3007 1208 sed
3067 1141 3238 1225 quod
3299 1142 3388 1207 sit
3428 1143 3586 1209 viva
3628 1142 3759 1210 Dei
3801 1144 4020 1231 imago
4062 1167 4272 1231 neque

2325 1230 2526 1295 etiam
2571 1228 2757 1311 quasi
2801 1228 2986 1293 Deus
3030 1247 3230 1311 supra
3273 1227 3612 1294 Christum
3655 1241 3908 1314 regnet,
3948 1231 4063 1297 sed
4097 1231 4272 1315 quod

2324 1335 2475 1382 eum
2517 1312 2751 1380 mnndi
2790 1313 3071 1380 iudicem
3116 1314 3473 1393 constituit,
3537 1321 3605 1380 et
3659 1315 3799 1399 ipse
3841 1315 4028 1383 Deus
4084 1329 4271 1401 pater

2325 1411 2427 1468 est
2470 1399 2744 1467 Domini
2787 1400 2993 1465 nostri
3035 1399 3190 1465 Iesu
3233 1399 3506 1464 Christi.
3594 1400 3882 1468 Perinde
3923 1411 4026 1469 est
4065 1403 4270 1488 igitur

2325 1506 2401 1553 ac
2443 1487 2498 1553 si
2543 1485 2718 1552 dicat
2759 1505 2984 1570 regem
3036 1494 3104 1549 et
3158 1484 3547 1569 prophetam
3592 1486 3739 1568 Dei,
3810 1486 3983 1571 quod
4037 1508 4079 1553 a
4120 1488 4267 1556 Deo

2325 1572 2688 1638 dominium
2731 1593 2808 1638 ac
2840 1579 3227 1656 potestatem
3264 1570 3584 1656 regnandi
3619 1574 3964 1656 acceperit.
4009 1573 4269 1655 Quibus

2325 1658 2545 1726 verbis
2588 1656 2913 1738 docemur,
2960 1657 3318 1722 Dominum
3356 1667 3654 1723 nostrum
3678 1658 3898 1725 Iesum
3923 1658 4272 1726 Christum

2325 1765 2455 1810 non
2500 1743 2582 1809 ab
2626 1741 3004 1810 hominibus
3048 1745 3341 1822 missum,
3384 1743 3497 1809 sed
3534 1764 3574 1808 a
3609 1744 3752 1809 Deo
3791 1751 3977 1828 patre
4019 1746 4134 1828 qui
4178 1746 4273 1813 sic

2322 1829 2643 1896 mundum
2714 1829 2949 1895 dilexit
3011 1836 3090 1894 nt
3154 1827 3418 1912 proprio
3478 1829 3616 1894 filio
3682 1849 3818 1896 non
3886 1832 4269 1914 pepercerit.

2323 1916 2513 1998 Quae
2558 1936 2717 1983 sane
2761 1912 3146 2000 dignissima
3190 1923 3290 1980 est
3333 1912 3687 1981 observatu
3730 1917 4080 1995 sententia,
4140 1937 4272 2000 qua

2324 2011 2618 2068 nostram
2675 2001 2956 2067 salutem
2999 2000 3116 2067 uni
3158 2001 3302 2066 Deo
3346 2011 3678 2085 acceptam
3724 2001 3898 2068 ferre
3941 2002 4270 2069 docemur.

2323 2088 2494 2153 Nam
2539 2108 2723 2172 quae,
2765 2088 3049 2164 obsecro,
3091 2087 3196 2152 vel
3241 2097 3469 2152 nostra
3510 2086 3619 2152 vel
3662 2098 3964 2154 veterum
4006 2087 4270 2171 fiducia,

2324 2173 2455 2240 nisi
2512 2173 2586 2239 in
2646 2193 2723 2239 eo
2783 2172 2953 2256 quod
3012 2172 3323 2238 Christus
3378 2173 3703 2256 apparuit,
3758 2180 3837 2238 ut
3878 2194 3918 2238 a
3960 2173 4269 2240 maledic-

2324 2262 2503 2325 tione
2563 2279 2774 2344 genus
2835 2258 3197 2324 humanum
3253 2256 3650 2324 redimeret?
3736 2259 3947 2325 Porro
3989 2277 4270 2343 apparu-

2323 2347 2452 2412 isse
2493 2344 2687 2411 illum
2731 2364 2965 2428 parum
3007 2352 3125 2423 est,
3185 2343 3314 2409 nisi
3359 2353 3426 2410 et
3466 2345 3658 2412 nobis
3702 2365 3744 2410 a
3785 2352 3974 2429 patre
4016 2345 4269 2426 datum,

2324 2439 2394 2497 et
2449 2430 2531 2498 de
2590 2430 2895 2497 omnibus
2951 2429 3238 2495 inimicis
3296 2430 3854 2514 triumphaturum
3903 2438 4267 2498 teneamus.

2324 2516 2560 2601 Neque
2616 2517 2794 2582 enim
2851 2515 3144 2582 humana
3197 2516 3490 2599 potentia
3535 2526 3652 2582 aut
3694 2515 3947 2583 viribus
3989 2536 4272 2602 regnum

2325 2605 2483 2685 eius,
2549 2602 2664 2668 sed
2730 2602 2928 2668 unica
2985 2602 3114 2667 Dei
3154 2609 3495 2684 potestate,
3562 2621 3692 2686 qua
3733 2602 3989 2684 nititur,
4046 2602 4268 2670 stabit.

2326 2688 2768 2770 Quamobrem
2811 2688 3064 2771 quoties
3107 2686 3189 2752 de
3236 2686 3390 2754 Iesu
3424 2687 3694 2754 Christo
3751 2688 4022 2772 eiusque
4064 2710 4269 2773 regno

2322 2774 2470 2840 fieri
2513 2775 2915 2841 mentionem
2962 2772 3282 2849 audimus.
3336 2794 3411 2840 ae
3455 2771 3728 2857 proinde
3771 2774 3852 2840 de
3896 2781 4122 2840 nostra
4164 2794 4269 2840 sa·

2325 2859 2485 2940 lute,
2527 2862 2830 2941 sciamus,
2872 2859 3153 2926 salutem
3197 2867 3491 2925 nostram
3537 2857 3698 2925 adeo
3740 2868 3985 2926 certam
4031 2866 4097 2924 et
4140 2868 4272 2925 sta-

2322 2946 2522 3014 bilem
2583 2965 2744 3023 esse,
2803 2955 2882 3011 ut
2939 2963 3024 3011 ne
3081 2945 3139 3010 si
3191 2944 3443 3011 coelum
3501 2944 3761 3029 quidem
3808 2965 3886 3012 ac
3933 2954 4108 3010 terra
4151 2943 4269 3010 ad·-

2322 3053 2554 3101 versus
2610 3052 2754 3098 eam
2814 3050 2971 3097 cons
3018 3030 3214 3110 irent,
3272 3051 3563 3115 unquam
3618 3032 3823 3115 possit
3873 3027 4269 3109 labefactari,

2322 3118 2518 3185 modo
2564 3126 2785 3184 tamen
2830 3120 2946 3183 fun
2994 3125 3256 3182 amento
3300 3116 3472 3201 quod
3517 3116 3625 3183 hic
3659 3116 3849 3183 nobis
3883 3137 4002 3200 pro
4088 3115 4269 3182 nitur

2321 3205 2701 3270 innitamur.
2749 3204 2857 3269 En
2899 3202 3107 3288 igitur
3140 3222 3260 3269 cur
3280 3200 3469 3269 Iesus
3490 3200 3798 3269 Christus
3833 3223 3953 3268 rex
4013 3202 4269 3269 ehovae

2324 3297 2392 3356 et
2433 3298 2674 3357 unctus
2717 3288 2846 3356 Dei
2889 3288 3275 3373 appelletur.
3358 3286 3472 3357 Sic
3513 3287 3786 3355 Simeon
3830 3288 4050 3373 ipsum
4093 3287 4271 3353 ulnis

2322 3376 2459 3443 suis
2523 3374 2938 3458 complexum
3008 3373 3350 3441 Christum
3411 3372 3637 3440 Deum
3702 3381 3911 3441 vocat.
4011 3372 4269 3440 Contra

2322 3482 2519 3546 saepe
2574 3462 2644 3527 in
2692 3459 2997 3541 Psalmis,
3053 3468 3296 3526 unctus
3339 3458 3469 3525 Dei
3526 3458 3609 3526 de
3659 3461 3877 3544 figura
3920 3467 3988 3526 et
4030 3459 4268 3526 umbra

2321 3547 2500 3615 illius
2561 3545 2994 3631 praedicatur.
3080 3545 3281 3611 Anna
3341 3545 3548 3628 igitur
3601 3554 3875 3612 unctum
3918 3564 3995 3612 ac
4036 3564 4266 3631 regem

2319 3632 2447 3699 Dei
2493 3641 2682 3701 vocat
2725 3632 3190 3716 promissiones
3235 3631 3528 3715 patribus
3569 3631 3795 3708 factas,
3838 3651 4001 3715 quas
4039 3637 4264 3697 mente

2319 3720 2577 3804 repetit,
2635 3736 2873 3802 nempe
2916 3718 3312 3801 promissum
3355 3716 3671 3782 Messiam
3712 3717 3983 3783 minime
4025 3727 4269 3784 ventu-

2320 3826 2470 3871 rum
2537 3824 2848 3882 vacuum,
2913 3801 3030 3869 sed
3093 3801 3399 3869 omnibus
3462 3801 3596 3867 Dei
3660 3802 3892 3887 gratiis
3956 3801 4266 3886 plenum:

2366 3888 2869 3957 uemadmodum
2947 3889 3145 3955 etiam
3208 3887 3443 3955 Esaias
3522 3887 3844 3972 propheta
3906 3888 4138 3955 tribuit
4200 3886 4266 3954 ei

2319 3911 2493 4043 gena
2549 3974 2699 4055 Dei,
2765 3974 2875 4041 hic
2934 3974 3184 4041 verbis:
3255 3972 3472 4057 Super
3515 3994 3591 4040 eo
3648 3973 3941 4057 quiescet
3989 3974 4264 4057 spiritus

2317 4062 2638 4140 Iehovae‚
2716 4061 2990 4145 spiritus
3065 4059 3423 4142 sapientiae
3477 4066 3543 4126 et
3606 4059 4078 4144 intelligentiae
4132 4059 4266 4143 spi-

2318 4150 2486 4215 ritus
2542 4147 2799 4214 consilii
2860 4153 2929 4212 et
2970 4146 3313 4230 potentiae,
3377 4144 3649 4229 spiritus
3693 4145 4005 4212 scientiae
4050 4151 4115 4211 et
4157 4163 4263 4208 re-

2318 4234 2651 4301 verentiae
2693 4232 2996 4299 Iehovae.
3085 4232 3177 4297 Et
3231 4229 3417 4296 alibi:
3479 4229 3770 4315 Spiritus
3828 4230 4097 4296 Domini
4157 4229 4266 4296 Ie-

2320 4321 2531 4387 hovae
2575 4327 2679 4385 est
2719 4338 2918 4401 super
2955 4337 3087 4402 me,
3132 4335 3209 4382 eo
3250 4316 3422 4400 quod
3467 4317 3662 4383 unxit
3704 4317 3955 4383 Iehova
3994 4334 4100 4380 me
4134 4323 4260 4381 etc.

2319 4407 2425 4472 Ex
2482 4405 2717 4490 quibus
2794 4406 2873 4470 fit
2934 4403 3122 4470 nobis
3185 4404 3607 4486 conspicuum
3650 4403 3876 4469 Iesum
3920 4400 4262 4467 Christum

2316 4491 2680 4557 Dominum
2741 4498 3035 4555 nostrum
3093 4489 3365 4554 minime
3422 4488 3771 4555 accessisse
3828 4487 3912 4553 ad
3970 4506 4094 4552 nos
4141 4505 4262 4551 va·

2318 4597 2548 4645 ouum:
2593 4576 2707 4642 sed
2753 4575 3052 4642 omnibus
3093 4574 3336 4641 divinis
3379 4573 3629 4641 divitiis
3674 4584 3740 4639 et
3782 4570 4042 4639 dotibus
4074 4571 4265 4656 spiri·

2319 4663 2610 4729 tualibus
2675 4673 3088 4739 exornatum,
3152 4659 3329 4726 unde
3386 4658 3560 4744 apud
3604 4660 3924 4726 Ioannem
3981 4656 4062 4723 de
4117 4657 4263 4723 eius

2319 4748 2726 4833 plenitudine
2785 4747 3077 4831 accipere
3139 4745 3445 4812 iubemur
3487 4766 3735 4824 omnes,
3793 4745 3902 4828 qui
3960 4763 4043 4807 ne
4086 4741 4260 4808 scin·

2319 4835 2534 4900 tillam
2557 4833 2823 4917 quidem
2846 4834 3020 4900 vitae
3042 4833 3110 4897 in
3134 4832 3323 4898 nobis
3344 4830 3677 4909 habemus,
3725 4839 3793 4895 et
3812 4828 3891 4895 ad
3917 4827 4260 4894 Christum

2319 4922 2566 5000 venire,
2609 4928 2789 4987 certo
2832 4918 3131 5003 persuasi
3175 4937 3292 4984 nos
3335 4937 3674 5000 nunquam
3715 4917 3950 4981 inanes
3991 4913 4073 4980 ab
4115 4917 4262 4998 ipso

2319 5026 2709 5073 recessuros.
2812 5005 2936 5070 Est
3006 5005 3180 5070 enim
3247 5003 3371 5070 hoc
3425 5003 3694 5070 Christo
3759 5000 4119 5086 proprium,
4184 5006 4266 5066 ut

2317 5092 2448 5159 Dei
2492 5091 2665 5157 dona
2707 5092 2930 5157 omnia
2971 5092 3043 5155 in
3087 5090 3301 5173 ipsum
3344 5089 3551 5154 effusa
3595 5089 3748 5168 sint,
3804 5107 4081 5169 quorum
4139 5104 4262 5152 nos

2317 5179 2460 5264 ipse
2502 5178 2855 5262 participes
2899 5176 3129 5241 faciat:
3187 5194 3381 5258 quam
3427 5173 3510 5240 ob
3552 5193 3812 5240 causam
3859 5173 4056 5239 etiam
4101 5191 4260 5239 con-

2319 5273 2529 5333 sortes
2571 5264 2779 5349 ipsius
2805 5262 2984 5329 Psal.
3007 5259 3093 5328 45
3137 5259 3434 5344 dicimur,
3478 5279 3715 5345 nempe
3750 5259 3923 5345 quod
3959 5257 4262 5325 omnibus
