5059 6059
838 306 964 371 411

2445 298 2853 366 HOMILIA
2904 295 3229 364 LXXIX.
4650 308 4735 377 412

835 450 1232 578 implacabili
1291 490 1478 557 Sauli
1533 489 1674 573 regi
1724 508 2014 569 exosum,
2077 488 2275 553 variis
2324 487 2530 553 modis
2587 489 2795 572 agita·
2906 488 3039 554 lam
3084 488 3401 572 confugit,
3445 489 3515 552 in
3560 509 3689 571 qua
3731 492 3910 554 omni
3970 511 4094 574 ops
4152 491 4443 558 humana
4492 493 4747 567 destitutus

842 594 1003 661 tum,
1070 579 1228 662 fuga
1292 573 1564 641 tandem
1629 596 1788 639 suae
1844 574 2045 639 saluti
2102 573 2439 641 consulere
2497 585 2794 641 coactum

840 667 1026 752 panis
1064 663 1284 746 inopia
1327 660 1679 738 laborasse,
1725 672 1793 726 et
1835 662 2030 725 rebus
2066 658 2372 726 omnibus
2407 661 2793 726 necessariis

781 812 806 835 ,
838 752 1044 817 fuisse
1108 747 1495 814 destitutum
1575 748 1645 811 in
1744 765 1978 810 manus
2048 746 2258 810 hostis
2339 746 2792 829 capitalissimi

840 829 1199 911 devenisse,
1245 833 1630 915 nullumque
1675 830 1854 898 aliud
1900 830 2024 915 ipsi
2072 833 2269 896 fuisse
2311 832 2547 897 salutis
2585 853 2792 897 reme·

844 922 1044 996 dium.
1091 940 1288 1003 quam
1332 919 1627 984 insaniae
1663 916 2179 983 simulationem:
2227 917 2380 983 inde
2424 919 2492 981 in
2538 917 2795 999 spelun-

839 1029 983 1075 cam
1049 1004 1357 1073 Odollam
1423 1003 1686 1088 fugisse,
1755 1003 2013 1087 magnis
2079 1002 2359 1085 denique
2433 1003 2639 1081 curis,
2723 1015 2794 1068 ut

843 1094 1149 1175 deinceps
1209 1089 1604 1168 videbimus,
1664 1087 2031 1156 confectum
2093 1089 2325 1167 fuisse,
2382 1100 2636 1156 certum
2695 1097 2795 1154 est

841 1201 976 1245 non
1011 1177 1206 1243 modo
1227 1197 1360 1241 non
1384 1177 1607 1242 datum
1630 1176 1711 1240 iri
1734 1176 2075 1240 materiam
2131 1173 2381 1240 animos
2418 1173 2792 1241 assumendi

843 1265 1117 1348 Deoque
1163 1283 1299 1342 nos,
1344 1282 1544 1346 quum
1568 1272 1666 1326 tot
1708 1262 1965 1327 casibus
1987 1259 2331 1343 explorare
2358 1261 2548 1338 volet,
2591 1261 2792 1327 subii·

845 1350 1079 1425 ciendi,
1126 1348 1240 1414 sed
1297 1356 1526 1414 eontra
1580 1347 1795 1431 potius
1856 1347 2146 1411 animum
2207 1345 2670 1428 despondendi,
2728 1353 2795 1411 et

845 1438 927 1504 ab
970 1435 1186 1502 officio
1231 1432 1593 1499 resiliendi:
1638 1433 1753 1498 sed
1797 1434 1853 1497 si
1895 1430 2092 1496 simul
2133 1431 2260 1498 ista
2294 1432 2792 1516 coniungamus,

845 1543 1082 1605 nempe
1129 1518 1348 1586 Deum
1391 1520 1485 1585 sic
1528 1540 1684 1584 suos
1729 1538 1955 1585 servos
1998 1516 2360 1599 explorare,
2406 1528 2480 1583 ut
2514 1517 2598 1582 ab
2631 1518 2793 1601 ipsis

845 1627 1118 1675 aversus
1161 1604 1466 1671 videatur
1508 1612 1577 1670 et
1619 1603 1854 1669 deiude
1913 1604 2127 1687 ipsum
2187 1603 2286 1669 uti
2347 1602 2795 1669 misericordia

843 1712 1171 1776 manuque
1229 1691 1571 1757 sublevare
1644 1700 1709 1754 et
1775 1690 1843 1754 in
1902 1690 2165 1754 incertis
2226 1687 2421 1754 rebus
2473 1689 2793 1754 auxilium

843 1780 1015 1844 ferre
1057 1799 1189 1842 non
1236 1776 1694 1861 cogitantibus.
1781 1774 2087 1858 Denique
2130 1775 2185 1840 si
2229 1796 2381 1853 cum
2424 1774 2793 1841 afflictioni—

847 1865 966 1931 bus
1009 1872 1074 1930 et
1094 1863 1375 1928 miseriis
1418 1861 1680 1927 illarum
1703 1862 1954 1927 exitum
1978 1860 2450 1938 coniunximus,
2496 1859 2780 1942 amplam

847 1949 1038 2016 nobis
1095 1948 1385 2014 laetitiae
1447 1948 1786 2012 materiam
1843 1946 2239 2029 propositam
2307 1966 2792 2030 cognoscemus,

753 2072 762 2079 -
844 2046 915 2102 et
978 2033 1060 2099 ad
1139 2034 1525 2118 patientiam
1601 2033 1901 2115 exemplo
1981 2030 2259 2097 Davidis
2340 2032 2790 2098 excitabimur.

848 2123 1071 2205 Atque
1115 2120 1238 2186 hoc
1276 2120 1488 2203 ipsum
1535 2139 1654 2184 nos
1699 2118 1885 2183 docet
1927 2116 2118 2183 Iacob
2176 2117 2531 2200 apostolus,
2591 2137 2794 2200 quum

848 2208 976 2272 ait:
1024 2204 1468 2287 Sufferentiam
1510 2203 1627 2269 Iob
1669 2203 2027 2284 audivistss,
2071 2208 2128 2267 et
2165 2201 2353 2283 finem
2396 2201 2662 2268 Domini
2702 2202 2795 2268 vi-

852 2292 1042 2360 disti-s
1083 2291 1246 2374 quod
1287 2291 1644 2356 misericors
1666 2288 1995 2355 Dominus.
2064 2288 2220 2354 Istis
2262 2289 2464 2372 igitur
2487 2288 2797 2354 docemur

852 2378 1072 2443 Deum
1113 2396 1264 2442 suos
1307 2395 1644 2457 nunquam
1691 2373 2137 2456 derelinquere
2196 2395 2273 2441 ac
2316 2374 2471 2440 licet
2513 2395 2646 2439 non
2692 2394 2795 2439 re-

854 2472 1051 2547 pente
1113 2462 1322 2545 ipsius
1386 2470 1702 2545 appareat
1768 2459 2085 2525 auxilium
2158 2480 2497 2544 nunquam
2573 2469 2795 2525 tamen

856 2548 1169 2614 oblivioni
1211 2567 1366 2613 suos
1410 2545 1805 2611 traditurum
1848 2546 2007 2628 quin
2031 2545 2256 2611 multis
2300 2545 2581 2631 agitatos
2626 2546 2795 2610 cala-

859 2632 1195 2699 mitatibus
1254 2631 1514 2698 tandem
1573 2631 1802 2697 liberet
1853 2641 1921 2696 et
1976 2631 2084 2696 vel
2139 2632 2220 2697 ab
2289 2632 2431 2714 ipso
2495 2630 2795 2716 sepulcro

859 2719 1187 2786 redivivos
1229 2718 1500 2801 impleat
1541 2715 1797 2802 gaudio,
1841 2715 2386 2800 quemadmodum
2431 2739 2518 2782 ex
2560 2717 2796 2782 Annae

858 2805 1113 2873 cantico
1165 2801 1525 2869 didicimus.
1613 2803 1915 2887 Denique
1957 2801 2281 2868 Davidem
2336 2823 2419 2868 ex
2481 2803 2601 2868 hoc
2659 2804 2795 2867 loco

861 2900 1130 2974 apparet
1193 2889 1275 2955 ad
1344 2890 1515 2954 vitae
1578 2908 1736 2955 suae
1818 2887 2215 2971 praesidium
2296 2888 2539 2954 mundo
2621 2887 2797 2952 velut

861 2975 1131 3041 exulare
1175 2985 1493 3054 coactum,
1540 2994 1710 3056 quae
1758 2972 2150 3057 gravissima
2195 2974 2484 3039 omnium
2517 2973 2645 3056 ipsi
2675 2973 2802 3037 fuit

862 3062 1154 3127 tentati0.
1243 3060 1541 3126 Profecto
1584 3062 1641 3125 si
1685 3059 1768 3125 ad
1814 3060 1985 3123 vitae
2041 3059 2435 3141 praesidium
2490 3060 2597 3126 vel
2654 3058 2797 3123 lati-

862 3163 1016 3222 tare,
1067 3147 1168 3212 vel
1211 3146 1420 3212 solum
1456 3155 1714 3211 vertere
1748 3164 2076 3227 cogemur,
2122 3145 2588 3229 gravissimum
2632 3143 2795 3211 illud

860 3231 1122 3316 quidem
1190 3231 1549 3298 videbitur:
1615 3230 1731 3297 sed
1795 3228 2120 3296 Davidem
2184 3230 2597 3309 intueamur,
2663 3251 2794 3295 non

862 3326 1116 3384 tantum
1163 3319 1376 3401 patria
1394 3325 1741 3391 extorrem.
1788 3336 2017 3380 verum
2040 3317 2236 3382 etiam
2281 3316 2443 3382 adeo
2488 3318 2796 3382 miserum

862 3414 938 3469 ιιι
981 3424 1065 3468 ne
1108 3404 1375 3468 domum
1416 3402 1486 3467 in
1531 3423 1660 3485 qua
1680 3402 1915 3466 lateret
1953 3401 2284 3468 habuerit:
2329 3400 2443 3467 sed
2488 3402 2671 3467 velut
2715 3401 2795 3467 ab

865 3488 1204 3553 hominum
1227 3489 1553 3554 consortio
1597 3497 1951 3570 separatus,
1997 3488 2069 3552 in
2110 3488 2438 3570 speluncis
2481 3497 2794 3572 tanquam

863 3574 945 3639 ad
1003 3585 1275 3639 mortem
1335 3573 1679 3639 damnatus
1737 3572 1991 3638 latitare
2047 3585 2308 3639 coactus
2364 3574 2468 3651 sit,
2529 3583 2605 3639 ut
2657 3574 2797 3638 eius

859 3659 1158 3741 exemplo
1215 3659 1536 3724 discamus
1595 3659 1663 3724 in
1722 3657 1852 3723 Dei
1913 3657 2248 3724 voluntate
2318 3660 2793 3741 conquiescere.

861 3743 1203 3827 Siquidem
1247 3766 1373 3827 quo
1418 3744 1825 3828 gravioribus
1870 3744 2334 3810 tentationibus
2376 3746 2506 3809 fuit
2549 3745 2796 3812 exerci-

864 3843 989 3909 tus,
1033 3850 1108 3895 eo
1153 3828 1599 3912 providentiae
1644 3828 1905 3895 divinae
1949 3831 2244 3911 potentia
2285 3831 2361 3895 fit
2404 3831 2590 3897 nobis
2647 3851 2800 3896 con·

862 3915 1172 3999 spectior,
1231 3912 1626 3980 admirandis
1686 3912 1891 3979 modis
1957 3936 2107 3980 suos
2167 3915 2525 3981 liberantis.
2624 3914 2796 3980 Nam

865 4021 1141 4086 quorum
1183 4021 1261 4066 ea
1301 4001 1426 4065 fuit
1466 4000 1769 4076 conditio,
1813 4010 1890 4065 ut
1933 4019 2126 4083 saepe
2172 4022 2380 4084 neque
2442 4001 2636 4067 lunae
2681 4021 2794 4065 ne-

861 4108 988 4171 que
1030 4086 1186 4153 solis
1243 4084 1588 4171 splendore
1640 4084 2033 4163 fruerentur,
2089 4086 2203 4152 sed
2261 4087 2331 4151 in
2390 4086 2796 4152 densissimis

862 4174 1090 4239 mortis
1149 4172 1435 4237 tenebris
1502 4172 1789 4237 immersi
1876 4171 2077 4238 vitam
2136 4182 2408 4255 agerent
2466 4174 2794 4249 miseram,

862 4259 1047 4324 Deus
1104 4270 1321 4324 tamen
1381 4258 1762 4323 miraculose
1820 4278 1902 4322 ex
1973 4279 2057 4322 an
2105 4259 2294 4325 ustiis
2344 4258 2475 4323 illis
2531 4257 2796 4323 tandem

864 4344 1128 4426 eripuit.
1215 4344 1352 4410 Nec
1397 4343 1663 4409 dubium
1705 4355 1805 4407 est
1846 4342 2008 4425 quin
2120 4344 2271 4411 avid
2329 4344 2586 4410 assidue
2628 4343 2799 4409 hanc

865 4428 1223 4495 doctrinam
1284 4430 1594 4507 versarit,
1662 4448 1861 4510 quum
1908 4427 2173 4494 Psalmo
2232 4431 2545 4513 vigesimo
2603 4428 2795 4493 tertio

865 4517 1021 4582 dicit
1065 4537 1135 4581 se
1176 4515 1328 4581 licet
1371 4514 1803 4581 ambulaverit
1843 4514 1912 4578 in
1955 4513 2169 4579 medio
2227 4518 2495 4580 umbrae
2550 4514 2797 4592 mortis,

865 4621 1001 4666 non
1045 4622 1234 4684 posse
1278 4610 1497 4665 tamen
1543 4599 1678 4665 ullo
1722 4599 1925 4681 ipsius
1948 4608 2124 4665 metu
2149 4600 2445 4684 percelli:
2489 4599 2796 4683 quoniam

869 4687 1051 4753 Deus
1094 4687 1180 4753 sit
1221 4707 1368 4753 cum
1412 4687 1573 4769 ipso,
1618 4694 1685 4751 et
1729 4685 1918 4766 virga
1953 4693 2018 4750 et
2061 4686 2297 4768 pedum
2334 4686 2538 4769 ipsius
2580 4686 2796 4768 ipsum

867 4772 1317 4839 consolentur:
1363 4772 1546 4856 quasi
1589 4771 1761 4836 dicat
1802 4792 1873 4836 se
1916 4770 2066 4837 licet
2105 4772 2178 4837 in
2222 4771 2526 4837 maximis
2568 4772 2799 4837 mortis

870 4857 1176 4942 periculis
1221 4868 1592 4925 versantem
1633 4858 1704 4922 in
1759 4856 1990 4940 quibus
2033 4856 2171 4922 sola
2225 4857 2592 4940 desperatio
2650 4856 2800 4921 reli-

867 4964 994 5025 qua
1036 4942 1352 5023 videatur,
1394 4965 1527 5009 non
1562 4953 1920 5027 apparente
1958 4942 2090 5007 ulla
2132 4945 2384 5010 ratione
2425 4964 2554 5028 qua
2596 4943 2800 5026 possit

870 5026 1163 5107 evadere,
1208 5029 1633 5094 nihilominus
1675 5035 1896 5093 tamen
1939 5029 2010 5092 in
2053 5027 2182 5093 Dei
2240 5029 2527 5094 bonitate
2585 5049 2801 5111 spera-

873 5124 1093 5177 turum
1134 5114 1561 5198 fiduciamque
1618 5134 1805 5180 suam
1848 5113 2338 5179 collocaturum.
2425 5114 2619 5179 Hanc
2676 5116 2798 5178 ita-

872 5218 996 5281 que
1042 5197 1398 5265 doctrinam
1443 5199 1786 5284 usurpavit
1827 5219 2029 5282 quum
2072 5200 2143 5265 in
2177 5200 2554 5283 speluncam
2596 5198 2798 5266 odol-

2896 574 3022 641 fuit
3066 574 3269 639 donec
3311 575 3517 657 ipsius
3564 572 3826 639 tandem
3873 575 4056 642 Deus
4101 577 4412 643 misertus
4450 591 4552 645 est.

3069 661 3273 726 Porro
3318 682 3404 725 ex
3462 658 3883 743 sequentibus
3944 662 4152 727 videri
4213 675 4427 745 posset
4477 687 4587 730 non
4630 669 4744 735 nihil

2897 746 3279 813 sublevatus
3338 744 3629 811 adventu
3684 766 3955 811 suorum
3976 797 3991 824 ,
4050 757 4119 814 et
4174 749 4393 830 aliquo
4445 751 4637 816 solatio
4677 776 4743 819 re-

2895 843 3152 898 creatus
3189 852 3321 915 quo
3365 843 3586 897 tamen
3631 832 3847 914 potius
3891 843 4119 899 auctas
4164 835 4366 917 ipsius
4424 835 4745 907 difficultates

2898 917 3201 1001 deinceps
3248 917 3635 983 videbimus.
3699 916 3871 982 Nam
3897 918 4210 986 dicuntur
4232 920 4313 985 ad
4349 922 4546 1003 ipsum
4566 926 4747 991 venias

2898 1014 3082 1087 pater
3122 1004 3329 1087 ipsius
3370 1023 3522 1068 cum
3567 1011 3796 1081 matre,
3841 1006 3949 1086 qui
3997 1007 4127 1070 iam
4171 1005 4254 1071 ad
4292 1016 4558 1073 aetatem
4594 1010 4748 1076 decre-

2897 1090 3103 1173 pitam
3164 1099 3642 1172 pervenerant:
3716 1099 3785 1153 et
3840 1109 3991 1154 cum
4048 1091 4207 1174 ipsis
4263 1092 4495 1159 fratres
4545 1094 4669 1174 eius,
4707 1105 4749 1161 et

2896 1176 3111 1241 omnis
3156 1175 3385 1241 domus
3429 1175 3655 1257 patris.
3746 1174 4014 1256 Quanto
4103 1197 4299 1242 uaeso
4359 1176 4464 1244 hic
4503 1178 4679 1246 luctus
4706 1192 4751 1245 ot

2897 1261 3310 1345 querelarum
3353 1280 3496 1326 sese
3539 1262 3788 1327 occasio
3830 1260 4064 1327 obtulit
4163 1262 4335 1328 Nam
4382 1263 4754 1330 admirandum

2894 1347 3023 1412 fuit
3064 1357 3133 1411 et
3186 1343 3600 1430 stupendum,
3659 1368 3776 1430 pro
3831 1347 4016 1431 regia
4071 1368 4325 1426 corona,
4386 1369 4538 1431 quae
4574 1348 4752 1415 Davidi

2897 1433 3227 1498 Samuelis
3273 1432 3633 1497 ministerio
3676 1433 3992 1516 promissa
4035 1435 4254 1499 fuerat
4296 1456 4337 1500 a
4381 1433 4658 1514 Domino,
4689 1450 4753 1500 to-

2898 1527 3032 1583 tam
3076 1517 3354 1583 Davidis
3398 1517 3714 1584 familiam
3763 1519 4141 1603 periclitari,
4201 1528 4268 1584 et
4324 1532 4616 1604 tanquam
4665 1523 4753 1604 pis-

2896 1605 3117 1669 culum
3161 1604 3404 1680 haberi,
3449 1613 3515 1668 et
3564 1603 3660 1668 ini
3705 1604 4017 1687 populum
4075 1606 4411 1671 intensum
4467 1615 4532 1670 et
4578 1606 4757 1672 factum

2897 1690 3152 1756 hostem
3206 1689 3775 1772 capitalissimum,
3832 1690 4005 1773 quod
4065 1689 4395 1757 Samuelis
4450 1691 4755 1775 ministerio,

2895 1797 3016 1841 rex
3055 1774 3432 1860 designatus
3456 1775 3765 1842 unctione
3807 1796 3995 1842 sacra
4036 1776 4254 1842 fuerat
4276 1787 4343 1841 et
4386 1778 4759 1860 inauguratus.

2896 1860 3201 1926 Profecto
3243 1870 3381 1926 tota
3423 1860 3630 1945 patris
3673 1860 3904 1926 domus
3949 1860 4146 1945 probe
4189 1872 4470 1928 noverat
4506 1862 4759 1927 Davidem

2896 1968 2936 2013 a
2977 1947 3124 2013 Deo
3167 1967 3390 2030 regem
3433 1946 3863 2031 designatum,
3908 1948 4033 2013 etsi
4075 1948 4207 2012 iam
4255 1946 4418 2014 Saul
4460 1948 4630 2013 illum
4663 1970 4760 2031 per·

2895 2042 3308 2115 sequeretur:
3367 2031 3483 2099 sed
3542 2034 3739 2098 etiam
3796 2041 4024 2099 contra
4079 2032 4261 2100 videt
4302 2033 4635 2110 Davidem,
4672 2054 4761 2098 non

2896 2116 3090 2183 modo
3132 2119 3507 2201 profugum,
3546 2129 3614 2184 et
3658 2127 3970 2202 tanquam
4015 2117 4098 2184 ad
4133 2127 4416 2184 mortem
4456 2117 4765 2185 condemns·

2888 2214 3038 2269 -tum
3083 2224 3242 2284 esse,
3284 2204 3588 2270 omnibus
3630 2223 3923 2284 exosum,
3977 2204 4095 2270 sed
4151 2205 4350 2270 etiam
4406 2225 4484 2269 eo
4536 2205 4767 2270 miseriae

2896 2290 3228 2355 redactum
3274 2300 3351 2354 ut
3393 2291 3463 2353 in
3486 2288 3819 2373 speluncis
3843 2300 4151 2373 tanquam
4197 2291 4265 2355 in
4290 2291 4583 2374 sepulcro
4620 2292 4765 2354 vium

2897 2375 3071 2441 tueri
3114 2384 3489 2458 cogeretur:
3535 2396 3664 2458 quo
3685 2395 3839 2441 casu
3863 2373 4083 2441 David
4105 2376 4397 2441 vicissim
4422 2374 4770 2441 vehementer

2898 2461 3293 2527 commoveri
3319 2470 3592 2545 poterat,
3638 2470 3706 2525 et
3730 2469 4043 2543 tanquam
4088 2460 4316 2527 lethali
4341 2462 4605 2527 vulnere
4634 2460 4769 2533 affici,

2899 2567 3104 2630 quum
3147 2556 3401 2630 patrem
3423 2546 3680 2612 videret
3721 2546 3795 2611 in
3831 2545 3951 2611 has
3996 2546 4421 2613 difficultates
4464 2555 4700 2631 propter
4727 2566 4773 2609 sn

2900 2634 3284 2713 coniectum,
3329 2640 3395 2697 et
3437 2631 3726 2715 reliquos
3761 2634 3955 2697 etiam
3993 2654 4141 2699 cum
4184 2632 4331 2717 ipso
4366 2644 4662 2717 cognatos
4696 2631 4771 2695 iis·

2903 2718 3050 2784 dem
3095 2712 3583 2785 difficultatibus
3626 2717 3865 2801 urgeri.
3925 2715 4246 2802 Superius
4288 2728 4517 2785 autem
4557 2716 4772 2784 vidimus

2899 2804 3159 2871 venisse
3202 2802 3527 2869 Davidem
3571 2805 3641 2868 in
3683 2803 3962 2869 fratrum
4005 2814 4459 2888 contemptum
4510 2814 4573 2869 et
4610 2803 4770 2867 odium

2900 2889 3450 2974 capitalissimum.
3538 2888 3682 2954 Iam
3726 2910 3882 2954 vero
3924 2899 4252 2974 coguntur
4292 2889 4487 2954 illum
4530 2891 4773 2954 miserum

2901 2976 3191 3042 exsulem
3237 2983 3304 3040 et
3345 2975 3560 3058 patria
3603 2983 3936 3039 extorrem
3956 2997 4151 3059 quem
4193 2996 4426 3040 omnes
4448 2995 4774 3058 persequun-

2902 3073 3028 3139 tur,
3079 3072 3391 3144 tanquam
3435 3059 3856 3145 perfidiosum
3902 3070 3971 3126 et
4012 3062 4476 3138 facinorosum,
4519 3056 4770 3125 comitari.

2901 3148 3060 3212 'Pale
3103 3148 3306 3232 igitur
3351 3147 3474 3211 fuit
3514 3144 3692 3210 istud
3750 3145 4054 3211 solatium
4099 3146 4269 3228 quod
4336 3168 4424 3212 ex
4484 3155 4653 3229 parte
4685 3144 4775 3207 Dn-

2901 3235 3067 3300 vidis
3111 3232 3446 3298 tristitiam
3504 3241 3570 3296 et
3612 3231 3863 3296 dolores
3907 3233 4200 3315 graviter
4257 3242 4520 3315 poterat
4575 3247 4771 3314 augere,

2899 3340 2980 3384 ex
3026 3327 3211 3402 parte
3254 3328 3475 3383 autem
3511 3316 3736 3382 lenire.
3823 3317 4017 3383 Hanc
4062 3318 4391 3384 rationem
4436 3319 4506 3382 in
4548 3317 4669 3382 suis
4701 3334 4775 3378 ex·

2898 3404 3230 3488 plorandis
3296 3403 3676 3487 plerumque
3741 3402 3925 3468 Deus
3986 3403 4312 3486 sequitur,
4392 3414 4474 3468 nt
4535 3398 4774 3487 gravibus

2896 3493 3069 3573 ipsos
3127 3488 3583 3555 afflictionibus
3654 3498 3719 3553 et
3784 3487 4324 3573 castigationibus
4385 3497 4696 3563 exerceat,
4732 3494 4777 3548 st

2895 3576 3159 3641 interim
3206 3575 3464 3640 dolores
3505 3575 3799 3658 ipsorum
3842 3595 3917 3640 ac
3961 3575 4296 3640 tristitiam
4344 3575 4565 3659 aliquo
4604 3570 4775 3638 solatio

2897 3661 3088 3738 levet,
3134 3659 3248 3727 sed
3294 3681 3424 3725 non
3471 3668 3693 3724 tamen
3738 3659 3862 3725 hac
3904 3659 3973 3723 in
4018 3681 4091 3726 re
4134 3681 4559 3726 communem
4598 3676 4776 3740 sequu-

2898 3756 3007 3813 tus
3073 3747 3392 3812 rationem
3452 3765 3666 3828 neque
3724 3744 4131 3812 naturalibus
4182 3747 4494 3812 sensibus
4547 3744 4777 3809 obviam:

2897 3853 3025 3916 qua
3069 3854 3152 3898 ex
3197 3853 3269 3898 re
3312 3833 3520 3916 magis
3564 3852 3639 3896 ac
3663 3831 3873 3914 magis
3917 3832 4122 3898 virtus
4163 3832 4377 3914 ipsius
4411 3831 4777 3917 cognoscitur,

2898 3917 3072 4003 quod
3116 3918 3434 3983 nimirum
3482 3916 3759 3999 improbi
3803 3930 3868 3981 et
3911 3918 4166 4001 profani
4227 3917 4538 3983 homines
4588 3914 4774 3980 deliciis

2898 4015 2965 4069 et
3009 4002 3446 4087 voluptatibus
3489 4003 3625 4067 suis
3671 4001 3973 4068 inebriati
4014 4003 4255 4068 lethale
4298 4004 4377 4069 in
4422 4025 4494 4071 se
4533 3999 4773 4067 iudicium

2899 4089 3026 4155 Dei
3074 4099 3383 4170 tanquam
3429 4109 3753 4153 venenum
3790 4087 4111 4154 derivant.
4180 4089 4443 4155 Contra
4488 4110 4634 4155 vero
4668 4083 4775 4150 fide-

2900 4174 2995 4240 les
3054 4174 3279 4240 multis
3338 4172 3668 4239 doloribus
3724 4173 4043 4253 cibantur,
4114 4184 4181 4240 et
4235 4185 4318 4240 ut
4375 4176 4475 4241 ait
4530 4171 4775 4259 prophet·

2899 4260 3163 4325 Psalmo
3207 4259 3685 4344 septuagesimo
3732 4261 3943 4340 tertio,
4006 4260 4232 4326 multis
4292 4258 4724 4328 afflictionibus
4751 4272 4777 4315 ι

2900 4346 3042 4411 Deo
3083 4356 3481 4411 saturantur.
3571 4342 3706 4409 Sed
3749 4343 3842 4409 ita
3885 4354 4104 4411 tamen
4151 4356 4222 4411 ut
4264 4346 4465 4412 malis
4509 4357 4774 4436 nunqunjn

2896 4433 3276 4510 obruantur,
3321 4441 3387 4495 et
3428 4430 3599 4513 quod
3642 4429 3801 4512 ipsis
3834 4431 4315 4497 amarissimum
4364 4432 4436 4497 in
4482 4429 4775 4497 afflictioni·

2899 4519 3019 4582 bus
3076 4517 3218 4595 fuit,
3274 4516 3344 4580 in
3402 4516 3692 4599 ipsorum
3745 4516 4011 4581 tandem
4076 4517 4367 4583 salutem
4423 4522 4775 4583 convertatur

2898 4614 2964 4667 et
3005 4600 3266 4668 salubre
3305 4600 3466 4684 ipsis
3523 4602 3636 4666 fiat
3693 4600 4136 4683 pharmacum.
4224 4603 4423 4670 Haec
4472 4603 4658 4688 igitur
4698 4616 4773 4661 οἱ·

2899 4686 3241 4770 pendenda
3315 4695 3470 4751 sunt
3548 4686 3736 4752 nobis
3812 4688 3881 4752 in
3958 4689 4040 4754 iis
4117 4688 4341 4755 verbis
4411 4690 4634 4773 quibus
4684 4694 4773 4747 totu

2899 4772 3178 4840 Davidis
3221 4772 3463 4837 familia
3486 4771 3722 4838 dicitur
3764 4773 3847 4837 ad
3866 4774 4085 4857 ipsum
4126 4775 4199 4840 in
4222 4775 4605 4857 speluncam
4640 4770 4770 4835 illum

2898 4861 3175 4924 venisse.
3265 4859 3363 4924 Ac
3417 4878 3573 4923 sane
3627 4866 3817 4924 extra
3887 4858 4155 4925 dubium
4220 4872 4330 4925 est
4382 4874 4527 4927 ‘non
4581 4858 4771 4925 venisse

2900 4943 3045 5009 illos
3087 4944 3169 5009 ad
3213 4941 3540 5008 Davidem
3583 4944 3779 5008 officii
3822 4954 3891 5008 et
3933 4945 4261 5012 amicitiae
4306 4966 4529 5027 cansa,
4565 4941 4663 5011 sed
4692 4958 4769 5003 110-

2899 5031 3199 5096 cessitate
3256 5040 3527 5096 coactos.
3616 5029 3786 5094 Nam
3843 5040 3995 5095 ante
4052 5031 4347 5097 vidimus
4406 5045 4478 5099 et
4538 5030 4769 5104 deincep·

2899 5114 3261 5182 videbimus
3315 5134 3444 5198 quo
3500 5116 3717 5180 furore
3768 5114 3932 5181 Saul
3986 5116 4057 5181 in
4114 5116 4452 5183 Davidem
4508 5112 4769 5184 marowa-it

2901 5209 2974 5266 ut
3014 5199 3364 5268 verisimile
3407 5202 3493 5266 sit
3536 5200 3748 5283 ipsum
3794 5203 3988 5267 etiam
4033 5201 4363 5268 familiam
4424 5204 4561 5269 eius
4611 5218 4766 5285 peme-
