5059 6059
811 304 938 369 491

818 493 964 559 dixi
996 492 1191 558 enim:
1240 492 1387 558 Non
1420 493 1743 558 extendam
1776 514 2033 559 manum
2075 513 2275 557 nocam
2319 494 2390 558 in
2410 491 2765 559 Dominam

817 598 1039 658 meum,
1095 580 1248 659 quia
1296 577 1583 644 Christus
1625 577 1892 644 Domini
1949 585 2054 646 εει.
2146 577 2247 645 12.
2315 579 2482 660 Quin
2528 577 2762 674 potius,

807 668 994 745 potor
1051 664 1161 745 mi,
1218 663 1358 729 vide
1413 667 1470 728 ει
1509 683 1809 763 ‘coynosce
1867 684 2045 730 oram
2093 663 2439 746 chlamydis
2505 668 2652 728 tuae
2694 661 2765 726 in

817 768 1012 813 manu
1083 768 1253 815 mea:
1325 750 1626 831 quoniam
1697 770 1888 832 quum
1934 751 2449 832 praescinderem
2504 748 2764 813 summi-

817 839 1004 900 tatem
1056 834 1407 920 chlamydis
1463 840 1623 911 tuae,
1683 836 1859 900 nolui
1899 836 2220 901 eaetendere
2261 854 2521 900 manum
2563 853 2765 899 meam

819 920 892 985 in
933 925 1022 985 te:
1068 921 1496 986 animadverte
1538 925 1595 985 ει
1635 921 1776 986 vide
1817 923 2113 1002 qnoniam
2154 942 2278 986 non
2322 927 2415 986 εει
2457 923 2529 986 in
2569 939 2765 984 manu

817 1026 956 1071 mea
998 1005 1255 1085 malum,
1315 1027 1504 1087 neque
1545 1006 1874 1088 iniquitas,
1933 1028 2123 1090 neque
2155 1007 2411 1090 peccavi
2451 1009 2524 1071 in
2567 1012 2652 1070 te.-
2693 1009 2764 1069 tu

820 1097 1032 1157 autem
1109 1092 1449 1159 irwidiaris
1525 1092 1775 1157 animae
1851 1113 2021 1158 meae
2103 1099 2176 1159 nt
2258 1092 2516 1174 auferas
2602 1110 2758 1156 eam.

823 1176 923 1242 13.
973 1178 1217 1244 Iudicet
1256 1176 1577 1243 Dominus
1634 1178 1798 1243 inter
1838 1200 1934 1244 me
1977 1184 2030 1243 ει
2072 1184 2149 1259 ιε,
2192 1183 2250 1244 ει
2289 1178 2626 1244 ulciscatur
2667 1195 2762 1240 me

821 1263 1141 1331 Dominus
1184 1283 1262 1328 ex
1303 1269 1394 1329 te.-
1431 1283 1659 1329 manus
1702 1269 1908 1331 autem
1950 1284 2089 1331 mea
2130 1284 2256 1330 non
2297 1264 2382 1329 sit
2423 1264 2493 1329 in
2535 1269 2606 1328 te.

991 1434 1325 1499 Hesterna
1373 1435 1682 1501 concione
1727 1434 2071 1502 didicimus
2107 1455 2236 1500 non
2273 1433 2575 1501 sufficere
2618 1433 2676 1498 si
2723 1454 2763 1498 a

821 1519 994 1587 malo
1053 1519 1530 1600 abstineamus3
1586 1520 1702 1586 sed
1758 1521 1957 1586 etiam
2013 1542 2274 1587 omnem
2320 1518 2758 1586 adhibendam

820 1625 1084 1689 operam
1148 1615 1214 1670 et
1279 1604 1686 1703 diligentiam
1753 1616 1828 1671 ut
1892 1605 2188 1673 labentes
2258 1607 2628 1690 erigamus,
2695 1616 2764 1669 et

821 1711 1027 1776 prava
1089 1690 1355 1757 consilia
1415 1690 1739 1775 agitantes
1796 1713 1916 1775 pro
1991 1693 2238 1759 viribus
2295 1692 2760 1776 impediamus:

822 1786 889 1843 et
922 1778 993 1841 in
1029 1775 1258 1860 primis
1303 1798 1387 1842 ne
1425 1797 1548 1843 nos
1609 1779 1760 1844 ullis
1821 1778 2182 1844 rationibus
2243 1778 2588 1844 verborum
2649 1798 2763 1840 ve·

820 1845 1159 1929 lenociniis
1213 1884 1253 1927 a
1310 1874 1490 1929 recta
1534 1865 1640 1929 via
1684 1863 1942 1943 deduci,
2000 1876 2112 1929 aut
2155 1863 2236 1928 ad
2279 1865 2526 1928 malum
2589 1862 2763 1928 trahi

820 1949 1130 2014 sinamus.
1176 1946 1368 2014 Istud
1404 1955 1623 2014 autem
1659 1949 1959 2032 exemplo
1982 1948 2259 2015 Davidis
2296 1948 2762 2014 addiscendum

820 2035 1224 2114 monuimus,
1309 2034 1422 2117 qui
1486 2056 1618 2099 non
1682 2035 1877 2100 modo
1942 2057 2178 2101 manus
2244 2056 2284 2100 a
2348 2034 2511 2101 Saul
2582 2035 2765 2100 hoste

820 2118 977 2185 licet
1016 2119 1440 2186 infestissimo
1484 2120 1835 2187 abstinuit:
1881 2120 1994 2187 sed
2039 2142 2302 2187 suorum
2348 2122 2545 2187 etiam
2591 2140 2767 2185 com-

822 2204 1198 2271 militonum
1223 2205 1475 2271 animos
1496 2206 1769 2290 fregisse
1793 2205 2048 2283 dicitur,
2074 2206 2188 2289 qui
2210 2216 2431 2272 tamen
2455 2206 2767 2289 speciosis

823 2291 949 2357 ιιιιι
1007 2290 1371 2357 rationibus
1421 2289 1835 2372 videbantur,
1892 2302 1957 2357 et
1998 2312 2396 2392 magnopere
2440 2289 2766 2357 Davidem

825 2375 1270 2443 stimulabant.
1320 2376 1490 2442 Nam
1532 2378 1794 2443 aiebant
1814 2344 2139 2443 Saulem
2122 2399 2193 2443 ιιι
2215 2377 2494 2444 Davidis
2531 2397 2768 2443 manus

826 2460 1051 2527 divina
1103 2461 1520 2544 providentia
1560 2463 1895 2530 incidisse:
1953 2472 2210 2548 tempus
2254 2464 2596 2531 advenisse
2639 2482 2767 2544 quo

826 2545 1029 2614 semel
1086 2568 1169 2612 ex
1215 2555 1311 2612 tot
1353 2549 1633 2614 miseriis
1676 2556 1741 2614 et
1783 2550 2256 2615 calamitatibus
2298 2549 2766 2624 liberarentur:

829 2632 1109 2715 denique
1167 2631 1391 2699 Deum
1455 2635 1655 2700 finem
1717 2635 2037 2702 malorum
2097 2634 2301 2703 Saule
2365 2656 2555 2702 caeso
2611 2634 2768 2717 ipsis

825 2739 1209 2817 proponere.
1314 2718 1447 2785 Sed
1513 2720 1656 2785 istis
1721 2741 1850 2786 non
1919 2721 2109 2786 modo
2173 2741 2307 2786 non
2373 2719 2768 2788 commoveri

825 2802 1041 2903 potuit
1083 2804 1165 2870 ad
1207 2803 1334 2887 ipsi
1376 2825 1613 2872 manus
1654 2805 2044 2885 inferendas,
2091 2805 2204 2873 sed
2250 2816 2480 2872 contra
2514 2807 2770 2872 fortiter

826 2888 1091 2967 restitit,
1137 2899 1204 2955 et
1237 2889 1560 2956 consilia’
1541 2911 1833 2974 ipsorum
1866 2902 1933 2958 et
1965 2894 2213 2958 animos
2256 2893 2434 2959 sanis
2477 2892 2770 2958 admoni-

828 2974 1119 3042 tionibus
1176 2982 1243 3041 et
1297 2975 1853 3045 cohortationibus
1911 2977 2123 3060 fregit.
2212 2979 2321 3044 Ex
2379 2978 2613 3062 quibus
2657 2998 2696 3043 a

827 3069 1014 3146 paret
1046 3059 1334 3126 fidelium
1357 3061 1486 3127 Dei
1522 3083 1863 3130 servorum
1899 3065 2181 3130 officium
2220 3086 2362 3131 esse
2395 3085 2528 3132 non
2576 3084 2683 3129 mo
2730 3083 2769 3128 o

825 3167 1026 3231 puras
1070 3168 1110 3212 a
1152 3147 1394 3214 scelere
1438 3169 1676 3214 manus
1720 3147 1981 3227 habere,
2027 3150 2141 3216 sed
2188 3151 2386 3216 etiam
2429 3148 2606 3215 malo
2651 3169 2769 3232 pro

826 3232 1079 3299 viribus
1121 3233 1445 3298 resistere.
1534 3233 2076 3301 Circumstantias
2118 3246 2336 3302 autem
2380 3236 2576 3302 istius
2617 3235 2767 3300 facti

827 3318 886 3385 si
929 3317 1395 3401 expendamus,
1442 3340 1517 3384 eo
1560 3320 2003 3387 admirabilior
2047 3319 2187 3387 eius
2237 3323 2451 3387 virtus
2494 3342 2767 3404 appare·

827 3404 941 3470 bit.
995 3404 1187 3484 Nam,
1231 3416 1305 3469 ut
1349 3414 1502 3470 ante
1546 3404 1851 3485 diximus,
1898 3405 2117 3471 David
2162 3418 2452 3473 metuere
2493 3416 2770 3490 poterat,

831 3510 916 3554 ne
997 3510 1113 3572 per
1179 3489 1530 3557 tumultum
1597 3491 1913 3558 adversus
1977 3513 2049 3558 se
2113 3494 2267 3559 socii
2332 3494 2768 3576 insurgerent,

830 3576 1112 3660 pertaesi
1177 3584 1276 3640 tot
1338 3574 1660 3642 malorum
1721 3575 2172 3656 diuturnitate,
2232 3599 2512 3678 quorum
2570 3579 2772 3644 finem

831 3659 1093 3726 nullum
1130 3660 1455 3741 videbant,
1501 3672 1568 3726 et
1609 3662 1897 3745 quotidie
1940 3664 2010 3728 in
2052 3664 2256 3747 ipsius
2300 3665 2531 3731 mortis
2574 3665 2773 3730 fauci-

757 3757 768 3766 '
830 3747 957 3813 bus
992 3746 1453 3812 versabantur:
1500 3747 1823 3814 Davidem
1870 3770 1951 3815 ue
1986 3759 2083 3815 tot
2115 3749 2435 3815 malorum
2478 3760 2773 3814 autorem

831 3839 949 3897 aut
981 3831 1383 3897 occasionem
1421 3853 1457 3897 e
1492 3833 1706 3898 medio
1751 3834 1840 3900 tol
1870 3843 2075 3900 erent.
2135 3834 2320 3902 Haec
2352 3834 2464 3902 ille
2507 3833 2774 3919 quidem

832 3917 995 3983 satis
1032 3916 1610 3998 animadvertebat,
1656 3919 1771 3985 sed
1808 3943 1941 3986 ιιοιι
1981 3919 2126 3988 ideo
2173 3933 2389 3987 tamen
2435 3920 2517 3985 ab
2560 3921 2772 3986 officio

833 4002 1151 4068 dimoveri
1187 4004 1400 4085 potuit
1433 4005 1591 4085 quin
1614 4004 1742 4071 Dei
1785 4016 2205 4089 praeceptum
2248 4007 2571 4090 impleret.
2636 4006 2772 4071 Nos

832 4090 1090 4172 itaque,
1168 4087 1323 4154 licet
1401 4088 1755 4156 tumultum
1837 4092 2122 4177 aliquem
2197 4104 2310 4158 aut
2387 4092 2771 4158 seditionem

831 4185 1202 4241 metuamus
1259 4173 1333 4238 in
1391 4174 1604 4240 officio
1634 4187 2028 4275 pergentes,
2085 4201 2170 4244 ne
2215 4188 2559 4261 propterea
2602 4176 2774 4242 malo

833 4259 1159 4342 resistere,
1205 4268 1272 4325 et
1306 4260 1546 4326 nobis
1529 4259 1687 4342 ipsis
1725 4262 2064 4329 habenas
2048 4263 2314 4329 iniicere
2351 4264 2771 4329 desistamus:

833 4345 988 4412 licet
1044 4346 1095 4411 ιι
1141 4365 1182 4410 a
1224 4345 1462 4429 quibus
1506 4345 1938 4415 sollicitamur
1979 4349 2264 4415 furorem
2306 4370 2496 4414 suum
2542 4349 2773 4432 despu-

833 4439 1050 4497 ment:
1096 4432 1210 4498 sed
1247 4453 1365 4515 pro
1407 4431 1654 4499 viribus
1697 4432 1869 4498 malo
1915 4456 2030 4501 nos
2073 4455 2509 4517 opponamus:
2553 4444 2619 4500 et
2653 4453 2775 4500 nos

834 4538 993 4603 erga
1067 4538 1181 4584 eos
1221 4518 1374 4603 qui
1451 4518 1694 4584 furioso
1772 4518 2023 4618 impetu
2099 4519 2406 4586 feruntur
2486 4518 2774 4586 modeste

835 4621 1174 4701 geramus:
1234 4613 1300 4668 et
1357 4624 1396 4667 a
1453 4602 1725 4670 rationis
1769 4602 2089 4671 limitibus
2148 4605 2524 4672 aberrantes
2583 4625 2773 4671 revo-

835 4709 1058 4756 cemus
1114 4688 1187 4752 in
1245 4688 1436 4767 viam,
1492 4699 1558 4754 et
1614 4691 1696 4755 ad
1741 4691 2132 4773 aequitatem
2179 4712 2343 4775 quos
2383 4701 2602 4758 aestus
2646 4692 2774 4757 ira-

836 4772 1112 4841 cundiae
1156 4773 1540 4858 praecipites
1581 4775 1840 4859 abripit.

1012 4859 1100 4924 Et
1178 4856 1258 4923 de
1321 4858 1584 4925 Davide
1658 4862 1818 4927 satis
1897 4861 2142 4929 dictum
2216 4874 2383 4928 esto:
2468 4862 2774 4946 deinceps

839 4945 1037 5012 etiam
1103 4942 1547 5028 expendamus
1612 4967 1743 5029 quo
1800 4947 1989 5013 modo
2048 4969 2167 5012 nos
2225 4946 2541 5014 adversus
2599 4949 2772 5031 ipsos

839 5033 1060 5097 hostes
1093 5041 1352 5096 nostros
1386 5052 1612 5114 gerere
1648 5032 2016 5100 debeamus.
2073 5033 2297 5115 Quum
2333 5033 2510 5099 enim
2552 5055 2771 5100 vocem

837 5119 1028 5183 istam
1072 5136 1242 5184 evan
1292 5114 1522 5183 elicam
1565 5116 1887 5196 audimus,
1949 5141 2078 5185 non
2123 5141 2262 5186 esse
2305 5120 2554 5184 malum
2599 5119 2771 5185 malo

834 5224 1229 5285 compensan
1276 5224 1408 5281 um,
1432 5223 1645 5287 neque
1669 5204 2024 5273 vindictam
2051 5205 2503 5290 appetendam,
2539 5225 2768 5288 pacem

2397 298 2809 367 HOMILIA
2852 299 3252 367 LXXXVI.

4640 304 4732 372 492

2868 508 3026 555 vero
3062 497 3292 556 contra
3328 489 3539 556 modis
3582 489 3888 558 omnibus
3931 491 4391 575 quaerendam,
4435 492 4733 576 animasque

2866 584 3128 641 nostras
3185 576 3256 640 ιιι
3317 576 3534 659 quiete
3592 586 3660 643 et
3715 577 3981 644 silentio
4024 576 4465 662 possidendas,
4516 580 4616 642 etsi
4645 599 4732 646 uos

2865 660 2974 726 isti
2999 659 3332 727 doctrinae
3367 662 3598 729 subiici
3632 683 3913 746 aequum
3947 684 4090 729 esse
4125 662 4513 740 iudicamus,
4548 661 4735 729 Deum·

2865 766 2991 828 que
3063 746 3230 812 nihil
3294 747 3421 814 nisi
3480 749 3730 814 iustum
3788 751 4195 850 praecepisse
4250 750 4443 815 fateri
4492 750 4737 832 cogimur,

2866 830 2988 898 hoc
3025 845 3243 898 tamen
3280 855 3320 898 a
3356 843 3595 899 natura
3632 848 3856 900 nostra
3902 835 4097 901 nimis
4142 836 4431 900 alienum
4472 855 4597 934 esse
4630 857 4742 900 ceu·

2865 915 3184 983 sebimus:
3265 938 3342 984 ac
3418 918 3691 1004 proinde
3769 941 3899 984 non
3982 942 4166 1003 posse
4244 921 4428 986 illam
4497 920 4557 984 in
4614 919 4741 988 huno

2864 1002 3160 1069 ordinem
3194 1005 3372 1089 cogi.
3417 1024 3494 1069 ac
3528 1006 3800 1088 proinde
3845 1005 3997 1073 licet
4041 1004 4124 1072 ab
4167 1007 4345 1073 omni
4380 1005 4605 1072 iniuria
4638 1026 4745 1088 pos-

2862 1089 3069 1155 simus
3134 1090 3508 1170 abstinere,
3585 1092 3781 1158 nimis
3847 1105 4070 1157 tamen
4135 1091 4367 1158 duram
4434 1112 4600 1171 esse,
4651 1092 4744 1156 imo

2864 1194 3133 1273 prorsus
3176 1142 3650 1242 intolerabilem
3698 1177 4076 1243 hominibus
4119 1177 4604 1243 conditionem
4587 1196 4746 1259 impo-

2863 1262 3054 1326 sitam
3102 1280 3141 1324 a
3183 1261 3347 1341 Deo,
3392 1263 3639 1328 malum
3685 1262 3852 1330 bono
3896 1283 4340 1347 compensare.
4409 1264 4612 1345 Atque
4645 1263 4748 1327 ntis

2865 1345 3174 1445 seciosis
3217 1312 3582 1414 rationibus
3626 1349 3879 1415 absolvi
3925 1370 4045 1415 nos
4099 1348 4623 1424 existimabimus,
4666 1361 4751 1411 aut

2930 1431 3007 1497 is
3057 1431 3444 1512 istiusmodi,
3500 1455 3633 1499 non
3684 1456 3871 1519 posse
3930 1435 4315 1518 patientiam
4374 1447 4653 1499 nostram
4694 1454 4750 1498 eo

2864 1538 3069 1600 usque
3105 1517 3353 1583 domari
3390 1539 3432 1582 a
3465 1520 3675 1598 nobis,
3717 1532 3796 1585 ιιι
3829 1540 3940 1586 eos
3974 1541 4198 1586 amare
4231 1521 4343 1603 qui
4378 1539 4500 1584 nos
4531 1517 4751 1584 oderunt

2864 1603 3227 1685 possimus,
3288 1602 3391 1670 vel
3453 1626 3575 1671 nos
3627 1615 4087 1689 persequentes
4145 1605 4480 1673 beneficiis
4527 1605 4754 1681 vincere,

2865 1708 3075 1771 neque
3096 1689 3350 1771 precari
3384 1710 3507 1774 pro
3542 1690 4081 1758 maledicentibus
4118 1692 4491 1774 famamque
4523 1703 4756 1756 nostram

2866 1772 3290 1841 laedentibus.
3376 1776 3588 1860 Atqui
3646 1776 3926 1843 Davidis
3983 1777 4284 1860 exemplo
4341 1776 4631 1842 doctrina
4676 1774 4759 1840 ills

2866 1861 3322 1941 confirmatur,
3401 1883 3596 1945 quem
3677 1884 3835 1930 sane
3900 1884 4028 1929 non
4096 1863 4482 1947 ignoramus
4540 1861 4757 1926 minime

2866 1946 3070 2011 fuisse
3133 1947 3418 2012 ferreum
3480 1959 3598 2014 aut
3654 1970 3945 2026 saxeum,
4012 1948 4126 2015 sed
4186 1949 4524 2014 hominem
4576 1946 4760 2012 iisdem

2912 2031 3101 2098 uibus
3147 2053 3263 2098 nos
3307 2034 3646 2099 affectibus
3690 2040 3759 2099 et
3800 2034 4212 2134 passionibus
4254 2033 4635 2101 obnoxium:
4681 2030 4763 2096 sed

2945 2137 2981 2182 e
3046 2127 3268 2183 tamen
3334 2139 3488 2185 suos
3553 2120 3831 2187 affectus
3891 2121 3985 2185 ita
4050 2119 4320 2201 domuit,
4388 2128 4462 2185 et
4523 2139 4590 2184 se
4644 2136 4761 2201 erga

2869 2140 3128 2270 hostem
3186 2202 3522 2270 infensum
3574 2206 3671 2271 ita
3722 2206 3955 2288 gessit,
4015 2221 4091 2270 ut
4134 2208 4386 2271 malum
4434 2206 4601 2270 bono
4635 2223 4766 2269 com·

2871 2289 3180 2371 pensarit.
3286 2288 3727 2371 Quamobrem
3785 2290 4154 2358 istiusmodi
4209 2291 4656 2358 excusationes
4689 2309 4763 2353 se-

2871 2374 3000 2440 mel
3064 2375 3408 2456 facessant,
3485 2398 3646 2460 quas
3717 2384 3792 2441 ut
3866 2375 4133 2444 frivolas
4209 2390 4277 2443 et
4338 2379 4576 2442 inanes
4628 2376 4768 2441 Deus

2873 2460 3321 2527 condemnatz·
3362 2472 3429 2526 et
3475 2461 3706 2527 vitium
3746 2462 3966 2545 potius
4010 2457 4247 2528 natura
4284 2464 4480 2530 nobis
4523 2462 4767 2526 innatum

2873 2557 3317 2630 agnoscentes,
3379 2546 3744 2613 remedium
3793 2546 4139 2614 adversum
4185 2547 4348 2614 illud
4398 2566 4770 2645 quaeramus:

2873 2644 2938 2698 et
3003 2631 3525 2716 quandoquidem
3588 2649 3829 2699 natura
3894 2632 4074 2717 pleni
4138 2655 4369 2700 sumus
4426 2632 4771 2716 arrogantis,

2872 2717 3194 2801 superbia,
3230 2717 3405 2783 fastu
3440 2726 3507 2783 et
3541 2719 3905 2785 stomacho:
3947 2718 4169 2785 Deum
4206 2741 4558 2803 precemur
4588 2729 4657 2784 ut
4685 2736 4773 2782 nos

2873 2813 3096 2869 sancto
3131 2823 3250 2869 suo
3284 2804 3527 2903 spiritu
3570 2820 3773 2905 regat,
3817 2815 3887 2870 et
3928 2824 4073 2871 eam
4119 2805 4325 2871 animi
4370 2804 4770 2871 fortitudinm

2870 2898 2940 2955 et
2960 2889 3572 2973 magnanimitatem
3594 2891 3862 2967 iniiciat,
3898 2912 4032 2974 qua
4067 2890 4324 2956 fortiter
4363 2912 4563 2957 casus
4595 2908 4773 2957 omues

2872 2974 3182 3041 adversos
3216 2973 3519 3055 feramus,
3566 2984 3634 3041 et
3672 2975 3983 3060 quidquid
4021 2978 4207 3042 nobis
4242 2978 4589 3060 imponere
4628 2975 4772 3041 volu·

2874 3059 3000 3127 erit
3065 3061 3386 3161 patienter
3452 3061 3837 3127 subeamus:
3915 3082 4311 3146 causamque
4381 3071 4667 3129 nostram
4722 3060 4771 3122 in

2873 3166 3111 3213 manus
3155 3146 3361 3229 ipsius
3403 3147 3794 3226 reiiciamus,
3838 3146 4391 3231 quemadmodum
4440 3171 4561 3215 nos
4582 3149 4775 3214 Petrus

2873 3232 3078 3308 docet,
3134 3243 3201 3298 et
3243 3231 3461 3298 David
3518 3234 3818 3317 exemplo
3874 3254 3994 3300 suo
4050 3233 4286 3311 erudit,
4342 3243 4426 3300 ut
4470 3235 4772 3300 affectuum

2871 3327 3242 3384 nostrorum
3302 3318 3575 3385 nimiam
3621 3319 3999 3386 violentiam
4041 3328 4109 3385 et
4152 3320 4486 3404 impet-um
4530 3321 4776 3386 &aenam

2868 3404 3212 3489 possimus.

3040 3489 3184 3554 Iam
3240 3510 3398 3555 vero
3442 3488 3669 3556 Saulis
3723 3490 4178 3558 crudelitatem
4222 3503 4291 3557 et
4330 3492 4775 3558 immanitatem

2871 3575 3338 3658 expendamus,
3386 3595 3517 3657 qua
3563 3577 3889 3642 Davidem
3933 3578 4291 3643 insectatus
4336 3588 4467 3644 est.
4535 3577 4691 3643 Nam
4726 3587 4776 3638 ut

2871 3682 3101 3727 sumus
3148 3672 3384 3725 natura
3427 3660 3654 3727 diserti
3700 3673 3768 3727 et
3809 3661 4184 3746 eloquentes
4226 3662 4531 3728 hostium
4568 3677 4777 3729 nostro·

2874 3766 3019 3812 rum
3079 3745 3398 3811 malitiam
3450 3767 3853 3830 exaggerare
3896 3763 3960 3813 et
4004 3748 4415 3832 amplificare
4459 3768 4777 3833 possemus,

2873 3833 2941 3897 in
2998 3831 3261 3897 iniuriis
3314 3833 3736 3914 exponendis,
3795 3833 4032 3917 quibus
4087 3834 4169 3900 ab
4212 3834 4378 3917 ipsis
4425 3834 4641 3901 affecti
4676 3834 4778 3899 fue·

2875 3918 3098 3996 rimus,
3143 3926 3210 3983 et
3244 3916 3550 3983 facillime
3585 3939 3667 3983 ex
3713 3940 3938 3987 musca
3980 3919 4414 4004 elephantum
4460 3920 4777 3994 fecerimus,

2875 4003 3047 4087 quod
3106 4026 3145 4068 a
3203 4014 3442 4068 natura
3498 4003 3695 4069 nimis
3739 4004 3842 4072 sui
3886 4015 4147 4071 amante
4190 4015 4257 4071 et
4299 4003 4586 4072 delicata
4624 4003 4777 4090 profi-

2875 4090 3157 4156 ciscitur.
3260 4088 3465 4172 Atqui
3528 4099 3782 4156 certum
3840 4101 3943 4158 est
3998 4092 4109 4156 vix
4171 4091 4368 4157 hodie
4428 4107 4778 4175 quemquam

2874 4175 3161 4241 inveniri
3217 4195 3410 4258 posse
3465 4175 3678 4259 magis
3736 4175 4136 4261 improbum,
4194 4177 4413 4260 magis
4475 4179 4777 4242 immanem

2876 4271 2944 4327 et
2976 4260 3325 4338 crudelem,
3371 4260 3582 4345 magis
3627 4261 3903 4345 denique
3946 4264 4282 4346 ingratum
4324 4277 4401 4328 et
4449 4263 4655 4347 magis
4686 4261 4779 4326 im·

2878 4345 3280 4429 placabilem,
3338 4366 3533 4428 quam
3590 4347 3746 4412 olim
3789 4347 3921 4414 fuit
3963 4347 4126 4415 Saul
4172 4348 4463 4414 Davidis
4508 4361 4775 4444 respectu.

2876 4431 3048 4498 Nam
3107 4431 3328 4516 qualia
3389 4441 3761 4533 quantaque
3817 4434 3958 4500 eius
4017 4434 4265 4499 fuerint
4321 4432 4676 4513 benefacta,
4727 4431 4776 4495 iu

2878 4526 3085 4583 totum
3142 4517 3451 4602 populum
3505 4528 3574 4582 et
3615 4519 3946 4603 regionem
3992 4540 4189 4603 quam
4235 4520 4416 4585 vitae
4461 4540 4617 4619 suae

2875 4602 3022 4671 culo
3078 4602 3297 4669 David
3356 4617 3754 4684 servaverat,
3814 4604 3974 4671 adeo
4035 4606 4299 4688 quidem
4360 4612 4443 4671 ut
4492 4605 4619 4691 ipsi

2875 4700 3203 4774 sceptrum
3281 4699 3349 4755 et
3424 4709 3723 4755 coronam
3806 4690 4102 4757 deberet:
4182 4700 4532 4775 praeterea
4603 4686 4775 4774 qualis

2874 4776 3143 4842 fuerunt
3186 4775 3254 4840 in
3300 4773 3568 4842 Saulem
3612 4776 3923 4859 privatim
3967 4776 4204 4842 collata
4247 4777 4574 4844 beneficia
4614 4790 4771 4859 quum

2876 4860 3191 4927 furiosum
3229 4861 3465 4944 ipsum,
3523 4870 3590 4926 et
3624 4883 3664 4926 a
3698 4863 3871 4929 malo
3907 4862 4181 4929 Domini
4217 4862 4468 4944 spiritu
4509 4873 4771 4928 vexatum

2875 4946 3093 5016 David
3131 4946 3420 5012 citharae
3455 4957 3657 5013 cantu
3692 4947 3951 5016 sedavit
3990 4957 4058 5012 et
4099 4948 4493 5031 composuit,
4536 4947 4772 5013 fidelem·

2874 5055 2998 5116 que
3055 5033 3181 5115 ipsi
3237 5053 3501 5118 operam
3547 5034 3852 5099 navavit:
3911 5032 4146 5117 quibus
4184 5033 4499 5100 omnibus
4540 5030 4772 5099 nomini·

2872 5118 2993 5185 bus
3046 5118 3290 5186 Davidi
3357 5118 3699 5185 devinctus
3755 5133 3932 5198 erat,
3991 5130 4059 5185 et
4115 5141 4185 5185 se
4246 5129 4465 5185 totum
4524 5117 4769 5193 debebat,

2873 5204 3035 5272 adeo
3093 5205 3353 5289 quidem
3413 5211 3487 5270 ut
3543 5205 3603 5270 si
3660 5227 3779 5291 pro
3837 5208 3983 5291 ipso
4038 5205 4283 5273 centies
4348 5206 4561 5272 vitam
4608 5220 4767 5287 expo·
