<?xml version="1.0" encoding="UTF-8"?>
<!DOCTYPE html PUBLIC "-//W3C//DTD XHTML 1.0 Transitional//EN"
    "http://www.w3.org/TR/xhtml1/DTD/xhtml1-transitional.dtd">
<html xmlns="http://www.w3.org/1999/xhtml" xml:lang="en" lang="en">
 <head>
  <title>
</title>
<meta http-equiv="Content-Type" content="text/html;charset=utf-8" />
  <meta name='ocr-system' content='tesseract 3.04.00' />
  <meta name='ocr-capabilities' content='ocr_page ocr_carea ocr_par ocr_line ocrx_word'/>
</head>
<body>
  <div class='ocr_page' id='page_1' title='image "./ioanniscalvinio07unkngoog_0843.png"; bbox 0 0 5059 6059; ppageno 0'>
   <div class='ocr_carea' id='block_1_1' title="bbox 284 369 405 433">
    <p class='ocr_par' dir='ltr' id='par_1_1' title="bbox 284 369 405 433">
     <span class='ocr_line' id='line_1_1' title="bbox 284 369 405 433; baseline -0.008 0"><span class='ocrx_word' id='word_1_1' title='bbox 284 369 405 433; x_wconf 82' lang='lat'>717</span> 
     </span>
    </p>
   </div>
   <div class='ocr_carea' id='block_1_2' title="bbox 282 556 2239 817">
    <p class='ocr_par' dir='ltr' id='par_1_2' title="bbox 282 556 2239 817">
     <span class='ocr_line' id='line_1_2' title="bbox 283 556 2233 643; baseline -0.002 -17"><span class='ocrx_word' id='word_1_2' title='bbox 283 558 540 626; x_wconf 87' lang='lat' dir='ltr'>aeterni</span> <span class='ocrx_word' id='word_1_3' title='bbox 600 578 820 623; x_wconf 88' lang='lat' dir='ltr'>amore</span> <span class='ocrx_word' id='word_1_4' title='bbox 878 568 944 621; x_wconf 88' lang='lat' dir='ltr'>et</span> <span class='ocrx_word' id='word_1_5' title='bbox 1010 556 1329 622; x_wconf 86' lang='lat' dir='ltr'>desiderio</span> <span class='ocrx_word' id='word_1_6' title='bbox 1394 559 1819 643; x_wconf 76' lang='lat' dir='ltr'><strong>contempsit:</strong></span> <span class='ocrx_word' id='word_1_7' title='bbox 1890 565 1958 624; x_wconf 90' lang='lat' dir='ltr'>et</span> <span class='ocrx_word' id='word_1_8' title='bbox 2012 568 2233 624; x_wconf 85' lang='lat' dir='ltr'>tamen</span> 
     </span>
     <span class='ocr_line' id='line_1_3' title="bbox 282 642 2239 728; baseline -0.003 -14"><span class='ocrx_word' id='word_1_9' title='bbox 282 648 430 714; x_wconf 84' lang='lat' dir='ltr'>sine</span> <span class='ocrx_word' id='word_1_10' title='bbox 473 643 851 710; x_wconf 86' lang='lat' dir='ltr'>discrimine</span> <span class='ocrx_word' id='word_1_11' title='bbox 886 642 969 707; x_wconf 91' lang='lat' dir='ltr'>ab</span> <span class='ocrx_word' id='word_1_12' title='bbox 1011 643 1480 709; x_wconf 71' lang='lat' dir='ltr'><strong>incircumcisis</strong></span> <span class='ocrx_word' id='word_1_13' title='bbox 1527 664 1754 709; x_wconf 83' lang='lat' dir='ltr'>caesus</span> <span class='ocrx_word' id='word_1_14' title='bbox 1797 665 1945 710; x_wconf 93' lang='lat' dir='ltr'>cum</span> <span class='ocrx_word' id='word_1_15' title='bbox 1989 646 2239 728; x_wconf 86' lang='lat' dir='ltr'>reliqua</span> 
     </span>
     <span class='ocr_line' id='line_1_4' title="bbox 283 729 2235 817; baseline -0.001 -21"><span class='ocrx_word' id='word_1_16' title='bbox 283 731 478 817; x_wconf 88' lang='lat' dir='ltr'>plebe</span> <span class='ocrx_word' id='word_1_17' title='bbox 521 731 822 806; x_wconf 89' lang='lat' dir='ltr'>moritur,</span> <span class='ocrx_word' id='word_1_18' title='bbox 868 739 935 794; x_wconf 93' lang='lat' dir='ltr'>et</span> <span class='ocrx_word' id='word_1_19' title='bbox 980 729 1262 795; x_wconf 83' lang='lat' dir='ltr'>cadaver</span> <span class='ocrx_word' id='word_1_20' title='bbox 1304 730 1513 812; x_wconf 89' lang='lat' dir='ltr'>ipsius</span> <span class='ocrx_word' id='word_1_21' title='bbox 1547 731 1980 814; x_wconf 85' lang='lat' dir='ltr'>ignominiose</span> <span class='ocrx_word' id='word_1_22' title='bbox 2014 741 2235 814; x_wconf 88' lang='lat' dir='ltr'>rapta·</span> 
     </span>
    </p>
   </div>
   <div class='ocr_carea' id='block_1_3' title="bbox 1576 365 2998 436">
    <p class='ocr_par' dir='ltr' id='par_1_3' title="bbox 1576 365 2998 436">
     <span class='ocr_line' id='line_1_5' title="bbox 1576 365 2998 436; baseline -0.002 0"><span class='ocrx_word' id='word_1_23' title='bbox 1576 370 1678 436; x_wconf 90' lang='lat' dir='ltr'>IN</span> <span class='ocrx_word' id='word_1_24' title='bbox 1712 370 1765 435; x_wconf 93' lang='lat' dir='ltr'>I.</span> <span class='ocrx_word' id='word_1_25' title='bbox 1812 370 1996 436; x_wconf 89' lang='lat' dir='ltr'>LIB.</span> <span class='ocrx_word' id='word_1_26' title='bbox 2042 368 2444 436; x_wconf 77' lang='lat' dir='ltr'>SAMUEL.</span> <span class='ocrx_word' id='word_1_27' title='bbox 2490 366 2685 434; x_wconf 83' lang='lat' dir='ltr'>OAP.</span> <span class='ocrx_word' id='word_1_28' title='bbox 2729 365 2998 434; x_wconf 84' lang='lat' dir='ltr'>XXXI.</span> 
     </span>
    </p>
   </div>
   <div class='ocr_carea' id='block_1_4' title="bbox 2284 584 2293 765">
    <p class='ocr_par' dir='ltr' id='par_1_4' title="bbox 2284 584 2293 765">
     <span class='ocr_line' id='line_1_6' title="bbox 2284 584 2293 765; baseline 0 5294"><span class='ocrx_word' id='word_1_29' title='bbox 2284 584 2293 765; x_wconf 95' lang='lat' dir='ltr'> </span> 
     </span>
    </p>
   </div>
   <div class='ocr_carea' id='block_1_5' title="bbox 2287 770 2293 801">
    <p class='ocr_par' dir='ltr' id='par_1_5' title="bbox 2287 770 2293 801">
     <span class='ocr_line' id='line_1_7' title="bbox 2287 770 2293 801; baseline 0 0"><span class='ocrx_word' id='word_1_30' title='bbox 2287 770 2293 801; x_wconf 77' lang='lat' dir='ltr'>l</span> 
     </span>
    </p>
   </div>
   <div class='ocr_carea' id='block_1_6' title="bbox 3573 320 4280 432">
    <p class='ocr_par' dir='ltr' id='par_1_6' title="bbox 3573 320 4280 432">
     <span class='ocr_line' id='line_1_8' title="bbox 3573 320 4280 432; baseline 0.004 -3"><span class='ocrx_word' id='word_1_31' title='bbox 3573 320 3626 375; x_wconf 73' lang='lat'>⁸</span> <span class='ocrx_word' id='word_1_32' title='bbox 4159 369 4280 432; x_wconf 65' lang='grc' dir='ltr'>τιὸ</span> 
     </span>
    </p>
   </div>
   <div class='ocr_carea' id='block_1_7' title="bbox 2340 556 4284 813">
    <p class='ocr_par' dir='ltr' id='par_1_7' title="bbox 2340 556 4284 813">
     <span class='ocr_line' id='line_1_9' title="bbox 2351 556 4284 641; baseline 0 -18"><span class='ocrx_word' id='word_1_33' title='bbox 2351 558 2528 639; x_wconf 75' lang='lat' dir='ltr'>Quod</span> <span class='ocrx_word' id='word_1_34' title='bbox 2578 578 2770 640; x_wconf 77' lang='lat' dir='ltr'>quum</span> <span class='ocrx_word' id='word_1_35' title='bbox 2819 559 3082 623; x_wconf 74' lang='lat' dir='ltr'>vidisset</span> <span class='ocrx_word' id='word_1_36' title='bbox 3134 561 3408 641; x_wconf 74' lang='lat' dir='ltr'>armiyer</span> <span class='ocrx_word' id='word_1_37' title='bbox 3460 560 3613 641; x_wconf 76' lang='lat' dir='ltr'>eius,</span> <span class='ocrx_word' id='word_1_38' title='bbox 3659 559 3852 622; x_wconf 71' lang='lat' dir='ltr'>irruit</span> <span class='ocrx_word' id='word_1_39' title='bbox 3905 558 4096 621; x_wconf 76' lang='lat' dir='ltr'>etiam</span> <span class='ocrx_word' id='word_1_40' title='bbox 4147 556 4284 638; x_wconf 73' lang='lat' dir='ltr'>ipse</span> 
     </span>
     <span class='ocr_line' id='line_1_10' title="bbox 2340 642 4283 727; baseline -0.001 -17"><span class='ocrx_word' id='word_1_41' title='bbox 2340 666 2534 726; x_wconf 75' lang='lat' dir='ltr'>super</span> <span class='ocrx_word' id='word_1_42' title='bbox 2586 644 2874 727; x_wconf 71' lang='lat' dir='ltr'>yladium</span> <span class='ocrx_word' id='word_1_43' title='bbox 2915 663 3119 723; x_wconf 75' lang='lat' dir='ltr'>suum,</span> <span class='ocrx_word' id='word_1_44' title='bbox 3177 650 3232 709; x_wconf 75' lang='lat' dir='ltr'>et</span> <span class='ocrx_word' id='word_1_45' title='bbox 3274 650 3557 709; x_wconf 77' lang='lat' dir='ltr'>mortuus</span> <span class='ocrx_word' id='word_1_46' title='bbox 3596 648 3686 708; x_wconf 78' lang='lat' dir='ltr'>est</span> <span class='ocrx_word' id='word_1_47' title='bbox 3724 664 3867 707; x_wconf 79' lang='lat' dir='ltr'>cum</span> <span class='ocrx_word' id='word_1_48' title='bbox 3907 663 3991 707; x_wconf 78' lang='lat' dir='ltr'>eo,</span> <span class='ocrx_word' id='word_1_49' title='bbox 4081 642 4283 708; x_wconf 81' lang='lat' dir='ltr'><strong>Forte</strong></span> 
     </span>
     <span class='ocr_line' id='line_1_11' title="bbox 2340 726 4281 813; baseline -0.001 -19"><span class='ocrx_word' id='word_1_50' title='bbox 2340 731 2601 796; x_wconf 84' lang='lat' dir='ltr'>facinus</span> <span class='ocrx_word' id='word_1_51' title='bbox 2673 730 2845 795; x_wconf 90' lang='lat' dir='ltr'>istud</span> <span class='ocrx_word' id='word_1_52' title='bbox 2916 729 3261 795; x_wconf 90' lang='lat' dir='ltr'>hominnm</span> <span class='ocrx_word' id='word_1_53' title='bbox 3321 730 3626 813; x_wconf 90' lang='lat' dir='ltr'>opinione</span> <span class='ocrx_word' id='word_1_54' title='bbox 3687 726 4051 808; x_wconf 86' lang='lat' dir='ltr'>videretur,</span> <span class='ocrx_word' id='word_1_55' title='bbox 4111 729 4281 811; x_wconf 88' lang='lat' dir='ltr'>quod</span> 
     </span>
    </p>
   </div>
   <div class='ocr_carea' id='block_1_8' title="bbox 282 804 4281 901">
    <p class='ocr_par' dir='ltr' id='par_1_8' title="bbox 282 804 4281 901">
     <span class='ocr_line' id='line_1_12' title="bbox 282 804 4281 901; baseline -0.002 -17"><span class='ocrx_word' id='word_1_56' title='bbox 282 830 415 896; x_wconf 84' lang='lat' dir='ltr'>tur,</span> <span class='ocrx_word' id='word_1_57' title='bbox 483 824 569 893; x_wconf 90' lang='lat' dir='ltr'>et,</span> <span class='ocrx_word' id='word_1_58' title='bbox 638 826 714 881; x_wconf 91' lang='lat' dir='ltr'>ut</span> <span class='ocrx_word' id='word_1_59' title='bbox 778 816 977 899; x_wconf 91' lang='lat' dir='ltr'>paulo</span> <span class='ocrx_word' id='word_1_60' title='bbox 1036 826 1187 899; x_wconf 90' lang='lat' dir='ltr'>post</span> <span class='ocrx_word' id='word_1_61' title='bbox 1246 813 1574 881; x_wconf 83' lang='lat' dir='ltr'>videbitur</span> <span class='ocrx_word' id='word_1_62' title='bbox 1640 818 1889 881; x_wconf 90' lang='lat' dir='ltr'>honore</span> <span class='ocrx_word' id='word_1_63' title='bbox 1953 817 2239 901; x_wconf 88' lang='lat' dir='ltr'>sepulcri</span> <span class='ocrx_word' id='word_1_64' title='bbox 2287 804 2293 897; x_wconf 90' lang='grc' dir='ltr'>Ι</span> <span class='ocrx_word' id='word_1_65' title='bbox 2342 836 2558 881; x_wconf 89' lang='lat' dir='ltr'>coram</span> <span class='ocrx_word' id='word_1_66' title='bbox 2607 816 2750 881; x_wconf 94' lang='lat' dir='ltr'>Deo</span> <span class='ocrx_word' id='word_1_67' title='bbox 2808 824 3030 881; x_wconf 89' lang='lat' dir='ltr'>tamen</span> <span class='ocrx_word' id='word_1_68' title='bbox 3089 816 3491 881; x_wconf 85' lang='lat' dir='ltr'>horrendum</span> <span class='ocrx_word' id='word_1_69' title='bbox 3551 828 3620 881; x_wconf 88' lang='lat' dir='ltr'>et</span> <span class='ocrx_word' id='word_1_70' title='bbox 3677 813 4135 881; x_wconf 85' lang='lat' dir='ltr'>detestandum</span> <span class='ocrx_word' id='word_1_71' title='bbox 4181 826 4281 879; x_wconf 89' lang='lat' dir='ltr'>est</span> 
     </span>
    </p>
   </div>
   <div class='ocr_carea' id='block_1_9' title="bbox 280 900 2246 2446">
    <p class='ocr_par' dir='ltr' id='par_1_9' title="bbox 284 900 2243 1673">
     <span class='ocr_line' id='line_1_13' title="bbox 285 900 2239 989; baseline -0.001 -21"><span class='ocrx_word' id='word_1_72' title='bbox 285 905 621 989; x_wconf 80' lang='lat' dir='ltr'>privatur:</span> <span class='ocrx_word' id='word_1_73' title='bbox 689 922 764 967; x_wconf 89' lang='lat' dir='ltr'>ac</span> <span class='ocrx_word' id='word_1_74' title='bbox 825 901 1099 985; x_wconf 80' lang='lat' dir='ltr'>proinde</span> <span class='ocrx_word' id='word_1_75' title='bbox 1158 900 1433 965; x_wconf 89' lang='lat' dir='ltr'>oblitum</span> <span class='ocrx_word' id='word_1_76' title='bbox 1493 902 1701 984; x_wconf 91' lang='lat' dir='ltr'>ipsius</span> <span class='ocrx_word' id='word_1_77' title='bbox 1756 902 1976 967; x_wconf 92' lang='lat' dir='ltr'>Deum</span> <span class='ocrx_word' id='word_1_78' title='bbox 2037 902 2239 967; x_wconf 83' lang='lat' dir='ltr'>fuisse</span> 
     </span>
     <span class='ocr_line' id='line_1_14' title="bbox 285 985 2240 1072; baseline -0.002 -16"><span class='ocrx_word' id='word_1_79' title='bbox 285 989 559 1056; x_wconf 81' lang='lat' dir='ltr'>dixeris.</span> <span class='ocrx_word' id='word_1_80' title='bbox 649 986 825 1053; x_wconf 82' lang='lat' dir='ltr'>Sane</span> <span class='ocrx_word' id='word_1_81' title='bbox 884 987 979 1050; x_wconf 91' lang='lat' dir='ltr'>ita</span> <span class='ocrx_word' id='word_1_82' title='bbox 1021 986 1315 1070; x_wconf 82' lang='lat' dir='ltr'>contigit.</span> <span class='ocrx_word' id='word_1_83' title='bbox 1375 985 1488 1052; x_wconf 88' lang='lat' dir='ltr'>sed</span> <span class='ocrx_word' id='word_1_84' title='bbox 1547 1011 1679 1054; x_wconf 90' lang='lat' dir='ltr'>non</span> <span class='ocrx_word' id='word_1_85' title='bbox 1736 988 1881 1054; x_wconf 91' lang='lat' dir='ltr'>ideo</span> <span class='ocrx_word' id='word_1_86' title='bbox 1925 1010 2075 1072; x_wconf 90' lang='lat' dir='ltr'>spes</span> <span class='ocrx_word' id='word_1_87' title='bbox 2120 1008 2240 1052; x_wconf 92' lang='lat' dir='ltr'>sua</span> 
     </span>
     <span class='ocr_line' id='line_1_15' title="bbox 284 1074 2239 1157; baseline -0.002 -16"><span class='ocrx_word' id='word_1_88' title='bbox 284 1076 480 1141; x_wconf 89' lang='lat' dir='ltr'>illum</span> <span class='ocrx_word' id='word_1_89' title='bbox 522 1074 845 1138; x_wconf 85' lang='lat' dir='ltr'>frustrata</span> <span class='ocrx_word' id='word_1_90' title='bbox 888 1082 1021 1138; x_wconf 91' lang='lat' dir='ltr'>est:</span> <span class='ocrx_word' id='word_1_91' title='bbox 1079 1094 1283 1156; x_wconf 84' lang='lat' dir='ltr'>regno</span> <span class='ocrx_word' id='word_1_92' title='bbox 1327 1074 1500 1138; x_wconf 89' lang='lat' dir='ltr'>enim</span> <span class='ocrx_word' id='word_1_93' title='bbox 1547 1087 1824 1152; x_wconf 87' lang='lat' dir='ltr'>terreno,</span> <span class='ocrx_word' id='word_1_94' title='bbox 1867 1075 2038 1157; x_wconf 91' lang='lat' dir='ltr'>quod</span> <span class='ocrx_word' id='word_1_95' title='bbox 2083 1074 2239 1138; x_wconf 88' lang='lat' dir='ltr'>hae·</span> 
     </span>
     <span class='ocr_line' id='line_1_16' title="bbox 287 1156 2243 1242; baseline -0.002 -15"><span class='ocrx_word' id='word_1_96' title='bbox 287 1161 601 1227; x_wconf 87' lang='lat' dir='ltr'>reditario</span> <span class='ocrx_word' id='word_1_97' title='bbox 659 1160 803 1223; x_wconf 88' lang='lat' dir='ltr'>iure</span> <span class='ocrx_word' id='word_1_98' title='bbox 862 1158 991 1240; x_wconf 90' lang='lat' dir='ltr'>ipsi</span> <span class='ocrx_word' id='word_1_99' title='bbox 1047 1156 1420 1239; x_wconf 89' lang='lat' dir='ltr'>debebatur,</span> <span class='ocrx_word' id='word_1_100' title='bbox 1475 1170 1708 1242; x_wconf 87' lang='lat' dir='ltr'>sponte</span> <span class='ocrx_word' id='word_1_101' title='bbox 1751 1172 2051 1239; x_wconf 75' lang='lat' dir='ltr'><strong>cesserat,</strong></span> <span class='ocrx_word' id='word_1_102' title='bbox 2099 1160 2243 1225; x_wconf 91' lang='lat' dir='ltr'>Deo</span> 
     </span>
     <span class='ocr_line' id='line_1_17' title="bbox 287 1243 2241 1329; baseline -0.002 -16"><span class='ocrx_word' id='word_1_103' title='bbox 287 1267 543 1313; x_wconf 90' lang='lat' dir='ltr'>morem</span> <span class='ocrx_word' id='word_1_104' title='bbox 586 1255 662 1311; x_wconf 91' lang='lat' dir='ltr'>ut</span> <span class='ocrx_word' id='word_1_105' title='bbox 706 1252 982 1329; x_wconf 79' lang='lat' dir='ltr'>gereret.</span> <span class='ocrx_word' id='word_1_106' title='bbox 1046 1243 1335 1328; x_wconf 85' lang='lat' dir='ltr'><strong>Longius</strong></span> <span class='ocrx_word' id='word_1_107' title='bbox 1379 1264 1535 1329; x_wconf 87' lang='lat' dir='ltr'>ergo</span> <span class='ocrx_word' id='word_1_108' title='bbox 1579 1267 1774 1328; x_wconf 89' lang='lat' dir='ltr'>quam</span> <span class='ocrx_word' id='word_1_109' title='bbox 1817 1248 1888 1311; x_wconf 91' lang='lat' dir='ltr'>in</span> <span class='ocrx_word' id='word_1_110' title='bbox 1934 1266 2241 1329; x_wconf 89' lang='lat' dir='ltr'>praesen-</span> 
     </span>
     <span class='ocr_line' id='line_1_18' title="bbox 290 1328 2243 1415; baseline -0.002 -16"><span class='ocrx_word' id='word_1_111' title='bbox 290 1346 427 1399; x_wconf 87' lang='lat' dir='ltr'>tem</span> <span class='ocrx_word' id='word_1_112' title='bbox 486 1330 809 1397; x_wconf 91' lang='lat' dir='ltr'>mundum</span> <span class='ocrx_word' id='word_1_113' title='bbox 876 1330 1276 1413; x_wconf 82' lang='lat' dir='ltr'>intuebatur,</span> <span class='ocrx_word' id='word_1_114' title='bbox 1343 1328 1613 1413; x_wconf 91' lang='lat' dir='ltr'>ideoque</span> <span class='ocrx_word' id='word_1_115' title='bbox 1672 1331 1856 1397; x_wconf 91' lang='lat' dir='ltr'>Deus</span> <span class='ocrx_word' id='word_1_116' title='bbox 1921 1333 2138 1415; x_wconf 89' lang='lat' dir='ltr'>ipsum</span> <span class='ocrx_word' id='word_1_117' title='bbox 2204 1352 2243 1396; x_wconf 91' lang='lat' dir='ltr'>e</span> 
     </span>
     <span class='ocr_line' id='line_1_19' title="bbox 290 1416 2242 1500; baseline -0.001 -16"><span class='ocrx_word' id='word_1_118' title='bbox 290 1420 489 1485; x_wconf 90' lang='lat' dir='ltr'>terris</span> <span class='ocrx_word' id='word_1_119' title='bbox 546 1418 616 1481; x_wconf 92' lang='lat' dir='ltr'>in</span> <span class='ocrx_word' id='word_1_120' title='bbox 674 1436 861 1481; x_wconf 89' lang='lat' dir='ltr'>suam</span> <span class='ocrx_word' id='word_1_121' title='bbox 917 1416 1199 1497; x_wconf 89' lang='lat' dir='ltr'>quietem</span> <span class='ocrx_word' id='word_1_122' title='bbox 1260 1419 1571 1482; x_wconf 86' lang='lat' dir='ltr'>evocavit.</span> <span class='ocrx_word' id='word_1_123' title='bbox 1661 1418 1878 1500; x_wconf 88' lang='lat' dir='ltr'>Atque</span> <span class='ocrx_word' id='word_1_124' title='bbox 1938 1418 2045 1484; x_wconf 91' lang='lat' dir='ltr'>hic</span> <span class='ocrx_word' id='word_1_125' title='bbox 2101 1426 2242 1482; x_wconf 89' lang='lat' dir='ltr'>esto</span> 
     </span>
     <span class='ocr_line' id='line_1_20' title="bbox 290 1500 2242 1584; baseline -0.001 -14"><span class='ocrx_word' id='word_1_126' title='bbox 290 1506 567 1584; x_wconf 83' lang='lat' dir='ltr'>fructus,</span> <span class='ocrx_word' id='word_1_127' title='bbox 602 1502 765 1567; x_wconf 89' lang='lat' dir='ltr'>haec</span> <span class='ocrx_word' id='word_1_128' title='bbox 799 1500 1054 1567; x_wconf 87' lang='lat' dir='ltr'>utilitas</span> <span class='ocrx_word' id='word_1_129' title='bbox 1088 1523 1281 1584; x_wconf 89' lang='lat' dir='ltr'>quam</span> <span class='ocrx_word' id='word_1_130' title='bbox 1326 1522 1409 1566; x_wconf 84' lang='lat' dir='ltr'>ex</span> <span class='ocrx_word' id='word_1_131' title='bbox 1446 1503 1645 1568; x_wconf 89' lang='lat' dir='ltr'>huius</span> <span class='ocrx_word' id='word_1_132' title='bbox 1666 1503 1977 1569; x_wconf 81' lang='lat' dir='ltr'>historiae</span> <span class='ocrx_word' id='word_1_133' title='bbox 2012 1525 2242 1568; x_wconf 91' lang='lat' dir='ltr'>narra-</span> 
     </span>
     <span class='ocr_line' id='line_1_21' title="bbox 290 1588 962 1673; baseline -0.007 -16"><span class='ocrx_word' id='word_1_134' title='bbox 290 1593 469 1657; x_wconf 86' lang='lat' dir='ltr'>tione</span> <span class='ocrx_word' id='word_1_135' title='bbox 512 1588 962 1673; x_wconf 87' lang='lat' dir='ltr'>percipiemus.</span> 
     </span>
    </p>

    <p class='ocr_par' dir='ltr' id='par_1_10' title="bbox 288 1673 2244 1930">
     <span class='ocr_line' id='line_1_22' title="bbox 464 1673 2244 1754; baseline -0.001 -12"><span class='ocrx_word' id='word_1_136' title='bbox 464 1676 816 1742; x_wconf 82' lang='lat' dir='ltr'>Caeterum</span> <span class='ocrx_word' id='word_1_137' title='bbox 877 1694 1007 1737; x_wconf 89' lang='lat' dir='ltr'>non</span> <span class='ocrx_word' id='word_1_138' title='bbox 1069 1681 1256 1738; x_wconf 85' lang='lat' dir='ltr'>tanta</span> <span class='ocrx_word' id='word_1_139' title='bbox 1315 1675 1438 1738; x_wconf 86' lang='lat' dir='ltr'>fuit</span> <span class='ocrx_word' id='word_1_140' title='bbox 1480 1673 1937 1741; x_wconf 76' lang='lat' dir='ltr'>Israelitarum</span> <span class='ocrx_word' id='word_1_141' title='bbox 1982 1674 2244 1754; x_wconf 89' lang='lat' dir='ltr'>caedes,</span> 
     </span>
     <span class='ocr_line' id='line_1_23' title="bbox 288 1760 2242 1847; baseline -0.003 -18"><span class='ocrx_word' id='word_1_142' title='bbox 288 1764 447 1847; x_wconf 88' lang='lat' dir='ltr'>quin</span> <span class='ocrx_word' id='word_1_143' title='bbox 517 1760 1022 1843; x_wconf 85' lang='lat' dir='ltr'>promissionum</span> <span class='ocrx_word' id='word_1_144' title='bbox 1086 1780 1357 1823; x_wconf 87' lang='lat' dir='ltr'>suarum</span> <span class='ocrx_word' id='word_1_145' title='bbox 1427 1780 1679 1825; x_wconf 88' lang='lat' dir='ltr'>memor</span> <span class='ocrx_word' id='word_1_146' title='bbox 1734 1761 1920 1826; x_wconf 92' lang='lat' dir='ltr'>Deus</span> <span class='ocrx_word' id='word_1_147' title='bbox 1986 1780 2242 1843; x_wconf 87' lang='lat' dir='ltr'>semper</span> 
     </span>
     <span class='ocr_line' id='line_1_24' title="bbox 291 1843 2243 1930; baseline -0.002 -16"><span class='ocrx_word' id='word_1_148' title='bbox 291 1849 525 1914; x_wconf 84' lang='lat' dir='ltr'>fuerit:</span> <span class='ocrx_word' id='word_1_149' title='bbox 585 1844 1140 1930; x_wconf 84' lang='lat' dir='ltr'>quemadmodum</span> <span class='ocrx_word' id='word_1_150' title='bbox 1199 1843 1503 1928; x_wconf 88' lang='lat' dir='ltr'>deinceps</span> <span class='ocrx_word' id='word_1_151' title='bbox 1562 1866 1602 1910; x_wconf 88' lang='lat' dir='ltr'>a</span> <span class='ocrx_word' id='word_1_152' title='bbox 1639 1848 1898 1912; x_wconf 79' lang='lat' dir='ltr'>Davide</span> <span class='ocrx_word' id='word_1_153' title='bbox 1958 1847 2243 1912; x_wconf 82' lang='lat' dir='ltr'>redinte-</span> 
     </span>
    </p>

    <p class='ocr_par' dir='ltr' id='par_1_11' title="bbox 280 1930 2246 2446">
     <span class='ocr_line' id='line_1_25' title="bbox 412 1930 2244 2015; baseline -0.002 -17"><span class='ocrx_word' id='word_1_154' title='bbox 412 1944 555 1998; x_wconf 87' lang='lat' dir='ltr'>tum</span> <span class='ocrx_word' id='word_1_155' title='bbox 617 1931 844 2015; x_wconf 91' lang='lat' dir='ltr'>populi</span> <span class='ocrx_word' id='word_1_156' title='bbox 902 1936 1147 1995; x_wconf 88' lang='lat' dir='ltr'>statum</span> <span class='ocrx_word' id='word_1_157' title='bbox 1206 1930 1604 1995; x_wconf 83' lang='lat' dir='ltr'>videbimus:</span> <span class='ocrx_word' id='word_1_158' title='bbox 1666 1933 1790 1997; x_wconf 88' lang='lat' dir='ltr'>etsi</span> <span class='ocrx_word' id='word_1_159' title='bbox 1857 1933 1939 1998; x_wconf 92' lang='lat' dir='ltr'>ad</span> <span class='ocrx_word' id='word_1_160' title='bbox 1987 1946 2244 2014; x_wconf 90' lang='lat' dir='ltr'>tempus</span> 
     </span>
     <span class='ocr_line' id='line_1_26' title="bbox 280 1955 2243 2085; baseline -0.002 0"><span class='ocrx_word' id='word_1_161' title='bbox 280 1955 476 2085; x_wconf 58' lang='lat' dir='ltr'>fflus</span> <span class='ocrx_word' id='word_1_162' title='bbox 542 2038 739 2083; x_wconf 89' lang='lat' dir='ltr'>suum</span> <span class='ocrx_word' id='word_1_163' title='bbox 805 2015 1126 2082; x_wconf 83' lang='lat' dir='ltr'>auxilium</span> <span class='ocrx_word' id='word_1_164' title='bbox 1196 2026 1262 2080; x_wconf 92' lang='lat' dir='ltr'>et</span> <span class='ocrx_word' id='word_1_165' title='bbox 1328 2016 1683 2081; x_wconf 86' lang='lat' dir='ltr'>beneficam</span> <span class='ocrx_word' id='word_1_166' title='bbox 1751 2039 2020 2083; x_wconf 91' lang='lat' dir='ltr'>manum</span> <span class='ocrx_word' id='word_1_167' title='bbox 2090 2018 2243 2082; x_wconf 88' lang='lat' dir='ltr'>sub·</span> 
     </span>
     <span class='ocr_line' id='line_1_27' title="bbox 283 2102 2243 2187; baseline -0.003 -15"><span class='ocrx_word' id='word_1_168' title='bbox 283 2105 558 2172; x_wconf 83' lang='lat' dir='ltr'>duxisse</span> <span class='ocrx_word' id='word_1_169' title='bbox 601 2104 790 2168; x_wconf 82' lang='lat' dir='ltr'>visus</span> <span class='ocrx_word' id='word_1_170' title='bbox 831 2112 951 2183; x_wconf 90' lang='lat' dir='ltr'>est,</span> <span class='ocrx_word' id='word_1_171' title='bbox 1007 2111 1074 2167; x_wconf 92' lang='lat' dir='ltr'>et</span> <span class='ocrx_word' id='word_1_172' title='bbox 1118 2102 1344 2185; x_wconf 90' lang='lat' dir='ltr'>populi</span> <span class='ocrx_word' id='word_1_173' title='bbox 1387 2123 1609 2167; x_wconf 85' lang='lat' dir='ltr'>curam</span> <span class='ocrx_word' id='word_1_174' title='bbox 1659 2103 1988 2181; x_wconf 87' lang='lat' dir='ltr'>abiecisse,</span> <span class='ocrx_word' id='word_1_175' title='bbox 2047 2124 2243 2187; x_wconf 92' lang='lat' dir='ltr'>quem</span> 
     </span>
     <span class='ocr_line' id='line_1_28' title="bbox 280 2188 2242 2272; baseline -0.003 -14"><span class='ocrx_word' id='word_1_176' title='bbox 280 2193 361 2258; x_wconf 89' lang='lat' dir='ltr'>in</span> <span class='ocrx_word' id='word_1_177' title='bbox 404 2210 594 2257; x_wconf 90' lang='lat' dir='ltr'>suam</span> <span class='ocrx_word' id='word_1_178' title='bbox 637 2188 1012 2253; x_wconf 82' lang='lat' dir='ltr'>clientelam</span> <span class='ocrx_word' id='word_1_179' title='bbox 1050 2196 1405 2272; x_wconf 87' lang='lat' dir='ltr'>receperat.</span> <span class='ocrx_word' id='word_1_180' title='bbox 1452 2189 1590 2253; x_wconf 92' lang='lat' dir='ltr'>Nos</span> <span class='ocrx_word' id='word_1_181' title='bbox 1626 2189 1829 2272; x_wconf 90' lang='lat' dir='ltr'>igitur</span> <span class='ocrx_word' id='word_1_182' title='bbox 1865 2190 1987 2255; x_wconf 92' lang='lat' dir='ltr'>hoc</span> <span class='ocrx_word' id='word_1_183' title='bbox 2021 2210 2242 2254; x_wconf 86' lang='lat' dir='ltr'>exem·</span> 
     </span>
     <span class='ocr_line' id='line_1_29' title="bbox 282 2273 2246 2362; baseline -0.002 -20"><span class='ocrx_word' id='word_1_184' title='bbox 282 2278 402 2362; x_wconf 93' lang='lat' dir='ltr'>plo</span> <span class='ocrx_word' id='word_1_185' title='bbox 471 2276 801 2341; x_wconf 89' lang='lat' dir='ltr'>discamus</span> <span class='ocrx_word' id='word_1_186' title='bbox 866 2294 946 2339; x_wconf 91' lang='lat' dir='ltr'>ea</span> <span class='ocrx_word' id='word_1_187' title='bbox 1012 2293 1202 2356; x_wconf 92' lang='lat' dir='ltr'>posse</span> <span class='ocrx_word' id='word_1_188' title='bbox 1264 2273 1553 2340; x_wconf 89' lang='lat' dir='ltr'>incidere</span> <span class='ocrx_word' id='word_1_189' title='bbox 1622 2286 1938 2358; x_wconf 88' lang='lat' dir='ltr'>tempora,</span> <span class='ocrx_word' id='word_1_190' title='bbox 2007 2284 2076 2340; x_wconf 87' lang='lat' dir='ltr'>et</span> <span class='ocrx_word' id='word_1_191' title='bbox 2132 2296 2246 2339; x_wconf 90' lang='lat' dir='ltr'>eas</span> 
     </span>
     <span class='ocr_line' id='line_1_30' title="bbox 283 2359 2245 2446; baseline -0.003 -17"><span class='ocrx_word' id='word_1_192' title='bbox 283 2369 716 2446; x_wconf 90' lang='lat' dir='ltr'>tempestates</span> <span class='ocrx_word' id='word_1_193' title='bbox 759 2359 999 2443; x_wconf 90' lang='lat' dir='ltr'>quibus</span> <span class='ocrx_word' id='word_1_194' title='bbox 1044 2369 1263 2424; x_wconf 89' lang='lat' dir='ltr'>actum</span> <span class='ocrx_word' id='word_1_195' title='bbox 1304 2360 1386 2424; x_wconf 90' lang='lat' dir='ltr'>de</span> <span class='ocrx_word' id='word_1_196' title='bbox 1430 2361 1701 2426; x_wconf 89' lang='lat' dir='ltr'>ecclesia</span> <span class='ocrx_word' id='word_1_197' title='bbox 1745 2360 2079 2426; x_wconf 79' lang='lat' dir='ltr'>videatur:</span> <span class='ocrx_word' id='word_1_198' title='bbox 2130 2360 2245 2425; x_wconf 91' lang='lat' dir='ltr'>sed</span> 
     </span>
    </p>
   </div>
   <div class='ocr_carea' id='block_1_10' title="bbox 282 2432 2257 2527">
    <p class='ocr_par' dir='ltr' id='par_1_12' title="bbox 282 2432 2257 2527">
     <span class='ocr_line' id='line_1_31' title="bbox 282 2432 2257 2527; baseline -0.002 -13"><span class='ocrx_word' id='word_1_199' title='bbox 282 2449 508 2514; x_wconf 90' lang='lat' dir='ltr'>Deum</span> <span class='ocrx_word' id='word_1_200' title='bbox 534 2432 1183 2527; x_wconf 60' lang='lat' dir='ltr'>incomprehensibili</span> <span class='ocrx_word' id='word_1_201' title='bbox 1206 2446 1463 2510; x_wconf 89' lang='lat' dir='ltr'>ratione</span> <span class='ocrx_word' id='word_1_202' title='bbox 1484 2446 1844 2511; x_wconf 88' lang='lat' dir='ltr'>remedium</span> <span class='ocrx_word' id='word_1_203' title='bbox 1873 2446 2257 2527; x_wconf 82' lang='lat' dir='ltr'>allaturum,-</span> 
     </span>
    </p>
   </div>
   <div class='ocr_carea' id='block_1_11' title="bbox 262 2531 2249 5360">
    <p class='ocr_par' dir='ltr' id='par_1_13' title="bbox 278 2531 2249 3559">
     <span class='ocr_line' id='line_1_32' title="bbox 287 2531 2245 2616; baseline -0.002 -17"><span class='ocrx_word' id='word_1_204' title='bbox 287 2534 585 2616; x_wconf 87' lang='lat' dir='ltr'>adeoque</span> <span class='ocrx_word' id='word_1_205' title='bbox 652 2532 1126 2597; x_wconf 88' lang='lat' dir='ltr'>suscitaturum</span> <span class='ocrx_word' id='word_1_206' title='bbox 1192 2531 1276 2595; x_wconf 87' lang='lat' dir='ltr'>ad</span> <span class='ocrx_word' id='word_1_207' title='bbox 1342 2532 1546 2613; x_wconf 89' lang='lat' dir='ltr'>ipsius</span> <span class='ocrx_word' id='word_1_208' title='bbox 1612 2532 1888 2598; x_wconf 89' lang='lat' dir='ltr'>tutelam</span> <span class='ocrx_word' id='word_1_209' title='bbox 1955 2554 2066 2598; x_wconf 90' lang='lat' dir='ltr'>eos</span> <span class='ocrx_word' id='word_1_210' title='bbox 2131 2533 2245 2615; x_wconf 92' lang='lat' dir='ltr'>qni</span> 
     </span>
     <span class='ocr_line' id='line_1_33' title="bbox 287 2616 2247 2702; baseline -0.003 -16"><span class='ocrx_word' id='word_1_211' title='bbox 287 2621 536 2686; x_wconf 88' lang='lat' dir='ltr'>mortui</span> <span class='ocrx_word' id='word_1_212' title='bbox 579 2616 990 2682; x_wconf 86' lang='lat' dir='ltr'>videbantur.</span> <span class='ocrx_word' id='word_1_213' title='bbox 1063 2617 1258 2681; x_wconf 91' lang='lat' dir='ltr'>Hanc</span> <span class='ocrx_word' id='word_1_214' title='bbox 1300 2616 1382 2682; x_wconf 91' lang='lat' dir='ltr'>ob</span> <span class='ocrx_word' id='word_1_215' title='bbox 1426 2638 1688 2683; x_wconf 89' lang='lat' dir='ltr'>causam</span> <span class='ocrx_word' id='word_1_216' title='bbox 1728 2618 2044 2702; x_wconf 88' lang='lat' dir='ltr'>propheta</span> <span class='ocrx_word' id='word_1_217' title='bbox 2088 2619 2247 2683; x_wconf 88' lang='lat' dir='ltr'>dicit</span> 
     </span>
     <span class='ocr_line' id='line_1_34' title="bbox 286 2702 2243 2787; baseline -0.001 -17"><span class='ocrx_word' id='word_1_218' title='bbox 286 2708 368 2771; x_wconf 89' lang='lat' dir='ltr'>in</span> <span class='ocrx_word' id='word_1_219' title='bbox 422 2704 738 2783; x_wconf 85' lang='lat' dir='ltr'>Psalmis,</span> <span class='ocrx_word' id='word_1_220' title='bbox 804 2702 1116 2787; x_wconf 90' lang='lat' dir='ltr'>populum</span> <span class='ocrx_word' id='word_1_221' title='bbox 1177 2712 1473 2767; x_wconf 89' lang='lat' dir='ltr'>creatum</span> <span class='ocrx_word' id='word_1_222' title='bbox 1531 2703 1747 2768; x_wconf 89' lang='lat' dir='ltr'>Deum</span> <span class='ocrx_word' id='word_1_223' title='bbox 1805 2703 2243 2769; x_wconf 87' lang='lat' dir='ltr'>laudaturum.</span> 
     </span>
     <span class='ocr_line' id='line_1_35' title="bbox 289 2789 2247 2872; baseline -0.002 -14"><span class='ocrx_word' id='word_1_224' title='bbox 289 2790 433 2859; x_wconf 87' lang='lat' dir='ltr'>Sed</span> <span class='ocrx_word' id='word_1_225' title='bbox 482 2792 563 2855; x_wconf 91' lang='lat' dir='ltr'>de</span> <span class='ocrx_word' id='word_1_226' title='bbox 608 2789 715 2854; x_wconf 89' lang='lat' dir='ltr'>his</span> <span class='ocrx_word' id='word_1_227' title='bbox 774 2789 939 2853; x_wconf 90' lang='lat' dir='ltr'>alias</span> <span class='ocrx_word' id='word_1_228' title='bbox 996 2789 1327 2872; x_wconf 88' lang='lat' dir='ltr'>pluribus:</span> <span class='ocrx_word' id='word_1_229' title='bbox 1387 2790 1455 2854; x_wconf 90' lang='lat' dir='ltr'>in</span> <span class='ocrx_word' id='word_1_230' title='bbox 1500 2789 1877 2872; x_wconf 83' lang='lat' dir='ltr'>praesentia</span> <span class='ocrx_word' id='word_1_231' title='bbox 1919 2790 2247 2855; x_wconf 87' lang='lat' dir='ltr'>discamus</span> 
     </span>
     <span class='ocr_line' id='line_1_36' title="bbox 284 2874 2246 2958; baseline -0.001 -16"><span class='ocrx_word' id='word_1_232' title='bbox 284 2889 429 2942; x_wconf 82' lang='lat' dir='ltr'>tam</span> <span class='ocrx_word' id='word_1_233' title='bbox 521 2874 927 2940; x_wconf 88' lang='lat' dir='ltr'>horrendum</span> <span class='ocrx_word' id='word_1_234' title='bbox 1012 2874 1390 2958; x_wconf 84' lang='lat' dir='ltr'>exemplum</span> <span class='ocrx_word' id='word_1_235' title='bbox 1487 2876 1824 2940; x_wconf 85' lang='lat' dir='ltr'>intuentes</span> <span class='ocrx_word' id='word_1_236' title='bbox 1916 2874 2246 2941; x_wconf 81' lang='lat' dir='ltr'>vindictae</span> 
     </span>
     <span class='ocr_line' id='line_1_37' title="bbox 284 2959 2245 3045; baseline -0.002 -17"><span class='ocrx_word' id='word_1_237' title='bbox 284 2964 578 3045; x_wconf 87' lang='lat' dir='ltr'>divinae,</span> <span class='ocrx_word' id='word_1_238' title='bbox 620 2960 1069 3043; x_wconf 87' lang='lat' dir='ltr'>permittentis</span> <span class='ocrx_word' id='word_1_239' title='bbox 1115 2959 1432 3043; x_wconf 89' lang='lat' dir='ltr'>populum</span> <span class='ocrx_word' id='word_1_240' title='bbox 1479 2982 1671 3026; x_wconf 89' lang='lat' dir='ltr'>suum</span> <span class='ocrx_word' id='word_1_241' title='bbox 1716 2961 2101 3027; x_wconf 88' lang='lat' dir='ltr'>Philistaeis</span> <span class='ocrx_word' id='word_1_242' title='bbox 2146 2965 2245 3025; x_wconf 89' lang='lat' dir='ltr'>in-</span> 
     </span>
     <span class='ocr_line' id='line_1_38' title="bbox 283 3045 2249 3131; baseline -0.003 -16"><span class='ocrx_word' id='word_1_243' title='bbox 283 3047 710 3125; x_wconf 84' lang='lat' dir='ltr'>circumcisis,</span> <span class='ocrx_word' id='word_1_244' title='bbox 758 3046 873 3128; x_wconf 91' lang='lat' dir='ltr'>qui</span> <span class='ocrx_word' id='word_1_245' title='bbox 915 3045 1043 3110; x_wconf 90' lang='lat' dir='ltr'>Dei</span> <span class='ocrx_word' id='word_1_246' title='bbox 1091 3067 1331 3111; x_wconf 91' lang='lat' dir='ltr'>nomen</span> <span class='ocrx_word' id='word_1_247' title='bbox 1368 3046 1449 3109; x_wconf 88' lang='lat' dir='ltr'>de</span> <span class='ocrx_word' id='word_1_248' title='bbox 1486 3045 1726 3129; x_wconf 91' lang='lat' dir='ltr'>populo</span> <span class='ocrx_word' id='word_1_249' title='bbox 1761 3047 2249 3131; x_wconf 85' lang='lat' dir='ltr'>triumphantes</span> 
     </span>
     <span class='ocr_line' id='line_1_39' title="bbox 281 3130 2247 3216; baseline -0.003 -15"><span class='ocrx_word' id='word_1_250' title='bbox 281 3132 696 3216; x_wconf 88' lang='lat' dir='ltr'>blasphemis</span> <span class='ocrx_word' id='word_1_251' title='bbox 730 3131 1000 3197; x_wconf 85' lang='lat' dir='ltr'>vocibus</span> <span class='ocrx_word' id='word_1_252' title='bbox 1032 3130 1563 3214; x_wconf 88' lang='lat' dir='ltr'>proscindebant,</span> <span class='ocrx_word' id='word_1_253' title='bbox 1600 3152 1735 3197; x_wconf 90' lang='lat' dir='ltr'>non</span> <span class='ocrx_word' id='word_1_254' title='bbox 1768 3132 1944 3197; x_wconf 88' lang='lat' dir='ltr'>ultra</span> <span class='ocrx_word' id='word_1_255' title='bbox 1978 3131 2247 3198; x_wconf 87' lang='lat' dir='ltr'>modum</span> 
     </span>
     <span class='ocr_line' id='line_1_40' title="bbox 282 3217 2249 3302; baseline -0.002 -16"><span class='ocrx_word' id='word_1_256' title='bbox 282 3219 627 3293; x_wconf 86' lang='lat' dir='ltr'>admirari,</span> <span class='ocrx_word' id='word_1_257' title='bbox 701 3217 815 3283; x_wconf 88' lang='lat' dir='ltr'>sed</span> <span class='ocrx_word' id='word_1_258' title='bbox 871 3217 1001 3282; x_wconf 91' lang='lat' dir='ltr'>Dei</span> <span class='ocrx_word' id='word_1_259' title='bbox 1076 3217 1315 3283; x_wconf 88' lang='lat' dir='ltr'>iudicia</span> <span class='ocrx_word' id='word_1_260' title='bbox 1388 3218 1604 3299; x_wconf 88' lang='lat' dir='ltr'>potius</span> <span class='ocrx_word' id='word_1_261' title='bbox 1672 3219 2102 3302; x_wconf 85' lang='lat' dir='ltr'>suspiciamus</span> <span class='ocrx_word' id='word_1_262' title='bbox 2154 3219 2249 3283; x_wconf 85' lang='lat' dir='ltr'>ita</span> 
     </span>
     <span class='ocr_line' id='line_1_41' title="bbox 281 3302 2249 3387; baseline -0.003 -15"><span class='ocrx_word' id='word_1_263' title='bbox 281 3326 448 3372; x_wconf 87' lang='lat' dir='ltr'>suos</span> <span class='ocrx_word' id='word_1_264' title='bbox 482 3303 861 3387; x_wconf 84' lang='lat' dir='ltr'>affligentis,</span> <span class='ocrx_word' id='word_1_265' title='bbox 898 3312 976 3367; x_wconf 92' lang='lat' dir='ltr'>ut</span> <span class='ocrx_word' id='word_1_266' title='bbox 1007 3302 1284 3368; x_wconf 80' lang='lat' dir='ltr'>vulnera</span> <span class='ocrx_word' id='word_1_267' title='bbox 1318 3304 1610 3387; x_wconf 90' lang='lat' dir='ltr'>ipsorum</span> <span class='ocrx_word' id='word_1_268' title='bbox 1650 3324 1778 3369; x_wconf 89' lang='lat' dir='ltr'>non</span> <span class='ocrx_word' id='word_1_269' title='bbox 1816 3303 2013 3369; x_wconf 91' lang='lat' dir='ltr'>modo</span> <span class='ocrx_word' id='word_1_270' title='bbox 2036 3313 2249 3380; x_wconf 88' lang='lat' dir='ltr'>sanet,</span> 
     </span>
     <span class='ocr_line' id='line_1_42' title="bbox 279 3388 2248 3473; baseline -0.003 -14"><span class='ocrx_word' id='word_1_271' title='bbox 279 3411 525 3459; x_wconf 82' lang='lat' dir='ltr'>verum</span> <span class='ocrx_word' id='word_1_272' title='bbox 568 3390 767 3455; x_wconf 79' lang='lat' dir='ltr'>etiam</span> <span class='ocrx_word' id='word_1_273' title='bbox 812 3409 896 3454; x_wconf 84' lang='lat' dir='ltr'>ex</span> <span class='ocrx_word' id='word_1_274' title='bbox 939 3388 1149 3472; x_wconf 89' lang='lat' dir='ltr'>ipsius</span> <span class='ocrx_word' id='word_1_275' title='bbox 1185 3388 1467 3472; x_wconf 90' lang='lat' dir='ltr'>sepulcri</span> <span class='ocrx_word' id='word_1_276' title='bbox 1513 3389 1808 3457; x_wconf 85' lang='lat' dir='ltr'>faucibus</span> <span class='ocrx_word' id='word_1_277' title='bbox 1843 3390 2095 3473; x_wconf 87' lang='lat' dir='ltr'>eripiat,</span> <span class='ocrx_word' id='word_1_278' title='bbox 2142 3389 2248 3454; x_wconf 87' lang='lat' dir='ltr'>vel</span> 
     </span>
     <span class='ocr_line' id='line_1_43' title="bbox 278 3474 1522 3559; baseline -0.003 -16"><span class='ocrx_word' id='word_1_279' title='bbox 278 3499 375 3543; x_wconf 85' lang='lat' dir='ltr'>ex</span> <span class='ocrx_word' id='word_1_280' title='bbox 418 3474 584 3559; x_wconf 90' lang='lat' dir='ltr'>ipsis</span> <span class='ocrx_word' id='word_1_281' title='bbox 628 3475 881 3558; x_wconf 80' lang='lat' dir='ltr'>abyssis</span> <span class='ocrx_word' id='word_1_282' title='bbox 924 3495 1263 3559; x_wconf 80' lang='lat' dir='ltr'>emergere</span> <span class='ocrx_word' id='word_1_283' title='bbox 1306 3476 1522 3541; x_wconf 86' lang='lat' dir='ltr'>faciat.</span> 
     </span>
    </p>

    <p class='ocr_par' dir='ltr' id='par_1_14' title="bbox 262 3558 2249 5360">
     <span class='ocr_line' id='line_1_44' title="bbox 464 3558 2248 3644; baseline -0.001 -18"><span class='ocrx_word' id='word_1_284' title='bbox 464 3563 910 3626; x_wconf 76' lang='lat' dir='ltr'>Transeamus</span> <span class='ocrx_word' id='word_1_285' title='bbox 968 3580 1163 3643; x_wconf 87' lang='lat' dir='ltr'>porro</span> <span class='ocrx_word' id='word_1_286' title='bbox 1222 3558 1305 3624; x_wconf 89' lang='lat' dir='ltr'>ad</span> <span class='ocrx_word' id='word_1_287' title='bbox 1364 3580 1575 3643; x_wconf 89' lang='lat' dir='ltr'>genus</span> <span class='ocrx_word' id='word_1_288' title='bbox 1632 3561 1862 3626; x_wconf 90' lang='lat' dir='ltr'>mortis</span> <span class='ocrx_word' id='word_1_289' title='bbox 1904 3581 2034 3644; x_wconf 87' lang='lat' dir='ltr'>qno</span> <span class='ocrx_word' id='word_1_290' title='bbox 2080 3559 2248 3626; x_wconf 87' lang='lat' dir='ltr'>Saul</span> 
     </span>
     <span class='ocr_line' id='line_1_45' title="bbox 282 3647 2248 3732; baseline -0.002 -17"><span class='ocrx_word' id='word_1_291' title='bbox 282 3649 582 3715; x_wconf 83' lang='lat' dir='ltr'>interiit:</span> <span class='ocrx_word' id='word_1_292' title='bbox 692 3647 1002 3712; x_wconf 89' lang='lat' dir='ltr'>dicuntur</span> <span class='ocrx_word' id='word_1_293' title='bbox 1101 3647 1277 3710; x_wconf 91' lang='lat' dir='ltr'>enim</span> <span class='ocrx_word' id='word_1_294' title='bbox 1363 3667 1517 3710; x_wconf 91' lang='lat' dir='ltr'>eum</span> <span class='ocrx_word' id='word_1_295' title='bbox 1593 3647 1917 3732; x_wconf 82' lang='lat' dir='ltr'>sagittarii</span> <span class='ocrx_word' id='word_1_296' title='bbox 2019 3666 2248 3712; x_wconf 91' lang='lat' dir='ltr'>conse-</span> 
     </span>
     <span class='ocr_line' id='line_1_46' title="bbox 283 3730 2246 3818; baseline -0.003 -18"><span class='ocrx_word' id='word_1_297' title='bbox 283 3734 489 3818; x_wconf 87' lang='lat' dir='ltr'>quuti</span> <span class='ocrx_word' id='word_1_298' title='bbox 583 3731 987 3797; x_wconf 82' lang='lat' dir='ltr'>vulnerasse.</span> <span class='ocrx_word' id='word_1_299' title='bbox 1117 3730 1518 3813; x_wconf 79' lang='lat' dir='ltr'>Quanquam</span> <span class='ocrx_word' id='word_1_300' title='bbox 1614 3732 1800 3798; x_wconf 80' lang='lat' dir='ltr'>varie</span> <span class='ocrx_word' id='word_1_301' title='bbox 1898 3753 2028 3797; x_wconf 84' lang='lat' dir='ltr'>vox</span> <span class='ocrx_word' id='word_1_302' title='bbox 2137 3730 2246 3795; x_wconf 89' lang='lat' dir='ltr'>he·</span> 
     </span>
     <span class='ocr_line' id='line_1_47' title="bbox 284 3817 2249 3896; baseline -0.002 -10"><span class='ocrx_word' id='word_1_303' title='bbox 284 3822 496 3887; x_wconf 85' lang='lat' dir='ltr'>braca</span> <span class='ocrx_word' id='word_1_304' title='bbox 557 3818 871 3884; x_wconf 81' lang='lat' dir='ltr'>vertitur:</span> <span class='ocrx_word' id='word_1_305' title='bbox 960 3817 1072 3881; x_wconf 90' lang='lat' dir='ltr'>alii</span> <span class='ocrx_word' id='word_1_306' title='bbox 1139 3818 1310 3882; x_wconf 89' lang='lat' dir='ltr'>enim</span> <span class='ocrx_word' id='word_1_307' title='bbox 1378 3826 1669 3896; x_wconf 81' lang='lat' dir='ltr'>vertunt,</span> <span class='ocrx_word' id='word_1_308' title='bbox 1736 3839 1886 3883; x_wconf 90' lang='lat' dir='ltr'>eum</span> <span class='ocrx_word' id='word_1_309' title='bbox 1953 3819 2249 3883; x_wconf 87' lang='lat' dir='ltr'>timuisse</span> 
     </span>
     <span class='ocr_line' id='line_1_48' title="bbox 286 3901 2247 3989; baseline -0.003 -17"><span class='ocrx_word' id='word_1_310' title='bbox 286 3906 491 3972; x_wconf 79' lang='lat' dir='ltr'>valde</span> <span class='ocrx_word' id='word_1_311' title='bbox 535 3926 577 3969; x_wconf 90' lang='lat' dir='ltr'>a</span> <span class='ocrx_word' id='word_1_312' title='bbox 619 3903 998 3989; x_wconf 89' lang='lat' dir='ltr'>sagittariis,</span> <span class='ocrx_word' id='word_1_313' title='bbox 1046 3911 1113 3967; x_wconf 92' lang='lat' dir='ltr'>et</span> <span class='ocrx_word' id='word_1_314' title='bbox 1154 3903 1224 3967; x_wconf 89' lang='lat' dir='ltr'>in</span> <span class='ocrx_word' id='word_1_315' title='bbox 1271 3902 1620 3970; x_wconf 84' lang='lat' dir='ltr'>Chronicis</span> <span class='ocrx_word' id='word_1_316' title='bbox 1665 3901 1775 3967; x_wconf 89' lang='lat' dir='ltr'>ubi</span> <span class='ocrx_word' id='word_1_317' title='bbox 1813 3904 1973 3969; x_wconf 89' lang='lat' dir='ltr'>haec</span> <span class='ocrx_word' id='word_1_318' title='bbox 2016 3902 2247 3968; x_wconf 88' lang='lat' dir='ltr'>eadem</span> 
     </span>
     <span class='ocr_line' id='line_1_49' title="bbox 284 3987 2245 4073; baseline -0.002 -17"><span class='ocrx_word' id='word_1_319' title='bbox 284 3990 503 4056; x_wconf 74' lang='lat' dir='ltr'>verba</span> <span class='ocrx_word' id='word_1_320' title='bbox 547 3998 938 4073; x_wconf 87' lang='lat' dir='ltr'>repetuntur</span> <span class='ocrx_word' id='word_1_321' title='bbox 983 3987 1232 4054; x_wconf 87' lang='lat' dir='ltr'>dicitur</span> <span class='ocrx_word' id='word_1_322' title='bbox 1274 3987 1357 4054; x_wconf 92' lang='lat' dir='ltr'>ab</span> <span class='ocrx_word' id='word_1_323' title='bbox 1402 3990 1562 4071; x_wconf 90' lang='lat' dir='ltr'>ipsis</span> <span class='ocrx_word' id='word_1_324' title='bbox 1606 3988 2009 4066; x_wconf 83' lang='lat' dir='ltr'>vulneratus,</span> <span class='ocrx_word' id='word_1_325' title='bbox 2068 3988 2245 4053; x_wconf 91' lang='lat' dir='ltr'>unde</span> 
     </span>
     <span class='ocr_line' id='line_1_50' title="bbox 287 4072 2245 4161; baseline -0.002 -19"><span class='ocrx_word' id='word_1_326' title='bbox 287 4076 617 4161; x_wconf 87' lang='lat' dir='ltr'>quaedam</span> <span class='ocrx_word' id='word_1_327' title='bbox 660 4076 870 4139; x_wconf 89' lang='lat' dir='ltr'>oritur</span> <span class='ocrx_word' id='word_1_328' title='bbox 906 4072 1289 4140; x_wconf 86' lang='lat' dir='ltr'>difficultas:</span> <span class='ocrx_word' id='word_1_329' title='bbox 1334 4073 1449 4139; x_wconf 89' lang='lat' dir='ltr'>sed</span> <span class='ocrx_word' id='word_1_330' title='bbox 1484 4095 1652 4158; x_wconf 91' lang='lat' dir='ltr'>quae</span> <span class='ocrx_word' id='word_1_331' title='bbox 1697 4096 1827 4140; x_wconf 93' lang='lat' dir='ltr'>non</span> <span class='ocrx_word' id='word_1_332' title='bbox 1874 4083 1978 4139; x_wconf 86' lang='lat' dir='ltr'>est</span> <span class='ocrx_word' id='word_1_333' title='bbox 2019 4075 2245 4159; x_wconf 89' lang='lat' dir='ltr'>magni</span> 
     </span>
     <span class='ocr_line' id='line_1_51' title="bbox 288 4160 2246 4243; baseline -0.002 -15"><span class='ocrx_word' id='word_1_334' title='bbox 288 4163 645 4239; x_wconf 86' lang='lat' dir='ltr'>momenti,</span> <span class='ocrx_word' id='word_1_335' title='bbox 711 4181 865 4226; x_wconf 89' lang='lat' dir='ltr'>nam</span> <span class='ocrx_word' id='word_1_336' title='bbox 933 4181 1166 4243; x_wconf 89' lang='lat' dir='ltr'>parum</span> <span class='ocrx_word' id='word_1_337' title='bbox 1230 4160 1524 4238; x_wconf 84' lang='lat' dir='ltr'>interest,</span> <span class='ocrx_word' id='word_1_338' title='bbox 1590 4160 1854 4227; x_wconf 88' lang='lat' dir='ltr'>dicasne</span> <span class='ocrx_word' id='word_1_339' title='bbox 1916 4160 2139 4242; x_wconf 90' lang='lat' dir='ltr'>ipsum</span> <span class='ocrx_word' id='word_1_340' title='bbox 2204 4180 2246 4225; x_wconf 90' lang='lat' dir='ltr'>a</span> 
     </span>
     <span class='ocr_line' id='line_1_52' title="bbox 290 4247 2242 4333; baseline -0.002 -18"><span class='ocrx_word' id='word_1_341' title='bbox 290 4248 658 4333; x_wconf 80' lang='lat' dir='ltr'>sagittariis</span> <span class='ocrx_word' id='word_1_342' title='bbox 681 4247 1122 4325; x_wconf 82' lang='lat' dir='ltr'>vulneratum,</span> <span class='ocrx_word' id='word_1_343' title='bbox 1167 4264 1250 4310; x_wconf 89' lang='lat' dir='ltr'>an</span> <span class='ocrx_word' id='word_1_344' title='bbox 1274 4264 1435 4312; x_wconf 86' lang='lat' dir='ltr'>vero</span> <span class='ocrx_word' id='word_1_345' title='bbox 1470 4247 1541 4310; x_wconf 89' lang='lat' dir='ltr'>in</span> <span class='ocrx_word' id='word_1_346' title='bbox 1586 4266 1860 4330; x_wconf 89' lang='lat' dir='ltr'>magnas</span> <span class='ocrx_word' id='word_1_347' title='bbox 1904 4248 2242 4329; x_wconf 83' lang='lat' dir='ltr'>augustias</span> 
     </span>
     <span class='ocr_line' id='line_1_53' title="bbox 293 4332 2241 4420; baseline -0.002 -20"><span class='ocrx_word' id='word_1_348' title='bbox 293 4337 513 4420; x_wconf 89' lang='lat' dir='ltr'>ipsum</span> <span class='ocrx_word' id='word_1_349' title='bbox 576 4333 836 4399; x_wconf 78' lang='lat' dir='ltr'>venisse</span> <span class='ocrx_word' id='word_1_350' title='bbox 888 4342 1152 4415; x_wconf 91' lang='lat' dir='ltr'>propter</span> <span class='ocrx_word' id='word_1_351' title='bbox 1197 4341 1545 4415; x_wconf 84' lang='lat' dir='ltr'>sequentes</span> <span class='ocrx_word' id='word_1_352' title='bbox 1586 4334 1802 4415; x_wconf 92' lang='lat' dir='ltr'>ipsum</span> <span class='ocrx_word' id='word_1_353' title='bbox 1847 4332 2241 4415; x_wconf 84' lang='lat' dir='ltr'>sagittarios.</span> 
     </span>
     <span class='ocr_line' id='line_1_54' title="bbox 292 4417 2241 4497; baseline -0.003 -11"><span class='ocrx_word' id='word_1_354' title='bbox 292 4421 453 4486; x_wconf 84' lang='lat' dir='ltr'>Non</span> <span class='ocrx_word' id='word_1_355' title='bbox 510 4418 771 4485; x_wconf 84' lang='lat' dir='ltr'>videtur</span> <span class='ocrx_word' id='word_1_356' title='bbox 833 4429 1052 4482; x_wconf 89' lang='lat' dir='ltr'>autem</span> <span class='ocrx_word' id='word_1_357' title='bbox 1109 4417 1502 4497; x_wconf 85' lang='lat' dir='ltr'>verisimile,</span> <span class='ocrx_word' id='word_1_358' title='bbox 1563 4419 1762 4484; x_wconf 84' lang='lat' dir='ltr'>fuisse</span> <span class='ocrx_word' id='word_1_359' title='bbox 1822 4418 2241 4483; x_wconf 86' lang='lat' dir='ltr'>vulneratum</span> 
     </span>
     <span class='ocr_line' id='line_1_55' title="bbox 296 4503 2243 4588; baseline -0.001 -18"><span class='ocrx_word' id='word_1_360' title='bbox 296 4506 387 4571; x_wconf 90' lang='lat' dir='ltr'>ab</span> <span class='ocrx_word' id='word_1_361' title='bbox 443 4505 627 4588; x_wconf 91' lang='lat' dir='ltr'>ipsis,</span> <span class='ocrx_word' id='word_1_362' title='bbox 674 4503 893 4587; x_wconf 88' lang='lat' dir='ltr'>aliqua</span> <span class='ocrx_word' id='word_1_363' title='bbox 935 4505 1223 4586; x_wconf 89' lang='lat' dir='ltr'>corporis</span> <span class='ocrx_word' id='word_1_364' title='bbox 1268 4514 1507 4586; x_wconf 65' lang='lat' dir='ltr'>parter</span> <span class='ocrx_word' id='word_1_365' title='bbox 1544 4503 1658 4569; x_wconf 92' lang='lat' dir='ltr'>sed</span> <span class='ocrx_word' id='word_1_366' title='bbox 1703 4504 1995 4587; x_wconf 85' lang='lat' dir='ltr'>graviter</span> <span class='ocrx_word' id='word_1_367' title='bbox 2039 4503 2243 4568; x_wconf 85' lang='lat' dir='ltr'>afflic-</span> 
     </span>
     <span class='ocr_line' id='line_1_56' title="bbox 295 4590 2244 4673; baseline -0.002 -17"><span class='ocrx_word' id='word_1_368' title='bbox 295 4604 469 4667; x_wconf 87' lang='lat' dir='ltr'>tum,</span> <span class='ocrx_word' id='word_1_369' title='bbox 510 4601 576 4654; x_wconf 91' lang='lat' dir='ltr'>et</span> <span class='ocrx_word' id='word_1_370' title='bbox 612 4590 816 4655; x_wconf 85' lang='lat' dir='ltr'>veluti</span> <span class='ocrx_word' id='word_1_371' title='bbox 853 4590 1110 4673; x_wconf 85' lang='lat' dir='ltr'>sagittis</span> <span class='ocrx_word' id='word_1_372' title='bbox 1154 4611 1268 4656; x_wconf 89' lang='lat' dir='ltr'>cor</span> <span class='ocrx_word' id='word_1_373' title='bbox 1310 4590 1515 4671; x_wconf 84' lang='lat' dir='ltr'>ipsius</span> <span class='ocrx_word' id='word_1_374' title='bbox 1558 4611 1640 4655; x_wconf 84' lang='lat' dir='ltr'>ex</span> <span class='ocrx_word' id='word_1_375' title='bbox 1688 4609 1979 4654; x_wconf 89' lang='lat' dir='ltr'>moerore</span> <span class='ocrx_word' id='word_1_376' title='bbox 2023 4599 2244 4653; x_wconf 88' lang='lat' dir='ltr'>trans·</span> 
     </span>
     <span class='ocr_line' id='line_1_57' title="bbox 292 4674 2244 4760; baseline -0.004 -16"><span class='ocrx_word' id='word_1_377' title='bbox 292 4680 531 4758; x_wconf 84' lang='lat' dir='ltr'>fixum,</span> <span class='ocrx_word' id='word_1_378' title='bbox 571 4696 613 4739; x_wconf 88' lang='lat' dir='ltr'>a</span> <span class='ocrx_word' id='word_1_379' title='bbox 648 4676 1187 4760; x_wconf 87' lang='lat' dir='ltr'>persequentibus</span> <span class='ocrx_word' id='word_1_380' title='bbox 1223 4676 1440 4757; x_wconf 90' lang='lat' dir='ltr'>ipsum</span> <span class='ocrx_word' id='word_1_381' title='bbox 1477 4676 1852 4759; x_wconf 89' lang='lat' dir='ltr'>sagittariis.</span> <span class='ocrx_word' id='word_1_382' title='bbox 1897 4674 1979 4738; x_wconf 92' lang='lat' dir='ltr'>In</span> <span class='ocrx_word' id='word_1_383' title='bbox 2025 4684 2244 4738; x_wconf 88' lang='lat' dir='ltr'>tantas</span> 
     </span>
     <span class='ocr_line' id='line_1_58' title="bbox 292 4761 2242 4849; baseline -0.002 -21"><span class='ocrx_word' id='word_1_384' title='bbox 292 4764 507 4849; x_wconf 82' lang='lat' dir='ltr'>igitur</span> <span class='ocrx_word' id='word_1_385' title='bbox 563 4764 902 4846; x_wconf 89' lang='lat' dir='ltr'>augustias</span> <span class='ocrx_word' id='word_1_386' title='bbox 947 4761 1272 4838; x_wconf 84' lang='lat' dir='ltr'>redactus,</span> <span class='ocrx_word' id='word_1_387' title='bbox 1333 4761 1564 4826; x_wconf 78' lang='lat' dir='ltr'>dicitur</span> <span class='ocrx_word' id='word_1_388' title='bbox 1606 4763 1992 4843; x_wconf 76' lang='lat' dir='ltr'>armiyerum</span> <span class='ocrx_word' id='word_1_389' title='bbox 2033 4780 2242 4835; x_wconf 82' lang='lat' dir='ltr'>suum,</span> 
     </span>
     <span class='ocr_line' id='line_1_59' title="bbox 262 4846 2245 4936; baseline -0.003 -21"><span class='ocrx_word' id='word_1_390' title='bbox 262 4849 473 4936; x_wconf 85' lang='lat' dir='ltr'>-(erat</span> <span class='ocrx_word' id='word_1_391' title='bbox 507 4848 687 4912; x_wconf 88' lang='lat' dir='ltr'>enim</span> <span class='ocrx_word' id='word_1_392' title='bbox 731 4847 999 4912; x_wconf 90' lang='lat' dir='ltr'>illorum</span> <span class='ocrx_word' id='word_1_393' title='bbox 1044 4856 1412 4930; x_wconf 82' lang='lat' dir='ltr'>temporum</span> <span class='ocrx_word' id='word_1_394' title='bbox 1458 4846 1871 4922; x_wconf 89' lang='lat' dir='ltr'>consuetudo,</span> <span class='ocrx_word' id='word_1_395' title='bbox 1917 4866 2083 4928; x_wconf 89' lang='lat' dir='ltr'>quae</span> <span class='ocrx_word' id='word_1_396' title='bbox 2126 4846 2245 4910; x_wconf 90' lang='lat' dir='ltr'>ad-</span> 
     </span>
     <span class='ocr_line' id='line_1_60' title="bbox 292 4931 2239 5015; baseline -0.003 -15"><span class='ocrx_word' id='word_1_397' title='bbox 292 4938 435 5000; x_wconf 86' lang='lat' dir='ltr'>huc</span> <span class='ocrx_word' id='word_1_398' title='bbox 478 4933 752 5014; x_wconf 88' lang='lat' dir='ltr'>obtinet,</span> <span class='ocrx_word' id='word_1_399' title='bbox 812 4940 887 4997; x_wconf 88' lang='lat' dir='ltr'>ut</span> <span class='ocrx_word' id='word_1_400' title='bbox 945 4931 1263 4999; x_wconf 87' lang='lat' dir='ltr'>haberent</span> <span class='ocrx_word' id='word_1_401' title='bbox 1321 4933 1518 4998; x_wconf 90' lang='lat' dir='ltr'>duces</span> <span class='ocrx_word' id='word_1_402' title='bbox 1563 4932 1679 5015; x_wconf 91' lang='lat' dir='ltr'>qui</span> <span class='ocrx_word' id='word_1_403' title='bbox 1722 4952 1906 4996; x_wconf 88' lang='lat' dir='ltr'>arma</span> <span class='ocrx_word' id='word_1_404' title='bbox 1949 4933 2239 5013; x_wconf 86' lang='lat' dir='ltr'>ipsorum</span> 
     </span>
     <span class='ocr_line' id='line_1_61' title="bbox 293 5018 2241 5105; baseline -0.002 -20"><span class='ocrx_word' id='word_1_405' title='bbox 293 5018 637 5105; x_wconf 77' lang='lat' dir='ltr'>gererent)</span> <span class='ocrx_word' id='word_1_406' title='bbox 689 5019 958 5085; x_wconf 73' lang='lat' dir='ltr'>iussisse</span> <span class='ocrx_word' id='word_1_407' title='bbox 996 5020 1285 5102; x_wconf 54' lang='lat' dir='ltr'>,cladium</span> <span class='ocrx_word' id='word_1_408' title='bbox 1342 5019 1695 5101; x_wconf 70' lang='lat' dir='ltr'>evayinare,</span> <span class='ocrx_word' id='word_1_409' title='bbox 1752 5023 1808 5083; x_wconf 79' lang='lat' dir='ltr'>et</span> <span class='ocrx_word' id='word_1_410' title='bbox 1848 5018 2063 5099; x_wconf 81' lang='lat' dir='ltr'>ipsum</span> <span class='ocrx_word' id='word_1_411' title='bbox 2094 5038 2241 5099; x_wconf 78' lang='lat' dir='ltr'>pcr-</span> 
     </span>
     <span class='ocr_line' id='line_1_62' title="bbox 292 5103 2244 5187; baseline -0.004 -14"><span class='ocrx_word' id='word_1_412' title='bbox 292 5111 525 5185; x_wconf 74' lang='lat' dir='ltr'>cuterc,</span> <span class='ocrx_word' id='word_1_413' title='bbox 570 5126 647 5170; x_wconf 78' lang='lat' dir='ltr'>ne</span> <span class='ocrx_word' id='word_1_414' title='bbox 701 5108 879 5187; x_wconf 82' lang='lat' dir='ltr'>forte,</span> <span class='ocrx_word' id='word_1_415' title='bbox 930 5103 1167 5187; x_wconf 80' lang='lat' dir='ltr'>inquit,</span> <span class='ocrx_word' id='word_1_416' title='bbox 1225 5106 1479 5169; x_wconf 78' lang='lat' dir='ltr'>veniant</span> <span class='ocrx_word' id='word_1_417' title='bbox 1533 5104 1957 5169; x_wconf 77' lang='lat' dir='ltr'>incircumcisi</span> <span class='ocrx_word' id='word_1_418' title='bbox 2000 5103 2127 5180; x_wconf 74' lang='lat' dir='ltr'>isti,</span> <span class='ocrx_word' id='word_1_419' title='bbox 2187 5109 2244 5167; x_wconf 81' lang='lat' dir='ltr'>et</span> 
     </span>
     <span class='ocr_line' id='line_1_63' title="bbox 290 5188 2242 5271; baseline -0.004 -12"><span class='ocrx_word' id='word_1_420' title='bbox 290 5190 686 5271; x_wconf 72' lang='lat' dir='ltr'>interficiant</span> <span class='ocrx_word' id='word_1_421' title='bbox 739 5211 838 5255; x_wconf 85' lang='lat' dir='ltr'>me</span> <span class='ocrx_word' id='word_1_422' title='bbox 900 5189 1225 5256; x_wconf 74' lang='lat' dir='ltr'>illudentes</span> <span class='ocrx_word' id='word_1_423' title='bbox 1279 5189 1455 5254; x_wconf 75' lang='lat' dir='ltr'>mihi.</span> <span class='ocrx_word' id='word_1_424' title='bbox 1547 5188 1679 5254; x_wconf 82' lang='lat' dir='ltr'>Sed</span> <span class='ocrx_word' id='word_1_425' title='bbox 1727 5189 1849 5254; x_wconf 90' lang='lat' dir='ltr'>hoc</span> <span class='ocrx_word' id='word_1_426' title='bbox 1894 5198 2242 5253; x_wconf 88' lang='lat' dir='ltr'>recusante</span> 
     </span>
     <span class='ocr_line' id='line_1_64' title="bbox 294 5275 2239 5360; baseline -0.004 -14"><span class='ocrx_word' id='word_1_427' title='bbox 294 5278 655 5360; x_wconf 79' lang='lat' dir='ltr'>armigero,</span> <span class='ocrx_word' id='word_1_428' title='bbox 700 5277 1019 5360; x_wconf 52' lang='lat' dir='ltr'>arripiens</span> <span class='ocrx_word' id='word_1_429' title='bbox 1066 5275 1225 5342; x_wconf 71' lang='lat' dir='ltr'>Saul</span> <span class='ocrx_word' id='word_1_430' title='bbox 1266 5275 1570 5357; x_wconf 74' lang='lat' dir='ltr'>yladium,</span> <span class='ocrx_word' id='word_1_431' title='bbox 1614 5276 1811 5339; x_wconf 73' lang='lat' dir='ltr'>irruit</span> <span class='ocrx_word' id='word_1_432' title='bbox 1848 5294 2039 5354; x_wconf 71' lang='lat' dir='ltr'>super</span> <span class='ocrx_word' id='word_1_433' title='bbox 2080 5294 2239 5339; x_wconf 75' lang='lat' dir='ltr'>eum.</span> 
     </span>
    </p>
   </div>
   <div class='ocr_carea' id='block_1_12' title="bbox 2342 900 4298 5188">
    <p class='ocr_par' dir='ltr' id='par_1_15' title="bbox 2342 900 4298 5188">
     <span class='ocr_line' id='line_1_65' title="bbox 2344 900 4278 986; baseline -0.002 -17"><span class='ocrx_word' id='word_1_434' title='bbox 2344 904 2608 969; x_wconf 83' lang='lat' dir='ltr'>crimen.</span> <span class='ocrx_word' id='word_1_435' title='bbox 2667 902 2807 966; x_wconf 88' lang='lat' dir='ltr'>Nae</span> <span class='ocrx_word' id='word_1_436' title='bbox 2851 922 3082 968; x_wconf 91' lang='lat' dir='ltr'>omnes</span> <span class='ocrx_word' id='word_1_437' title='bbox 3125 922 3333 986; x_wconf 85' lang='lat' dir='ltr'>paene</span> <span class='ocrx_word' id='word_1_438' title='bbox 3377 902 3622 967; x_wconf 88' lang='lat' dir='ltr'>ethnici</span> <span class='ocrx_word' id='word_1_439' title='bbox 3669 903 3929 985; x_wconf 91' lang='lat' dir='ltr'>magnis</span> <span class='ocrx_word' id='word_1_440' title='bbox 3974 900 4278 965; x_wconf 88' lang='lat' dir='ltr'>laudibus</span> 
     </span>
     <span class='ocr_line' id='line_1_66' title="bbox 2344 987 4279 1073; baseline -0.002 -20"><span class='ocrx_word' id='word_1_441' title='bbox 2344 1008 2457 1053; x_wconf 90' lang='lat' dir='ltr'>eos</span> <span class='ocrx_word' id='word_1_442' title='bbox 2524 988 2937 1065; x_wconf 81' lang='lat' dir='ltr'>extulerunt,</span> <span class='ocrx_word' id='word_1_443' title='bbox 3006 989 3116 1073; x_wconf 89' lang='lat' dir='ltr'>qui</span> <span class='ocrx_word' id='word_1_444' title='bbox 3183 988 3301 1053; x_wconf 88' lang='lat' dir='ltr'>sibi</span> <span class='ocrx_word' id='word_1_445' title='bbox 3370 988 3531 1071; x_wconf 82' lang='lat' dir='ltr'>ipsis</span> <span class='ocrx_word' id='word_1_446' title='bbox 3596 1008 3829 1052; x_wconf 88' lang='lat' dir='ltr'>manus</span> <span class='ocrx_word' id='word_1_447' title='bbox 3893 987 4279 1062; x_wconf 86' lang='lat' dir='ltr'>intulerunt,</span> 
     </span>
     <span class='ocr_line' id='line_1_67' title="bbox 2343 1073 4282 1158; baseline -0.001 -19"><span class='ocrx_word' id='word_1_448' title='bbox 2343 1096 2542 1158; x_wconf 90' lang='lat' dir='ltr'>quum</span> <span class='ocrx_word' id='word_1_449' title='bbox 2570 1073 2755 1139; x_wconf 88' lang='lat' dir='ltr'>nulla</span> <span class='ocrx_word' id='word_1_450' title='bbox 2790 1094 2939 1156; x_wconf 89' lang='lat' dir='ltr'>spes</span> <span class='ocrx_word' id='word_1_451' title='bbox 2967 1075 3248 1157; x_wconf 90' lang='lat' dir='ltr'>amplius</span> <span class='ocrx_word' id='word_1_452' title='bbox 3275 1084 3450 1140; x_wconf 89' lang='lat' dir='ltr'>esset</span> <span class='ocrx_word' id='word_1_453' title='bbox 3492 1074 3666 1157; x_wconf 86' lang='lat' dir='ltr'>ipsos</span> <span class='ocrx_word' id='word_1_454' title='bbox 3712 1073 4000 1138; x_wconf 90' lang='lat' dir='ltr'>hostium</span> <span class='ocrx_word' id='word_1_455' title='bbox 4045 1094 4282 1139; x_wconf 86' lang='lat' dir='ltr'>manus</span> 
     </span>
     <span class='ocr_line' id='line_1_68' title="bbox 2344 1160 4280 1244; baseline -0.001 -19"><span class='ocrx_word' id='word_1_456' title='bbox 2344 1161 2636 1244; x_wconf 85' lang='lat' dir='ltr'>effugere</span> <span class='ocrx_word' id='word_1_457' title='bbox 2693 1180 2904 1242; x_wconf 90' lang='lat' dir='ltr'>posse.</span> <span class='ocrx_word' id='word_1_458' title='bbox 2996 1163 3282 1225; x_wconf 85' lang='lat' dir='ltr'>Mortem</span> <span class='ocrx_word' id='word_1_459' title='bbox 3341 1161 3515 1225; x_wconf 89' lang='lat' dir='ltr'>enim</span> <span class='ocrx_word' id='word_1_460' title='bbox 3572 1161 3731 1242; x_wconf 86' lang='lat' dir='ltr'>ipsis</span> <span class='ocrx_word' id='word_1_461' title='bbox 3790 1181 3920 1224; x_wconf 90' lang='lat' dir='ltr'>non</span> <span class='ocrx_word' id='word_1_462' title='bbox 3967 1160 4280 1224; x_wconf 89' lang='lat' dir='ltr'>metuisse</span> 
     </span>
     <span class='ocr_line' id='line_1_69' title="bbox 2345 1245 4280 1329; baseline -0.001 -20"><span class='ocrx_word' id='word_1_463' title='bbox 2345 1246 2678 1325; x_wconf 83' lang='lat' dir='ltr'>dixerunt,</span> <span class='ocrx_word' id='word_1_464' title='bbox 2738 1256 2804 1310; x_wconf 90' lang='lat' dir='ltr'>et</span> <span class='ocrx_word' id='word_1_465' title='bbox 2858 1248 3058 1311; x_wconf 84' lang='lat' dir='ltr'>fortes</span> <span class='ocrx_word' id='word_1_466' title='bbox 3115 1248 3366 1312; x_wconf 83' lang='lat' dir='ltr'>animos</span> <span class='ocrx_word' id='word_1_467' title='bbox 3425 1245 3763 1329; x_wconf 87' lang='lat' dir='ltr'>habuisse,</span> <span class='ocrx_word' id='word_1_468' title='bbox 3824 1245 4031 1310; x_wconf 82' lang='lat' dir='ltr'>vitam</span> <span class='ocrx_word' id='word_1_469' title='bbox 4094 1247 4280 1326; x_wconf 84' lang='lat' dir='ltr'>parvi</span> 
     </span>
     <span class='ocr_line' id='line_1_70' title="bbox 2345 1331 4286 1417; baseline -0.002 -20"><span class='ocrx_word' id='word_1_470' title='bbox 2345 1332 2690 1397; x_wconf 85' lang='lat' dir='ltr'>facientes:</span> <span class='ocrx_word' id='word_1_471' title='bbox 2764 1333 3074 1398; x_wconf 90' lang='lat' dir='ltr'>honorem</span> <span class='ocrx_word' id='word_1_472' title='bbox 3149 1340 3217 1396; x_wconf 86' lang='lat' dir='ltr'>et</span> <span class='ocrx_word' id='word_1_473' title='bbox 3287 1332 3671 1417; x_wconf 89' lang='lat' dir='ltr'>dignitatem</span> <span class='ocrx_word' id='word_1_474' title='bbox 3729 1332 3925 1396; x_wconf 89' lang='lat' dir='ltr'>rebus</span> <span class='ocrx_word' id='word_1_475' title='bbox 3984 1331 4286 1395; x_wconf 85' lang='lat' dir='ltr'>omnibus</span> 
     </span>
     <span class='ocr_line' id='line_1_71' title="bbox 2347 1415 4282 1503; baseline -0.002 -21"><span class='ocrx_word' id='word_1_476' title='bbox 2347 1419 2813 1501; x_wconf 86' lang='lat' dir='ltr'>anteposuisse,</span> <span class='ocrx_word' id='word_1_477' title='bbox 2857 1426 2923 1482; x_wconf 88' lang='lat' dir='ltr'>et</span> <span class='ocrx_word' id='word_1_478' title='bbox 2966 1420 3391 1503; x_wconf 88' lang='lat' dir='ltr'>ignominiam</span> <span class='ocrx_word' id='word_1_479' title='bbox 3420 1427 3488 1483; x_wconf 89' lang='lat' dir='ltr'>et</span> <span class='ocrx_word' id='word_1_480' title='bbox 3515 1418 3793 1484; x_wconf 89' lang='lat' dir='ltr'>dedecus</span> <span class='ocrx_word' id='word_1_481' title='bbox 3819 1418 3887 1481; x_wconf 92' lang='lat' dir='ltr'>in</span> <span class='ocrx_word' id='word_1_482' title='bbox 3917 1415 4090 1499; x_wconf 90' lang='lat' dir='ltr'>quod</span> <span class='ocrx_word' id='word_1_483' title='bbox 4123 1418 4282 1481; x_wconf 88' lang='lat' dir='ltr'>inci·</span> 
     </span>
     <span class='ocr_line' id='line_1_72' title="bbox 2347 1503 4282 1587; baseline -0.002 -19"><span class='ocrx_word' id='word_1_484' title='bbox 2347 1504 2601 1569; x_wconf 88' lang='lat' dir='ltr'>dissent</span> <span class='ocrx_word' id='word_1_485' title='bbox 2659 1504 2724 1568; x_wconf 92' lang='lat' dir='ltr'>in</span> <span class='ocrx_word' id='word_1_486' title='bbox 2790 1504 3073 1569; x_wconf 89' lang='lat' dir='ltr'>hostium</span> <span class='ocrx_word' id='word_1_487' title='bbox 3125 1514 3510 1587; x_wconf 88' lang='lat' dir='ltr'>potestatem</span> <span class='ocrx_word' id='word_1_488' title='bbox 3554 1505 3913 1579; x_wconf 86' lang='lat' dir='ltr'>venientes,</span> <span class='ocrx_word' id='word_1_489' title='bbox 3975 1503 4282 1585; x_wconf 86' lang='lat' dir='ltr'>effugisse</span> 
     </span>
     <span class='ocr_line' id='line_1_73' title="bbox 2347 1589 4280 1672; baseline -0.002 -19"><span class='ocrx_word' id='word_1_490' title='bbox 2347 1589 2685 1672; x_wconf 87' lang='lat' dir='ltr'>praeclara</span> <span class='ocrx_word' id='word_1_491' title='bbox 2705 1600 2945 1656; x_wconf 90' lang='lat' dir='ltr'>morte:</span> <span class='ocrx_word' id='word_1_492' title='bbox 2981 1590 3237 1656; x_wconf 89' lang='lat' dir='ltr'>Idcirco</span> <span class='ocrx_word' id='word_1_493' title='bbox 3259 1590 3452 1655; x_wconf 89' lang='lat' dir='ltr'>multi</span> <span class='ocrx_word' id='word_1_494' title='bbox 3488 1590 3681 1655; x_wconf 90' lang='lat' dir='ltr'>etiam</span> <span class='ocrx_word' id='word_1_495' title='bbox 3721 1591 3833 1672; x_wconf 92' lang='lat' dir='ltr'>qui</span> <span class='ocrx_word' id='word_1_496' title='bbox 3881 1590 3946 1652; x_wconf 91' lang='lat' dir='ltr'>in</span> <span class='ocrx_word' id='word_1_497' title='bbox 3994 1589 4280 1652; x_wconf 88' lang='lat' dir='ltr'>hostium</span> 
     </span>
     <span class='ocr_line' id='line_1_74' title="bbox 2347 1675 4286 1757; baseline -0.002 -16"><span class='ocrx_word' id='word_1_498' title='bbox 2347 1688 2732 1757; x_wconf 87' lang='lat' dir='ltr'>potestatem</span> <span class='ocrx_word' id='word_1_499' title='bbox 2796 1677 3036 1741; x_wconf 91' lang='lat' dir='ltr'>incauti</span> <span class='ocrx_word' id='word_1_500' title='bbox 3093 1677 3499 1753; x_wconf 88' lang='lat' dir='ltr'>ceciderant,</span> <span class='ocrx_word' id='word_1_501' title='bbox 3572 1676 3929 1741; x_wconf 87' lang='lat' dir='ltr'>laudantur</span> <span class='ocrx_word' id='word_1_502' title='bbox 3988 1675 4069 1739; x_wconf 92' lang='lat' dir='ltr'>ab</span> <span class='ocrx_word' id='word_1_503' title='bbox 4127 1675 4286 1757; x_wconf 90' lang='lat' dir='ltr'>ipsis</span> 
     </span>
     <span class='ocr_line' id='line_1_75' title="bbox 2347 1761 4286 1845; baseline -0.001 -20"><span class='ocrx_word' id='word_1_504' title='bbox 2347 1762 2519 1843; x_wconf 91' lang='lat' dir='ltr'>quod</span> <span class='ocrx_word' id='word_1_505' title='bbox 2551 1774 2827 1826; x_wconf 84' lang='lat' dir='ltr'>mortem</span> <span class='ocrx_word' id='word_1_506' title='bbox 2864 1763 2986 1827; x_wconf 87' lang='lat' dir='ltr'>sibi</span> <span class='ocrx_word' id='word_1_507' title='bbox 3019 1763 3436 1837; x_wconf 84' lang='lat' dir='ltr'>consciscere,</span> <span class='ocrx_word' id='word_1_508' title='bbox 3482 1784 3675 1845; x_wconf 90' lang='lat' dir='ltr'>quam</span> <span class='ocrx_word' id='word_1_509' title='bbox 3723 1782 3941 1827; x_wconf 88' lang='lat' dir='ltr'>coram</span> <span class='ocrx_word' id='word_1_510' title='bbox 3987 1761 4286 1826; x_wconf 88' lang='lat' dir='ltr'>hostibus</span> 
     </span>
     <span class='ocr_line' id='line_1_76' title="bbox 2349 1846 4288 1932; baseline -0.002 -21"><span class='ocrx_word' id='word_1_511' title='bbox 2349 1847 2542 1912; x_wconf 88' lang='lat' dir='ltr'>deiici</span> <span class='ocrx_word' id='word_1_512' title='bbox 2587 1848 2977 1912; x_wconf 89' lang='lat' dir='ltr'>maluerint:</span> <span class='ocrx_word' id='word_1_513' title='bbox 3042 1860 3107 1913; x_wconf 89' lang='lat' dir='ltr'>et</span> <span class='ocrx_word' id='word_1_514' title='bbox 3151 1848 3323 1932; x_wconf 91' lang='lat' dir='ltr'>quod</span> <span class='ocrx_word' id='word_1_515' title='bbox 3383 1849 3586 1913; x_wconf 89' lang='lat' dir='ltr'>armis</span> <span class='ocrx_word' id='word_1_516' title='bbox 3633 1870 3760 1912; x_wconf 91' lang='lat' dir='ltr'>non</span> <span class='ocrx_word' id='word_1_517' title='bbox 3808 1858 4111 1929; x_wconf 87' lang='lat' dir='ltr'>poterant</span> <span class='ocrx_word' id='word_1_518' title='bbox 4157 1846 4288 1910; x_wconf 90' lang='lat' dir='ltr'>alia</span> 
     </span>
     <span class='ocr_line' id='line_1_77' title="bbox 2349 1933 4288 2017; baseline 0 -21"><span class='ocrx_word' id='word_1_519' title='bbox 2349 1934 2584 2015; x_wconf 86' lang='lat' dir='ltr'>quavis</span> <span class='ocrx_word' id='word_1_520' title='bbox 2639 1934 2891 1998; x_wconf 89' lang='lat' dir='ltr'>ratione</span> <span class='ocrx_word' id='word_1_521' title='bbox 2947 1945 3364 2000; x_wconf 88' lang='lat' dir='ltr'>conarentur.</span> <span class='ocrx_word' id='word_1_522' title='bbox 3454 1934 3568 2000; x_wconf 81' lang='lat' dir='ltr'>Sic</span> <span class='ocrx_word' id='word_1_523' title='bbox 3623 1934 3933 2017; x_wconf 88' lang='lat' dir='ltr'>quosdam</span> <span class='ocrx_word' id='word_1_524' title='bbox 3987 1933 4288 2016; x_wconf 88' lang='lat' dir='ltr'>legimus,</span> 
     </span>
     <span class='ocr_line' id='line_1_78' title="bbox 2347 2018 4298 2103; baseline -0.001 -20"><span class='ocrx_word' id='word_1_525' title='bbox 2347 2039 2548 2100; x_wconf 91' lang='lat' dir='ltr'>quum</span> <span class='ocrx_word' id='word_1_526' title='bbox 2600 2040 2682 2082; x_wconf 81' lang='lat' dir='ltr'>ex</span> <span class='ocrx_word' id='word_1_527' title='bbox 2740 2020 3019 2086; x_wconf 86' lang='lat' dir='ltr'>vulnere</span> <span class='ocrx_word' id='word_1_528' title='bbox 3075 2022 3244 2084; x_wconf 91' lang='lat' dir='ltr'>mori</span> <span class='ocrx_word' id='word_1_529' title='bbox 3304 2041 3433 2085; x_wconf 92' lang='lat' dir='ltr'>non</span> <span class='ocrx_word' id='word_1_530' title='bbox 3492 2032 3774 2102; x_wconf 84' lang='lat' dir='ltr'>possent,</span> <span class='ocrx_word' id='word_1_531' title='bbox 3829 2018 3999 2103; x_wconf 91' lang='lat' dir='ltr'>quod</span> <span class='ocrx_word' id='word_1_532' title='bbox 4062 2038 4298 2084; x_wconf 48' lang='lat' dir='ltr'>eorum*</span> 
     </span>
     <span class='ocr_line' id='line_1_79' title="bbox 2348 2104 4290 2187; baseline -0.002 -17"><span class='ocrx_word' id='word_1_533' title='bbox 2348 2125 2506 2170; x_wconf 90' lang='lat' dir='ltr'>cura</span> <span class='ocrx_word' id='word_1_534' title='bbox 2563 2104 2844 2187; x_wconf 90' lang='lat' dir='ltr'>diligens</span> <span class='ocrx_word' id='word_1_535' title='bbox 2902 2105 3273 2182; x_wconf 87' lang='lat' dir='ltr'>haberetur,</span> <span class='ocrx_word' id='word_1_536' title='bbox 3331 2115 3629 2172; x_wconf 82' lang='lat' dir='ltr'>ventrem</span> <span class='ocrx_word' id='word_1_537' title='bbox 3692 2107 3814 2171; x_wconf 92' lang='lat' dir='ltr'>sibi</span> <span class='ocrx_word' id='word_1_538' title='bbox 3874 2104 4176 2180; x_wconf 89' lang='lat' dir='ltr'>laniasse,</span> <span class='ocrx_word' id='word_1_539' title='bbox 4221 2113 4290 2166; x_wconf 87' lang='lat' dir='ltr'>ct</span> 
     </span>
     <span class='ocr_line' id='line_1_80' title="bbox 2348 2190 4288 2275; baseline -0.001 -20"><span class='ocrx_word' id='word_1_540' title='bbox 2348 2209 2419 2255; x_wconf 91' lang='lat' dir='ltr'>se</span> <span class='ocrx_word' id='word_1_541' title='bbox 2475 2192 2654 2272; x_wconf 90' lang='lat' dir='ltr'>ipsos</span> <span class='ocrx_word' id='word_1_542' title='bbox 2713 2200 3146 2257; x_wconf 85' lang='lat' dir='ltr'>exenterasse.</span> <span class='ocrx_word' id='word_1_543' title='bbox 3235 2191 3525 2275; x_wconf 86' lang='lat' dir='ltr'>Insignis</span> <span class='ocrx_word' id='word_1_544' title='bbox 3568 2212 3728 2257; x_wconf 90' lang='lat' dir='ltr'>sane</span> <span class='ocrx_word' id='word_1_545' title='bbox 3774 2191 4111 2256; x_wconf 91' lang='lat' dir='ltr'>hominum</span> <span class='ocrx_word' id='word_1_546' title='bbox 4156 2190 4288 2273; x_wconf 92' lang='lat' dir='ltr'>opi·</span> 
     </span>
     <span class='ocr_line' id='line_1_81' title="bbox 2348 2276 4286 2361; baseline -0.001 -21"><span class='ocrx_word' id='word_1_547' title='bbox 2348 2276 2551 2340; x_wconf 87' lang='lat' dir='ltr'>nione</span> <span class='ocrx_word' id='word_1_548' title='bbox 2588 2278 2799 2341; x_wconf 86' lang='lat' dir='ltr'>virtus</span> <span class='ocrx_word' id='word_1_549' title='bbox 2835 2289 2934 2341; x_wconf 87' lang='lat' dir='ltr'>est-</span> <span class='ocrx_word' id='word_1_550' title='bbox 2979 2278 3485 2361; x_wconf 83' lang='lat' dir='ltr'>magnanimitas</span> <span class='ocrx_word' id='word_1_551' title='bbox 3529 2298 3804 2360; x_wconf 89' lang='lat' dir='ltr'>summa,</span> <span class='ocrx_word' id='word_1_552' title='bbox 3850 2296 4043 2360; x_wconf 90' lang='lat' dir='ltr'>quam</span> <span class='ocrx_word' id='word_1_553' title='bbox 4092 2276 4286 2341; x_wconf 89' lang='lat' dir='ltr'>etiam</span> 
     </span>
     <span class='ocr_line' id='line_1_82' title="bbox 2350 2360 4294 2445; baseline 0 -20"><span class='ocrx_word' id='word_1_554' title='bbox 2350 2361 2434 2426; x_wconf 92' lang='lat' dir='ltr'>ob</span> <span class='ocrx_word' id='word_1_555' title='bbox 2490 2381 2754 2426; x_wconf 88' lang='lat' dir='ltr'>causam</span> <span class='ocrx_word' id='word_1_556' title='bbox 2815 2360 3123 2428; x_wconf 67' lang='lat' dir='ltr'>do‘eentes</span> <span class='ocrx_word' id='word_1_557' title='bbox 3178 2364 3396 2428; x_wconf 86' lang='lat' dir='ltr'>virum</span> <span class='ocrx_word' id='word_1_558' title='bbox 3457 2363 3696 2428; x_wconf 89' lang='lat' dir='ltr'>fortem</span> <span class='ocrx_word' id='word_1_559' title='bbox 3757 2381 3944 2445; x_wconf 89' lang='lat' dir='ltr'>posse</span> <span class='ocrx_word' id='word_1_560' title='bbox 4011 2361 4294 2426; x_wconf 90' lang='lat' dir='ltr'>dedecus</span> 
     </span>
     <span class='ocr_line' id='line_1_83' title="bbox 2350 2447 4290 2534; baseline -0.001 -22"><span class='ocrx_word' id='word_1_561' title='bbox 2350 2456 2419 2512; x_wconf 92' lang='lat' dir='ltr'>et</span> <span class='ocrx_word' id='word_1_562' title='bbox 2458 2447 2890 2531; x_wconf 90' lang='lat' dir='ltr'>ignominiam</span> <span class='ocrx_word' id='word_1_563' title='bbox 2937 2450 3244 2532; x_wconf 87' lang='lat' dir='ltr'>effugere,</span> <span class='ocrx_word' id='word_1_564' title='bbox 3308 2448 3616 2514; x_wconf 83' lang='lat' dir='ltr'>dixerunt</span> <span class='ocrx_word' id='word_1_565' title='bbox 3661 2452 3875 2534; x_wconf 89' lang='lat' dir='ltr'>ipsum</span> <span class='ocrx_word' id='word_1_566' title='bbox 3925 2449 4130 2513; x_wconf 82' lang='lat' dir='ltr'>vitam</span> <span class='ocrx_word' id='word_1_567' title='bbox 4173 2447 4290 2511; x_wconf 89' lang='lat' dir='ltr'>ha·</span> 
     </span>
     <span class='ocr_line' id='line_1_84' title="bbox 2351 2533 4290 2619; baseline -0.002 -20"><span class='ocrx_word' id='word_1_568' title='bbox 2351 2533 2505 2599; x_wconf 90' lang='lat' dir='ltr'>bere</span> <span class='ocrx_word' id='word_1_569' title='bbox 2540 2534 2611 2596; x_wconf 90' lang='lat' dir='ltr'>in</span> <span class='ocrx_word' id='word_1_570' title='bbox 2646 2554 2766 2597; x_wconf 90' lang='lat' dir='ltr'>sua</span> <span class='ocrx_word' id='word_1_571' title='bbox 2803 2544 3144 2616; x_wconf 88' lang='lat' dir='ltr'>potestate,</span> <span class='ocrx_word' id='word_1_572' title='bbox 3190 2535 3476 2618; x_wconf 89' lang='lat' dir='ltr'>gladium</span> <span class='ocrx_word' id='word_1_573' title='bbox 3526 2534 3629 2599; x_wconf 88' lang='lat' dir='ltr'>vel</span> <span class='ocrx_word' id='word_1_574' title='bbox 3675 2537 4031 2619; x_wconf 89' lang='lat' dir='ltr'>pugionem</span> <span class='ocrx_word' id='word_1_575' title='bbox 4088 2554 4290 2598; x_wconf 88' lang='lat' dir='ltr'>manu</span> 
     </span>
     <span class='ocr_line' id='line_1_85' title="bbox 2351 2620 4292 2705; baseline 0 -22"><span class='ocrx_word' id='word_1_576' title='bbox 2351 2628 2753 2703; x_wconf 84' lang='lat' dir='ltr'>gestantem:</span> <span class='ocrx_word' id='word_1_577' title='bbox 2809 2620 3048 2703; x_wconf 90' lang='lat' dir='ltr'>quibus</span> <span class='ocrx_word' id='word_1_578' title='bbox 3107 2620 3558 2687; x_wconf 87' lang='lat' dir='ltr'>deficientibus</span> <span class='ocrx_word' id='word_1_579' title='bbox 3616 2631 3928 2705; x_wconf 91' lang='lat' dir='ltr'>quotquot</span> <span class='ocrx_word' id='word_1_580' title='bbox 3971 2632 4131 2686; x_wconf 88' lang='lat' dir='ltr'>sunt</span> <span class='ocrx_word' id='word_1_581' title='bbox 4167 2621 4292 2684; x_wconf 88' lang='lat' dir='ltr'>fiu-</span> 
     </span>
     <span class='ocr_line' id='line_1_86' title="bbox 2350 2705 4291 2791; baseline -0.001 -21"><span class='ocrx_word' id='word_1_582' title='bbox 2350 2707 2549 2783; x_wconf 89' lang='lat' dir='ltr'>mina,</span> <span class='ocrx_word' id='word_1_583' title='bbox 2609 2714 2931 2787; x_wconf 90' lang='lat' dir='ltr'>quotquot</span> <span class='ocrx_word' id='word_1_584' title='bbox 2987 2706 3185 2790; x_wconf 92' lang='lat' dir='ltr'>putei,</span> <span class='ocrx_word' id='word_1_585' title='bbox 3244 2705 3516 2771; x_wconf 90' lang='lat' dir='ltr'>totidem</span> <span class='ocrx_word' id='word_1_586' title='bbox 3576 2727 3719 2773; x_wconf 89' lang='lat' dir='ltr'>esse</span> <span class='ocrx_word' id='word_1_587' title='bbox 3763 2705 4052 2791; x_wconf 80' lang='lat' dir='ltr'>fugiendi</span> <span class='ocrx_word' id='word_1_588' title='bbox 4100 2705 4291 2769; x_wconf 87' lang='lat' dir='ltr'>dede·</span> 
     </span>
     <span class='ocr_line' id='line_1_87' title="bbox 2351 2791 4290 2875; baseline -0.001 -19"><span class='ocrx_word' id='word_1_589' title='bbox 2351 2792 2520 2856; x_wconf 88' lang='lat' dir='ltr'>coris</span> <span class='ocrx_word' id='word_1_590' title='bbox 2554 2800 2621 2855; x_wconf 91' lang='lat' dir='ltr'>et</span> <span class='ocrx_word' id='word_1_591' title='bbox 2657 2791 3052 2875; x_wconf 88' lang='lat' dir='ltr'>ignominiae</span> <span class='ocrx_word' id='word_1_592' title='bbox 3086 2791 3503 2859; x_wconf 88' lang='lat' dir='ltr'>adminicula.</span> <span class='ocrx_word' id='word_1_593' title='bbox 3566 2792 3707 2858; x_wconf 91' lang='lat' dir='ltr'>Ista</span> <span class='ocrx_word' id='word_1_594' title='bbox 3751 2794 4020 2858; x_wconf 86' lang='lat' dir='ltr'>fuerunt</span> <span class='ocrx_word' id='word_1_595' title='bbox 4062 2811 4290 2857; x_wconf 87' lang='lat' dir='ltr'>eorum</span> 
     </span>
     <span class='ocr_line' id='line_1_88' title="bbox 2353 2876 4292 2961; baseline 0 -21"><span class='ocrx_word' id='word_1_596' title='bbox 2353 2878 2466 2959; x_wconf 90' lang='lat' dir='ltr'>qui</span> <span class='ocrx_word' id='word_1_597' title='bbox 2503 2877 2967 2958; x_wconf 88' lang='lat' dir='ltr'>sapientissimi</span> <span class='ocrx_word' id='word_1_598' title='bbox 3011 2876 3379 2961; x_wconf 87' lang='lat' dir='ltr'>philosophi</span> <span class='ocrx_word' id='word_1_599' title='bbox 3423 2879 3782 2944; x_wconf 83' lang='lat' dir='ltr'>existimati</span> <span class='ocrx_word' id='word_1_600' title='bbox 3829 2886 4005 2958; x_wconf 91' lang='lat' dir='ltr'>sunt,</span> <span class='ocrx_word' id='word_1_601' title='bbox 4048 2889 4116 2941; x_wconf 92' lang='lat' dir='ltr'>et</span> <span class='ocrx_word' id='word_1_602' title='bbox 4160 2878 4292 2942; x_wconf 87' lang='lat' dir='ltr'>vir-</span> 
     </span>
     <span class='ocr_line' id='line_1_89' title="bbox 2352 2963 4294 3045; baseline 0 -19"><span class='ocrx_word' id='word_1_603' title='bbox 2352 2963 2515 3027; x_wconf 89' lang='lat' dir='ltr'>tutis</span> <span class='ocrx_word' id='word_1_604' title='bbox 2559 2963 2995 3028; x_wconf 89' lang='lat' dir='ltr'>amantissimi</span> <span class='ocrx_word' id='word_1_605' title='bbox 3040 2963 3331 3041; x_wconf 90' lang='lat' dir='ltr'>consilia,</span> <span class='ocrx_word' id='word_1_606' title='bbox 3378 2965 3616 3045; x_wconf 90' lang='lat' dir='ltr'>quibus</span> <span class='ocrx_word' id='word_1_607' title='bbox 3663 2963 3963 3029; x_wconf 89' lang='lat' dir='ltr'>laudibus</span> <span class='ocrx_word' id='word_1_608' title='bbox 4007 2966 4294 3028; x_wconf 84' lang='lat' dir='ltr'>aeternis</span> 
     </span>
     <span class='ocr_line' id='line_1_90' title="bbox 2353 3047 4293 3132; baseline 0.001 -20"><span class='ocrx_word' id='word_1_609' title='bbox 2353 3047 2770 3112; x_wconf 90' lang='lat' dir='ltr'>honorandos</span> <span class='ocrx_word' id='word_1_610' title='bbox 2813 3057 2881 3112; x_wconf 89' lang='lat' dir='ltr'>et</span> <span class='ocrx_word' id='word_1_611' title='bbox 2926 3047 3396 3130; x_wconf 85' lang='lat' dir='ltr'>praedicandos</span> <span class='ocrx_word' id='word_1_612' title='bbox 3440 3070 3550 3115; x_wconf 92' lang='lat' dir='ltr'>eos</span> <span class='ocrx_word' id='word_1_613' title='bbox 3592 3060 4011 3131; x_wconf 74' lang='lat' dir='ltr'>censuerunt,</span> <span class='ocrx_word' id='word_1_614' title='bbox 4057 3049 4169 3132; x_wconf 91' lang='lat' dir='ltr'>qui</span> <span class='ocrx_word' id='word_1_615' title='bbox 4209 3071 4293 3113; x_wconf 92' lang='lat' dir='ltr'>ne</span> 
     </span>
     <span class='ocr_line' id='line_1_91' title="bbox 2350 3132 4292 3216; baseline 0.002 -20"><span class='ocrx_word' id='word_1_616' title='bbox 2350 3132 2423 3196; x_wconf 90' lang='lat' dir='ltr'>in</span> <span class='ocrx_word' id='word_1_617' title='bbox 2483 3132 2770 3197; x_wconf 89' lang='lat' dir='ltr'>hostium</span> <span class='ocrx_word' id='word_1_618' title='bbox 2831 3143 3219 3216; x_wconf 84' lang='lat' dir='ltr'>potestatem</span> <span class='ocrx_word' id='word_1_619' title='bbox 3279 3135 3620 3200; x_wconf 81' lang='lat' dir='ltr'>venientes</span> <span class='ocrx_word' id='word_1_620' title='bbox 3680 3135 3959 3201; x_wconf 89' lang='lat' dir='ltr'>dedecus</span> <span class='ocrx_word' id='word_1_621' title='bbox 4012 3146 4080 3200; x_wconf 86' lang='lat' dir='ltr'>et</span> <span class='ocrx_word' id='word_1_622' title='bbox 4121 3135 4292 3199; x_wconf 82' lang='lat' dir='ltr'>infa-</span> 
     </span>
     <span class='ocr_line' id='line_1_92' title="bbox 2351 3218 4292 3305; baseline 0.002 -22"><span class='ocrx_word' id='word_1_623' title='bbox 2351 3220 2553 3283; x_wconf 92' lang='lat' dir='ltr'>miam</span> <span class='ocrx_word' id='word_1_624' title='bbox 2605 3218 2906 3284; x_wconf 89' lang='lat' dir='ltr'>subirent</span> <span class='ocrx_word' id='word_1_625' title='bbox 2948 3220 3071 3285; x_wconf 90' lang='lat' dir='ltr'>sibi</span> <span class='ocrx_word' id='word_1_626' title='bbox 3114 3221 3278 3304; x_wconf 87' lang='lat' dir='ltr'>ipsis</span> <span class='ocrx_word' id='word_1_627' title='bbox 3315 3221 3557 3286; x_wconf 82' lang='lat' dir='ltr'>inferre</span> <span class='ocrx_word' id='word_1_628' title='bbox 3601 3241 3836 3286; x_wconf 91' lang='lat' dir='ltr'>manus</span> <span class='ocrx_word' id='word_1_629' title='bbox 3882 3230 4292 3305; x_wconf 88' lang='lat' dir='ltr'>mortemque</span> 
     </span>
     <span class='ocr_line' id='line_1_93' title="bbox 2350 3305 4294 3391; baseline 0.002 -21"><span class='ocrx_word' id='word_1_630' title='bbox 2350 3305 2751 3370; x_wconf 89' lang='lat' dir='ltr'>consciscere</span> <span class='ocrx_word' id='word_1_631' title='bbox 2825 3326 2957 3370; x_wconf 88' lang='lat' dir='ltr'>non</span> <span class='ocrx_word' id='word_1_632' title='bbox 3019 3305 3545 3372; x_wconf 85' lang='lat' dir='ltr'>reformidarunt.</span> <span class='ocrx_word' id='word_1_633' title='bbox 3649 3307 3756 3371; x_wconf 86' lang='lat' dir='ltr'>Ex</span> <span class='ocrx_word' id='word_1_634' title='bbox 3813 3327 4087 3391; x_wconf 88' lang='lat' dir='ltr'>quorum</span> <span class='ocrx_word' id='word_1_635' title='bbox 4147 3328 4294 3374; x_wconf 85' lang='lat' dir='ltr'>sen—</span> 
     </span>
     <span class='ocr_line' id='line_1_94' title="bbox 2349 3388 4292 3476; baseline 0.002 -21"><span class='ocrx_word' id='word_1_636' title='bbox 2349 3392 2556 3455; x_wconf 88' lang='lat' dir='ltr'>tentia</span> <span class='ocrx_word' id='word_1_637' title='bbox 2602 3388 2763 3456; x_wconf 84' lang='lat' dir='ltr'>Saul</span> <span class='ocrx_word' id='word_1_638' title='bbox 2823 3393 3284 3476; x_wconf 89' lang='lat' dir='ltr'>magnanimus</span> <span class='ocrx_word' id='word_1_639' title='bbox 3344 3403 3413 3458; x_wconf 92' lang='lat' dir='ltr'>et</span> <span class='ocrx_word' id='word_1_640' title='bbox 3471 3394 3656 3458; x_wconf 77' lang='lat' dir='ltr'>fortis</span> <span class='ocrx_word' id='word_1_641' title='bbox 3715 3392 4030 3459; x_wconf 89' lang='lat' dir='ltr'>dicendus</span> <span class='ocrx_word' id='word_1_642' title='bbox 4089 3405 4292 3459; x_wconf 84' lang='lat' dir='ltr'>esset:</span> 
     </span>
     <span class='ocr_line' id='line_1_95' title="bbox 2347 3476 4290 3558; baseline 0.003 -19"><span class='ocrx_word' id='word_1_643' title='bbox 2347 3476 2459 3558; x_wconf 92' lang='lat' dir='ltr'>qui</span> <span class='ocrx_word' id='word_1_644' title='bbox 2496 3484 2716 3542; x_wconf 87' lang='lat' dir='ltr'>tamen</span> <span class='ocrx_word' id='word_1_645' title='bbox 2752 3496 2972 3542; x_wconf 90' lang='lat' dir='ltr'>coram</span> <span class='ocrx_word' id='word_1_646' title='bbox 2998 3478 3142 3543; x_wconf 93' lang='lat' dir='ltr'>Deo</span> <span class='ocrx_word' id='word_1_647' title='bbox 3186 3478 3480 3543; x_wconf 88' lang='lat' dir='ltr'>criminis</span> <span class='ocrx_word' id='word_1_648' title='bbox 3530 3478 3836 3543; x_wconf 87' lang='lat' dir='ltr'>horrendi</span> <span class='ocrx_word' id='word_1_649' title='bbox 3885 3499 4034 3543; x_wconf 87' lang='lat' dir='ltr'>reus</span> <span class='ocrx_word' id='word_1_650' title='bbox 4079 3480 4290 3545; x_wconf 78' lang='lat' dir='ltr'>sactus</span> 
     </span>
     <span class='ocr_line' id='line_1_96' title="bbox 2348 3561 4291 3644; baseline 0.003 -18"><span class='ocrx_word' id='word_1_651' title='bbox 2348 3573 2469 3627; x_wconf 88' lang='lat' dir='ltr'>est.</span> <span class='ocrx_word' id='word_1_652' title='bbox 2557 3561 2788 3644; x_wconf 90' lang='lat' dir='ltr'>Neque</span> <span class='ocrx_word' id='word_1_653' title='bbox 2845 3563 3023 3628; x_wconf 91' lang='lat' dir='ltr'>enim</span> <span class='ocrx_word' id='word_1_654' title='bbox 3084 3563 3618 3629; x_wconf 81' lang='lat' dir='ltr'>Christianorum</span> <span class='ocrx_word' id='word_1_655' title='bbox 3679 3565 4019 3631; x_wconf 87' lang='lat' dir='ltr'>bominum</span> <span class='ocrx_word' id='word_1_656' title='bbox 4081 3566 4291 3632; x_wconf 80' lang='lat' dir='ltr'>virtus</span> 
     </span>
     <span class='ocr_line' id='line_1_97' title="bbox 2347 3649 4293 3733; baseline 0.004 -23"><span class='ocrx_word' id='word_1_657' title='bbox 2347 3658 2416 3711; x_wconf 87' lang='lat' dir='ltr'>et</span> <span class='ocrx_word' id='word_1_658' title='bbox 2449 3649 2817 3712; x_wconf 89' lang='lat' dir='ltr'>constantia</span> <span class='ocrx_word' id='word_1_659' title='bbox 2862 3669 2945 3713; x_wconf 80' lang='lat' dir='ltr'>ex</span> <span class='ocrx_word' id='word_1_660' title='bbox 3000 3650 3425 3732; x_wconf 88' lang='lat' dir='ltr'>profanorum</span> <span class='ocrx_word' id='word_1_661' title='bbox 3470 3650 3779 3733; x_wconf 92' lang='lat' dir='ltr'>opinione</span> <span class='ocrx_word' id='word_1_662' title='bbox 3837 3660 3906 3714; x_wconf 92' lang='lat' dir='ltr'>et</span> <span class='ocrx_word' id='word_1_663' title='bbox 3963 3653 4293 3718; x_wconf 89' lang='lat' dir='ltr'>sententia</span> 
     </span>
     <span class='ocr_line' id='line_1_98' title="bbox 2347 3733 4292 3821; baseline 0.004 -25"><span class='ocrx_word' id='word_1_664' title='bbox 2347 3733 2682 3798; x_wconf 90' lang='lat' dir='ltr'>metienda</span> <span class='ocrx_word' id='word_1_665' title='bbox 2718 3744 2836 3798; x_wconf 88' lang='lat' dir='ltr'>est.</span> <span class='ocrx_word' id='word_1_666' title='bbox 2905 3734 3357 3800; x_wconf 87' lang='lat' dir='ltr'>Vehementer</span> <span class='ocrx_word' id='word_1_667' title='bbox 3391 3736 3567 3800; x_wconf 90' lang='lat' dir='ltr'>enim</span> <span class='ocrx_word' id='word_1_668' title='bbox 3613 3736 3938 3801; x_wconf 85' lang='lat' dir='ltr'>falluntur</span> <span class='ocrx_word' id='word_1_669' title='bbox 3982 3740 4092 3821; x_wconf 92' lang='lat' dir='ltr'>qui</span> <span class='ocrx_word' id='word_1_670' title='bbox 4136 3760 4292 3804; x_wconf 89' lang='lat' dir='ltr'>con-</span> 
     </span>
     <span class='ocr_line' id='line_1_99' title="bbox 2347 3819 4290 3903; baseline 0.003 -21"><span class='ocrx_word' id='word_1_671' title='bbox 2347 3819 2662 3884; x_wconf 88' lang='lat' dir='ltr'>stantiam</span> <span class='ocrx_word' id='word_1_672' title='bbox 2709 3820 3023 3885; x_wconf 86' lang='lat' dir='ltr'>invictam</span> <span class='ocrx_word' id='word_1_673' title='bbox 3084 3820 3465 3886; x_wconf 81' lang='lat' dir='ltr'>existimant</span> <span class='ocrx_word' id='word_1_674' title='bbox 3521 3821 4041 3903; x_wconf 90' lang='lat' dir='ltr'>desperationem</span> <span class='ocrx_word' id='word_1_675' title='bbox 4086 3825 4290 3889; x_wconf 88' lang='lat' dir='ltr'>animi</span> 
     </span>
     <span class='ocr_line' id='line_1_100' title="bbox 2345 3905 4287 3988; baseline 0.003 -20"><span class='ocrx_word' id='word_1_676' title='bbox 2345 3916 2410 3968; x_wconf 88' lang='lat' dir='ltr'>et</span> <span class='ocrx_word' id='word_1_677' title='bbox 2467 3905 2984 3986; x_wconf 86' lang='lat' dir='ltr'>impatientiam,</span> <span class='ocrx_word' id='word_1_678' title='bbox 3040 3927 3207 3988; x_wconf 88' lang='lat' dir='ltr'>quae</span> <span class='ocrx_word' id='word_1_679' title='bbox 3265 3907 3424 3973; x_wconf 85' lang='lat' dir='ltr'>facit</span> <span class='ocrx_word' id='word_1_680' title='bbox 3485 3915 3561 3972; x_wconf 85' lang='lat' dir='ltr'>ut</span> <span class='ocrx_word' id='word_1_681' title='bbox 3624 3910 3926 3973; x_wconf 83' lang='lat' dir='ltr'>fraenum</span> <span class='ocrx_word' id='word_1_682' title='bbox 3973 3910 4287 3974; x_wconf 86' lang='lat' dir='ltr'>arrodens</span> 
     </span>
     <span class='ocr_line' id='line_1_101' title="bbox 2347 3990 4287 4078; baseline 0.003 -24"><span class='ocrx_word' id='word_1_683' title='bbox 2347 3990 2582 4073; x_wconf 88' lang='lat' dir='ltr'>aliquis</span> <span class='ocrx_word' id='word_1_684' title='bbox 2642 4010 2788 4055; x_wconf 88' lang='lat' dir='ltr'>sese</span> <span class='ocrx_word' id='word_1_685' title='bbox 2829 3992 2934 4057; x_wconf 85' lang='lat' dir='ltr'>vel</span> <span class='ocrx_word' id='word_1_686' title='bbox 2978 3995 3047 4055; x_wconf 91' lang='lat' dir='ltr'>in</span> <span class='ocrx_word' id='word_1_687' title='bbox 3095 3994 3313 4075; x_wconf 86' lang='lat' dir='ltr'>ignem</span> <span class='ocrx_word' id='word_1_688' title='bbox 3360 3992 3468 4057; x_wconf 83' lang='lat' dir='ltr'>vel</span> <span class='ocrx_word' id='word_1_689' title='bbox 3513 3994 3578 4058; x_wconf 90' lang='lat' dir='ltr'>in</span> <span class='ocrx_word' id='word_1_690' title='bbox 3624 4014 3824 4077; x_wconf 91' lang='lat' dir='ltr'>aquas</span> <span class='ocrx_word' id='word_1_691' title='bbox 3870 3996 4287 4078; x_wconf 80' lang='lat' dir='ltr'>praecipitem</span> 
     </span>
     <span class='ocr_line' id='line_1_102' title="bbox 2345 4075 4289 4158; baseline 0.004 -19"><span class='ocrx_word' id='word_1_692' title='bbox 2345 4078 2574 4141; x_wconf 89' lang='lat' dir='ltr'>iaciat:</span> <span class='ocrx_word' id='word_1_693' title='bbox 2649 4075 2763 4141; x_wconf 89' lang='lat' dir='ltr'>sed</span> <span class='ocrx_word' id='word_1_694' title='bbox 2829 4075 3022 4158; x_wconf 88' lang='lat' dir='ltr'>longe</span> <span class='ocrx_word' id='word_1_695' title='bbox 3082 4079 3273 4143; x_wconf 84' lang='lat' dir='ltr'>aliter</span> <span class='ocrx_word' id='word_1_696' title='bbox 3330 4078 3509 4143; x_wconf 91' lang='lat' dir='ltr'>Deus</span> <span class='ocrx_word' id='word_1_697' title='bbox 3565 4079 3646 4143; x_wconf 93' lang='lat' dir='ltr'>de</span> <span class='ocrx_word' id='word_1_698' title='bbox 3705 4081 4046 4145; x_wconf 90' lang='lat' dir='ltr'>bominum</span> <span class='ocrx_word' id='word_1_699' title='bbox 4101 4082 4289 4147; x_wconf 84' lang='lat' dir='ltr'>factis</span> 
     </span>
     <span class='ocr_line' id='line_1_103' title="bbox 2345 4160 4289 4248; baseline 0.003 -23"><span class='ocrx_word' id='word_1_700' title='bbox 2345 4160 2611 4241; x_wconf 88' lang='lat' dir='ltr'>iudicat,</span> <span class='ocrx_word' id='word_1_701' title='bbox 2670 4171 2738 4227; x_wconf 89' lang='lat' dir='ltr'>et</span> <span class='ocrx_word' id='word_1_702' title='bbox 2791 4162 2874 4227; x_wconf 88' lang='lat' dir='ltr'>ad</span> <span class='ocrx_word' id='word_1_703' title='bbox 2933 4163 3129 4229; x_wconf 89' lang='lat' dir='ltr'>aliam</span> <span class='ocrx_word' id='word_1_704' title='bbox 3187 4171 3497 4229; x_wconf 88' lang='lat' dir='ltr'>stateram</span> <span class='ocrx_word' id='word_1_705' title='bbox 3556 4166 3880 4248; x_wconf 91' lang='lat' dir='ltr'>appendit.</span> <span class='ocrx_word' id='word_1_706' title='bbox 3969 4167 4108 4231; x_wconf 89' lang='lat' dir='ltr'>Nos</span> <span class='ocrx_word' id='word_1_707' title='bbox 4162 4167 4289 4231; x_wconf 85' lang='lat' dir='ltr'>ita-</span> 
     </span>
     <span class='ocr_line' id='line_1_104' title="bbox 2342 4246 4298 4333; baseline 0.004 -22"><span class='ocrx_word' id='word_1_708' title='bbox 2342 4268 2468 4330; x_wconf 90' lang='lat' dir='ltr'>que</span> <span class='ocrx_word' id='word_1_709' title='bbox 2512 4246 2840 4314; x_wconf 83' lang='lat' dir='ltr'>discamus</span> <span class='ocrx_word' id='word_1_710' title='bbox 2883 4258 3115 4314; x_wconf 89' lang='lat' dir='ltr'>contra</span> <span class='ocrx_word' id='word_1_711' title='bbox 3148 4250 3426 4333; x_wconf 87' lang='lat' dir='ltr'>singulis</span> <span class='ocrx_word' id='word_1_712' title='bbox 3470 4253 3810 4316; x_wconf 88' lang='lat' dir='ltr'>momentis</span> <span class='ocrx_word' id='word_1_713' title='bbox 3846 4252 3929 4317; x_wconf 91' lang='lat' dir='ltr'>ad</span> <span class='ocrx_word' id='word_1_714' title='bbox 3991 4258 4298 4333; x_wconf 85' lang='lat' dir='ltr'>mortem,&#39;</span> 
     </span>
     <span class='ocr_line' id='line_1_105' title="bbox 2345 4333 4290 4422; baseline 0.004 -26"><span class='ocrx_word' id='word_1_715' title='bbox 2345 4333 2609 4398; x_wconf 88' lang='lat' dir='ltr'>iubente</span> <span class='ocrx_word' id='word_1_716' title='bbox 2653 4333 2818 4412; x_wconf 91' lang='lat' dir='ltr'>Deo,</span> <span class='ocrx_word' id='word_1_717' title='bbox 2876 4354 3018 4399; x_wconf 87' lang='lat' dir='ltr'>esse</span> <span class='ocrx_word' id='word_1_718' title='bbox 3059 4337 3308 4418; x_wconf 89' lang='lat' dir='ltr'>parati:</span> <span class='ocrx_word' id='word_1_719' title='bbox 3368 4336 3481 4401; x_wconf 89' lang='lat' dir='ltr'>sed</span> <span class='ocrx_word' id='word_1_720' title='bbox 3527 4337 3791 4400; x_wconf 83' lang='lat' dir='ltr'>interim</span> <span class='ocrx_word' id='word_1_721' title='bbox 3836 4349 4290 4422; x_wconf 85' lang='lat' dir='ltr'>exspectemus</span> 
     </span>
     <span class='ocr_line' id='line_1_106' title="bbox 2343 4418 4290 4504; baseline 0.002 -20"><span class='ocrx_word' id='word_1_722' title='bbox 2343 4431 2421 4484; x_wconf 90' lang='lat' dir='ltr'>ut</span> <span class='ocrx_word' id='word_1_723' title='bbox 2462 4418 2574 4501; x_wconf 89' lang='lat' dir='ltr'>qni</span> <span class='ocrx_word' id='word_1_724' title='bbox 2619 4439 2736 4484; x_wconf 92' lang='lat' dir='ltr'>nos</span> <span class='ocrx_word' id='word_1_725' title='bbox 2777 4419 2849 4484; x_wconf 90' lang='lat' dir='ltr'>in</span> <span class='ocrx_word' id='word_1_726' title='bbox 2903 4419 3027 4486; x_wconf 89' lang='lat' dir='ltr'>hoc</span> <span class='ocrx_word' id='word_1_727' title='bbox 3071 4421 3315 4486; x_wconf 91' lang='lat' dir='ltr'>mundo</span> <span class='ocrx_word' id='word_1_728' title='bbox 3358 4443 3653 4489; x_wconf 91' lang='lat' dir='ltr'>summus</span> <span class='ocrx_word' id='word_1_729' title='bbox 3696 4423 4051 4504; x_wconf 86' lang='lat' dir='ltr'>imperator</span> <span class='ocrx_word' id='word_1_730' title='bbox 4092 4424 4290 4490; x_wconf 89' lang='lat' dir='ltr'>collo·</span> 
     </span>
     <span class='ocr_line' id='line_1_107' title="bbox 2346 4504 4286 4593; baseline 0.003 -26"><span class='ocrx_word' id='word_1_731' title='bbox 2346 4504 2539 4579; x_wconf 86' lang='lat' dir='ltr'>cavit,</span> <span class='ocrx_word' id='word_1_732' title='bbox 2601 4525 2681 4569; x_wconf 85' lang='lat' dir='ltr'>ex</span> <span class='ocrx_word' id='word_1_733' title='bbox 2741 4505 2971 4570; x_wconf 88' lang='lat' dir='ltr'>eodem</span> <span class='ocrx_word' id='word_1_734' title='bbox 3028 4517 3275 4573; x_wconf 81' lang='lat' dir='ltr'>evocet.</span> <span class='ocrx_word' id='word_1_735' title='bbox 3365 4508 3555 4583; x_wconf 89' lang='lat' dir='ltr'>Nam,</span> <span class='ocrx_word' id='word_1_736' title='bbox 3618 4505 3903 4586; x_wconf 87' lang='lat' dir='ltr'>obsecro,</span> <span class='ocrx_word' id='word_1_737' title='bbox 3951 4510 4095 4593; x_wconf 91' lang='lat' dir='ltr'>quis</span> <span class='ocrx_word' id='word_1_738' title='bbox 4138 4530 4286 4575; x_wconf 91' lang='lat' dir='ltr'>eum</span> 
     </span>
     <span class='ocr_line' id='line_1_108' title="bbox 2345 4590 4286 4677; baseline 0.004 -24"><span class='ocrx_word' id='word_1_739' title='bbox 2345 4590 2626 4655; x_wconf 89' lang='lat' dir='ltr'>militem</span> <span class='ocrx_word' id='word_1_740' title='bbox 2698 4590 3087 4669; x_wconf 85' lang='lat' dir='ltr'>laudaverit,</span> <span class='ocrx_word' id='word_1_741' title='bbox 3162 4595 3276 4677; x_wconf 92' lang='lat' dir='ltr'>qui</span> <span class='ocrx_word' id='word_1_742' title='bbox 3340 4594 3558 4657; x_wconf 89' lang='lat' dir='ltr'>iussus</span> <span class='ocrx_word' id='word_1_743' title='bbox 3628 4593 3708 4657; x_wconf 89' lang='lat' dir='ltr'>ab</span> <span class='ocrx_word' id='word_1_744' title='bbox 3765 4595 4161 4677; x_wconf 90' lang='lat' dir='ltr'>imperatore</span> <span class='ocrx_word' id='word_1_745' title='bbox 4219 4597 4286 4660; x_wconf 92' lang='lat' dir='ltr'>in</span> 
     </span>
     <span class='ocr_line' id='line_1_109' title="bbox 2343 4675 4285 4760; baseline 0.003 -21"><span class='ocrx_word' id='word_1_746' title='bbox 2343 4675 2607 4757; x_wconf 84' lang='lat' dir='ltr'>specula</span> <span class='ocrx_word' id='word_1_747' title='bbox 2666 4696 2951 4756; x_wconf 89' lang='lat' dir='ltr'>manere,</span> <span class='ocrx_word' id='word_1_748' title='bbox 3001 4677 3071 4742; x_wconf 92' lang='lat' dir='ltr'>in</span> <span class='ocrx_word' id='word_1_749' title='bbox 3116 4677 3332 4743; x_wconf 87' lang='lat' dir='ltr'>hostes</span> <span class='ocrx_word' id='word_1_750' title='bbox 3377 4680 3688 4760; x_wconf 88' lang='lat' dir='ltr'>impetum</span> <span class='ocrx_word' id='word_1_751' title='bbox 3735 4678 3984 4758; x_wconf 79' lang='lat' dir='ltr'>fecerit,</span> <span class='ocrx_word' id='word_1_752' title='bbox 4039 4691 4116 4745; x_wconf 86' lang='lat' dir='ltr'>ut</span> <span class='ocrx_word' id='word_1_753' title='bbox 4157 4683 4285 4747; x_wconf 85' lang='lat' dir='ltr'>for·</span> 
     </span>
     <span class='ocr_line' id='line_1_110' title="bbox 2345 4761 4284 4847; baseline 0.004 -23"><span class='ocrx_word' id='word_1_754' title='bbox 2345 4761 2646 4827; x_wconf 87' lang='lat' dir='ltr'>titudinis</span> <span class='ocrx_word' id='word_1_755' title='bbox 2706 4763 2962 4827; x_wconf 90' lang='lat' dir='ltr'>laudem</span> <span class='ocrx_word' id='word_1_756' title='bbox 3023 4762 3358 4847; x_wconf 81' lang='lat' dir='ltr'>acquirat?</span> <span class='ocrx_word' id='word_1_757' title='bbox 3448 4764 3627 4829; x_wconf 81' lang='lat' dir='ltr'>Sane</span> <span class='ocrx_word' id='word_1_758' title='bbox 3669 4767 4051 4831; x_wconf 87' lang='lat' dir='ltr'>temeritatis</span> <span class='ocrx_word' id='word_1_759' title='bbox 4097 4788 4284 4834; x_wconf 88' lang='lat' dir='ltr'>accu-</span> 
     </span>
     <span class='ocr_line' id='line_1_111' title="bbox 2343 4848 4285 4934; baseline 0.005 -24"><span class='ocrx_word' id='word_1_760' title='bbox 2343 4848 2618 4925; x_wconf 88' lang='lat' dir='ltr'>sabitur,</span> <span class='ocrx_word' id='word_1_761' title='bbox 2661 4849 2848 4914; x_wconf 91' lang='lat' dir='ltr'>cuius</span> <span class='ocrx_word' id='word_1_762' title='bbox 2892 4851 3163 4915; x_wconf 84' lang='lat' dir='ltr'>meritas</span> <span class='ocrx_word' id='word_1_763' title='bbox 3208 4869 3448 4932; x_wconf 90' lang='lat' dir='ltr'>poenas</span> <span class='ocrx_word' id='word_1_764' title='bbox 3485 4848 3733 4934; x_wconf 72' lang='lat' dir='ltr'>licet*).</span> <span class='ocrx_word' id='word_1_765' title='bbox 3783 4848 3896 4916; x_wconf 85' lang='lat' dir='ltr'>Sic</span> <span class='ocrx_word' id='word_1_766' title='bbox 3935 4852 4121 4917; x_wconf 89' lang='lat' dir='ltr'>Deus</span> <span class='ocrx_word' id='word_1_767' title='bbox 4167 4875 4285 4919; x_wconf 89' lang='lat' dir='ltr'>nos</span> 
     </span>
     <span class='ocr_line' id='line_1_112' title="bbox 2343 4933 4282 5019; baseline 0.005 -23"><span class='ocrx_word' id='word_1_768' title='bbox 2343 4933 2414 4996; x_wconf 90' lang='lat' dir='ltr'>in</span> <span class='ocrx_word' id='word_1_769' title='bbox 2461 4933 2583 4998; x_wconf 91' lang='lat' dir='ltr'>hoc</span> <span class='ocrx_word' id='word_1_770' title='bbox 2631 4933 2877 4999; x_wconf 90' lang='lat' dir='ltr'>mundo</span> <span class='ocrx_word' id='word_1_771' title='bbox 2921 4936 3262 5000; x_wconf 85' lang='lat' dir='ltr'>collocatos</span> <span class='ocrx_word' id='word_1_772' title='bbox 3308 4937 3456 5001; x_wconf 81' lang='lat' dir='ltr'>vult</span> <span class='ocrx_word' id='word_1_773' title='bbox 3497 4936 3567 5000; x_wconf 92' lang='lat' dir='ltr'>in</span> <span class='ocrx_word' id='word_1_774' title='bbox 3613 4934 3841 5001; x_wconf 89' lang='lat' dir='ltr'>eodem</span> <span class='ocrx_word' id='word_1_775' title='bbox 3888 4958 4176 5019; x_wconf 88' lang='lat' dir='ltr'>manere,</span> <span class='ocrx_word' id='word_1_776' title='bbox 4222 4954 4282 5005; x_wconf 81' lang='lat' dir='ltr'>et</span> 
     </span>
     <span class='ocr_line' id='line_1_113' title="bbox 2343 5018 4284 5106; baseline 0.005 -24"><span class='ocrx_word' id='word_1_777' title='bbox 2343 5039 2384 5083; x_wconf 91' lang='lat' dir='ltr'>a</span> <span class='ocrx_word' id='word_1_778' title='bbox 2458 5018 2741 5083; x_wconf 88' lang='lat' dir='ltr'>statione</span> <span class='ocrx_word' id='word_1_779' title='bbox 2807 5020 2877 5084; x_wconf 89' lang='lat' dir='ltr'>in</span> <span class='ocrx_word' id='word_1_780' title='bbox 2945 5040 3073 5103; x_wconf 90' lang='lat' dir='ltr'>qua</span> <span class='ocrx_word' id='word_1_781' title='bbox 3151 5023 3489 5087; x_wconf 85' lang='lat' dir='ltr'>constituit</span> <span class='ocrx_word' id='word_1_782' title='bbox 3553 5041 3674 5084; x_wconf 91' lang='lat' dir='ltr'>nos</span> <span class='ocrx_word' id='word_1_783' title='bbox 3753 5044 3884 5087; x_wconf 91' lang='lat' dir='ltr'>non</span> <span class='ocrx_word' id='word_1_784' title='bbox 3955 5025 4284 5106; x_wconf 87' lang='lat' dir='ltr'>decedere,</span> 
     </span>
     <span class='ocr_line' id='line_1_114' title="bbox 2343 5103 4283 5188; baseline 0.006 -22"><span class='ocrx_word' id='word_1_785' title='bbox 2343 5103 2549 5169; x_wconf 92' lang='lat' dir='ltr'>donec</span> <span class='ocrx_word' id='word_1_786' title='bbox 2613 5104 2889 5188; x_wconf 87' lang='lat' dir='ltr'>ipsemet</span> <span class='ocrx_word' id='word_1_787' title='bbox 2945 5106 3227 5171; x_wconf 86' lang='lat' dir='ltr'>iusserit.</span> <span class='ocrx_word' id='word_1_788' title='bbox 3327 5105 3769 5188; x_wconf 75' lang='lat' dir='ltr'>Quamobrem</span> <span class='ocrx_word' id='word_1_789' title='bbox 3839 5129 3962 5176; x_wconf 92' lang='lat' dir='ltr'>nos</span> <span class='ocrx_word' id='word_1_790' title='bbox 4029 5112 4094 5175; x_wconf 92' lang='lat' dir='ltr'>in</span> <span class='ocrx_word' id='word_1_791' title='bbox 4162 5112 4283 5178; x_wconf 93' lang='lat' dir='ltr'>hac</span> 
     </span>
    </p>
   </div>
   <div class='ocr_carea' id='block_1_13' title="bbox 2346 5226 2752 5237">
    <p class='ocr_par' dir='ltr' id='par_1_16' title="bbox 2346 5226 2752 5237">
     <span class='ocr_line' id='line_1_115' title="bbox 2346 5226 2752 5237; baseline 0 822"><span class='ocrx_word' id='word_1_792' title='bbox 2346 5226 2752 5237; x_wconf 95' lang='lat' dir='ltr'> </span> 
     </span>
    </p>
   </div>
   <div class='ocr_carea' id='block_1_14' title="bbox 2516 5289 2951 5361">
    <p class='ocr_par' dir='ltr' id='par_1_17' title="bbox 2516 5289 2951 5361">
     <span class='ocr_line' id='line_1_116' title="bbox 2516 5289 2951 5361; baseline -0.007 -15"><span class='ocrx_word' id='word_1_793' title='bbox 2516 5289 2577 5358; x_wconf 77' lang='lat'>¹’)</span> <span class='ocrx_word' id='word_1_794' title='bbox 2619 5291 2792 5361; x_wconf 73' lang='lat' dir='ltr'>Leye:</span> <span class='ocrx_word' id='word_1_795' title='bbox 2829 5294 2951 5345; x_wconf 80' lang='lat' dir='ltr'>lust.</span> 
     </span>
    </p>
   </div>
  </div>
 </body>
</html>
