5059 6059
703 293 836 358 671

705 482 1095 549 comitatum
1156 480 1226 544 in
1286 476 1458 543 idem
1528 499 1748 544 secum
1795 478 2108 544 excitium
2177 478 2366 544 illum
2413 479 2663 559 praeci-

2417 287 2829 353 HOMILIA
2876 286 3025 352 ΟΠ.

4597 291 4718 357 672

2771 473 4303 556 ἆυωιρωυαυεαααωιῑειρωεαω
4451 478 4574 559 fece

4494 566 4507 577 ο

704 569 913 650 pitem
961 565 1167 633 dare?
1211 564 1352 629 Nos
1398 575 1628 628 contra
1673 564 1995 629 discamus
2026 565 2165 628 Deo
2202 564 2501 628 minante
2548 583 2662 627 no·
2767 561 2924 644 quid
2969 560 3270 625 invenisti
3306 561 3377 625 in
3419 581 3519 625 me
3558 580 3738 627 servo
3781 565 3884 626 tuo
3926 583 3970 626 a
4011 563 4116 627 die
4155 499 4436 645 maai
4481 586 4550 628 m
4589 486 4720 631 bag

706 651 808 717 bis
854 671 1115 733 poenas,
1162 671 1297 713 non
1345 659 1605 713 tantum
1639 650 1928 733 ingenue
1971 659 2234 731 peccata
2271 649 2496 713 fateri:
2546 647 2661 712 sed
2767 651 2980 728 speetu
3037 653 3140 710 tuo
3193 666 3392 727 usque
3450 647 3521 710 in
3574 646 3742 712 diem
3796 645 3983 723 hanc,
4041 654 4116 712 ut
4165 670 4294 714 uon
4353 651 4621 730 veniam,
4675 656 4724 715 d

703 739 905 802 etiam
953 736 1116 800 alios
1161 735 1532 814 admonere,
1594 744 1671 799 ut
1728 756 1951 800 veram
2011 744 2284 818 agentes
2329 734 2666 816 poeniten·
2761 752 3036 815 puynem
3089 738 3305 798 contra
3359 731 3952 797 iotimieos-domini
4005 734 4133 798 mei
4184 736 4449 835 mys-e?-
4491 735 4556 801 9.
4607 735 4722 800 Re-

702 823 885 902 tiam,
942 831 1008 886 et
1052 823 1310 887 sincero
1352 822 1589 886 affectu
1647 821 1726 884 ad
1777 821 1992 884 Deum
2035 820 2340 886 conversi
2386 820 2664 902 sapiant,

700 917 766 973 et
812 908 950 973 irae
996 907 1125 972 Dei
1186 905 1448 972 obviam
1505 908 1779 971 veniant
1838 927 1988 971 cum
2052 907 2352 988 precibus
2409 917 2476 970 et
2518 927 2664 970 ora·

701 993 1008 1069 tionibus,
1057 1012 1133 1058 ac
1180 1014 1341 1057 vera
1386 994 1809 1075 poenit-entia.
1866 990 2046 1058 Sane
2090 992 2144 1055 si
2192 991 2359 1057 Saul
2406 990 2664 1073 pietatis

700 1079 1058 1146 scintillam
1106 1076 1461 1155 habuisset,
1509 1080 1573 1142 in
1611 1088 1826 1143 castra
1861 1099 1982 1142 sua
2008 1098 2311 1143 reversus
2347 1076 2665 1143 advocata

676 1165 928 1249 *populi
990 1164 1308 1230 concione
1365 1164 1818 1228 imminentem
1881 1163 2008 1226 Dei
2073 1163 2432 1227 vindictam
2500 1162 2663 1243 ipsis

705 1250 1169 1334 praedicasset,
1226 1259 1293 1313 et
1338 1250 1419 1313 ad
1476 1249 1942 1331 poenitentiam
1989 1248 2370 1314 cohortatus
2416 1249 2660 1324 fuisset,

709 1336 1044 1419 proposita
1088 1335 1316 1400 divina
1358 1335 1819 1411 misericordia,
1866 1355 2032 1417 quae
2071 1335 2476 1416 poenitentes
2512 1355 2554 1398 a
2592 1355 2661 1399 se

708 1442 1052 1504 nunquam
1097 1421 1373 1504 repellit.
1460 1420 1595 1486 Sed
1641 1421 1861 1485 omnia
1920 1420 2032 1484 illa
2077 1419 2532 1494 dissimulavit,
2596 1430 2664 1483 et

712 1516 1024 1589 tanquam
1070 1506 1465 1570 furibundus
1509 1505 1827 1588 praelium
1874 1506 2251 1571 commissit.
2321 1505 2459 1569 Nos
2509 1526 2661 1570 vero

715 1605 949 1659 contra
1015 1591 1344 1657 discamus
1402 1590 1483 1655 ad
1537 1590 1754 1655 Deum
1819 1591 2087 1674 propius
2148 1590 2473 1673 assedere,
2535 1611 2662 1671 quo

709 1678 1048 1762 graviores
1093 1698 1337 1758 poenas
1360 1677 1683 1741 minatur:
1728 1688 1797 1740 et
1820 1678 1972 1741 licet
1994 1675 2179 1739 nulla
2206 1696 2355 1757 spes
2379 1677 2662 1758 amplius

707 1763 945 1829 salutis
1002 1773 1333 1845 appareat,
1388 1761 1503 1827 sed
1563 1762 1795 1826 ultima
1849 1761 2303 1826 condemnatio
2359 1761 2664 1827 videatur

704 1850 1074 1926 imminere,
1114 1869 1199 1912 ne
1236 1858 1578 1930 propterea
1613 1847 2134 1930 despondeamus
2170 1849 2499 1911 animum:
2547 1845 2664 1912 sed

708 1935 992 1998 salutem
1038 1935 1343 1999 omnibus
1389 1934 1859 2015 poenitentiam
1887 1932 2234 2017 agentibus
2257 1934 2661 2016 propositam

710 2039 1083 2102 speremus:
1129 2028 1193 2083 et
1239 2019 1400 2085 alios
1446 2020 1641 2085 etiam
1680 2019 1760 2084 ad
1801 2019 1924 2083 hoc
1967 2020 2183 2099 ipsum
2221 2022 2660 2091 cohortemur,

709 2114 785 2169 ut
843 2116 1213 2187 opportuno
1278 2116 1571 2187 tempore
1629 2104 1758 2169 Dei
1833 2105 2153 2169 auxilium
2225 2105 2662 2185 experiamur,

708 2199 776 2255 et
821 2189 1091 2255 tandem
1153 2192 1399 2276 gratias
1461 2191 1556 2254 illi
1615 2190 1697 2255 de
1756 2189 2061 2254 omnibus
2108 2189 2464 2255 benefactis
2511 2210 2663 2272 aga-

612 2322 623 2335 .
707 2296 874 2355 mus,
921 2285 990 2341 et
1013 2297 1254 2341 nomen
1299 2276 1504 2359 ipsius
1550 2276 1882 2360 perpetuis
1915 2275 2218 2341 laudibus
2249 2274 2660 2341 extollamus.

878 2361 1027 2426 Iam
1078 2383 1235 2429 vero
1278 2362 1475 2445 agite,
1521 2366 1627 2428 etc.

1358 2701 1858 2784 HOMlLIA
1903 2701 2055 2782 ΟΠ

1430 2837 1629 2903 oAP.
1676 2836 1944 2903 xxlx.

882 3043 942 3108 1.
996 3041 1389 3126 Gonqreqata
1429 3049 1578 3109 sunt
1618 3064 1761 3128 erqo
1806 3042 2306 3109 Philistaeorum
2364 3043 2665 3108 universa

704 3129 970 3214 aymam
1029 3130 1102 3193 in
1161 3127 1411 3210 Aphec:
1467 3130 1578 3195 sed
1633 3135 1688 3194 et
1709 3195 1728 3223 ⁸
1743 3128 1956 3194 Israe‘l
2012 3133 2489 3195 castrametatus
2576 3134 2664 3194 est

704 3237 901 3298 super
951 3216 1185 3298 fontem
1241 3215 1352 3297 qui
1409 3221 1544 3280 erat
1601 3216 1673 3279 in
1732 3214 1996 3279 Iezrael.
2082 3214 2144 3279 2.
2206 3214 2297 3280 Et
2351 3213 2666 3295 Satrapae

704 3302 957 3382 quidem
1004 3299 1498 3365 Philistaeorum
1540 3299 1905 3366 incedebant
1963 3301 2034 3365 in
2076 3302 2378 3366 eenuariis
2420 3306 2476 3365 et
2516 3299 2663 3365 mil-

706 3387 905 3452 libus:
968 3385 1195 3452 David
1251 3391 1455 3451 autem
1510 3392 1568 3451 et
1608 3388 1738 3450 viri
1792 3386 1933 3450 eius
1991 3392 2171 3451 erant
2212 3388 2285 3451 in
2329 3385 2666 3452 novissimo

702 3474 953 3555 aqmine
997 3492 1137 3536 cum
1181 3469 1399 3537 Aeliis.
1487 3472 1548 3536 3.
1608 3471 2050 3553 Dixeruntque
2080 3473 2410 3552 principes
2452 3471 2666 3537 Phili·

700 3558 904 3623 stiim:
974 3557 1144 3639 Quid
1187 3557 1314 3622 sibi
1364 3557 1583 3622 volunt
1640 3556 1918 3622 Hebraei
1974 3558 2087 3623 isti
2104 3558 2140 3621 3?
2202 3558 2291 3622 Et
2332 3559 2425 3621 ait
2465 3556 2668 3623 this

709 3643 795 3705 ad
843 3643 1173 3723 principes
1230 3641 1616 3709 Philistum.-
1684 3643 2017 3725 Numquid
2079 3644 2387 3726 iqnoratis
2443 3644 2666 3710 David

705 3728 820 3809 qui
868 3728 999 3810 fuit
1056 3748 1277 3793 servus
1335 3727 1498 3794 Saul
1553 3730 1724 3812 reqis
1783 3729 2026 3808 Israel,
2084 3733 2140 3793 et
2193 3735 2284 3793 est
2338 3730 2514 3809 apud
2569 3749 2665 3793 me

705 3814 930 3879 multis
970 3813 1194 3879 diebus
1238 3814 1334 3878 vel
1366 3815 1576 3892 annis,
1621 3821 1680 3879 et
1698 3835 1823 3880 non
1860 3815 2073 3879 inveni
2107 3815 2178 3879 in
2199 3835 2266 3878 eo
2293 3815 2661 3895 quidquam,

705 3918 784 3962 ex
842 3900 947 3964 die
1003 3919 1131 3979 qua
1173 3900 1513 3982 transfuyit
1555 3900 1641 3965 ad
1683 3920 1799 3976 me,
1856 3920 2055 3981 usque
2099 3900 2183 3964 ad
2236 3901 2407 3965 diem
2449 3900 2661 3965 hanc?

704 3984 768 4048 4.
815 3985 991 4049 Irati
1024 3988 1171 4048 sunt
1206 3990 1411 4049 autem
1431 3986 1734 4051 adversus
1764 4005 1907 4051 eum
1941 3985 2264 4068 principes
2291 3985 2662 4061 Philistiim,

705 4075 763 4136 et
803 4070 1099 4135 dixerunt
1138 4069 1227 4133 ei.-
1289 4069 1658 4135 Revertatur
1700 4072 1821 4150 vir,
1880 4075 1937 4134 et
1977 4072 2189 4137 sedeat
2242 4072 2313 4135 in
2355 4072 2485 4136 loco
2528 4091 2664 4151 suo,

704 4156 778 4220 in
820 4175 938 4236 quo
995 4155 1376 4220 constituisti
1433 4175 1607 4220 eum.-
1664 4162 1723 4220 et
1780 4177 1901 4222 non
1958 4157 2287 4222 descendat
2343 4158 2664 4222 nobiscum

705 4242 776 4307 in
808 4241 1154 4324 praelium,
1198 4262 1274 4305 ne
1303 4241 1419 4321 fiat
1436 4239 1618 4306 nobis
1645 4242 2076 4324 adversarius,
2122 4263 2316 4324 quum
2344 4243 2666 4322 praeliari

705 4327 1103 4406 coeperimus.
1196 4327 1509 4407 Quomodo
1551 4327 1719 4391 enim
1761 4328 1947 4393 aliter
1979 4329 2216 4408 poterit
2248 4328 2510 4408 placare
2553 4329 2660 4393 do-

705 4413 951 4476 minum
993 4432 1203 4492 suum,
1248 4412 1382 4477 nisi
1420 4413 1492 4476 in
1525 4412 1834 4492 capitibus
1866 4413 2149 4478 nostris?
2191 4412 2251 4478 5.
2302 4413 2526 4478 Nonne
2548 4415 2664 4478 iste

707 4502 801 4562 est
861 4497 1083 4563 David
1139 4498 1245 4562 cui
1300 4498 1637 4563 cantabant
1694 4499 1767 4562 in
1822 4499 2079 4581 choreis,
2140 4499 2443 4563 dicentes.-
2501 4498 2660 4564 Per-

705 4583 902 4647 cussit
948 4581 1111 4646 Saul
1154 4583 1224 4645 in
1267 4583 1545 4648 millibus
1586 4584 1746 4663 suis,
1791 4589 1845 4647 et
1893 4582 2112 4649 David
2155 4585 2223 4648 in
2268 4585 2477 4649 decem
2518 4585 2663 4650 mil-

705 4666 873 4732 libus
915 4669 1074 4733 suis.
1165 4669 1226 4733 6.
1288 4667 1543 4734 Vocavit
1584 4690 1736 4751 erqo
1784 4668 1988 4734 Acbis
2030 4668 2277 4748 David,
2333 4675 2389 4734 et
2432 4671 2525 4735 ait
2568 4672 2658 4736 ei:

722 4752 895 4816 Vivit
937 4753 1278 4831 Dominus,
1337 4755 1490 4836 quia
1546 4760 1751 4821 rectus
1806 4775 1874 4820 es
1916 4759 2005 4833 tu,
2059 4760 2117 4819 et
2158 4756 2354 4821 bonus
2397 4756 2485 4820 in·
2510 4775 2657 4821 con-

704 4843 913 4920 spectu
963 4859 1129 4904 meo.-
1189 4844 1245 4904 et
1286 4842 1495 4905 exitus
1534 4846 1705 4921 tuus,
1765 4845 1821 4906 et
1873 4842 2175 4906 introitus
2232 4847 2381 4907 tuus
2422 4862 2660 4907 meeum

709 4929 799 4988 est
843 4925 915 4989 in
956 4926 1201 5001 castris,
1247 4931 1302 4990 et
1343 4946 1467 4990 non
1507 4927 1722 4992 inveni
1762 4928 1833 4991 in
1877 4932 1934 4991 te
1967 4927 2315 5008 quidquam
2356 4929 2536 5007 mali,
2581 4947 2660 4992 ex

705 5009 812 5073 die
854 5030 984 5090 qua
1019 5011 1242 5075 venisti
1281 5011 1369 5076 ad
1410 5032 1522 5085 me,
1582 5032 1780 5093 usque
1836 5013 1907 5077 in
1948 5013 2114 5078 diem
2154 5013 2346 5078 hanc.-
2402 5013 2515 5079 sed
2557 5034 2657 5079 sa-

703 5096 913 5175 trapis
956 5115 1080 5159 non
1110 5097 1344 5176 places.
1393 5097 1452 5163 7.
1488 5097 1820 5164 Revertere
1863 5119 2027 5182 erqo,
2072 5104 2129 5162 et
2171 5100 2327 5165 vade
2372 5100 2442 5164 in
2477 5120 2656 5181 pace,

702 5184 759 5245 et
856 5199 981 5246 non
1080 5182 1346 5262 offendes
1442 5181 1650 5250 oculos
1744 5189 2158 5265 satraparum
2278 5185 2656 5252 Philistiim.

2767 820 3078 901 spondens
3136 822 3347 882 autem
3405 816 3606 883 Aeliis
3666 817 3964 899 loquutus
4005 825 4097 884 est
4138 820 4224 884 ad
4265 820 4532 887 Damd:
4593 820 4725 888 Seio

2767 904 2925 985 quia
2967 904 3163 969 bonus
3221 923 3285 966 es
3326 908 3397 967 tu
3452 905 3527 967 in
3568 903 3767 968 oculis
3807 905 3988 979 meis,
4043 906 4210 971 sicut
4255 906 4522 989 anysius
4565 906 4726 973 Dei.-

2767 991 2877 1055 sed
2908 989 3238 1070 principes
3281 987 3771 1054 Philistinorum
3812 989 4145 1056 dixerwu:
4210 992 4358 1057 Non
4397 993 4727 1058 adscendet

2767 1074 3086 1140 nobiscum
3119 1074 3192 1138 in
3224 1072 3568 1155 praelium.
3660 1074 3762 1140 10.
3811 1074 4031 1156 Iyitur
4069 1097 4368 1160 oonsurye
4410 1098 4621 1155 mnne,
4663 1084 4723 1143 tu

2767 1166 2824 1226 et
2864 1162 3034 1225 servi
3076 1160 3322 1225 domini
3361 1161 3479 1240 tui,
3533 1160 3644 1240 qui
3685 1167 3984 1226 venerunt
4025 1165 4257 1227 tecum:
4316 1170 4376 1227 et
4418 1184 4620 1245 quum
4655 1164 4727 1229 de

2766 1252 2935 1311 nocte
3012 1247 3431 1323 surrexeritis,
3510 1251 3563 1309 et
3641 1246 3907 1327 coeperit
3973 1248 4355 1314 dilucescere
4372 1298 4390 1329 ,
4461 1252 4726 1332 pemitt-

2768 1333 2868 1397 11.
2918 1330 3215 1396 Surrexit
3257 1332 3466 1412 itaque
3501 1331 3580 1396 de
3620 1337 3788 1397 nocte
3831 1330 4054 1399 David
4112 1335 4249 1416 ipse
4294 1338 4353 1398 et
4395 1335 4533 1399 viri
4575 1338 4723 1413 eius,

2764 1424 2836 1483 ut
2893 1417 3435 1498 proficiscerentur
3495 1437 3681 1483 mane
3700 1467 3715 1496 ,
3783 1423 3840 1481 et
3893 1424 4280 1484 reverter-nuti
4334 1420 4428 1484 ad
4496 1426 4724 1485 wrm

2766 1502 3157 1569 Philistiim:
3200 1501 3556 1567 Pkilistiinn
3599 1507 3811 1567 autem
3846 1503 4302 1571 06³de
4347 1507 4424 1568 ios
4459 1505 4721 1571 land.

2937 1673 3082 1739 Hac
3101 1674 3483 1739 narratione
3526 1672 3904 1737 continetur
3923 1674 4333 1741 admirabilis
4379 1677 4558 1741 ratio
4599 1697 4718 1760 qn

2763 1760 2947 1825 Deus
2992 1759 3319 1825 Davidem
3365 1780 3446 1823 ex
3492 1757 3621 1822 illis
3670 1756 4168 1825 difficultatibus
4209 1763 4411 1841 eruit,
4461 1763 4536 1826 in
4573 1783 4720 1845 quas

2764 1847 3070 1911 incautus
3114 1844 3465 1909 inciderat:
3523 1844 3632 1907 ubi
3680 1844 4025 1924 impletum
4072 1847 4377 1913 videmus
4439 1849 4616 1930 quod
4657 1850 4724 1913 in

2765 1933 3035 2016 psalmis
3062 1930 3274 1994 David
3319 1928 3675 2011 praedicat,
3724 1928 3941 1994 Deum
3986 1931 4057 1994 in
4095 1934 4376 1998 summis
4399 1935 4725 2017 angustiis

2765 2029 2832 2083 et
2874 2016 3377 2081 difficultatibus
3419 2014 3737 2079 auxilium
3798 2015 3923 2096 ipsi
3984 2016 4235 2083 tulisse.
4327 2018 4526 2099 Quae
4579 2020 4726 2084 doc·

2767 2104 2942 2168 trina
2987 2102 3178 2166 valde
3224 2101 3404 2165 utilis
3447 2111 3550 2165 est
3591 2112 3662 2164 et
3703 2102 4092 2181 necessaria,
4139 2124 4382 2188 nempe
4419 2114 4568 2169 tum
4615 2127 4722 2170 ex·

2765 2187 3192 2272 spectandum
3236 2184 3442 2251 aDeo
3487 2186 3828 2263 auxilium,
3870 2207 4074 2269 quum
4113 2188 4466 2272 desperata
4509 2192 4726 2255 omnin

2765 2275 3108 2351 videntur,
3179 2284 3247 2336 et
3312 2271 3565 2336 nullum
3625 2271 3909 2353 amplius
3968 2273 4288 2340 adversus
4345 2276 4725 2358 ingruentia

2764 2360 2941 2425 mala
2986 2377 3326 2441 superesse
3371 2356 3753 2422 remedium.
3823 2358 3995 2422 Tum
4037 2359 4249 2442 igitur
4276 2376 4719 2443 opportunum

2767 2456 2865 2511 est
2910 2454 3170 2525 tempus
3195 2444 3320 2508 Dei
3366 2442 3685 2507 auxilium
3729 2442 4132 2525 experiendi,
4181 2466 4391 2529 quum
4439 2447 4724 2511 humum

2767 2530 3040 2598 consilia
3085 2530 3413 2603 deficiunt,
3459 2539 3525 2592 et
3559 2527 3785 2593 nullus
3820 2540 4096 2611 apparet
4137 2552 4176 2595 e
4219 2531 4723 2598 difficultatibus

2768 2617 3004 2694 exitus,
3052 2614 3258 2679 donec
3300 2616 3437 2696 ipse
3485 2614 3666 2678 Deus
3712 2615 4082 2698 patefaciat.
4106 2605 4119 2618 ⁸
4169 2616 4509 2683 Davidem
4571 2639 4723 2683 sane

2768 2701 3006 2766 millies
3047 2700 3433 2767 occumbere
3478 2700 3687 2764 satius
3733 2700 3980 2783 fuisset,
4021 2721 4223 2783 quam
4268 2704 4339 2767 in
4386 2702 4724 2769 Israelita

2768 2787 2970 2854 semel
3017 2786 3098 2850 ad
3146 2784 3466 2868 praelium
3517 2786 3773 2849 venire:
3819 2784 3935 2850 sed
3981 2798 4205 2852 tamen
4249 2789 4522 2870 quinam
4567 2791 4724 2853 effn-

2815 2894 2925 2937 ere
2971 2873 3308 2956 potuisset,
3367 2870 3423 2934 si
3483 2891 3601 2934 rex
3658 2891 3811 2934 eum
3862 2871 3946 2936 ad
4003 2891 4296 2956 pugnam
4358 2874 4720 2958 ‹soeg-isset?

2767 2895 2951 3025 {ane
3009 2959 3246 3033 fateor,
3306 2976 3438 3019 non
3491 2976 3637 3019 sam
3695 2956 3899 3020 fuisse
3957 2958 4165 3040 ipsius
4221 2970 4556 3024 mentem:
4609 2958 4722 3026 sed

2770 3045 2968 3109 homo
3013 3052 3236 3107 tamen
3281 3050 3425 3106 erat
3466 3041 3743 3124 ideoque
3804 3042 4088 3126 fragilis:
4155 3064 4233 3111 ac
4294 3044 4576 3128 proinde
4615 3067 4722 3111 ne-

2767 3151 2948 3195 cesse
2991 3128 3121 3193 fuit
3180 3126 3566 3190 admiranda
3611 3126 3892 3210 quadam
3940 3129 4398 3212 providentiae
4455 3131 4718 3196 divinas

2768 3216 3020 3279 ratione
3086 3215 3303 3296 ipsum
3369 3233 3455 3276 ex
3514 3212 3646 3277 illis
3713 3212 4212 3282 difficultatibus
4279 3215 4498 3282 educi.
4579 3215 4716 3281 Iun

2768 3322 2916 3367 ecce
2961 3299 3470 3381 Philistaeorum
3518 3298 3715 3364 duces
3759 3309 3825 3361 et
3850 3319 4157 3381 proceres
4199 3303 4312 3384 qui
4351 3303 4718 3368 laborantes

2767 3384 3020 3453 invidia
3068 3384 3393 3449 Davidem
3437 3403 3634 3466 aegre
3691 3384 3916 3448 ferunt
3970 3386 4042 3450 in
4101 3396 4290 3452 tanta
4345 3408 4494 3452 esse
4555 3387 4717 3470 apud

2769 3492 2991 3555 regem
3038 3469 3407 3535 autoritate.
3481 3468 3652 3533 Nam
3693 3470 3816 3533 etsi
3852 3471 3977 3553 ipsi
4024 3492 4158 3537 non
4203 3473 4368 3538 satis
4413 3472 4722 3553 fidebant,

2768 3568 2989 3622 tamen
3053 3556 3337 3620 maxime
3397 3554 3779 3620 invidebant
3832 3556 3962 3638 ipsi
4007 3558 4292 3640 gratiam
4335 3579 4467 3641 qua
4531 3559 4722 3641 pluri·

2769 3663 2950 3707 mum
2998 3639 3171 3725 apud
3217 3660 3437 3722 regem
3478 3641 3745 3717 valeret,
3792 3641 3957 3706 adeo
3995 3655 4067 3707 nt
4107 3654 4334 3708 custos
4370 3656 4548 3709 esset
4587 3666 4727 3711 cor-

2767 3729 2945 3812 poris
3011 3728 3234 3810 ipsius.
3344 3725 3731 3791 Extraneus
3802 3727 3979 3791 enim
4058 3739 4229 3809 erat,
4311 3738 4384 3793 et
4461 3729 4728 3811 quidem

2768 3813 3271 3879 Philistinorum
3352 3810 3559 3875 hostis
3623 3812 4148 3878 infensissimus:
4231 3813 4514 3897 ideoque
4589 3816 4730 3880 fieri

2766 3899 3103 3967 custodem
3149 3897 3342 3980 regis,
3401 3909 3468 3961 et
3525 3898 3594 3961 in
3654 3900 3794 3963 eius
3855 3908 4174 3980 potestate
4234 3900 4442 3964 vitam
4503 3901 4728 3983 ipsine,

2768 4008 2908 4051 esse
2951 3984 3357 4068 principibus
3400 3992 3469 4046 et
3527 3984 3906 4065 proceribus
3953 3984 4304 4050 videbatur
4363 3986 4730 4051 intoleran-

2767 4072 2942 4136 dum.
3034 4070 3269 4136 Castra
3325 4068 3531 4150 igitur
3587 4069 4102 4136 Philistaeorum
4162 4072 4232 4136 in
4277 4070 4521 4153 Aphas
4578 4094 4732 4138 con-

2767 4162 3041 4242 gregata
3086 4156 3286 4220 fuisse
3327 4152 3674 4219 dicuntur:
3735 4156 3807 4220 in
3853 4175 3986 4238 quo
4031 4157 4247 4240 magis
4292 4168 4582 4240 apparet
4619 4156 4732 4221 ad·

2767 4240 3070 4308 miranda
3135 4240 3266 4305 Dei
3328 4261 3488 4323 erga
3554 4239 3883 4305 Davidem
3953 4240 4245 4319 bonitas,
4314 4254 4378 4306 et
4449 4254 4726 4325 paterna

2765 4325 3153 4394 sollicitudo.
3260 4325 3431 4390 Nam
3501 4327 3556 4390 si
3623 4328 3848 4391 statim
3913 4325 4111 4391 initio
4169 4327 4395 4393 David
4465 4350 4512 4393 a
4575 4348 4730 4413 rege

2766 4413 3076 4478 dimissus
3119 4412 3368 4489 fnisset,
3418 4432 3551 4475 non
3589 4422 3764 4476 esset
3800 4422 3936 4476 tam
3972 4412 4279 4496 insignis,
4326 4435 4552 4496 neque
4594 4428 4732 4479 tam

2762 4500 3120 4581 conspicua
3163 4496 3296 4561 Dei
3339 4516 3500 4580 erga
3539 4497 3758 4578 ipsum
3821 4497 4298 4565 benevolentia.
4391 4498 4537 4565 Sed
4579 4520 4722 4566 cm

2764 4606 2918 4669 rege
2964 4603 3363 4665 progressus,
3411 4593 3476 4646 et
3519 4602 3668 4647 eum
3716 4585 3787 4646 in
3834 4583 4066 4665 Aphec
4112 4604 4317 4666 nsque
4375 4587 4726 4652 comitatus

2766 4671 3109 4735 videbatur
3164 4667 3421 4732 nullum
3489 4668 4033 4750 impedimentum
4110 4670 4497 4749 habiturus,
4571 4672 4723 4753 quin

2762 4764 3138 4838 perpetuum
3164 4755 3557 4837 esset.regis
3614 4755 3897 4821 satelles.
3983 4754 4126 4821 Sed
4183 4776 4395 4838 quum
4457 4759 4728 4842 propin

2762 4841 2845 4906 ad
2889 4861 3030 4905 rem
3077 4850 3345 4904 ventum
3392 4852 3512 4916 est,
3561 4850 3704 4904 tum
3747 4861 3820 4905 se
3856 4841 4060 4919 Deus,
4103 4863 4306 4924 quum
4347 4843 4544 4909 nulla
4581 4862 4728 4926 φα

2761 4924 4726 5095 {aasswas2ffi333³2ssp132t2022220..⁹20⁶002
4531 4929 4726 5081 i...;..

2762 5097 3035 5163 dubium
3078 5107 3181 5162 est
3209 5095 3378 5179 =quin
3443 5098 3509 5162 in
3559 5099 3878 5164 maximis
3933 5101 4267 5184 angustiis
4323 5105 4726 5168 constituens

2759 5183 2981 5263 fuerit,
3024 5202 3225 5267 quum
3276 5184 3588 5249 imminet
3609 5185 3744 5266 ipsi
3781 5182 4160 5268 pericnlum
4197 5187 4448 5271 puelia
4491 5188 4724 5255 adres*
