5059 6059
325 332 437 396 721

324 518 657 584 ficationis.
708 519 844 584 Nos
892 520 968 585 iis
1012 520 1232 602 itaque
1276 528 1618 586 contentos
1640 541 1780 586 csse
1804 532 2061 604 oportet
2095 541 2265 602 quae

326 602 449 667 Dei
492 606 696 669 verbo
741 606 923 670 nobis
970 605 1369 682 revelantur,
1415 618 1483 670 ct
1517 614 1737 672 tamen
1772 628 1900 671 non
1942 605 2266 672 caecutire

326 690 405 751 ad
449 709 523 753 oa
566 690 809 755 iudicia
853 710 1019 772 quae
1063 692 1130 754 in
1156 692 1379 755 eodem
1414 694 1611 759 verbo
1642 691 1966 774 patefacit.
2014 690 2264 771 Quem-

324 772 669 839 admodum
718 777 784 839 in
827 774 1050 841 Saulis
1088 785 1294 840 morte
1334 777 1573 842 iustam
1612 777 2023 843 crudelitatis
2057 776 2266 859 ipsius

325 858 931 925 condemnationem
978 861 1165 926 Deus
1222 860 1510 941 exhibet,
1571 872 1638 928 et
1684 861 1905 927 Saulis
1960 860 2263 944 despera·

325 944 604 1024 tionem,
689 967 833 1010 eum
918 947 1296 1029 arrogantia
1360 956 1426 1011 et
1503 948 1833 1030 pervicaci
1909 946 2266 1012 rebellione

323 1030 767 1095 coniunctam:
816 1052 984 1115 quae
1028 1031 1337 1114 quoniam
1382 1034 1627 1099 nostris
1663 1032 1870 1098 oculis
1914 1034 2051 1115 ipse
2076 1031 2264 1097 Deus

321 1115 603 1193 subiicit,
661 1115 902 1181 leviter
959 1118 1317 1199 praeterire
1377 1139 1589 1201 neque
1647 1140 1991 1201 possumus
2050 1138 2263 1199 neque

322 1199 650 1267 debemus.
702 1200 861 1267 Saul
902 1203 1109 1285 igitur
1132 1202 1423 1269 moriens
1459 1204 1699 1269 iustam
1725 1204 2089 1268 mercedem
2114 1222 2262 1285 per-

319 1286 475 1368 cipit
532 1308 691 1352 suae
745 1288 1150 1353 crudelitatis
1200 1288 1269 1351 in
1325 1289 1672 1355 innocente
1727 1288 1986 1353 Davide
2041 1308 2263 1370 perse—

319 1371 606 1453 quendo:
681 1382 748 1437 et
802 1374 869 1437 in
930 1374 1450 1455 desperationem
1513 1375 1788 1439 veniens
1848 1373 2138 1438 ostendit
2192 1394 2264 1438 se

318 1477 449 1520 non
495 1460 789 1541 potuisse
830 1479 1043 1523 coram
1093 1458 1234 1523 Deo
1291 1459 1499 1537 deiici,
1560 1461 1747 1525 cuius
1805 1461 2045 1524 iustum
2094 1458 2260 1523 iudi·

316 1542 487 1607 cium
548 1564 902 1628 agnoscere
957 1543 1256 1620 debebat,
1319 1555 1386 1608 et
1443 1546 1631 1610 fateri
1688 1566 1759 1609 se
1818 1545 2089 1628 dignum
2149 1544 2262 1626 qui

316 1626 923 1695 incircumcisorum
961 1628 1266 1694 manibus
1301 1630 1717 1712 plecteretur,
1754 1640 1948 1713 atque
1984 1630 2077 1694 ita
2112 1650 2260 1694 cum

313 1713 581 1778 silentio
622 1726 689 1779 et
732 1715 1049 1798 patientia
1094 1714 1355 1779 divinae
1402 1715 1729 1780 vindictae
1762 1714 2080 1779 iustitiam
2107 1715 2261 1779 sub·

313 1800 428 1862 ire.
523 1797 658 1866 Sed
728 1812 1041 1882 tanquam
1120 1800 1427 1865 immanis
1487 1810 1552 1864 et
1610 1799 1794 1865 ferox
1851 1800 2068 1865 bellua
2127 1817 2257 1864 non

311 1886 523 1966 potuit
569 1886 652 1949 ad
700 1885 918 1950 Deum
978 1905 1321 1970 assurgere
1364 1885 1435 1949 in
1480 1887 1683 1951 tantis
1726 1885 2079 1968 angustiis:
2142 1906 2261 1951 nec

310 1969 379 2033 in
428 1971 818 2036 memoriam
863 1989 1191 2049 revocare,
1252 1970 1439 2036 nefas
1484 1993 1625 2037 esse
1671 1972 1775 2053 pio
1823 1971 2070 2035 homini
2117 1971 2259 2036 vio-

308 2055 528 2122 lentas
566 2057 690 2122 sibi
715 2076 952 2121 manus
992 2056 1252 2136 inferre,
1295 2066 1360 2120 et
1392 2056 1721 2138 patienter
1742 2056 2256 2138 exspectandum

309 2143 565 2207 exitum
612 2162 803 2225 quem
851 2142 992 2225 ipse
1039 2143 1221 2205 Deus
1267 2140 1471 2207 daret.

483 2227 674 2309 Quae
718 2248 916 2308 quum
977 2228 1045 2291 in
1082 2225 1296 2293 ‘Saule
1353 2227 1699 2310 conspicua
1754 2227 1917 2305 sint,
1978 2224 2132 2308 quid
2179 2225 2259 2288 do

306 2313 519 2395 ipsius
568 2314 787 2378 anima
841 2323 984 2395 post
1042 2320 1318 2377 mortem
1381 2314 1618 2377 factum
1676 2312 1761 2377 sit
1807 2324 2021 2376 tamen
2071 2312 2255 2395 igno·

306 2420 552 2476 ramus,
602 2407 669 2462 et
711 2398 984 2464 ulterius
1030 2398 1364 2480 inquirere
1409 2397 1591 2462 nefas
1636 2407 1766 2462 est:
1827 2396 1950 2463 etsi
1995 2396 2258 2462 videtur

304 2486 522 2567 magis
568 2503 609 2546 a
670 2484 809 2548 Deo
869 2482 1235 2558 derelictus,
1293 2482 1467 2565 quod
1529 2485 1883 2547 veneficam
1944 2480 2126 2546 illam
2185 2484 2255 2546 in

305 2570 637 2652 angustiis
680 2568 1143 2634 consuluisset:
1191 2568 1334 2633 Deo
1380 2590 1574 2651 saepe
1614 2569 1709 2633 sie
1751 2576 2086 2650 peceatum
2135 2567 2241 2632 ali·

302 2654 476 2737 quod
536 2675 655 2738 per
715 2654 890 2719 aliud
952 2654 1287 2737 puniente.
1376 2654 1596 2736 Atque
1656 2654 1778 2718 hoc
1835 2673 1957 2719 nos
2002 2653 2255 2717 Paulus

303 2740 514 2820 docet,
573 2761 686 2804 eos
746 2760 982 2823 nempe
1040 2740 1149 2821 qui
1195 2738 1341 2804 Deo
1389 2739 1676 2804 debitum
1740 2740 2050 2803 honorem
2123 2759 2251 2803 non

301 2824 773 2904 exhibuerunt,
821 2827 1061 2908 quique
1082 2825 1296 2906 ipsum
1322 2826 1560 2890 iniuste
1586 2824 1797 2908 gloria
1831 2844 1949 2888 sua
1996 2821 2251 2888 frauda-

304 2920 484 2989 runt,
535 2912 606 2974 in
655 2930 922 2975 sensum
970 2909 1317 2992 reprobum
1365 2910 1614 2987 coniiei,
1662 2919 1739 2973 ut
1782 2909 1932 2973 boni
1983 2920 2049 2972 et
2094 2909 2252 2973 mali

298 2996 656 3063 discrimen
705 2994 988 3077 amplius
1035 3017 1165 3060 non
1211 2997 1629 3069 constituant,
1676 3007 1740 3060 et
1785 2996 1964 3059 omni
2007 2992 2252 3076 pudore

293 3081 556 3148 abiecto
603 3082 668 3144 in
716 3081 993 3163 quodvis
1037 3081 1291 3147 facinus
1336 3082 1552 3146 instar
1605 3080 1952 3144 brutorum
2000 3081 2248 3144 ferren-

286 3175 417 3232 tur.
522 3158 718 3231 Hanc
765 3163 1128 3231 mercedem
1190 3188 1229 3230 a
1271 3165 1417 3231 Deo
1479 3167 1751 3231 referre:
1814 3165 1986 3247 quod
2044 3164 2250 3247 ipsius

280 3252 605 3333 exemplo
630 3249 852 3317 Saulis
898 3253 973 3315 fit
1008 3250 1195 3316 nobis
1230 3252 1671 3334 conspicuum.
1719 3251 1891 3316 Nam
1926 3250 2009 3315 ad
2032 3252 2250 3332 priora

280 3336 554 3422 flagitia
598 3335 775 3401 istud
814 3346 1128 3420 tanquam
1167 3337 1504 3402 cumulum
1544 3336 1800 3414 adiecit,
1824 3345 1921 3399 rut
1942 3335 2023 3400 ad
2047 3356 2250 3400 vene-

277 3425 492 3489 ficam
553 3420 940 3521 confugiens
999 3443 1139 3487 sese
1193 3422 1449 3488 diabolo
1507 3422 1915 3504 permiserit,
1975 3420 2250 3503 ideoque

280 3509 538 3574 merito
560 3508 690 3572 iam
718 3507 944 3571 divino
988 3508 1228 3573 iudicio
1274 3507 1633 3592 obstupuit,
1681 3528 1893 3591 neque
1937 3507 2250 3589 cogitavit

278 3614 319 3657 a
365 3613 511 3677 qno
572 3593 796 3658 fuisset
852 3592 921 3656 in
980 3592 1227 3657 mundo
1270 3593 1642 3673 collocatus,
1705 3605 1770 3658 et
1814 3595 2001 3659 euius
2059 3593 2244 3658 iussu

277 3677 672 3744 exeundum
693 3685 867 3743 esset
886 3698 970 3741 ex
986 3678 1144 3759 ipso:
1170 3676 1283 3742 sed
1311 3690 1623 3762 tanquam
1647 3678 1949 3761 stupidus
1971 3677 2246 3743 rationis

278 3766 512 3830 lucem
570 3764 819 3840 amisit,
879 3773 946 3826 et
998 3781 1146 3827 cum
1206 3772 1471 3845 stupore
1529 3766 1813 3829 furorem
1878 3762 2245 3829 admiscuit.

278 3851 478 3915 Hinc
524 3848 867 3925 diseamus,
930 3860 1003 3912 ιιι
1051 3859 1275 3913 monet
1335 3848 1687 3931 apostolus,
1746 3848 2023 3914 sollicite
2068 3850 2239 3914 inee-

280 3936 471 4009 dere,
519 3933 864 4015 Deumque
899 3932 1177 3998 assiduis
1213 3933 1512 4016 precibus
1535 3954 1783 4019 rogare,
1834 3946 1906 3998 ut
1929 3932 2240 4016 quamdiu

278 4042 412 4085 nos
481 4019 548 4081 in
606 4019 711 4082 his
767 4020 963 4084 terris
1013 4039 1159 4085 esse
1204 4019 1504 4097 voluerit,
1563 4041 1681 4085 suo
1739 4020 1978 4101 spiritu
2036 4031 2239 4103 regat,

281 4105 713 4189 gratiamque
757 4102 1094 4187 largiatur,
1152 4112 1227 4168 ut
1268 4125 1527 4188 semper
1581 4105 1902 4171 inoffenso
1947 4103 2112 4188 pede
2156 4105 2236 4169 ad

280 4189 696 4275 propositam
744 4190 930 4254 nobis
988 4188 1359 4254 felicitatem
1406 4210 1764 4255 curramus.
1826 4190 1926 4254 Ac
1971 4191 2025 4255 si
2069 4191 2238 4255 forte

278 4279 355 4342 in
408 4273 670 4338 easdem
770 4296 887 4340 uas
933 4273 1096 4340 Saul
1159 4276 1496 4358 angustias
1553 4287 1619 4341 et
1677 4274 2090 4341 difficultates
2136 4277 2235 4339 in·

281 4360 670 4439 uiderimus,
780 4381 929 4424 eum
967 4360 1404 4437 consulamus,
1452 4370 1518 4425 et
1552 4362 1704 4443 quid
1742 4383 1908 4444 opus
1944 4360 2117 4426 facto
2151 4361 2237 4425 sit

280 4469 374 4513 ex
422 4444 564 4526 ipso
609 4443 972 4510 discamus:
1015 4464 1296 4527 eumque
1318 4466 1628 4530 rogemus
1661 4456 1737 4511 nt
1761 4447 1931 4511 viam
1965 4447 2237 4530 aperiat,

281 4540 359 4598 et
424 4529 672 4594 exitum
733 4531 920 4595 nobis
975 4530 1344 4613 patefaciat.
1434 4530 1708 4597 Interim
1756 4551 1970 4596 coram
2030 4532 2239 4615 ipsius

282 4615 639 4684 maiestate
663 4614 755 4679 sic
778 4615 1159 4681 deiiciamur
1182 4627 1248 4680 et
1270 4616 1715 4695 humiliemur,
1754 4626 1831 4682 ut
1853 4637 2237 4699 quoeunque

284 4699 529 4767 mortis
574 4719 814 4783 genere
852 4721 969 4764 nos
1002 4721 1308 4766 exercere
1336 4702 1434 4767 vel
1473 4703 1711 4785 punire
1736 4703 2030 4782 voluerit,
2076 4702 2236 4767 illud

284 4788 518 4851 subire
564 4785 775 4867 parati
821 4784 1045 4849 simus.
1125 4786 1493 4869 Prophetas
1538 4799 1604 4852 et
1660 4788 1986 4870 apostolos
2050 4788 2239 4854 nobis

286 4874 364 4936 in
392 4869 765 4952 exemplum
812 4889 1277 4954 proponamus,
1323 4892 1601 4954 quorum
1638 4874 2023 4941 afflictiones
2048 4884 2240 4939 notae

288 4967 475 5034 sunt,
535 4969 602 5019 et
646 4976 775 5039 quo
819 4954 1133 5020 dedecore
1177 4967 1242 5020 et
1298 4958 1565 5022 infamia
1625 4959 1758 5024 sint
1802 4958 1884 5023 ab
1926 4957 2240 5040 improbis

288 5040 675 5107 hominibus
719 5040 938 5107 affecti
982 5042 1440 5122 conspicuum:
1488 5043 1661 5125 quod
1708 5043 1816 5108 alii
1862 5044 1930 5107 in
1978 5042 2242 5108 vincula

291 5125 596 5203 coniecti,
654 5126 761 5190 alii
807 5125 1020 5209 capite
1064 5126 1256 5203 eaesi,
1303 5126 1416 5191 alii
1462 5128 1754 5211 lapidati,
1799 5128 1912 5194 alii
1958 5128 2241 5208 dissecti,

293 5209 415 5276 alii
458 5209 745 5276 ludibria
788 5210 1065 5296 experti,
1125 5210 1239 5276 alii
1297 5215 1629 5292 excoriati,
1688 5214 1797 5280 alii
1841 5212 1988 5279 aliis
2031 5214 2242 5280 modis

511 5310 732 5366 calvini
753 5326 935 5381 opera.
984 5314 1109 5369 Vol.
1132 5311 1329 5371 XXX.

1638 333 1735 397 IN
1778 332 1832 396 Ι.
1880 334 2059 398 LIB.
2106 330 2512 399 SAMUEL.
2559 331 2759 398 CAP.
2805 331 3075 399 XXXI.

4189 339 4316 404 722

2366 519 2538 583 male
2598 519 2823 596 habiti,
2881 518 3232 586 nobiliores
3289 520 3444 585 inde
3501 521 3654 588 facti
3699 532 3861 588 sunt
3904 533 3972 589 et
4019 524 4318 606 ipsorum

2368 603 2690 686 patientia
2748 605 3119 671 nobilitata:
3180 626 3346 688 quae
3403 627 3565 671 vera
3624 619 3779 672 sunt
3827 609 3950 673 Dei
4003 609 4315 693 insignia,

2369 689 2604 771 quibus
2649 690 2718 753 in
2755 689 2917 772 ipsis
2960 689 3314 774 glorificari
3345 689 3573 768 voluit,
3619 702 3687 757 ot
3722 692 3914 776 longe
3950 693 4316 778 insigniora

2368 774 2707 856 quibusvis
2754 796 2981 858 regum
3025 777 3301 858 sceptris
3341 789 3407 840 et
3442 778 3715 854 coronis,
3762 778 4316 860 quemadmodum

2368 860 2507 940 ipse
2544 860 2793 925 Paulus
2838 881 2958 925 nos
3002 861 3277 943 pulchre
3314 860 3521 927 docet.
3563 861 3736 926 Nam
3772 863 4063 944 obsecro,
4108 884 4313 947 quum

2368 946 2541 1009 caesi
2564 944 2941 1028 prophetae,
2986 946 3089 1010 vel
3139 944 3400 1012 dissecti
3426 946 3530 1011 vel
3566 948 3746 1012 mille
3770 948 4069 1015 ludibriis
4094 951 4313 1017 affecti

2370 1051 2406 1093 a
2431 1029 2699 1114 regibus
2744 1040 2860 1096 aut
2903 1031 3208 1115 tyrannis
3243 1031 3532 1112 fuerunt,
3576 1033 3844 1114 quinam
3883 1055 4106 1099 eorum
4134 1034 4312 1119 apud

2368 1115 2583 1179 Deum
2645 1116 2893 1180 maiore
2949 1117 3015 1179 in
3078 1117 3291 1198 pretio
3350 1116 3655 1199 fuerunt,
3728 1140 3813 1183 an
3873 1119 3984 1200 qui
4045 1130 4314 1203 propter

2367 1200 2576 1281 ipsius
2626 1221 2860 1265 nomen
2908 1201 3078 1265 caesi
3127 1213 3193 1265 et
3237 1201 3462 1266 afflicti
3519 1212 3697 1285 sunt,
3758 1223 3842 1267 an
3890 1205 4000 1286 qui
4049 1218 4314 1287 propter

2366 1284 2688 1351 maleficia
2723 1284 3030 1368 deinceps
3067 1286 3333 1368 puniti?
3381 1285 3630 1352 Fidelis
3667 1297 3769 1353 est
3810 1289 4086 1353 istorum
4110 1312 4312 1373 expo·

2367 1369 2528 1434 sitor
2593 1371 2875 1448 Paulus,
2942 1392 3142 1452 quum
3214 1371 3535 1454 gloriatur
3598 1394 3721 1437 sua
3786 1373 4050 1439 vincula
4115 1376 4314 1442 fuisse

2367 1453 2729 1519 nobilitata.
2798 1455 3023 1536 Quare
3067 1456 3126 1520 si
3173 1455 3358 1521 Deus
3401 1458 3576 1522 volet
3620 1479 3737 1523 nos
3780 1480 3899 1540 pro
3943 1460 4151 1542 ipsius
4193 1483 4310 1526 no-

2366 1541 2545 1604 mine
2591 1542 2790 1605 variis
2834 1540 3043 1606 modis
3087 1542 3435 1618 excerceri,
3494 1551 3562 1608 et
3609 1553 3921 1625 tanquam
3968 1544 4151 1611 fures
4195 1558 4313 1612 aut

2365 1623 2652 1690 latrones
2718 1625 2797 1691 ad
2866 1646 3111 1707 poenas
3178 1626 3388 1706 trahi,
3466 1638 3744 1693 mortem
3823 1639 4115 1695 nostram
4184 1633 4309 1712 ipsi

2364 1710 2793 1776 nihilominus
2837 1713 3186 1794 pretiosam
3234 1733 3376 1777 esse
3418 1713 3723 1790 sciamus,
3768 1723 3844 1779 ut
3887 1715 4195 1781 docemur
4238 1718 4309 1782 in

2364 1795 2649 1875 psalmis.
2742 1795 3094 1866 Caeterum
3155 1798 3265 1879 qui
3323 1810 3590 1880 propter
3645 1797 3970 1864 maleficia
4035 1802 4307 1868 meritas

2363 1901 2605 1960 poenas
2649 1881 2861 1958 luunt,
2907 1881 3061 1947 hine
3105 1886 3301 1946 etiam
3349 1882 3650 1949 discunto
3686 1905 3907 1949 eoram
3933 1884 4079 1950 Deo
4117 1885 4309 1952 deiioi

2362 1978 2428 2029 et
2485 1965 2842 2030 humiliari.
2922 1965 3090 2031 Nam
3154 1980 3405 2032 certum
3463 1980 3562 2032 est
3618 1970 3771 2047 fore,
3838 1980 3913 2034 ut
3955 1972 4011 2036 si
4057 1990 4312 2038 correo-

2364 2053 2604 2115 tionem
2641 2072 2767 2133 qua
2804 2050 3045 2117 debent
3074 2053 3390 2133 patientia
3425 2056 3658 2131 ferant,
3695 2055 3991 2138 ipsorum
4029 2054 4309 2124 dedecus

2366 2136 2546 2200 Deus
2603 2135 2817 2201 deleat
2874 2156 3090 2201 eoram
3133 2138 3270 2203 suis
3315 2139 3587 2222 angelis,
3647 2153 3714 2205 et
3771 2160 3947 2204 mors
3991 2142 4307 2224 ipsorum,

2362 2221 2484 2284 etsi
2546 2221 2764 2304 aliqua
2822 2242 2968 2286 cum
3031 2223 3393 2304 ignominia
3459 2226 3836 2303 coniuncta,
3919 2236 4137 2290 tamen
4217 2228 4308 2291 sit

2363 2305 2790 2372 honorabilis:
2875 2316 2944 2371 ct
3008 2310 3061 2372 si
3131 2320 3391 2390 peccata
3460 2330 3581 2373 sua
3641 2312 4103 2389 confiteantur,
4170 2332 4306 2376 non

2362 2391 2601 2456 imitati
2671 2389 2939 2457 Saulem
3006 2393 3074 2456 in
3146 2416 3263 2459 sna
3331 2396 3767 2472 contumacia,
3850 2416 3968 2477 pro
4034 2410 4305 2463 aeterna

2360 2477 2740 2542 confusione
2775 2487 2844 2542 et
2878 2479 3102 2559 poenis
3138 2499 3298 2560 quas
3335 2479 3772 2559 merebantur,
3809 2481 4090 2562 gratiam
4128 2480 4301 2564 apud

2363 2559 2579 2626 Deum
2648 2563 3022 2640 inveniant,
3090 2576 3158 2628 et
3222 2564 3734 2631 misericordiam
3799 2581 4302 2648 consequantur.

2358 2645 2538 2712 Hinc
2582 2648 2803 2730 itaque
2848 2667 2968 2713 nos
3013 2651 3225 2732 magis
3270 2672 3345 2716 ac
3388 2651 3597 2734 magis
3642 2650 3789 2715 Deo
3846 2654 4305 2718 commendare

2361 2730 2704 2809 discamus,
2766 2742 2831 2798 et
2890 2734 3136 2798 maiore
3192 2754 3339 2799 cum
3386 2735 3824 2801 sollicitudine
3868 2735 4190 2811 incedere,
4236 2746 4305 2802 et

2357 2817 2618 2883 cautius
2666 2839 2782 2882 nos
2820 2819 2991 2901 ipsos
3049 2820 3410 2901 explorare,
3455 2841 3659 2902 quum
3705 2821 4042 2886 videamus
4099 2822 4318 2887 etiam

2359 2902 2583 2967 multis
2643 2904 2995 2986 contigisse
3037 2904 3336 2980 incautis,
3403 2916 3477 2969 ut
3534 2927 3662 2969 non
3711 2905 3974 2987 quidem
4041 2928 4120 2970 ex
4189 2907 4300 2971 de·

2357 2989 2728 3070 speratione
2759 2990 2883 3055 sibi
2908 3010 3143 3054 manus
3178 2990 3539 3065 intulerint,
3588 2989 3703 3054 sed
3749 2992 4093 3073 intercepti
4128 2992 4301 3074 peri·

2354 3072 2521 3138 culis
2566 3073 2660 3137 ita
2703 3096 2774 3139 so
2817 3076 3162 3159 gesserint,
3208 3085 3281 3140 ut
3323 3077 3488 3141 bene
3534 3096 3618 3138 an
3657 3076 3826 3140 male
3866 3076 4134 3140 fecerint
4168 3098 4300 3142 non

2355 3158 2440 3222 sit
2483 3157 2674 3223 facile
2717 3159 3023 3225 iudicare.
3099 3158 3211 3226 Sic
3253 3181 3447 3243 saepe
3491 3161 3767 3243 contigit
3813 3175 3883 3225 ut
3928 3161 3997 3224 in
4043 3162 4301 3245 oppidis

2355 3243 2422 3308 vi
2482 3245 2813 3327 occupatis
2879 3246 3185 3311 mulieres
3251 3260 3318 3309 et
3372 3245 3663 3329 virgines
3723 3267 3918 3329 quam
3978 3246 4301 3329 plurimae

2355 3348 2496 3393 sese
2575 3351 2658 3393 ex
2727 3331 2934 3396 muris
2995 3342 3108 3394 aut
3165 3332 3468 3396 fenestris
3524 3332 3916 3414 praecipites
3977 3331 4299 3416 dederint,

2355 3414 2642 3478 incertae
2700 3415 2873 3481 vitae
2934 3430 3051 3481 aut
3107 3419 3352 3491 mortis,
3426 3418 3535 3482 sed
3610 3431 3682 3480 ut
3749 3417 4163 3482 violationem
4234 3429 4301 3482 et

2355 3497 2690 3563 dedecoris
2712 3514 2937 3565 notam
2976 3501 3361 3586 effugerent,
3397 3522 3715 3584 suamque
3750 3502 4117 3567 castitatem
4157 3514 4301 3567 tue-

2354 3595 2604 3660 rentur,
2647 3583 2718 3649 in
2764 3584 3111 3651 discrimen
3157 3590 3386 3651 mortis
3431 3609 3501 3651 se
3545 3588 3959 3652 coniecerint.
4041 3586 4299 3667 Quibus

2351 3669 2664 3750 periculis
2744 3691 2945 3752 quum
3026 3669 3288 3736 obnoxii
3359 3672 3587 3754 simus„
3659 3671 3780 3736 sub
3848 3672 4097 3737 alarum
4169 3673 4296 3738 Dei

2353 3754 2751 3835 praesidium
2797 3756 3303 3839 confugiendum
3352 3757 3540 3823 nobis
3574 3779 3716 3822 esse
3752 3758 4070 3824 sciamus:
4117 3780 4300 3823 eum-

2349 3859 2473 3920 que
2532 3841 2866 3922 perpetuis
2928 3841 3225 3922 precibus
3292 3840 3777 3908 sollicitandum
3844 3854 3918 3906 ut
3977 3865 4096 3908 nos
4155 3845 4294 3926 ipse

2348 3937 2556 4007 regat,
2599 3936 2667 3990 et
2710 3924 2777 3989 in
2824 3926 3120 3991 adversis
3167 3929 3477 3991 invictam
3527 3927 3910 4009 patientiam
3961 3926 4176 4005 donet,
4225 3937 4299 3993 ut

2348 4022 2668 4092 perpetuo
2728 4025 2985 4077 nostros
3043 4012 3314 4077 affectus
3376 4015 3722 4088 refraenet,
3779 4013 3876 4078 sic
3938 4026 4012 4076 ut
4067 4024 4304 4078 contra

2345 4094 2554 4191 ipsius
2615 4096 3021 4161 voluntatem
3082 4096 3245 4161 nihil
3325 4119 3611 4180 unquam
3682 4098 4114 4179 sucipiamus:
4181 4097 4302 4162 sed

2311 4178 2467 4262 >ipsi
2516 4200 2637 4244 nos
2682 4201 2945 4264 semper
2989 4181 3163 4247 ultro
3207 4181 3651 4248 subiiciamus.

2512 4264 2654 4330 Iam
2704 4286 2860 4331 vero
2905 4268 3098 4350 agite,
3142 4272 3246 4333 etc.

2927 4572 3416 4654 HOMILIA
3465 4572 3717 4653 CVII.

2518 4705 2576 4768 7.
2655 4705 2943 4771 Videntes
2996 4713 3202 4772 autem
3243 4706 3373 4770 viri
3415 4705 3644 4784 Israel,
3712 4707 3824 4787 qui
3880 4713 4060 4772 erant
4116 4713 4300 4774 trans

2341 4790 2568 4855 vallem
2593 4794 2649 4854 et
2668 4795 2848 4856 trans
2871 4791 3210 4858 Iordanem
3241 4791 3403 4872 quod
3441 4790 3755 4874 fuqissent
3787 4793 3916 4857 viri
3939 4793 4294 4878 Israelita&

2344 4879 2401 4938 et
2442 4874 2610 4956 quod
2651 4881 2938 4942 mortuus
2983 4882 3138 4942 esset
3183 4874 3345 4940 Saul
3400 4882 3458 4940 et
3511 4876 3642 4956 filii
3695 4878 3849 4953 ciue,
3903 4878 4297 4960 reliquerunt

2342 4960 2623 5024 civitates
2662 4981 2821 5026 suas
2854 4967 2912 5026 et
2956 4961 3285 5044 fuqerunt:
3341 4967 3759 5041 veneruntque
3805 4961 4179 5048 maistam,
4239 4969 4298 5029 et

2342 5043 2780 5111 habitaverunt
2821 5047 2928 5111 ibi.
2999 5047 3058 5111 8.
3109 5045 3307 5109 Facta
3350 5052 3555 5111 autem
3597 5047 3702 5112 die
3742 5046 3961 5127 altera,
3996 5055 4297 5115 venerunt

2344 5127 2700 5195 Philistum
2753 5136 2822 5195 ut
2886 5131 3303 5213 exspoliarent
3373 5132 3742 5211 imerfeetos,
3807 5138 3865 5197 et
3926 5133 4295 5200 invevterunt

2348 5213 2528 5297 Sata,
2593 5221 2652 5280 et
2713 5222 2837 5282 tres
2896 5216 3068 5297 filios
3129 5217 3271 5282 eius
3335 5218 3603 5283 iacevttee
3664 5218 3734 5282 in
3799 5224 3999 5297 mente
4049 5220 4288 5287 Gelboe.
