5059 6059
280 347 387 415 437

276 538 453 602 iorem
505 540 567 598 et
621 532 1016 600 acerbiorem
1074 532 1275 599 fuisse
1317 532 1586 613 cladem,
1642 532 1812 616 quod
1860 539 2173 612 mortuos,

279 633 331 688 et
366 618 703 703 insepultos
746 619 987 685 civium
1032 640 1298 685 acervos
1341 619 1565 704 lugere
1610 640 1739 685 non
1785 629 2070 703 possent.

421 705 505 770 Et
559 704 875 771 hactenus
933 705 1014 770 de
1057 704 1215 771 Heli
1258 704 1472 771 obitu:
1531 705 1825 789 sequitur
1869 704 2173 788 deinceps

276 793 384 859 alia
435 790 510 856 de
564 811 769 890 uxore
807 790 1114 892 'Phinees
1170 790 1441 892 alterius
1484 790 1640 857 Heli
1685 790 1802 856 filii
1847 791 2171 856 narratio:

273 897 956 1029 {affigamaessz‘ssffi
980 884 1181 1029 ⁰:33³.ss
1216 887 1502 1029 2:332.
1526 875 1800 1028 ”33:⁸OE
1829 876 2173 1046 ‘3:12322223

273 1050 480 1127 attulit,
542 1056 617 1115 ut
657 1069 815 1132 prae
860 1047 1102 1115 doloris
1146 1049 1595 1133 magnitudine
1641 1058 1909 1132 repente
1951 1051 2172 1115 incur-

273 1147 401 1200 vata
437 1136 679 1200 foetum
723 1135 920 1200 enixa
962 1136 1068 1215 sit,
1114 1145 1183 1200 et
1224 1136 1297 1199 in
1340 1134 1483 1218 ipso
1528 1143 1719 1218 partu
1765 1142 2027 1199 mortua
2063 1135 2168 1200 sit.

271 1222 419 1287 Eum
484 1240 683 1303 quum
754 1229 1044 1286 astantes
1109 1221 1303 1288 solari
1367 1230 1782 1304 conarentur,
1856 1236 1923 1286 et
1985 1221 2046 1284 ei
2089 1218 2170 1286 de

270 1315 401 1372 nato
451 1305 586 1371 filio
644 1304 1149 1390 gratularentur,
1205 1305 1493 1373 noluisse
1550 1306 1898 1372 admittere
1941 1325 2170 1372 conso-

269 1393 560 1470 lationem,
608 1412 820 1476 neque
855 1393 1145 1458 animum
1185 1392 1564 1474 advertisse,
1609 1392 1724 1458 sed
1759 1391 1894 1457 filio
1934 1413 2170 1457 nomen

268 1476 548 1543 indidisse
615 1476 923 1559 Ichabod,
999 1479 1071 1544 in
1137 1490 1481 1562 pepetuam
1545 1478 1922 1544 memoriam
1990 1477 2169 1543 illius

267 1563 511 1646 insignis
563 1562 769 1630 cladis
824 1584 991 1645 quae
1034 1564 1273 1649 populo
1315 1565 1692 1649 contigerat.
1780 1564 1952 1629 Nam
1997 1561 2169 1646 apud

268 1647 573 1715 Hebraeos
617 1661 770 1717 “¹7:12
816 1650 1090 1734 gloriam
1135 1651 1479 1735 significat,
1536 1650 1666 1716 alia
1709 1669 1862 1715 vero
1906 1669 2169 1732 praece·

267 1734 403 1800 dens
458 1732 802 1818 particula,
877 1735 991 1801 vel
1052 1735 1184 1816 ubi,
1252 1737 1355 1803 vel
1419 1755 1580 1801 non:
1659 1735 1884 1801 eodem
1951 1755 2168 1811 sensu,

268 1840 499 1904 nempe:
556 1820 697 1887 Ubi
739 1820 991 1905 gloria?
1031 1823 1156 1901 vel,
1203 1844 1331 1888 non
1377 1821 1617 1907 gloria:
1664 1822 1848 1905 quasi
1893 1841 2167 1905 puerum

266 1906 415 1973 dicat
451 1913 684 1972 natum
726 1907 838 1972 ubi
882 1928 1019 1972 non
1055 1908 1284 1993 gloria,
1328 1907 1498 1991 quod
1555 1907 1860 1976 videlicet
1892 1906 2170 1991 populus

265 2000 424 2058 tanta
485 1991 676 2060 clade
742 1993 1016 2060 affectus
1075 2003 1247 2060 esset
1302 1992 1643 2078 inglorius.
1730 1993 1939 2058 Porro
1996 1991 2169 2057 idem

261 2079 323 2142 in
372 2077 483 2144 hae
537 2077 791 2144 semina
842 2079 1023 2145 zelus
1081 2079 1528 2146 observandus
1628 2079 1696 2144 ni
1751 2088 1819 2144 et
1876 2079 1947 2143 in
1991 2077 2168 2144 Heli.

265 2163 414 2229 Nam
446 2164 521 2229 ad
566 2163 904 2247 publicam
946 2164 1384 2231 calamitatem
1621 2164 1770 2231 ebat
1813 2164 2033 2230 mariti
2068 2163 2172 2228 in-

266 2250 485 2328 teritus,
525 2262 602 2315 et
644 2250 873 2317 soceri.
964 2248 1094 2318 Sed
1141 2251 1432 2335 qualium
1476 2251 1798 2317 virorum!
1847 2250 2015 2316 Nam
2063 2249 2171 2315 hio

265 2334 491 2418 quidem
538 2356 846 2402 summus
903 2336 1219 2414 sacerdos,
1276 2336 1503 2420 populi
1558 2346 1770 2402 rector
1826 2345 1894 2401 et
1936 2336 2172 2421 guber-

263 2431 429 2487 nator
464 2431 647 2488 erat:
697 2421 810 2489 ille
852 2443 1011 2488 vero
1053 2422 1374 2501 sacerdos,
1419 2432 1484 2487 et
1528 2421 1632 2488 cui
1677 2422 1916 2488 summi
1956 2421 2171 2506 ponti·

262 2508 379 2573 ficis
448 2507 745 2590 dignitas
815 2510 1222 2575 successione
1278 2507 1647 2573 debebatur.
1736 2507 1917 2592 Ergo
1973 2504 2173 2573 vidua

262 2602 440 2659 morte
478 2593 728 2672 mariti,
784 2604 851 2658 et
888 2594 1095 2661 soceri
1138 2593 1407 2659 interitu
1451 2592 1610 2658 orba
1653 2592 1900 2672 relicta,
1960 2613 2169 2676 quan-

265 2689 379 2744 tam
418 2680 647 2746 habuit
692 2680 907 2747 luctus
950 2681 1310 2758 materiam,
1353 2699 1556 2763 quum
1599 2679 1985 2761 praesertim
2021 2698 2173 2744 cum

266 2783 460 2831 socero
516 2779 583 2832 et
626 2765 880 2854 [marito
923 2765 1130 2850 gloria
1172 2764 1387 2830 omnis
1443 2765 1724 2829 familiae
1767 2762 2173 2843 concidisset,

269 2857 326 2914 et
357 2851 637 2919 solamen
684 2851 858 2935 quod
901 2850 1010 2918 vel
1051 2871 1091 2915 a
1134 2852 1386 2932 marito,
1429 2850 1537 2916 vel
1574 2871 1614 2915 a
1646 2870 1865 2917 socero
1908 2870 2171 2934 exspec-

271 2936 423 3004 tabat
468 2939 854 3022 ademptum
907 2935 1125 3003 esset?
1191 2937 1428 3003 Nonne
1485 2937 1555 3002 in
1606 2935 1729 3001 has
1773 2943 1888 3001 aut
1928 2935 2172 3002 similes

272 3043 432 3089 voces
470 3027 685 3108 potuit
726 3041 1102 3106 erumpere:
1163 3022 1277 3089 Me
1318 3022 1645 3101 miseram,
1689 3042 1796 3088 me
1838 3021 2171 3098 afflictam,

269 3126 357 3174 me
394 3109 747 3177 desolatam
789 3116 998 3174 morte
1042 3109 1276 3185 mariti,
1325 3115 1391 3173 et
1431 3108 1640 3174 soceri
1679 3107 1975 3189 interitu,
2017 3106 2170 3190 qnid

272 3192 337 3258 de
364 3217 462 3261 me
504 3197 753 3264 misera
794 3194 998 3260 vidua
1038 3192 1200 3260 fiet?
1247 3200 1321 3257 ut
1363 3204 1524 3258 sunt
1545 3193 1965 3260 mulierculae
1984 3193 2170 3257 infir-

270 3282 498 3368 miores,
539 3293 607 3350 et
644 3281 786 3349 suis
819 3278 1157 3346 affectibus
1189 3277 1594 3347 obnoxiores.
1686 3277 1862 3347 Sane
1895 3298 2172 3363 magnae

267 3364 475 3435 doloris
529 3377 599 3435 et
658 3367 877 3433 luctus
920 3366 1291 3450 gravissimi
1332 3384 1569 3431 causae
1611 3366 1671 3429 ei
1713 3364 2019 3430 videntur
2059 3363 2170 3429 ob·

262 3452 425 3533 latae,
465 3464 541 3520 ut
582 3452 826 3520 merito
868 3451 1115 3518 eiulare
1149 3459 1218 3517 et
1250 3451 1595 3516 lamentari
1633 3450 1919 3533 potuerit
1952 3469 2170 3515 suam-

260 3558 367 3619 que
419 3540 869 3607 conditionem
926 3536 1281 3619 deplorare.
1374 3535 1505 3604 Sed
1564 3546 1785 3601 tamen
1845 3536 2016 3600 levia
2070 3533 2169 3600 illi

262 3634 397 3690 sunt
433 3626 593 3694 haee
638 3624 880 3702 omnia,
927 3631 993 3688 et
1033 3623 1343 3689 facillime
1386 3622 1785 3688 tentationes
1829 3621 1992 3687 istas
2035 3641 2171 3686 om·

259 3728 357 3776 nes
403 3718 711 3796 superat:
768 3716 967 3792 atque
1022 3707 1148 3773 Dei
1206 3708 1482 3793 gloriam
1541 3715 1609 3773 et
1666 3707 1979 3772 honorem
2023 3726 2170 3773 cae-

258 3795 396 3862 teris
447 3797 754 3863 omnibus
807 3794 999 3860 rebus
1055 3795 1415 3879 anteponit.
1506 3792 1673 3858 Nam
1732 3793 1857 3858 etsi
1902 3803 2168 3876 propter

259 3881 447 3948 mariti
485 3893 551 3949 et
594 3882 810 3951 soceri
854 3881 1107 3947 obitum
1151 3882 1357 3946 vitam
1401 3880 1702 3945 acerbam
1745 3888 1949 3962 putat,
1994 3878 2167 3944 levia

257 3973 451 4033 tamen
500 3970 635 4048 illa,
703 3988 858 4051 prae
902 3966 1126 4031 dolore
1163 3986 1247 4032 ex
1292 3986 1445 4033 arca
1486 3965 1602 4030 illa
1644 3973 1988 4047 concepto:
2049 3984 2165 4028 no-

255 4051 521 4119 minatim
589 4054 772 4122 enim
837 4060 1104 4136 propter
1165 4060 1418 4135 captam
1484 4071 1701 4117 arcam
1767 4050 2165 4135 ingemuisse

254 4135 497 4222 dicitur;
532 4139 717 4207 unde
752 4147 1023 4222 apparet
1054 4135 1236 4202 illam
1270 4135 1355 4201 ad
1392 4137 1609 4202 Deum
1645 4156 1853 4219 usque
1877 4143 2166 4200 mentem

253 4225 537 4305 evexisse,
596 4224 776 4311 quod
830 4245 916 4290 ex
976 4221 1191 4289 verbis
1248 4222 1587 4289 morientis
1630 4223 1828 4288 etiam
1871 4221 1951 4286 fit
1995 4220 2162 4285 dilu-

250 4308 449 4389 cidius,
492 4332 700 4396 quum
744 4311 853 4386 ait,
898 4310 1140 4376 omissa
1185 4308 1290 4374 vel
1334 4308 1553 4374 mariti
1599 4309 1702 4375 vel
1739 4307 1944 4374 soceri
1978 4326 2162 4372 men-

250 4395 427 4476 tione,
482 4398 614 4465 Dei
655 4397 926 4482 ylariani
966 4394 1342 4461 translatam
1381 4414 1530 4475 esse,
1584 4395 1748 4475 quod
1787 4398 1969 4476 capta
2008 4396 2164 4458 esset

247 4501 380 4549 arco
428 4483 577 4550 Dei.
673 4481 881 4563 Quasi
938 4489 1127 4562 capta
1168 4481 1299 4546 Dei
1342 4500 1508 4558 arca,
1568 4480 1752 4545 nulla
1795 4486 2163 4562 superesset

248 4566 307 4630 in
357 4568 603 4635 Israele
665 4567 893 4653 gloria.
979 4566 1159 4633 Hinc
1215 4585 1374 4632 vero
1433 4565 1616 4632 nobis
1658 4567 1730 4629 in
1776 4565 2156 4630 memoriam

246 4655 690 4734 revocandum,
769 4652 940 4737 quod
1005 4652 1303 4734 superius
1361 4651 1556 4717 etiam
1616 4650 1979 4729 didicimus,
2044 4648 2159 4715 sed

244 4739 429 4807 multo
470 4740 688 4825 magis
730 4737 1031 4821 exemplo
1074 4738 1273 4805 huius
1312 4737 1732 4804 mulierculae
1778 4735 2152 4802 discendum

245 4845 421 4906 quam
475 4847 599 4893 nos
658 4845 801 4891 esse
857 4824 1099 4909 gloriae
1154 4824 1416 4889 divinae
1465 4822 1787 4889 studiosos
1831 4830 2158 4905 oporteat:

244 4931 381 4978 nam
423 4913 479 4978 si
523 4911 929 4991 muliercula,
973 4918 1106 4974 tam
1150 4909 1322 4974 male
1364 4909 1589 4989 locata,
1634 4919 1795 4992 puta
1835 4909 2157 4992 flagitioso

246 4996 390 5078 viro,
491 5000 829 5082 roffigatae
890 4996 1236 5079 nequitiae,
1311 4995 1579 5080 raptori,
1651 4995 1986 5078 sacrilego,
2047 4995 2158 5078 qui

240 5079 359 5148 Dei
465 5105 691 5149 omum
753 5083 823 5148 in
889 5081 1265 5165 speluncam
1323 5081 1649 5148 latrocinii
1714 5088 2159 5148 converterat:

244 5187 395 5250 quae
448 5169 729 5253 denique
784 5168 1084 5252 pessimis
1143 5167 1459 5251 exemplis
1502 5167 1782 5235 adducta
1825 5176 2079 5251 poterat
2121 5189 2160 5233 a

242 5254 372 5322 viro
427 5254 793 5323 discedere:
851 5263 1065 5320 tamen
1126 5259 1311 5321 tanto
1349 5252 1565 5321 studio
1608 5262 1868 5320 tenetur
1911 5254 2158 5338 gloriae

1586 342 1689 409 IN
1730 342 1787 409 1.
1834 342 2011 411 LIB.
2062 339 2464 410 SAMUEL.
2510 343 2711 411 OAP.
2755 344 2876 411 IV.

4086 344 4213 413 438

2274 531 2555 614 divinae,
2627 553 2841 616 quam,
2913 530 3199 612 obsecro,
3258 532 3744 601 excusationem
3805 555 4025 602 coram
4082 537 4210 604 Dei

2274 620 2612 686 maiestate
2678 639 2906 685 sumus
2975 618 3256 703 allaturi,
3321 620 3377 685 si
3436 640 3678 693 nomen
3745 623 3885 688 eius
3939 622 4212 706 pedibus

2273 705 2480 770 veluti
2536 713 2811 783 teratur,
2867 712 2934 771 et
2990 705 3224 771 leviter
3280 705 3589 771 iniuriam
3647 706 3829 772 illam
3874 708 4207 776 feramus?

2271 789 2503 873 Itaque
2572 790 2762 857 nobis
2828 788 3024 857 huius
3079 791 3375 857 mulieris
3432 793 3769 875 exemplar
3825 796 4212 877 proponitur

2273 875 2696 942 imitandum:
2762 876 2832 940 in
2890 896 3017 959 quo
3072 876 3130 942 si
3188 877 3504 943 fuerimus
3548 880 3899 963 segniores,
3961 883 4216 965 gravis-

2273 964 2473 1029 simas
2531 971 2601 1027 et
2654 961 3103 1029 severissimas
3145 983 3387 1045 poenas
3429 962 3615 1030 nobis
3657 964 4001 1032 imminere
4045 968 4208 1034 scia·

2273 1069 2441 1136 mus,
2529 1047 2755 1129 Quare
2800 1049 2992 1131 agite,
3036 1049 3092 1114 si
3130 1048 3387 1130 quando
3432 1049 3561 1114 Dei
3606 1050 4010 1117 maiestatem
4048 1074 4207 1119 con-

2273 1132 2460 1198 viciis
2503 1132 2833 1217 proscindi
2878 1134 3217 1200 audiamus
3253 1136 3334 1201 ab
3371 1135 3743 1215 incredulis,
3789 1136 4207 1222 eiusdemque

2273 1219 2519 1285 cultum
2581 1218 2663 1284 ab
2717 1219 2938 1303 impiis
2995 1220 3341 1303 corrumpi,
3399 1221 3734 1286 doleamus
3792 1230 3859 1287 et
3901 1224 4210 1305 ingemis-

2272 1325 2514 1370 camus.
2603 1305 2774 1370 'Pum
2817 1305 2873 1372 si
2917 1327 3045 1390 qua
3083 1305 3153 1370 in
3196 1306 3533 1372 ecclesiam
3571 1309 3899 1390 corruptio
3933 1309 4205 1394 subrep-

2272 1391 2448 1470 serit,
2504 1390 2773 1456 tristitia
2816 1412 2983 1473 quae
3026 1391 3209 1458 decet
3252 1390 3659 1458 Christianos
3702 1394 4084 1474 afficiamur,
4130 1417 4207 1463 ac

2270 1477 2591 1542 sinceram
2647 1485 2712 1542 et
2769 1477 3089 1560 integram
3145 1476 3524 1561 religionem
3571 1479 3803 1561 quavis
3847 1501 3918 1545 re
3961 1481 4207 1564 pretio·

2270 1562 2504 1627 siorem
2565 1583 2706 1628 esse
2764 1563 2976 1644 palam
3024 1571 3332 1628 testatum
3378 1563 3706 1644 faciamus,
3765 1565 3935 1649 quod
3981 1588 4059 1632 ea
4104 1568 4205 1633 ni-

2272 1646 2367 1712 hil
2413 1649 2502 1714 sit
2538 1647 2609 1712 in
2647 1655 2782 1713 toto
2818 1649 2974 1714 orbe
3008 1659 3346 1731 tantopere
3382 1650 3838 1732 expetendum,
3884 1651 4204 1735 siquidem

2270 1733 2514 1799 caduca
2570 1734 2791 1799 omnia
2848 1742 2914 1799 et
2963 1754 3182 1799 merae
3239 1741 3493 1799 tantum
3554 1733 3911 1818 illecebrae,
3970 1739 4205 1822 quibus

2271 1821 2481 1903 magis
2559 1839 2634 1884 ac
2697 1820 2907 1903 magis
2965 1819 3306 1884 irretimur
3370 1827 3438 1884 et
3501 1840 3943 1889 excaecamur.
4029 1825 4206 1891 Nam

2273 1904 2552 1971 terrenis
2618 1906 2758 1970 istis
2825 1916 2892 1970 et
2955 1903 3215 1972 caducis
3278 1904 3474 1971 rebus
3518 1905 3778 1987 addicti,
3842 1930 4073 1993 parum
4122 1911 4206 1978 de

2272 1990 2512 2056 divinis
2568 1991 2950 2074 cogitamus.
3035 1990 3270 2074 Itaque
3328 1989 3546 2056 danda
3601 2002 3701 2059 est
3755 2014 3955 2078 opera
4010 2004 4083 2060 ut
4126 1996 4209 2063 de

2271 2076 2416 2142 istis
2475 2077 2644 2142 serio
2702 2080 3080 2161 cogitemus,
3132 2088 3199 2141 et
3241 2077 3336 2143 sic
3379 2079 3755 2161 exemplum
3799 2083 4210 2164 propositum

2273 2182 2681 2245 usurpemus,
2737 2173 2813 2228 ut
2866 2162 3038 2245 quod
3094 2162 3415 2246 optimum
3471 2174 3588 2243 est,
3648 2173 3714 2230 et
3753 2166 3930 2232 vitae
3975 2167 4211 2234 huma-

2273 2268 2394 2313 nae
2452 2249 2894 2330 praecipuum,
2951 2256 3088 2314 toto
3145 2248 3365 2313 animo
3420 2269 3830 2333 quaeramus.
3918 2253 4010 2318 Et
4054 2255 4208 2321 bac-

2273 2342 2487 2415 tenus,
2524 2333 2718 2398 modo
2742 2333 3296 2400 circumstantiam
3322 2334 3429 2401 hic
3450 2336 4016 2405 observaverimus
4040 2348 4204 2406 tem-

2273 2422 2482 2504 pon's:
2550 2417 2723 2502 qnod
2773 2439 3006 2503 nempe
3063 2420 3300 2485 mulier
3358 2420 3520 2486 haec
3573 2422 3644 2486 in
3702 2423 4009 2491 maximis
4051 2424 4208 2493 licet

2273 2505 2603 2571 doloribus
2667 2503 2920 2592 (quales
2981 2506 3159 2570 enim
3222 2507 3578 2591 quantique
3644 2516 3868 2591 partus
3933 2509 4204 2594 dolores,

2276 2592 2434 2657 satis
2497 2593 2852 2675 cognitum,
2916 2612 3116 2674 quum
3182 2594 3566 2674 praesertim
3626 2594 4020 2662 immaturus
4082 2596 4208 2685 est)

2276 2687 2495 2743 tamen
2558 2677 2767 2744 divini
2824 2676 3041 2742 cultus
3096 2697 3232 2742 non
3287 2677 3479 2743 modo
3522 2699 3653 2744 non
3697 2679 3920 2746 abiicit
3960 2702 4208 2749 memo-

2276 2763 2475 2844 riam,
2516 2761 2632 2829 sed
2667 2783 2739 2829 se
2771 2763 2913 2829 eius
2948 2763 3233 2828 maxime
3265 2763 3623 2830 studiosam
3659 2767 4016 2848 profitetur.
4075 2769 4207 2835 Ec-

2276 2849 2420 2931 quis
2463 2870 2619 2918 vero
2664 2849 2953 2915 mulieris
2996 2848 3103 2916 hic
3146 2850 3582 2915 constantiam
3625 2872 3759 2915 non
3808 2850 4202 2919 admiretur?

2277 2933 2448 3000 Nam
2491 2934 2550 3001 si
2594 2934 2701 3000 diu
2744 2943 2897 2999 ante
2932 2934 3399 3018 praemeditata
3432 2956 3628 3002 voces
3663 2936 3824 3002 istas
3859 2939 4202 3019 emisisset,

2277 3041 2399 3086 nae
2467 3020 2789 3104 singulari
2853 3019 3044 3086 laude
3116 3020 3382 3105 dignam
3443 3021 3674 3087 merito
3731 3022 4202 3093 indicaremus:

2275 3114 2519 3189 quanto
2579 3108 2787 3191 magis
2839 3106 3044 3189 igitur
3086 3127 3288 3190 quum
3334 3106 3403 3170 in
3448 3107 3720 3174 summis
3764 3107 4092 3176 doloribus
4136 3120 4206 3176 et

2274 3192 2343 3256 in
2389 3192 2595 3276 ipsius
2628 3194 2855 3257 mortis
2890 3191 3203 3272 faucibus,
3249 3191 3419 3257 nihil
3456 3193 3579 3258 nisi
3615 3214 3833 3259 arcam
3869 3195 4018 3274 Dei,
4062 3196 4202 3281 glo-

2274 3279 2441 3343 riam
2485 3277 2614 3343 Dei
2659 3277 2994 3360 deplorat?
3056 3277 3250 3359 Quod
3296 3277 3600 3344 ecclesiae
3642 3280 4009 3346 miserrima
4051 3302 4204 3348 con-

2274 3363 2433 3428 ditio
2490 3363 2628 3428 sola
2686 3361 2785 3428 illi
2829 3372 2979 3429 ante
3023 3363 3264 3443 oculos,
3323 3363 3522 3430 etiam
3567 3363 3918 3430 liberorum
3962 3366 4205 3435 oblitae

2274 3447 2613 3515 versetur?
2676 3449 2934 3526 Mulier,
2991 3450 3215 3529 fateor,
3272 3470 3475 3532 quum
3527 3451 3702 3533 parit
3757 3449 4040 3517 dolorem
4084 3453 4205 3519 ha·

2270 3534 2398 3612 bet,
2459 3535 2763 3617 quoniam
2823 3534 3092 3600 advenit
3147 3533 3309 3600 hora
3364 3535 3533 3601 eius:
3592 3543 3936 3619 postquam
3981 3547 4198 3606 autem

2269 3621 2524 3704 peperit
2601 3621 2965 3703 puerulum,
3046 3620 3180 3685 iam
3246 3639 3378 3685 non
3443 3620 3747 3686 meminit
3810 3622 4204 3705 afflictionis,

2271 3715 2537 3789 propter
2579 3705 2909 3791 gaudium,
2953 3704 3122 3789 quod
3160 3706 3354 3771 bomo
3388 3705 3477 3771 sit
3512 3715 3706 3772 natus
3739 3706 3809 3771 in
3845 3710 4201 3776 mundum:

2269 3793 2552 3858 laetatur
2615 3792 2790 3857 enim
2857 3793 2937 3858 ob
3002 3793 3270 3858 infantis
3333 3791 3656 3875 vagitum.
3742 3793 3839 3858 At
3897 3804 4202 3862 naturam

2269 3879 2479 3962 ipsam
2550 3878 2707 3944 vicit
2770 3876 2932 3944 haec
2993 3877 3259 3944 mulier:
3324 3898 3479 3942 nam
3545 3877 3768 3943 audito
3835 3882 4072 3946 nuncio
4121 3883 4202 3949 de

2268 3984 2448 4029 mare
2503 3964 2576 4029 in
2635 3963 2845 4029 lucem
2906 3962 3099 4048 edito,
3156 3962 3240 4028 ad
3298 3983 3491 4046 quem
3537 3963 3871 4046 pontificia
3914 3964 4201 4051 dignitas

2268 4061 2543 4116 naturae
2586 4048 2730 4115 iure
2767 4048 3197 4127 deferebatur,
3257 4069 3333 4114 eo
3356 4070 3489 4115 non
3530 4049 3850 4115 afficitur:
3909 4052 4047 4117 sola
4072 4054 4193 4119 Dei

2266 4155 2417 4202 arca
2481 4135 2689 4220 ipsius
2757 4142 3039 4200 mentem
3114 4141 3403 4217 occupat,
3469 4134 3612 4201 sola
3677 4146 3981 4202 versatur
4041 4146 4196 4205 ante

2264 4222 2504 4306 oculos,
2570 4229 2646 4286 ut
2709 4220 2893 4286 nulla
2953 4242 3059 4286 res
3125 4221 3412 4286 humana
3453 4219 3772 4286 laetitiam
3815 4222 3912 4287 illi
3968 4243 4198 4306 parere

2266 4308 2488 4390 possit.
2577 4305 3120 4390 Quandoquidem
3194 4306 3400 4389 igitur
3457 4304 3584 4371 Dei
3659 4307 3905 4393 gloriae
3973 4308 4193 4374 studio

2265 4392 2650 4458 muliercula
2704 4401 3042 4476 tantopere
3101 4401 3420 4459 commota
3474 4400 3594 4471 est,
3654 4394 3842 4476 quale
3893 4403 4190 4460 nostrum

2263 4478 2386 4545 hac
2443 4479 2512 4543 in
2570 4485 2755 4561 parte
2809 4499 2950 4544 esse
2993 4488 3296 4561 putamus
3339 4477 3672 4545 officium?
3731 4477 3907 4545 Sane
3951 4477 4031 4545 de
4075 4500 4192 4545 no-

2261 4564 2362 4630 bis
2404 4564 2575 4631 serio
2616 4563 3035 4648 cogitandum
3080 4572 3200 4645 est,
3245 4585 3320 4629 ac
3342 4562 3676 4630 sciendum
3703 4564 4022 4647 profanos,
4063 4566 4192 4632 Dei

2259 4672 2502 4718 nomen
2547 4650 2945 4733 blasphemis
2990 4651 3255 4716 vocibus
3298 4650 3679 4728 lacerantes,
3737 4670 3813 4715 ac
3856 4649 4189 4733 religionis

2258 4745 2742 4818 contemptores
2793 4757 2926 4800 non
2967 4737 3235 4819 impune
3277 4744 3532 4800 tantum
3577 4733 3896 4818 flagitium
3944 4736 4192 4805 laturos

2259 4824 2373 4889 sed
2428 4822 2586 4889 olim
2642 4842 2856 4889 coram
2904 4821 3030 4887 Dei
3072 4821 3236 4887 solio
3279 4819 3616 4897 sistendos,
3676 4828 3743 4884 et
3786 4820 4011 4903 poenis
4054 4843 4189 4887 me-

2258 4911 2404 4976 ritis
2463 4907 2853 4974 afficiendos.
2944 4907 3170 4991 Neque
3213 4925 3372 4972 vero
3417 4915 3673 4970 tantum
3718 4904 3909 4971 rebus
3954 4906 4186 4973 adver-

2257 4996 2350 5061 sis
2406 4996 2535 5061 isto
2590 5013 2710 5059 nos
2766 4993 2950 5059 decet
2991 4993 3207 5060 studio
3251 4994 3529 5074 flagrare
3573 4989 3703 5055 Dei
3747 4991 4013 5075 gloriae,
4072 4994 4186 5060 sed

2258 5082 2546 5145 maxime
2604 5081 2950 5162 prosperis.
3039 5079 3205 5144 Nam
3263 5079 3412 5143 licet
3466 5076 3685 5141 omnia
3730 5078 3912 5143 nobis
3955 5099 4038 5143 ex
4081 5100 4187 5146 ar·

2258 5167 2452 5233 bitrio
2497 5165 2867 5244 succedant,
2917 5164 3231 5247 Deusque
3287 5163 3360 5228 in
3404 5162 3709 5228 omnibus
3751 5184 3892 5229 sese
3927 5163 4182 5232 facilem

2256 5252 2449 5319 nobis
2506 5259 2573 5319 et
2628 5251 2983 5337 propitium
3024 5251 3355 5334 praebeat:
3416 5256 3482 5314 et
3525 5248 3703 5315 domi
3745 5250 4018 5335 quisque
4060 5250 4192 5319 for-

3672 5349 3774 5406 28*
