5059 6059
898 326 1028 395 259

914 524 1297 604 querentur:
1358 538 1556 600 quare
1612 517 1808 582 etiam
1864 517 1931 582 in
1989 516 2102 581 illo
2146 518 2397 582 cantico
2441 516 2570 583 Dei
2610 514 2835 581 laudes

913 604 1274 689 praedicari
1339 614 1405 668 et
1461 602 1777 668 celebrari
1820 603 2168 669 bonitatem
2213 601 2529 668 audimus.
2618 601 2834 684 Atque

910 690 1150 755 idcirco
1216 690 1410 753 etiam
1469 690 1791 755 canticum
1848 688 2011 754 illud
2058 699 2130 754 ut
2171 709 2305 753 rem
2353 686 2544 753 laude
2587 686 2836 771 dignis·

913 778 1147 841 simam
1193 774 1489 840 videmus
1533 775 1603 838 in
1637 776 1779 857 ipso
1814 773 1976 859 legis
2013 774 2340 839 volumine
2376 773 2835 855 conscriptum,

911 871 979 927 et
1031 869 1108 925 ut
1166 860 1416 926 facinus
1462 862 1774 925 memoria
1815 860 2085 945 dignum
2129 860 2571 924 monumentis
2613 878 2835 924 sacrae

913 946 1273 1029 scripturae
1316 947 1650 1011 insertum.
1740 946 1917 1029 Ergo
1961 967 2043 1010 ex
2087 945 2229 1010 istis
2264 944 2680 1028 conspicuum
2716 954 2834 1027 est,

911 1032 1219 1097 mulieres
1282 1032 1349 1096 in
1415 1031 1547 1095 illis
1612 1030 1986 1114 regionibus
2049 1030 2504 1095 instrumentis
2570 1028 2834 1095 musicis

911 1117 1012 1182 uti
1054 1117 1301 1196 solitas,
1343 1116 1698 1199 virtutique
1742 1115 1966 1181 datum
2011 1116 2231 1199 fuisse,
2273 1117 2454 1181 cuius
2498 1115 2595 1180 rei
2636 1114 2833 1179 etiam

912 1203 1068 1269 facit
1122 1201 1317 1267 fidem
1376 1202 1680 1268 Psalmus
1737 1202 1841 1286 68,
1899 1202 2009 1267 ubi
2067 1200 2342 1267 Davidis
2384 1200 2698 1266 victoriae
2740 1201 2835 1265 ita

913 1286 1394 1373 praedicantur,
1459 1288 1570 1369 qui
1635 1287 1760 1352 fuit
1824 1289 2035 1371 figura
2092 1285 2357 1351 Domini
2417 1286 2621 1351 nostri
2681 1284 2833 1351 Iesu

916 1373 1184 1452 Christi,
1219 1381 1293 1437 ut
1326 1372 1767 1456 cuiuscunque
1801 1371 2181 1438 conditionis
2223 1372 2512 1437 homines
2548 1381 2614 1435 et
2635 1391 2833 1435 sexus

914 1460 1107 1524 victis
1141 1467 1208 1522 et
1243 1460 1443 1523 caesis
1481 1457 1775 1524 hostibus
1808 1458 1950 1523 Deo
1972 1459 2215 1541 gratias
2235 1467 2521 1542 agerent,
2559 1454 2834 1521 Davidis

915 1545 1086 1609 facta
1123 1553 1462 1609 canentes:
1508 1564 1639 1607 non
1684 1542 1942 1626 quidem
1988 1551 2063 1607 ut
2104 1543 2306 1624 ipsius
2342 1561 2654 1625 personae
2690 1540 2830 1624 dig·

915 1630 1090 1695 nitas
1123 1629 1332 1694 omnis
1368 1629 1761 1693 tribueretur
1795 1628 2109 1693 factorum
2140 1629 2563 1711 egregiorum,
2608 1627 2721 1691 sed
2758 1633 2832 1689 nt

916 1714 998 1782 ad
1040 1716 1253 1797 ipsum
1297 1713 1655 1778 Dominum
1702 1723 1998 1779 nostrum
2040 1713 2275 1791 Iesum,
2341 1713 2528 1779 cuius
2572 1721 2712 1777 erat
2755 1713 2829 1776 fi·

1010 1820 1101 1878 ra,
1179 1820 1320 1864 esse
1384 1797 1720 1865 referenda
1784 1797 2277 1864 demonstratur.
2364 1798 2435 1863 Is
2499 1798 2670 1862 enim
2734 1806 2833 1861 est

986 1885 1242 1949 ominus
1307 1894 1531 1949 noster
1591 1883 1777 1950 Iesus
1840 1883 2144 1949 Christus
2204 1904 2419 1950 coram
2476 1903 2600 1965 quo
2658 1882 2830 1947 flecti

918 1992 1111 2036 omne
1170 1990 1344 2053 genu
1388 1980 1655 2053 oportet,
1708 1980 1777 2033 et
1819 1970 1920 2034 cui
1963 1969 2084 2035 soli
2128 1968 2416 2053 agendae
2460 1968 2708 2053 gratiae
2754 1966 2832 2031 de

918 2056 1220 2121 omnibus
1278 2055 1569 2120 victoriis
1627 2074 1789 2136 quas
1849 2053 1927 2118 de
1971 2055 2264 2120 hostibus
2305 2053 2492 2118 nobis
2538 2053 2830 2136 largitur.

917 2143 1171 2206 Verum
1250 2151 1465 2206 tamen
1544 2150 1836 2222 tempore
1911 2139 2020 2205 illo
2098 2140 2455 2223 figurarum
2530 2139 2835 2204 dicuntur

918 2226 1225 2292 mulieres
1288 2236 1355 2290 et
1418 2225 1692 2309 puellae.
1737 2225 2021 2310 virgines
2084 2225 2438 2290 occurrisse
2502 2224 2643 2307 regi
2684 2243 2830 2289 cum

919 2311 1272 2396 tympanis,
1329 2311 1599 2377 citharis
1658 2322 1721 2374 et
1780 2311 1971 2387 tibiis,
2031 2308 2255 2375 laudes
2311 2310 2487 2374 illius
2531 2310 2831 2373 decanta-

920 2407 1126 2462 turae.
1213 2394 1399 2476 Quae
1440 2395 1661 2459 omnia
1700 2396 2055 2460 recitantur
2096 2416 2134 2458 a
2169 2396 2485 2478 propheta
2525 2403 2831 2475 tanquam

921 2482 1063 2546 Deo
1120 2493 1306 2565 grata
1360 2489 1425 2545 et
1468 2491 1747 2562 accepta,
1805 2482 2071 2562 eiusque
2114 2479 2317 2545 cultui
2360 2480 2828 2555 convenientia,

919 2575 987 2631 et
1042 2587 1192 2648 pars
1249 2585 1443 2631 verae
1497 2565 1845 2648 religionis.
1934 2565 2276 2630 Caeterum
2323 2576 2478 2630 tunc
2519 2565 2828 2649 temporis

918 2651 1038 2716 sub
1104 2650 1247 2733 lege
1311 2651 1670 2716 maximum
1733 2671 1924 2718 usum
1991 2650 2188 2716 fuisse
2252 2650 2828 2715 instrumentorum

917 2737 1316 2801 musicorum
1361 2746 1609 2803 certum
1653 2744 1773 2815 est,
1817 2736 1897 2801 ad
1942 2735 2168 2801 laudes
2209 2734 2337 2801 Dei
2380 2735 2825 2801 celebrandas:

916 2840 1083 2905 quae
1126 2823 1181 2886 si
1223 2820 1416 2886 hodie
1460 2831 1769 2903 tanquam
1814 2822 2174 2888 necessaria
2216 2842 2680 2901 revocaremus,
2744 2818 2825 2885 ad

915 2916 1170 2974 veteres
1213 2907 1477 2973 umbras
1517 2907 1891 2988 rediremus,
1947 2906 2286 2990 lucemque
2329 2907 2506 2971 illam
2551 2927 2714 2990 quae
2755 2905 2826 2969 in

913 2993 1051 3059 filio
1129 2991 1258 3058 Dei
1337 2994 1633 3075 apparuit
1712 2993 2200 3060 obscuraremus
2263 3001 2329 3058 et
2391 2993 2824 3058 obrueremus.

915 3079 1135 3160 Quare
1189 3078 1311 3142 fuit
1353 3078 1423 3142 in
1465 3078 1723 3161 Papatu
1765 3079 2036 3144 ridicula
2080 3078 2271 3143 nimis
2313 3087 2378 3143 et
2419 3079 2643 3162 inepta
2681 3077 2827 3141 imi-

913 3164 1092 3241 tatio,
1129 3184 1332 3245 quum
1373 3166 1614 3246 templa
1643 3184 1979 3242 exornare,
2015 3162 2268 3246 Deique
2290 3163 2538 3228 cultum
2561 3162 2828 3228 reddere

914 3246 1330 3315 celebriorem
1391 3250 1866 3326 existimarunt,
1934 3251 1991 3314 si
2046 3268 2284 3330 organa
2328 3259 2396 3313 et
2438 3249 2567 3314 alia
2610 3248 2827 3312 istius·

911 3334 1086 3400 modi
1124 3334 1329 3399 multa
1363 3333 1614 3400 ludicra
1648 3333 2059 3399 adhiberent:
2116 3334 2349 3416 quibus
2384 3334 2667 3399 maxime
2698 3332 2828 3396 Dei

914 3418 1186 3486 verbum
1245 3428 1314 3484 et
1365 3420 1580 3485 cultus
1639 3420 1974 3503 profanata
2031 3428 2203 3495 sunt,
2267 3420 2501 3502 populo
2544 3419 2829 3484 externis

913 3505 1056 3569 istis
1101 3504 1331 3569 ritibus
1376 3504 1631 3571 addicto
1675 3505 1893 3587 potius
1936 3525 2126 3587 quam
2175 3505 2350 3570 verbi
2396 3504 2600 3570 divini
2635 3503 2826 3569 intel-

915 3590 1240 3671 ligentiae.
1329 3588 1588 3655 Scimus
1635 3601 1850 3654 autem
1889 3589 1998 3654 ubi
2034 3589 2215 3655 nulla
2249 3599 2346 3655 est
2379 3589 2827 3670 intelligentia,

914 3674 1159 3739 nullam
1225 3676 1422 3740 etiam
1483 3674 1992 3740 aedificationem
2050 3694 2224 3741 esse:
2290 3674 2828 3758 quemadmodum

917 3759 1163 3825 Paulus
1208 3760 1530 3842 apostolus
1574 3760 1776 3841 docet,
1821 3779 2026 3842 quum
2065 3762 2171 3838 ait,
2219 3781 2346 3842 quo
2387 3760 2578 3825 modo
2618 3768 2832 3843 potest

922 3844 1122 3910 idiota
1173 3845 1441 3910 reddere
1483 3845 1634 3910 fidei
1678 3845 2139 3922 testimonium,
2183 3858 2294 3910 aut
2335 3845 2653 3929 quomodo
2698 3844 2831 3911 dic·

925 3939 1114 3995 turus
1156 3940 1256 3993 est
1303 3932 1509 3995 Amen
1556 3931 1638 3995 ad
1680 3932 2042 4014 gratiarum
2083 3932 2421 4009 actionem,
2474 3931 2598 3996 nisi
2639 3929 2829 3996 intel·

922 4013 1128 4096 ligat?
1216 4013 1435 4095 Quare
1501 4016 1723 4081 fideles
1788 4016 2085 4081 hortatur
2147 4037 2225 4081 eo
2289 4017 2427 4082 loco
2483 4025 2561 4081 ut
2619 4018 2827 4082 Deum

916 4111 1278 4184 precanteS,
1315 4111 1381 4164 et
1412 4101 1537 4183 ipsi
1573 4099 1942 4184 psallentes,
1978 4112 2043 4166 et
2077 4111 2425 4186 precentur
2458 4112 2524 4167 et
2551 4102 2834 4183 psallant

920 4184 1373 4268 intelligentia,
1418 4206 1546 4251 non
1593 4187 1818 4270 lingua
1863 4191 2224 4271 peregrina,
2312 4188 2423 4252 sed
2469 4186 2724 4270 vulgari
2768 4195 2836 4251 et

919 4270 1335 4355 intelligibili,
1380 4278 1457 4335 ut
1497 4273 1583 4337 sit
1623 4273 1693 4336 in
1737 4274 2008 4337 ecclesia
2049 4274 2422 4338 aedificatio.
2483 4272 2672 4352 Quod
2718 4272 2835 4336 ita-

919 4378 1044 4441 que
1089 4358 1215 4420 fuit
1256 4356 1324 4420 in
1371 4377 1494 4422 usu
1539 4355 1701 4439 legis
1743 4369 2051 4442 tempore,
2095 4357 2342 4422 nullum
2391 4357 2580 4422 hodie
2624 4358 2832 4422 locum

919 4441 1089 4525 apud
1150 4462 1269 4506 nos
1326 4440 1608 4507 obtinet:
1668 4452 1734 4507 et
1777 4442 1969 4509 rebus
2015 4444 2154 4508 istis
2197 4465 2328 4507 non
2375 4443 2564 4507 modo
2607 4464 2833 4526 super·

913 4529 1087 4605 fluis,
1155 4526 1267 4592 sed
1336 4527 1640 4593 inanibus
1705 4528 1900 4592 etiam
1958 4526 2408 4593 abstinendum
2467 4539 2594 4594 est:
2663 4528 2832 4612 quod

916 4613 1205 4680 sufficiat
1254 4632 1418 4696 pura
1462 4625 1527 4678 et
1569 4613 1843 4696 simplex
1889 4612 2258 4678 divinarum
2300 4612 2565 4678 laudum
2608 4614 2834 4678 modu·

914 4699 1095 4777 latio,
1129 4698 1321 4764 corde
1356 4707 1425 4763 et
1458 4719 1567 4763 ore
1604 4711 1824 4764 nostro
1861 4699 2100 4783 singuli
2134 4698 2475 4764 idiomate:
2518 4700 2834 4783 siquidem

914 4786 1157 4852 scimus
1216 4783 1571 4848 Dominum
1630 4793 1923 4849 nostrum
1985 4783 2203 4850 Iesum
2258 4784 2592 4850 Christum
2638 4806 2832 4869 appa·

914 4870 1140 4947 ruisse,
1178 4881 1246 4933 et
1279 4869 1548 4935 umbras
1580 4869 1725 4935 illas
1762 4868 2002 4954 legales
2031 4891 2147 4935 suo
2170 4869 2449 4935 adventu
2474 4870 2835 4953 dissipasse.

912 4956 1235 5020 Musicam
1313 4956 1532 5037 itaque
1614 4955 1794 5021 illam
1874 4956 2436 5021 instrumentalem
2502 4964 2838 5021 teneamus

915 5046 1075 5105 tunc
1130 5039 1386 5104 ratione
1446 5043 1757 5124 temporis
1812 5040 1988 5107 illius
2044 5051 2110 5105 et
2162 5041 2384 5125 populi
2443 5040 2639 5108 fuisse
2684 5042 2835 5106 tole·

915 5134 1149 5204 ratam,
1206 5124 1376 5207 quod
1438 5136 1654 5191 essent
1696 5135 1772 5191 ut
1814 5128 2017 5211 pueri,
2075 5125 2610 5209 quemadmodum
2657 5147 2837 5193 sacra

911 5212 1236 5294 scriptura
1294 5209 1606 5293 loquitur,
1663 5212 1774 5295 qui
1834 5212 2193 5296 puerilibus
2249 5212 2396 5277 istis
2452 5211 2837 5279 rudimentis

2516 326 2927 396 HOMILIA
2971 330 3224 398 LXVI.

4670 320 4763 388 260

2938 520 3330 603 indigerent,
3386 536 3551 600 quae
3609 512 3799 581 hodie
3854 535 3985 578 non
4043 518 4195 578 sunt
4235 509 4412 574 ultro
4452 508 4769 573 revocanda:

2937 607 3060 670 nisi
3119 604 3573 689 perfectionem
3635 599 4073 683 evangelicam
4135 595 4409 660 velimus
4450 594 4687 670 abolere,
4727 605 4774 659 et

2935 690 3194 774 plenam
3239 690 3451 755 lucem
3484 707 3679 770 quam
3714 686 3784 750 in
3821 684 4082 751 Christo
4116 682 4400 747 Domino
4437 690 4636 744 nostro
4662 700 4773 745 con-

2936 777 3191 860 sequuti
3235 795 3461 839 sumus
3503 772 3860 838 obscurare.

3105 862 3195 926 Et
3239 860 3553 926 hactenus
3598 857 3676 922 de
3720 856 4001 922 musica:
4060 856 4138 919 de
4180 852 4434 920 choreis
4478 861 4670 914 autem
4700 850 4776 912 vel

2934 946 3401 1023 saltationibus,
3437 964 3634 1028 quum
3671 941 3978 1007 dicuntur
4006 940 4308 1005 mulieres
4327 936 4587 1001 choreas
4604 934 4776 1033 egisse,

2933 1032 3278 1116 peculiaris
3342 1028 3651 1112 quaedam
3710 1028 3877 1093 ratio
3934 1037 4067 1093 est:
4127 1046 4280 1090 nam
4339 1032 4405 1088 et
4460 1023 4549 1086 ita
4599 1020 4780 1084 dicitur

2932 1118 3147 1184 David
3205 1115 3562 1182 saltavisse.
3639 1113 3865 1194 Neque
3920 1112 4095 1177 enim
4152 1119 4338 1175 erant
4378 1107 4531 1173 illae
4568 1106 4780 1203 chcrem

2934 1203 3306 1289 petulantes
3348 1210 3414 1266 et
3455 1199 3736 1267 lascivae
3779 1203 4002 1281 quales
4042 1210 4195 1263 sunt
4239 1194 4464 1261 hodie:
4523 1191 4780 1275 siquidem

2934 1288 3325 1355 exsiliebant
3380 1286 3477 1350 illi
3520 1298 3585 1350 et
3628 1284 3952 1350 saltabant
3995 1303 4148 1366 prae
4189 1280 4456 1360 laetitia,
4513 1299 4631 1362 qua
4665 1278 4785 1359 ipso-

2933 1396 3081 1440 rum
3140 1371 3334 1439 corda
3385 1370 3957 1436 commovebantur
4000 1390 4082 1433 ex
4125 1367 4382 1433 divinae
4428 1364 4655 1449 gloriae
4687 1382 4785 1425 am·

2932 1459 3321 1544 plificatione
3388 1468 3649 1540 propter
3715 1455 4047 1519 benefacta
4107 1473 4270 1537 quae
4334 1452 4416 1516 ab
4476 1452 4607 1549 ipso
4653 1469 4783 1513 acce-

2932 1555 3180 1629 perant,
3217 1555 3282 1609 et
3322 1543 3556 1626 quibus
3590 1562 3730 1606 sese
3766 1540 3979 1605 Deum
4016 1548 4082 1604 et
4105 1547 4534 1621 protectorem
4553 1554 4785 1618 ipsorum

2931 1632 3141 1714 magis
3177 1630 3506 1713 magisque
3541 1626 3983 1711 patefaciebat.
4069 1627 4249 1704 Quas
4281 1643 4440 1687 vero
4476 1621 4789 1686 saltationes

2933 1716 3124 1782 hodie
3159 1714 3451 1780 videmus
3481 1713 3719 1796 passim
3747 1712 4001 1796 agitari,
4036 1712 4183 1792 quis
4205 1708 4373 1773 dicat
4395 1708 4544 1773 istis
4562 1703 4787 1799 similest

2933 1801 3205 1868 Certum
3268 1800 3440 1863 enim
3502 1809 3600 1863 est
3655 1808 3969 1880 quotquot
4026 1794 4215 1860 hodie
4270 1796 4442 1859 fiunt
4485 1789 4790 1886 istiusmodi

2931 1887 3325 1963 saltationes,
3391 1905 3531 1948 esse
3589 1880 3668 1946 ad
3727 1902 3986 1947 omnem
4030 1880 4359 1947 lasciviam
4401 1888 4473 1943 et
4513 1874 4792 1959 impudici·

2934 1974 3092 2036 tiam
3126 1971 3269 2035 iter.
3337 1969 3505 2033 Nam
3542 1970 3662 2033 etsi
3707 1989 3841 2031 non
3885 1988 4139 2049 semper
4183 1987 4253 2031 re
4295 1966 4442 2047 ipsa
4485 1969 4792 2028 scortentur

2932 2057 3261 2134 saltantes,
3326 2065 3543 2119 tamen
3602 2053 3816 2118 aditus
3860 2054 4085 2136 patefit
4127 2052 4205 2116 ad
4252 2047 4612 2115 istiusmodi
4653 2059 4795 2126 turpe

2931 2143 3200 2216 facinus,
3244 2148 3313 2205 et
3345 2138 3482 2203 loca
3516 2140 3583 2203 in
3622 2138 3853 2221 quibus
3888 2139 4338 2215 instituuntur,
4380 2144 4547 2199 sunt
4567 2132 4793 2229 plemin-

2933 2249 3059 2311 que
3138 2225 3497 2293 certissima
3568 2224 3925 2305 lupanaria.
4015 2222 4283 2288 Davidis
4349 2240 4511 2285 vero
4570 2216 4794 2286 saltatio.

2932 2317 3142 2397 legem
3198 2332 3278 2375 ex
3339 2321 3523 2394 parte
3580 2309 3866 2391 respicit:
3929 2306 4002 2371 in
4055 2328 4181 2389 qua
4224 2306 4388 2372 nihil
4434 2304 4795 2371 immodicum

2930 2400 3071 2474 fuit,
3137 2417 3348 2478 neque
3400 2395 3648 2461 laetitia
3703 2393 3901 2458 stulta
3957 2401 4025 2457 et
4068 2393 4310 2458 inanis:
4376 2392 4515 2466 ssd,
4579 2400 4648 2455 ut
4682 2403 4797 2452 ante

2932 2484 3087 2563 dixi,
3130 2482 3479 2548 vehemens
3523 2489 3588 2544 et
3631 2478 3865 2545 ardens
3909 2477 4198 2543 studium
4232 2477 4360 2542 Dei
4403 2475 4626 2542 laudes
4656 2494 4797 2557 prae·

2932 2567 3207 2645 dicandi,
3253 2587 3380 2649 quo
3424 2577 3639 2650 patres
3683 2572 4081 2644 exarserant,
4124 2565 4233 2629 sed
4280 2564 4413 2628 ritu
4451 2574 4520 2628 et
4553 2561 4801 2627 instituto

2932 2674 3196 2722 suorum
3266 2665 3650 2736 temporum.
3739 2649 3960 2731 Quare
4029 2649 4371 2733 diligenter
4442 2643 4798 2714 observanda

2930 2751 3032 2807 est
3085 2749 3445 2824 temporum
3504 2738 3762 2803 illorum
3823 2757 3862 2801 a
3904 2736 4142 2801 nostris
4186 2734 4590 2800 differentia:
4655 2739 4721 2797 ut
4747 2750 4801 2794 eo

2931 2829 3017 2892 sit
3072 2825 3385 2891 illustrior
3439 2824 3549 2888 lux
3605 2821 3718 2886 illa
3771 2842 3964 2905 quam
4024 2819 4208 2887 nobis
4261 2821 4488 2885 attulit
4532 2819 4802 2884 Dominus

2933 2920 3152 2977 noster
3178 2911 3357 2975 lesus
3384 2908 3689 2975 Christus
3710 2906 4032 2990 evangelii
4053 2905 4556 2990 praedicatione.
4599 2902 4801 2985 Quam·

2929 2998 3150 3062 obrem
3214 3015 3412 3077 quum
3480 2994 3586 3058 hic
3651 2992 3952 3058 audimus
4017 2992 4319 3057 mulieres
4381 2993 4641 3057 venisse
4691 3007 4800 3051 cum

2929 3084 3261 3166 tympanis
3303 3090 3368 3144 et
3409 3078 3670 3145 musicis
3711 3078 4161 3143 instrumentis
4203 3078 4469 3143 obviarn
4517 3074 4708 3152 Sauli,
4758 3081 4805 3133 ot

2929 3168 3196 3233 choreas
3240 3165 3469 3248 egisse,
3513 3174 3850 3228 teneamus
3894 3163 4039 3228 illas
4082 3162 4163 3228 ad
4196 3162 4419 3228 Deum
4450 3158 4802 3247 precandum

2930 3261 2999 3316 et
3054 3250 3274 3316 laudes
3324 3250 3532 3333 ipsius
3574 3248 4033 3332 praedicandas
4076 3248 4304 3313 fecisse
4346 3247 4435 3311 ad
4481 3244 4802 3327 exemplum

2930 3348 2997 3401 et
3053 3337 3428 3401 institutum
3486 3335 3734 3400 Mariae
3790 3336 4028 3400 sororis
4090 3333 4294 3399 Mosis
4339 3342 4409 3398 et
4451 3332 4801 3413 reliquarum

2929 3423 3296 3499 mulierum,
3352 3440 3517 3503 quae
3572 3421 3776 3502 ipsam
3818 3420 4162 3487 comitatae
4205 3420 4486 3483 fuerant.
4578 3418 4677 3482 Ex
4709 3429 4801 3494 quo

2928 3517 3263 3592 praeterea
3330 3504 3640 3572 discimus
3696 3505 4000 3569 mulieres
4051 3503 4201 3568 licet
4255 3503 4577 3570 adversus
4633 3502 4802 3566 hostes

2931 3613 3113 3658 arma
3152 3613 3287 3656 non
3332 3594 3560 3670 ferant,
3604 3591 3847 3674 gratias
3888 3599 4106 3654 tamen
4149 3610 4342 3673 agere
4378 3588 4534 3655 Deo
4569 3609 4677 3673 pro
4708 3583 4803 3646 viu·

2928 3679 3097 3744 toria
3161 3677 3411 3743 debere.
3493 3676 3664 3741 Nam
3742 3684 3900 3758 quot
3963 3676 4346 3758 quantisque
4413 3676 4674 3742 casibus
4724 3666 4805 3731 ob·

2930 3764 3183 3842 noxiae,
3226 3764 3282 3827 si
3322 3762 3538 3828 hostes
3563 3761 3834 3827 victoria
3855 3760 4241 3844 potiuntur?
4287 3760 4550 3826 Milites
4570 3778 4712 3827 saue
4729 3751 4805 3818 vel

2930 3850 3057 3918 viri
3100 3848 3302 3913 semel
3344 3845 3717 3913 occumbere
3760 3857 3827 3910 et
3866 3846 4081 3929 gladio
4127 3849 4334 3929 perire
4377 3855 4681 3930 possunt:
4724 3836 4803 3904 sed

2933 3937 3206 4000 miserae
3262 3934 3566 3998 mulieres
3622 3930 3905 3997 hostium
3963 3930 4243 3997 ludibrio
4284 3942 4352 3997 et
4396 3931 4688 3999 dedecori
4723 3947 4803 3990 ex·

2936 4031 3282 4104 ponuntur,
3338 4028 3431 4099 ut,
3473 4017 3530 4082 si
3574 4016 3839 4081 daretur
3879 4017 4076 4101 optio,
4121 4018 4313 4102 longe
4356 4019 4596 4084 melior
4632 4017 4804 4081 futur·

2935 4108 3019 4171 sit
3059 4106 3345 4187 ipsorum
3390 4102 3671 4167 conditio
3714 4102 3771 4167 si
3813 4103 4010 4168 semel
4054 4102 4271 4188 gladio
4313 4108 4535 4187 perire
4570 4107 4803 4187 possent.

2934 4211 3130 4274 quam
3195 4188 3486 4254 dedecori
3551 4196 3618 4253 et
3680 4187 4072 4270 ignominiae
4136 4189 4425 4254 hostium
4496 4185 4717 4271 exponi
4759 4189 4803 4242 et

2937 4277 3211 4358 turpiter
3267 4273 3520 4352 violari,
3594 4272 3870 4354 denique
3928 4273 4103 4338 mille
4159 4274 4513 4358 opprobria
4568 4272 4707 4357 pati,
4760 4277 4805 4329 οἵ

2935 4361 3199 4426 tandem
3232 4359 3580 4424 crudeliter
3613 4357 3943 4424 trucidari.
4023 4359 4184 4425 Illae
4217 4380 4371 4425 sane
4409 4382 4545 4426 non
4581 4359 4803 4443 possunt

2937 4447 3152 4512 hostes
3195 4466 3343 4509 suos
3378 4444 3619 4527 ulcisci,
3664 4444 3777 4509 sed
3814 4443 3986 4508 domi
4021 4444 4256 4511 debent
4290 4465 4647 4524 remanere,
4680 4437 4803 4506 suis·

2936 4552 3062 4614 que
3104 4529 3400 4613 precibus
3437 4529 3650 4594 Deum
3687 4528 4034 4595 sollicitare
4069 4530 4223 4595 dum
4260 4531 4505 4597 milites
4540 4530 4802 4595 adversus

2934 4617 3155 4682 hostes
3193 4616 3503 4681 dimicant
3546 4636 3658 4697 pro
3692 4614 3982 4681 victoria.
4071 4614 4620 4698 Quandoquidem
4651 4612 4802 4694 igitur

2937 4702 3252 4785 sanguine
3310 4701 3599 4766 virorum
3646 4700 3915 4765 victoria
3958 4702 4309 4785 quaeritur,
4364 4697 4800 4790 quiescentibus

2935 4786 3194 4852 interim
3236 4786 3409 4851 domi
3442 4784 3843 4866 mulieribus,
3883 4786 4056 4869 quod
4094 4788 4225 4851 sint
4257 4787 4463 4852 armis
4498 4779 4800 4852 uastandss

2935 4873 3216 4956 impares
3258 4880 3325 4937 et
3368 4870 3703 4950 inhabiles,
3762 4893 3837 4936 eo
3879 4873 4120 4938 maiore
4161 4871 4378 4939 studio
4418 4881 4491 4939 et
4534 4867 4800 4937 ardentio-

2938 4959 3116 5023 ribus
3150 4957 3445 5042 precibus
3482 4956 3626 5022 Deo
3660 4958 3902 5041 gratias
3937 4977 4130 5041 agere
4163 4955 4419 5037 debent,
4466 4957 4635 5041 quod
4667 4956 4797 5036 ipsse

2937 5045 3333 5125 quiescentes
3376 5043 3688 5109 liberatae
3731 5045 3882 5121 sint,
3926 5053 3994 5108 et
4035 5044 4185 5108 licet
4229 5065 4360 5109 non
4402 5039 4798 5127 pugnantibus

2937 5128 3121 5194 Deus
3155 5130 3311 5214 ipsis
3343 5128 3654 5196 victoriae
3687 5128 3967 5194 fructum
3995 5127 4334 5214 largiatur,
4368 5150 4569 5213 seque
4589 5125 4796 5216 illul-utu

2936 5223 3369 5299 protectorem
3422 5214 3839 5280 demonstret.
3925 5212 4176 5281 Idcirco
4234 5215 4437 5299 igitur
4492 5214 4601 5281 hic
4636 5226 4798 5275 nouu-
