5059 6059
728 321 862 391 583

734 521 930 580 tanta
971 512 1282 598 superbia
1322 520 1391 575 et
1433 512 1827 595 arrogantia
1861 509 2180 578 adversus
2212 512 2431 595 ipsum
2476 513 2703 577 ferun·

2399 319 2819 390 HOMILIA
2871 317 3129 386 Xolv.

4639 314 4752 380 584

2812 510 2938 575 hoc
2962 506 3170 589 ipsius
3196 505 3507 570 beneficio
3542 506 4101 588 conquiescentes,
4144 505 4316 589 qnod
4352 507 4425 570 in
4463 504 4752 588 populum

737 609 873 678 tur,
917 607 984 662 et
1028 617 1229 682 supra
1272 596 1486 661 nubes
1548 617 1696 661 sese
1751 596 2122 676 efferentes,
2188 606 2256 662 et
2318 598 2387 660 in
2448 597 2701 662 coelum
2808 613 3002 661 suum
3045 612 3163 656 nos
3208 590 3495 670 admisit,
3542 602 3611 656 et
3654 604 3971 674 tanquam
4016 591 4187 656 filios
4230 611 4461 657 amore
4505 602 4756 673 paterno

739 692 1176 766 conspuentes
1259 692 1578 765 perpetuo
1649 681 1968 748 dedecore
2034 691 2099 747 et
2171 683 2537 765 ignominia
2607 686 2705 747 in·
2810 678 3295 763 complectitur.

737 769 985 834 volvat.

914 853 1118 937 Agite
1186 851 1398 936 igitur
1457 851 1788 918 Davidem
1858 854 1955 919 sic
2011 855 2384 936 imitemur,
2441 862 2515 917 ut
2572 851 2704 918 Dei

738 959 983 1005 nomen
1038 956 1161 1021 pro
1217 950 1404 1002 scuto
1462 937 1844 1004 firmissimo
1888 939 2294 1004 retineamus
2336 950 2401 1003 et
2444 958 2522 1003 eo
2565 939 2704 1002 solo

738 1025 895 1090 freti
953 1026 1363 1097 invocemus,
1424 1023 1979 1106 quemadmodum
2025 1025 2157 1089 alio
2201 1025 2340 1090 loco
2381 1023 2705 1106 propheta

739 1110 952 1176 canit:
1001 1108 1252 1175 Hostes
1289 1110 1497 1173 nostri
1533 1109 1832 1175 fidebant
1856 1112 1995 1175 suis
2037 1110 2359 1181 curribus.
2406 1112 2594 1192 equis
2637 1117 2708 1174 et

740 1195 1007 1271 lanceis,
1069 1194 1184 1259 sed
1233 1213 1354 1258 uos
1395 1194 1527 1257 Dei
1571 1214 1813 1262 nomen
1859 1197 2329 1262 invocabimus.
2419 1195 2706 1259 Verum-

740 1282 1084 1347 enimvero
1108 1278 1466 1344 Paulinum
1489 1279 1654 1344 illud
1691 1283 1888 1346 etiam
1925 1293 2343 1366 praeceptum
2388 1280 2705 1347 memoria

741 1384 1060 1432 revocare
1103 1384 1230 1429 nos
1270 1374 1574 1446 oportet:
1620 1365 2019 1450 Quicunque
2061 1368 2189 1431 Dei
2234 1385 2472 1431 nomen
2519 1366 2706 1431 iuvo-

740 1451 1013 1526 eaverit,
1058 1450 1323 1516 recedat
1357 1451 1440 1515 ab
1474 1450 1840 1533 iniquitate.
1899 1451 2342 1534 Quamobrem
2387 1452 2706 1534 improbis

742 1536 1125 1602 hominibus
1180 1536 1253 1600 in
1315 1545 1613 1601 nostram
1666 1539 2026 1620 perniciem
2085 1538 2464 1620 coniuratis,
2526 1538 2707 1601 hunc

741 1624 1050 1706 clypeum
1094 1640 1523 1704 opponamus,
1581 1624 1911 1690 sincerum
1960 1623 2088 1689 Dei
2133 1624 2406 1707 cultum,
2450 1635 2517 1689 et
2561 1623 2707 1688 obe-

2984 763 3126 828 Iam
3173 779 3337 827 vero
3380 762 3575 844 agite,
3614 769 3719 830 etc.

3371 1108 3856 1194 HOMlLIA
3915 1107 4207 1190 XOlV.

2986 1279 3046 1345 ’1.
3113 1279 3429 1346 Venerunt
3479 1297 3623 1362 erqo
3666 1276 3890 1344 David
3943 1280 4000 1341 et
4037 1277 4276 1343 Abi-sai
4331 1276 4424 1343 cd
4455 1275 4762 1357 populun

2808 1370 3000 1446 nocte,
3060 1370 3118 1431 et
3170 1361 4091 1430 invenenmtSauliacentem
4146 1361 4762 1428 ddmnimtemia

2808 1452 3088 1531 tentom'o,
3154 1457 3214 1516 et
3275 1451 3523 1516 has-tam
3581 1450 3786 1530 fixam
3846 1451 3920 1514 in
3981 1453 4158 1515 terra
4220 1449 4307 1514 ad
4359 1453 4560 1529 caput
4615 1448 4762 1526 eius,

2810 1537 3031 1603 Abner
3072 1542 3280 1602 autem
3321 1542 3378 1601 et
3409 1536 3718 1618 populum
3759 1536 4139 1600 dormientes
4178 1536 4251 1598 in
4292 1533 4579 1599 circuni&
4618 1535 4762 1598 ciat.

2811 1623 2873 1689 8.
2918 1621 3234 1704 Dixitque
3265 1621 3504 1688 Abisai
3545 1622 3634 1686 ad
3665 1619 3921 1687 David:
3969 1619 4288 1687 conclusit
4323 1619 4515 1685 Deus
4559 1619 4762 1683 ianni-

744 1708 1059 1773 dientiam
1128 1707 1570 1772 voluntariam
1640 1728 1833 1791 quam
1894 1708 2097 1775 verbo
2154 1729 2273 1774 suo
2329 1709 2611 1792 requirit
2668 1727 2709 1772 a
2789 1700 2949 1774 'cum
2985 1713 3165 1774 tum
3198 1707 3380 1773 hodie
3420 1708 3491 1771 in
3532 1726 3767 1772 manus
3808 1712 3989 1772 tuas.-
4027 1725 4193 1772 nunc
4229 1724 4374 1789 erqo
4403 1704 4762 1788 perfodiant

743 1794 966 1858 nobis:
1028 1812 1158 1874 quo
1215 1793 1445 1876 clypeo
1499 1793 1655 1858 freti
1715 1816 1944 1860 omnes
2004 1797 2296 1860 omnium
2359 1795 2704 1859 hominum

743 1882 948 1952 vires.
1010 1898 1221 1943 vanas
1263 1879 1775 1961 speculationes,
1837 1880 2127 1960 consilia,
2187 1879 2707 1945 machinationes

741 1963 1054 2029 audacter
1110 1962 1571 2046 despiciamus,
1626 1967 1925 2049 persuasi
1970 1967 2189 2032 Deum
2247 1986 2477 2031 omnes
2529 1986 2704 2030 arro-

739 2062 977 2134 gantes
1013 2057 1081 2113 et
1124 2051 1411 2115 nominis
1454 2051 1556 2115 sui
1604 2063 2090 2136 contemptores
2133 2063 2470 2116 momento
2512 2070 2707 2134 posse

741 2134 1121 2200 deturbare:
1183 2147 1252 2200 et
1295 2137 1604 2218 quoniam
1647 2136 1777 2204 Dei
1822 2158 2064 2204 nomen
2108 2157 2308 2220 super
2349 2157 2470 2202 nos
2514 2137 2708 2202 invo-

739 2232 962 2286 catum
1019 2221 1287 2304 seimus,
1345 2241 1623 2303 eamque
1682 2224 1765 2289 ab
1806 2225 1953 2307 ipso
1999 2224 2282 2308 gratiam
2323 2224 2705 2305 consequuti

740 2324 974 2371 sumus
1018 2317 1094 2370 ut
1136 2306 1342 2370 verbo
1385 2307 1600 2390 ipsius
1645 2308 2043 2387 erudiamur,
2091 2330 2218 2397 quo
2265 2309 2453 2394 signo
2497 2310 2707 2374 simus

741 2391 825 2455 de
884 2393 1093 2473 ipsius
1150 2393 1530 2474 praesentia
1570 2396 1902 2475 certiores,
1954 2404 2022 2460 et
2064 2396 2146 2460 de
2187 2394 2393 2477 ipsius
2437 2413 2595 2459 cura
2639 2404 2708 2459 et

743 2474 1188 2542 sollicitudine
1234 2497 1366 2559 qua
1390 2499 1510 2544 nos
1545 2483 1835 2565 protegit
1876 2490 1945 2546 et
1987 2491 2209 2564 partes
2252 2489 2517 2545 nostras
2563 2491 2705 2545 tue-

740 2576 875 2641 tur,
937 2562 1099 2626 haec
1156 2574 1297 2627 esto
1356 2577 1586 2630 nostra
1643 2567 1903 2647 fiducia,
1948 2567 2073 2632 hoc
2116 2566 2703 2650 propugnaculum,

742 2667 875 2730 quo
897 2645 1130 2713 invicti
1152 2649 1400 2714 erimus
1444 2661 1511 2714 et
1553 2651 1625 2715 in
1669 2652 1904 2717 mediis
1948 2652 2417 2718 tentationibus
2458 2652 2705 2734 imper-

741 2732 961 2799 territi
995 2735 1211 2816 ipsum
1244 2733 1596 2813 diabolum,
1642 2736 1987 2815 mundum,
2030 2748 2373 2820 peccatum
2406 2746 2476 2802 et
2516 2737 2706 2819 quid-

740 2817 899 2903 quid
947 2819 1138 2883 nobis
1182 2821 1584 2885 contrarium
1631 2836 1733 2888 est
1777 2824 2228 2909 despiciemus,
2274 2833 2343 2888 et
2388 2832 2704 2906 tauquam

741 2906 937 2972 victis
992 2903 1491 2986 insultabimus,
1562 2906 1840 2991 Deoque
1898 2910 2220 2975 sacrificia
2275 2907 2501 2977 laudis.
2542 2909 2705 2973 offe-

737 3009 987 3067 remus,
1031 3009 1151 3056 nos
1175 2989 1258 3056 ad
1281 2991 1494 3075 ipsius
1531 2993 1941 3060 voluntatem
1985 3004 2054 3060 et
2094 2994 2478 3077 obsequium
2523 3013 2705 3060 com-

741 3088 1101 3159 ponentes:
1159 3087 1228 3140 et
1288 3078 1619 3160 patienter
1661 3082 2032 3162 quicunque
2075 3099 2265 3144 casus
2308 3079 2704 3163 ingruerint,

739 3163 996 3228 exitum
1018 3171 1503 3243 exspectantes.
1547 3164 1719 3231 Nam
1740 3166 2058 3231 memoria
2074 3165 2499 3246 repetendum
2517 3164 2706 3248 illud,

746 3248 820 3313 in
859 3265 979 3330 spe
1016 3256 1090 3312 et
1119 3247 1386 3313 silentio
1430 3250 1855 3332 possidendas
1898 3251 2155 3317 animas
2199 3262 2477 3317 nostras.
2546 3251 2705 3317 Istis

740 3334 949 3418 igitur
1023 3332 1228 3397 armis
1300 3335 1549 3400 erimus
1607 3337 1956 3412 tutissimi,
2025 3350 2092 3402 et
2147 3336 2353 3402 nullis
2411 3357 2703 3419 unquam

743 3420 1040 3484 hostium
1093 3419 1442 3485 conatibus
1487 3440 1527 3485 a
1562 3423 1894 3505 proposito
1939 3422 2262 3488 dimoveri
2306 3423 2704 3504 poterimus:

740 3518 809 3570 et
831 3504 1017 3568 Deus
1055 3501 1393 3569 brachium
1425 3525 1618 3571 suum
1658 3520 1920 3573 exseret
1953 3508 2037 3572 ad
2077 3527 2199 3573 nos
2243 3507 2706 3603 protegendos,

741 3589 800 3654 si
858 3589 928 3652 in
985 3587 1195 3670 ipsius
1251 3591 1563 3673 obsequio
1617 3607 2112 3676 permanentes,
2178 3593 2348 3658 nihil
2415 3614 2455 3658 a
2511 3593 2706 3661 nobis

744 3673 910 3757 ipsis
968 3676 1113 3739 ausi
1148 3674 1489 3754 fuerimus,
1550 3689 2057 3761 nostrarumque
2097 3698 2366 3761 precum
2414 3679 2702 3745 fructum

742 3757 1200 3843 percipiemus,
1259 3763 1453 3827 modo
1510 3763 1582 3828 in
1626 3784 1746 3848 spe
1789 3776 1857 3828 et
1898 3763 2164 3830 silentio
2206 3763 2337 3828 Dei
2380 3765 2700 3830 auxilium

740 3843 1241 3928 praestolemur,
1287 3855 1357 3911 et
1400 3867 1834 3933 quaecunque
1877 3859 2302 3931 tempestates
2344 3848 2505 3916 hinc
2549 3852 2701 3918 inde

743 3931 1154 4008 exoriantur,
1217 3951 1560 4015 nunquam
1617 3937 1913 4000 animum
1968 3933 2529 4017 despondeamus:
2585 3935 2701 4001 sed

742 4020 819 4084 in
874 4017 1261 4081 memoriam
1323 4017 1714 4085 reducentes
1769 4040 1963 4103 quam
2020 4019 2426 4086 admirandis
2484 4023 2701 4087 modis

741 4121 937 4184 saepe
993 4120 1114 4166 nos
1172 4112 1425 4168 tutatus
1469 4118 1589 4182 est,
1648 4125 1797 4170 eum
1842 4106 1913 4169 in
1959 4108 2289 4188 praesenti
2333 4125 2454 4171 nos
2496 4108 2698 4172 etiam

740 4188 1018 4256 minime
1040 4186 1441 4252 reiecturum
1464 4210 1832 4273 speremus:
1878 4192 1993 4256 sed
2029 4191 2513 4257 misericordias
2547 4213 2702 4259 suas

742 4288 812 4342 et
829 4274 1007 4338 vires
1026 4292 1259 4338 omnes
1293 4274 1793 4356 explicaturum.
1840 4290 1913 4341 ut
1945 4278 2496 4358 quemadmodum
2543 4280 2700 4343 olim

743 4359 1089 4428 ecclesiam
1148 4379 1335 4424 suam
1356 4406 1371 4433 ‚
1429 4364 1522 4426 sio
1575 4376 1641 4426 et
1699 4381 1823 4427 nos
1880 4381 1965 4427 ex
2024 4363 2331 4428 omnibus
2387 4363 2700 4445 periculis

743 4449 1014 4513 eximat.
1061 4442 1289 4523 Quare
1324 4447 1522 4529 agite,
1564 4448 1711 4513 Deo
1756 4447 2010 4531 placide
2055 4468 2173 4513 nos
2216 4448 2699 4530 submittamus,

742 4547 809 4598 et
867 4531 1025 4612 iugo
1082 4532 1292 4612 ipsius
1336 4532 1506 4597 colla
1549 4533 1993 4609 subiiciamus,
2049 4544 2117 4597 et
2157 4533 2463 4600 omnibus
2507 4537 2698 4601 vanis

741 4614 1248 4702 cogitationibus
1306 4631 1374 4680 et
1433 4620 1744 4684 humanis
1786 4619 2079 4685 inventis
2120 4619 2401 4700 reiectis,
2461 4619 2700 4702 quibus

739 4723 865 4768 nos
903 4720 1094 4783 posse
1139 4700 1426 4767 hostium
1470 4705 1610 4769 vim
1655 4704 2043 4787 propulsare
2088 4705 2481 4783 videremur,
2528 4706 2699 4771 nihil

738 4787 932 4855 nobis
991 4787 1368 4851 defuturum
1425 4789 1714 4854 sciamus
1771 4809 1976 4873 quum
2030 4809 2070 4854 a
2113 4790 2354 4856 nostris
2398 4791 2698 4874 partibus

740 4873 930 4939 Deus
963 4875 1242 4949 steterit,
1287 4894 1572 4957 eumque
1615 4888 2023 4941 servatorem
2068 4887 2363 4941 nostrum
2408 4897 2695 4959 agnove-

740 4960 973 5024 rimus.
1041 4954 1371 5025 Omnibus
1413 4962 1640 5042 itaque
1682 4959 1936 5030 viribus
1978 4965 2165 5042 sequi
2210 4974 2552 5026 vocantem
2596 4965 2697 5028 ni·

2808 1814 2950 1860 eum
3006 1794 3222 1860 lancea
3279 1792 4760 1872 interrasemel.etsecundoopusnoaerit

2809 1880 2871 1946 9.
2914 1878 3007 1946 Et
3060 1880 3230 1944 dimit
3284 1878 3510 1945 David
3566 1878 3654 1944 ad
3710 1877 3976 1943 Abi-sai:
4033 1877 4137 1942 Ne
4192 1875 4551 1958 interficias
4601 1896 4761 1940 em.-

2807 1965 2954 2049 quis
2995 1966 3165 2030 enim
3206 1965 3484 2030 extendet
3521 1983 3782 2029 manunt
3814 1983 4000 2028 suant
4033 1960 4762 2041 inGhrismeomi,

2807 2056 2866 2117 et
2898 2052 3192 2117 innocens
3232 2049 3404 2116 erit?
3452 2048 3554 2115 10.
3599 2048 3690 2115 Ec
3729 2048 4175 2115 dixitDaoid:
4233 2046 4761 2130 VicitDomimoe,

2807 2137 2965 2218 quia
3007 2136 3141 2202 nisi
3161 2135 3482 2201 Dominus
3514 2135 3901 2218 perctaeserit
3943 2154 4103 2211 eum,
4141 2138 4253 2199 and
4294 2133 4438 2198 dies
4481 2133 4630 2199 eius
4667 2154 4761 2196 vc-

2807 2222 3413 2300 „mmmm-eatur,
3457 2226 3571 2286 aut
3604 2221 3677 2285 in
3706 2221 4036 2301 praelium
4076 2219 4452 2286 descendens
4485 2218 4758 2301 pais-a.

2811 2308 2916 2373 11.
2938 2306 3275 2389 Pmpitius
3313 2308 3400 2372 sit
3440 2306 3600 2371 mihi
3640 2303 3977 2385 Dominae,
4015 2326 4093 2370 ne
4133 2305 4464 2370 extendam
4507 2321 4757 2369 m

2805 2413 3011 2459 meam
3052 2396 3123 2458 in
3166 2391 3488 2460 Christum
3522 2391 3824 2457 Domini.-
3862 2410 4026 2458 nmec
4066 2393 4273 2474 ὁρίων
4311 2390 4456 2455 tolle
4501 2388 4755 2466 baum

2807 2480 3200 2561 quaec-stad
3234 2483 3422 2560 capnt
3455 2479 3610 2555 eius,
3655 2483 3714 2542 et
3754 2477 4054 2561 scyphum
4094 2497 4303 2558 aquae
4342 2480 4403 2541 ct
4443 2475 4755 2541 obeuntia

2812 2565 2916 2631 12.
2946 2564 3126 2630 Tulit
3163 2564 3364 2648 ἱρέων
3384 2562 3608 2629 David
3650 2562 3916 2638 hastam,
3961 2568 4017 2628 et
4058 2560 4366 2646 scyphum
4405 2581 4622 2644 aquae
4658 2560 4757 2642 qui

2808 2651 3267 2733 eratadoaput
3303 2648 3484 2729 Saul,
3527 2654 3586 2714 et
3624 2647 3949 2714 abieram.-
3989 2654 4047 2714 et
4084 2669 4207 2714 non
4250 2651 4391 2712 erat
4428 2648 4756 2728 quisq-m

2809 2737 2923 2820 qui
2977 2736 3216 2801 videret
3229 2785 3246 2815 ,
3301 2739 3357 2800 et
3408 2735 3778 2818 intelliyeret
3793 2784 3809 2815 ‚
3868 2740 3924 2800 et
3970 2733 4295 2818 eviyiwret
4309 2757 4329 2798 :
4386 2733 4503 2799 sed
4560 2750 4756 2797 omnes

2808 2821 3208 2894 dormiebant,
3252 2820 3409 2903 qaia
3450 2840 3640 2902 sopor
3679 2821 3963 2885 irruerat
3993 2840 4189 2903 snper
4219 2838 4343 2884 cos.
4391 2818 4497 2884 13.
4536 2818 4758 2899 Quo-

2807 2928 2927 2991 que
2968 2908 3302 2973 transisset
3338 2905 3558 2971 David
3589 2926 3668 2971 ex
3697 2906 3976 2990 adverso,
4021 2910 4079 2970 et
4117 2904 4392 2971 stetisset
4427 2905 4507 2969 ia
4545 2904 4757 2968 vertice

2807 2993 3038 3059 montis
3070 2994 3149 3058 de
3184 2993 3378 3075 lonye,
3423 2997 3481 3057 et
3512 2996 3670 3057 esset
3705 2993 3949 3075 yrande
3988 2990 4396 3057 inter-naum
4440 2990 4610 3054 inter
4647 3008 4754 3065 ωε,

2812 3078 2912 3145 14.
2963 3077 3279 3145 Clamavit
3318 3077 3542 3144 David
3583 3079 3670 3143 ad
3701 3075 4027 3160 populum,
4071 3083 4131 3141 et
4170 3078 4257 3141 ad
4299 3075 4522 3140 Abner
4556 3074 4754 3154 filiun·

2811 3165 2970 3249 Ner,
3015 3165 3259 3230 dicens.-
3303 3163 3530 3228 Nonne
3561 3161 4251 3244 respondebisAbner?
4296 3161 4756 3241 &responden

2810 3251 3036 3317 Abner
3059 3253 3183 3316 ait:
3232 3250 3393 3331 Quis
3424 3269 3488 3314 es
3515 3253 3585 3313 tu
3625 3251 3739 3331 qui
3778 3248 4019 3315 clamas
4055 3253 4116 3312 et
4154 3248 4474 3329 inquietas
4513 3244 4752 3342 τωρωι)

2812 3337 2915 3403 15.
2974 3333 3066 3401 ,Εῗ
3135 3335 3231 3403 ait
3289 3335 3512 3402 David
3586 3334 3675 3400 od
3739 3334 3990 3399 Abner:
4062 3332 4399 3414 Numquid
4474 3351 4601 3396 noa
4659 3351 4756 3395 vir

2808 3428 2877 3487 tu
2928 3420 3047 3488 es?
3113 3427 3169 3487 et
3227 3423 3374 3504 quis
3431 3419 3605 3486 alius
3642 3421 3878 3486 similis
3926 3419 4024 3484 tui
4074 3423 4146 3484 in
4190 3416 4457 3484 Israel?
4553 3417 4757 3498 Quam

2807 3527 2952 3591 erqo
3030 3526 3162 3572 non
3238 3506 3564 3574 custodisti
3641 3507 3966 3571 dominnm
4042 3512 4221 3570 mum
4285 3502 4546 3586 repe-⁸?
4645 3501 4754 3566 In-

2801 3612 3063 3678 yressus
3160 3598 3251 3657 est
3333 3593 3500 3658 enim
3581 3611 3752 3657 unas
3833 3592 3913 3657 de
3983 3589 4171 3657 acrba
4245 3593 4318 3654 at
4393 3587 4758 3668 interfice&

2804 3698 3013 3762 regem
3054 3678 3380 3744 dominnm
3422 3682 3616 3743 tuum.
3716 3678 3808 3744 16.
3857 3675 4002 3742 Non
4043 3682 4134 3743 est
4173 3676 4406 3741 boam
4445 3674 4559 3739 hoe
4598 3673 4756 3757 quod

2802 3765 3043 3847 fecisti.-
3094 3764 3275 3864 ‘vivit
3339 3763 3665 3863 Dominus
3734 3763 4031 3863 quoniam
4105 3761 4234 3845 filii
4305 3760 4536 3825 mortis
4584 3846 4598 3859 ·
4614 3762 4758 3824 edic

2802 3869 3107 4001 ῗέἷηὲιῖἓ
3160 3869 3330 4001 :ianne
3379 3955 3522 4018 erqo
3556 3855 3720 4001 &32:12
3754 3851 4262 3999 wamba-sta
4302 3930 4498 4013 reyes,
4555 3934 4616 3995 ct
4653 3927 4756 3992 abi

2802 4022 2891 4086 sit
2930 4019 3202 4104 scyphus
3233 4041 3437 4102 aquae
3477 4022 3590 4103 qui
3632 4025 3772 4084 erat
3810 4021 3898 4085 ad
3938 4024 4131 4100 caput
4169 4019 4329 4084 eius.
4383 4015 4489 4083 17.
4530 4016 4754 4099 Goym-

2801 4108 2892 4172 vit
2946 4112 3156 4172 autem
3204 4105 3365 4172 Saul
3417 4126 3619 4172 vocem
3663 4104 3903 4185 David,
3957 4111 4017 4169 et
4057 4105 4185 4170 ait:
4231 4103 4574 4184 Numquid
4615 4101 4754 4166 110oe

2802 4212 2924 4257 vooe
2966 4198 3098 4272 tua,
3136 4193 3238 4274 fili
3278 4190 3663 4256 miDa-vid?
3710 4190 3800 4255 Et
3840 4188 4200 4256 aitDam’d:
4263 4187 4400 4252 Vox
4441 4208 4609 4269 mea,
4647 4187 4748 4251 do-

2802 4278 2971 4343 mine
3012 4279 3104 4342 mi
3144 4297 3274 4342 rex.
3338 4276 3439 4342 18.
3486 4276 3579 4341 Et
3617 4277 3739 4341 ait:
3797 4275 4002 4357 Quam
4044 4275 4118 4340 ob
4157 4293 4422 4341 causam
4463 4275 4748 4339 domn-r

2801 4361 3989 4515 fflpfffflmssawffffl
4031 4356 4417 4443 fflfffl
4461 4355 4748 4440 ΝΜ

2976 4617 3458 4702 Explicandam
3484 4617 3906 4702 aggredimur
3949 4618 4224 4683 alteram
4267 4615 4455 4682 illam
4501 4628 4741 4698 partem

2801 4727 2998 4790 quam
3057 4704 3203 4773 heri
3263 4705 3622 4787 attigimus,
3678 4723 3915 4786 nempe
3969 4702 4293 4786 quomodo
4339 4700 4563 4767 David
4615 4722 4744 4764 esse

2802 4792 3081 4876 gesserit
3145 4810 3350 4872 quum
3418 4791 3874 4872 opportunitas
3938 4789 4039 4854 illi
4099 4786 4419 4853 caedendi
4487 4785 4739 4853 Saulem

2801 4878 3021 4942 oblata
3064 4888 3185 4942 est.
3268 4875 3613 4940 Abstinuit
3655 4875 3766 4940 ille
3810 4895 4048 4941 manus
4090 4873 4388 4957 polluere
4430 4874 4738 4956 sanguine

2799 4962 3023 5029 Saulis
3081 4961 3309 5026 horam
3364 4961 3691 5044 patienter
3731 4973 4121 5043 exspectans
4161 4980 4205 5023 a
4245 4959 4395 5024 Deo
4438 4972 4738 5024 consutu-

739 5056 995 5120 tamur‚
1071 5057 1141 5107 et
1203 5043 1590 5110 ardentibus
1657 5043 1958 5128 precibus
2023 5047 2328 5129 spiritum
2393 5061 2695 5112 sanctum
2802 5059 2972 5113 tam:
3033 5048 3310 5129 ideoque
3355 5067 3567 5127 neque
3609 5045 3693 5111 ad
3743 5046 4066 5128 dextram,
4111 5065 4330 5127 neque
4374 5045 4462 5109 ad
4501 5044 4736 5108 laevam

735 5130 952 5212 ipsius
1008 5128 1154 5192 dari
1215 5131 1404 5196 nobis
1463 5132 1878 5214 postulemus
1935 5150 2069 5213 quo
2127 5133 2294 5197 duce
2345 5152 2465 5214 per
2508 5137 2697 5199 varia

731 5234 962 5282 rerum
998 5213 1375 5280 discrimina
1412 5217 1681 5283 tandem
1720 5216 1803 5282 ad
1825 5215 2045 5282 Deum
2091 5220 2578 5300 perveniamus,
2622 5222 2693 5285 in

2801 5132 3099 5198 deflexit:
3160 5132 3274 5197 sed
3334 5132 3404 5196 in
3451 5131 3592 5196 Deo
3651 5150 3834 5214 spem
3881 5142 4088 5196 totam
4134 5131 4459 5213 reposuit:
4507 5131 4738 5194 intem

2801 5228 3026 5284 tamen
3085 5219 3408 5283 adversus
3455 5215 3679 5283 Saulis
3736 5218 3875 5283 vim
3935 5237 4078 5282 sese
4119 5214 4360 5299 quibus
4398 5216 4610 5301 potuit
4647 5232 4734 5278 ra·
