5059 6059
322 325 428 391 301

323 518 582 602 aliquam
626 515 1029 582 molestiam.
1090 516 1204 582 sed
1249 516 1303 582 si
1348 514 1414 580 id
1458 518 1827 601 contigerit,
1887 517 1968 582 ad
2016 538 2235 583 exem-

317 606 418 689 pla
480 611 850 668 sanctorum
921 600 1261 666 hominum
1334 602 1555 667 oeulos
1626 616 2103 684 convertamus,
2169 616 2237 669 et

323 687 687 754 nominatim
732 686 1059 752 Davidem
1102 688 1496 765 intueamur,
1541 689 1729 754 cuius
1773 699 2040 771 aspectu
2085 710 2235 754 nos-

322 790 415 841 ter
454 773 630 839 dolor
673 773 991 838 leniatur.
1052 794 1126 839 ac
1185 772 1698 857 persuadeamur
1742 773 1958 839 Deum
2005 795 2125 839 nos
2167 776 2234 839 in

321 863 431 927 hac
471 872 653 943 parte
711 857 1182 942 explorantem,
1236 860 1430 925 etiam
1479 872 1781 943 tanquam
1829 859 2062 947 clypeo
2107 870 2236 926 tec-

320 961 545 1027 turam,
590 954 657 1009 et
701 965 1122 1028 quaecunque
1171 946 1321 1010 hinc
1363 945 1515 1010 inde
1558 959 1919 1047 exsurgant
1963 960 2238 1030 tempes-

317 1041 487 1107 tates,
532 1039 919 1109 tutaturum‚
962 1042 1030 1095 et
1071 1031 1385 1096 adversus
1428 1031 1574 1095 illas
1616 1053 1842 1097 omnes
1878 1034 1970 1097 ita
2015 1031 2235 1097 defen·

319 1136 550 1195 surum,
587 1124 665 1180 ut
700 1116 1065 1198 impavidos
1103 1116 1342 1180 feriant
1378 1117 1626 1182 ruinae.
1673 1117 1922 1183 Contra
1957 1119 2237 1183 sciamus

317 1205 443 1269 fore
496 1213 568 1266 ut
627 1202 684 1267 si
741 1201 949 1267 stulta
1008 1201 1286 1284 quadam
1347 1203 1698 1268 ambitione
1742 1204 2110 1282 efferamur,
2173 1213 2238 1268 et

1582 326 1681 393 IN
1726 327 2453 396 1.L113.SAMUEL.

2514 326 2716 393 CAP.
2759 326 2956 393 XIX.
4138 331 4266 398 302

2274 508 2558 582 David
2600 517 2686 582 ad
2729 515 2908 596 Saul,
2965 520 3024 582 et
3069 518 3200 600 fuit
3254 523 3399 584 ante
3453 537 3592 582 eum
3650 519 3812 585 sicut
3868 524 4003 585 erat
4043 518 4181 586 heri
4222 525 4278 585 et

2336 602 2576 666 nudius
2617 603 2854 668 tertius.

2510 771 2692 837 Hic
2675 794 2741 837 ιιι
2779 773 3009 855 primis
3045 774 3545 851 observandum,
3583 776 4022 875 improborum
4062 775 4265 842 homi-

2340 879 2496 922 num
2547 856 2800 941 Deique
2844 870 3362 943 contemptorum
3410 860 3730 925 malitiam
3776 863 4004 945 augeri
4039 863 4273 944 indies,

2340 943 2547 1008 donec
2592 945 2655 1008 in
2700 942 3106 1027 desperatam
3152 945 3624 1028 impudentiam
3674 948 3962 1011 desinat:
4007 959 4075 1012 et
4117 970 4268 1014 con·

2341 1042 2443 1093 tra
2488 1027 2616 1093 Dei
2676 1028 2843 1095 filios
2901 1053 2983 1094 ex
3028 1030 3243 1113 aliquo
3298 1032 3586 1112 periculo
3631 1030 3934 1097 liberatos
3980 1034 4047 1096 in
4092 1032 4269 1098 aliud

2339 1115 2641 1193 incidere,
2699 1127 2767 1180 et
2810 1128 3027 1180 tamen
3085 1137 3339 1198 semper
3381 1116 3765 1183 miraculose
3808 1118 3888 1182 ab
3932 1118 4073 1201 ipso
4114 1138 4269 1184 con·

2339 1201 2609 1267 servari.
2698 1200 2887 1281 Quod
2949 1212 3217 1284 apparet
3272 1224 3352 1266 ex
3412 1202 3555 1267 istis
3609 1224 3773 1284 quae
3829 1203 3950 1269 hoc
4009 1203 4146 1269 loco
4193 1204 4272 1270 de

316 1290 479 1355 ultro
524 1310 564 1353 a
609 1288 753 1352 Deo
797 1287 1194 1367 recedamus,
1240 1300 1305 1352 et
1350 1286 1431 1351 ab
1474 1288 1683 1371 ipsius
1717 1289 2088 1354 obedientia
2133 1310 2236 1353 re-
2340 1284 2541 1353 Saule
2578 1298 2948 1362 narrantur,
2994 1308 3249 1351 omnem
3290 1287 3570 1370 lapidem
3610 1299 3910 1353 movente
3946 1302 4017 1354 ut
4053 1289 4267 1354 David

313 1374 630 1450 siliamus,
690 1383 913 1437 nostra
971 1374 1183 1439 omnis
1241 1395 1437 1456 opera
1494 1375 1579 1439 sit
1624 1375 1869 1451 inanis,
1928 1386 1993 1438 et
2038 1395 2235 1457 quum
2339 1372 2834 1437 interficeretur.
2920 1373 3011 1437 Et
3069 1372 3333 1455 quidem
3390 1387 3583 1437 antea
3636 1387 4005 1456 speraverat
4065 1395 4134 1439 se
4166 1379 4268 1474 ‘sic

314 1459 722 1524 videbimur
705 1480 771 1523 ιιι
809 1480 1140 1523 summum
1176 1480 1380 1541 usque
1414 1459 1748 1542 fastigium
1785 1460 2012 1539 evecti,
2057 1471 2237 1525 tanto
2338 1457 2554 1541 ipsum
2592 1479 3074 1542 oppressurum,
3113 1470 3187 1522 ut
3223 1470 3441 1523 tamen
3480 1458 3748 1524 caedis
3729 1462 3933 1540 ipsius
3968 1461 4269 1528 conscius

310 1546 677 1630 graviorem
756 1565 1002 1625 casum,
1078 1555 1146 1609 et
1225 1545 1437 1610 maius
1518 1546 1791 1609 exitium
1860 1546 2233 1611 sentiamus,
2338 1543 2606 1607 minime
2652 1543 3017 1608 videretur:
3064 1542 3579 1627 quandoquidem
3628 1546 3896 1627 putabat
3941 1545 4266 1611 Davidem

311 1632 522 1712 Quare
580 1630 662 1695 ad
720 1630 1000 1713 aliquem
1060 1630 1399 1714 dignitatis
1464 1631 1734 1714 gradum
1804 1634 2028 1710 evecti,

310 1730 638 1800 acceptum
693 1715 1080 1781 beneficium
1141 1716 1447 1796 feramus,
1506 1737 1708 1798 eoque
1765 1737 2021 1799 semper
2063 1718 2236 1780 nita-

2094 1631 2236 1696 Deo
2283 1606 2292 1677 ι
2338 1650 2670 1711 nunquam
2717 1629 3222 1695 Philistaeorum
3270 1631 3571 1695 manibus
3627 1651 4007 1696 evasurum:
4066 1646 4133 1698 et
4175 1633 4270 1697 ita

2337 1735 2407 1779 se
2452 1726 2638 1779 extra
2680 1737 2935 1780 omnem
2975 1716 3408 1799 suspicionem
3446 1716 3764 1781 futurum.
3808 1716 3976 1782 Nam
4013 1730 4267 1800 poterat

309 1820 487 1868 mur:
550 1800 721 1883 quod
787 1802 1287 1867 fundamentum
1354 1802 1411 1867 si
1468 1803 1875 1884 posuerimus
1941 1802 2232 1868 futurum
2335 1799 2645 1865 simulare
2690 1820 2759 1866 se
2803 1800 3079 1865 Davidis
3124 1814 3399 1865 mortem
3443 1821 3637 1884 aegre
3681 1801 4028 1867 admodum
4073 1803 4263 1881 ferre,

309 1900 421 1967 est,
483 1898 555 1952 ut
601 1886 755 1953 licet
797 1908 910 1952 sus
956 1888 1165 1969 deque
1208 1888 1425 1952 omnia
1470 1887 1781 1965 ferantur,
1840 1897 1907 1951 et
1950 1888 2235 1971 undique

306 1972 685 2039 confusione
718 1972 1084 2057 cingamur,
1121 1972 1305 2038 Deus
1342 1986 1556 2038 tamen
1584 1994 1811 2038 omnes
1848 1973 1994 2038 illas
2029 1975 2235 2040 nubes

307 2059 625 2138 discutiat,
662 2058 852 2123 cuius
876 2058 1121 2123 auxilio
1153 2059 1303 2123 freti
1326 2080 1553 2124 sumus
1578 2059 1747 2141 quod
1785 2058 1976 2123 toties
1998 2080 2070 2123 re
2091 2060 2236 2142 ipsa

304 2166 525 2210 sumus
571 2144 844 2227 experti.
931 2144 1031 2209 Ac
1073 2143 1228 2209 licet
1282 2166 1474 2226 saepe
1519 2166 1646 2210 non
1694 2159 2005 2228 appareat
2047 2165 2234 2228 prae·

305 2250 449 2295 sens
508 2228 641 2294 Dei
707 2230 1043 2308 auxilium,
1107 2230 1268 2294 fides
1331 2241 1552 2295 tamen
1618 2242 1841 2294 nostra
1905 2251 2010 2295 res
2078 2232 2235 2296 istas

304 2336 530 2381 omnes
591 2314 936 2379 inferiores
992 2316 1341 2398 superabit,
1403 2327 1469 2381 et
1512 2317 1576 2380 in
1624 2315 1747 2380 Dei
1796 2316 2233 2398 promissioni-

300 2401 418 2466 bus
461 2400 921 2483 conquiescere
964 2399 1178 2481 faciet‚
1234 2422 1486 2484 nempe,
1533 2422 1864 2484 nunquam
1909 2403 2233 2484 perituros

299 2487 402 2569 qui
450 2508 639 2552 suam
685 2487 754 2550 in
799 2486 1088 2551 Domino
1134 2508 1313 2570 spem
1361 2486 1780 2566 collocarunt,
1841 2487 2232 2569 quibuscun-

296 2594 417 2654 que
482 2573 753 2638 tandem
824 2584 1185 2656 urgeantur
1250 2572 1774 2638 difficultatibus.
1841 2571 1954 2638 sed
2016 2572 2230 2637 Deum

296 2657 689 2724 effecturum
750 2668 825 2722 ut
867 2658 1187 2740 patientia
1233 2659 1500 2723 vincant
1543 2668 1611 2722 et
1653 2680 1726 2724 su
1777 2669 1965 2724 erent
2008 2680 2233 2725 omnes

295 2741 583 2809 Satanae
630 2755 698 2808 et
732 2742 1089 2809 satellitum
1132 2744 1337 2827 ipsius
1381 2743 1683 2823 insultus,
1772 2764 1933 2810 onec
1972 2742 2230 2809 tandem

292 2829 442 2893 illos
486 2830 575 2894 ad
624 2850 781 2894 suae
824 2828 976 2893 fidei
1020 2830 1476 2911 perfectionem
1522 2829 1883 2895 deduxerit.

460 2915 614 2980 Iam
662 2935 814 2979 vero
861 2914 1057 2999 agite,
1101 2919 1206 2979 etc.

863 3275 1358 3359 HOMILIA
1403 3275 1661 3357 LXX.

1052 3412 1248 3478 cAP.
1293 3410 1478 3477 xlx.

459 3606 523 3669 1.
591 3602 920 3685 Loquutus
960 3606 1051 3666 est
1091 3605 1298 3665 autem
1342 3599 1503 3666 Saul
1543 3601 1630 3666 ad
1663 3600 1981 3667 Ionathan
2021 3599 2231 3681 filium

279 3710 489 3770 suum,
538 3694 597 3754 et
640 3690 726 3754 ad
770 3707 978 3753 omnes
1019 3706 1225 3752 servos
1278 3706 1445 3769 suoS,
1500 3690 1574 3751 ut
1612 3686 1949 3752 occiderent
1989 3686 2226 3752 David.

281 3774 491 3841 Porro
558 3774 866 3840 Ionathas
925 3772 1105 3854 filius
1171 3771 1333 3837 Saul
1396 3771 1689 3854 diliyebat
1747 3772 1970 3838 David
2030 3772 2225 3838 valde.

281 3861 339 3926 2.
385 3861 480 3926 Et
516 3860 827 3927 indicavit
858 3858 1173 3924 Ionathas
1207 3857 1445 3938 David,
1481 3858 1719 3922 dicens.-
1769 3858 2025 3939 Quaerit
2062 3858 2228 3925 Saul

268 3953 462 4029 pater
505 3966 688 4012 meus
726 3946 991 4012 occidere
1033 3951 1122 4010 te.-
1163 3948 1539 4026 quapropter
1570 3942 1816 4009 obsena
1861 3950 1934 4023 te,
1979 3964 2227 4025 quoesO,

276 4053 488 4111 mane,
538 4037 598 4098 et
639 4030 918 4096 manebis
959 4030 1135 4107 dam,
1181 4033 1236 4094 et
1275 4028 1687 4094 absconderis.
1733 4030 1795 4093 3.
1841 4028 1981 4112 Eyo
2023 4033 2227 4093 atatem

273 4083 632 4202 eyrediens,
689 4115 864 4183 stabo
906 4117 1088 4181 iuxta
1134 4120 1382 4196 patrem
1424 4133 1628 4179 meum
1669 4114 1741 4177 in
1782 4133 1957 4195 cyro,
2011 4119 2069 4178 et
2123 4135 2228 4198 eqo

275 4205 508 4287 loquar
567 4204 644 4269 de
685 4208 740 4267 te
780 4202 868 4268 od
897 4206 1151 4283 patrem
1192 4220 1413 4282 meum,
1478 4205 1536 4264 et
1577 4200 1977 4280 quodcunque
2017 4201 2230 4266 videro

274 4290 600 4356 nunciabo
673 4288 811 4353 tibi.
924 4287 984 4351 4.
1033 4286 1360 4368 Loquutus
1429 4290 1520 4350 est
1585 4305 1732 4368 erqo
1789 4284 2089 4350 Ionathos
2161 4286 2234 4351 de

278 4375 511 4442 David
571 4373 751 4456 bono,
807 4373 895 4439 od
938 4372 1196 4438 Saulem
1238 4375 1492 4453 patrem
1547 4391 1766 4436 suum.-
1816 4371 2100 4471 dixitque
2141 4372 2229 4437 ad

438 4459 611 4525 ·Ne
633 4464 837 4541 peccet
875 4479 990 4525 rex
1033 4459 1103 4522 in
1135 4477 1380 4522 servum
1413 4476 1600 4521 suum
1635 4455 1873 4537 David,
1917 4459 2070 4539 quia
2103 4478 2226 4523 non

260 4547 561 4626 peccavit
626 4546 762 4626 tibi,
839 4551 898 4611 et
956 4564 1148 4624 opera
1226 4543 1366 4608 eius
1421 4541 1579 4609 bona
1642 4548 1793 4609 sunt
1853 4542 1966 4608 tibi
2028 4542 2224 4609 valde.

269 4631 328 4698 5.
380 4632 478 4697 Et
506 4631 738 4713 posuit
777 4632 1057 4697 annnam
1090 4649 1276 4696 suam
1317 4629 1389 4692 in
1421 4649 1617 4693 manu
1650 4650 1790 4713 sua,
1835 4635 1891 4695 et
1914 4629 2226 4727 percussit

272 4717 729 4793 Philistaeum,
782 4722 837 4783 et
889 4716 1039 4798 fecit
1079 4716 1397 4782 Dominus
1447 4713 1706 4780 salutem
1747 4735 2039 4798 maynam
2079 4714 2223 4780 uni-

268 4824 454 4871 verso
501 4803 766 4869 Israeli.
843 4802 1094 4881 Vidisti,
1141 4807 1200 4866 et
1240 4802 1509 4868 laetatus
1551 4820 1639 4883 es,
1681 4819 1875 4881 quare
1915 4819 2057 4884 erqo
2081 4820 2222 4882 pec-

440 4891 521 4955 in
578 4888 891 4972 sanquine
943 4888 1222 4969 innoxio,
1278 4884 1652 4965 interficiens
1691 4884 1911 4950 David
2068 4891 2225 4951 test

269 4975 519 5061 absque
567 4974 800 5055 culpa?
888 4973 948 5038 6.
1004 4972 1179 5053 Quod
1220 4992 1411 5055 quum
1453 4971 1734 5037 audisset
1777 4969 1956 5050 Saul,
2002 4970 2223 5053 placa-

265 5067 374 5128 tus
418 5082 574 5129 voce
616 5058 943 5140 Ionathae,
987 5058 1261 5123 iuravit:
1320 5057 1489 5123 Vivit
1529 5056 1864 5135 Dominus,
1907 5057 2060 5138 qaia
2098 5077 2223 5122 non

271 5147 615 5214 occidetur.
708 5145 768 5210 7.
827 5144 1080 5212 Vocavit
1116 5144 1326 5225 itaque
1367 5141 1681 5208 Ionathas
1723 5141 1957 5210 David.
2014 5147 2071 5208 et
2124 5143 2220 5207 in-

265 5234 521 5301 dicavit
581 5232 639 5298 ei
692 5231 906 5298 omnia
955 5228 1142 5296 verba
1197 5228 1378 5294 haec.-
1431 5232 1488 5294 et
1524 5228 1878 5294 introduxit
1918 5227 2224 5294 Ionathas

2338 1897 2411 1950 ut
2470 1886 2680 1950 solent
2737 1887 3118 1969 plerumque
3163 1888 3350 1951 multi
3410 1886 3658 1952 luctum
3706 1888 4028 1971 simulare,
4087 1898 4153 1953 et
4198 1890 4265 1952 in

2334 1981 2595 2055 pectore
2651 1992 2969 2037 summam
3030 1972 3342 2038 laetitiam
3404 1973 3748 2038 occultare.
3838 1935 4060 2054 Quum
4106 1994 4268 2039 vero

2336 2057 2501 2123 Saul
2547 2056 3091 2123 animadverteret
3129 2079 3198 2123 se
3241 2078 3499 2159 operam
3546 2057 3781 2158 lusisse
3820 2057 4063 2123 Davidi
4106 2060 4265 2124 insi·

2336 2143 2475 2209 dias
2512 2143 2835 2226 parando:
2882 2143 3277 2243 Deumque
3259 2144 3466 2227 ipsius
3500 2144 3870 2225 opinionem
3906 2155 3972 2209 et
4006 2164 4267 2227 exspec-

2335 2230 2645 2294 tationem
2706 2228 2954 2308 lusisse,
3012 2229 3144 2295 iam
3202 2240 3423 2313 aperte
3475 2229 3644 2295 laxis
3702 2229 3974 2295 habenis
4030 2232 4265 2329 fure-re,

2335 2325 2403 2379 et
2446 2335 2641 2397 quam
2682 2313 2795 2380 diu
2838 2316 3015 2381 intus
3058 2316 3306 2381 foverat
3353 2313 3807 2381 crudelitatem
3848 2315 4122 2398 prodere
4163 2316 4266 2381 in·

2334 2401 2511 2482 cipit,
2557 2399 2895 2483 filiumque
2935 2400 3373 2466 Ionathanum
3433 2399 3843 2484 reliquosque
3897 2421 4123 2466 servos
4182 2400 4264 2465 ad

2339 2486 2662 2552 Davidem
2704 2485 3222 2552 interficiendum
3269 2485 3588 2551 sollicitat.
3680 2487 3780 2551 Ex
3826 2507 3954 2569 quo
3998 2500 4267 2587 apparet

2338 2570 2546 2653 ipsius
2614 2572 2889 2638 caecitas
2953 2581 3019 2637 et
3083 2572 3406 2638 fanaticus
3471 2573 3669 2638 furor.
3774 2572 3940 2637 Nam
4009 2574 4062 2638 si
4128 2575 4266 2638 solo

2341 2657 2720 2731 Ionathano,
2793 2657 2893 2721 vel
2953 2657 3159 2722 tribus
3218 2667 3332 2721 aut
3390 2670 3671 2741 quatuor
3727 2659 3935 2724 servis
3992 2658 4265 2724 consciis

2338 2753 2616 2807 mortem
2664 2740 2940 2808 Davidis
2983 2742 3410 2826 quaesivisset
3449 2743 3677 2827 pudori
3720 2743 4009 2828 reliquus
4052 2742 4268 2809 adhuc

2338 2828 2574 2911 aliquis
2607 2829 2786 2894 locus
2823 2828 3023 2893 fuisse
3059 2826 3422 2894 videretur:
3469 2828 3580 2895 sed
3619 2850 3819 2912 quum
3856 2850 4080 2895 omnes
4114 2850 4268 2895 suos

2337 2914 2677 2978 ministros
2735 2912 2814 2978 ad
2895 2913 3154 2979 caedem
3221 2914 3537 2992 hortatur,
3621 2913 4012 3013 depuduisse
4075 2913 4263 2980 illum

2338 3012 2609 3083 apparet
2672 3008 2742 3064 et
2805 2997 3081 3064 Davidis
3147 3018 3371 3064 necem
3437 3021 3570 3064 non
3630 3000 3921 3082 potuisse
3985 2999 4267 3082 amplius

2336 3085 2767 3151 dissimulare.
2825 3083 3046 3166 Quare
3083 3084 3339 3150 videtur
3382 3086 3511 3149 iam
3556 3105 3821 3167 prorsus
3865 3084 4262 3168 desperatus,

2336 3182 2401 3235 et
2466 3171 2774 3236 immanis
2838 3192 2913 3237 ac
2992 3172 3228 3237 efferus
3294 3172 3467 3235 omni
3537 3170 3826 3235 humano
3891 3170 4129 3237 affectu
4195 3182 4262 3236 et

2336 3255 2681 3322 honestate
2735 3256 3065 3339 spoliatus,
3127 3277 3202 3322 eo
3260 3256 3586 3322 amentiae
3625 3256 3961 3321 devenisse
4004 3275 4080 3320 ac
4121 3265 4260 3320 stu-

2334 3344 2524 3424 poris,
2574 3353 2646 3407 ut
2681 3343 2809 3407 iam
2850 3363 3059 3444 neque
3093 3342 3310 3407 Deum
3356 3364 3560 3425 neque
3603 3341 3900 3407 homines
3934 3351 4259 3420 vereatur,

2332 3427 2796 3510 hominumque
2854 3429 3397 3495 existimationem
3441 3442 3507 3492 et
3563 3427 3798 3493 bonam
3858 3427 4100 3492 famam
4146 3448 4261 3492 ne-

2330 3513 2556 3599 gligat,
2623 3525 2691 3579 et
2752 3512 3077 3579 homicida
3140 3526 3207 3578 et
3268 3513 3526 3596 quidem
3594 3511 3979 3598 perfidiosus
4047 3513 4261 3579 fidelis

2331 3601 2431 3664 sui
2476 3599 2650 3665 servi
2694 3620 2824 3664 non
2872 3597 3245 3664 reformidet
3286 3599 3529 3665 audire.
3611 3601 3716 3664 Ex
3760 3598 3995 3698 quibus
4029 3617 4258 3663 verum

2328 3685 2487 3750 illud
2547 3707 2686 3750 esse
2723 3685 3182 3767 comprobatur
3235 3684 3406 3770 quod
3452 3700 3603 3751 ante
3659 3684 3869 3768 attigi,
3926 3683 3991 3748 in
4041 3682 4261 3750 Saulis

2327 3791 2604 3855 persona
2658 3770 2801 3835 fieri
2860 3771 3296 3854 conspicuum,
3356 3771 3681 3855 improbos
3735 3769 3846 3835 diu
3893 3769 4260 3835 dissimula·

2329 3868 2460 3922 tam
2521 3855 2835 3920 malitiam
2899 3867 2967 3922 et
3006 3857 3489 3939 improbitatem
3536 3856 3795 3922 tandem
3842 3855 4131 3939 prodere,
4195 3866 4261 3920 et

2328 3963 2402 4007 eo
2457 3942 2782 4006 amentiae
2838 3954 2908 4006 et
2960 3940 3198 4008 furoris
3242 3941 3564 4026 progredi,
3622 3954 3692 4007 ut
3755 3941 3935 4007 nullo
3978 3941 4260 4025 amplius

2325 4027 2593 4112 pudore,
2630 4046 2841 4110 neque
2876 4026 3249 4093 discrimine
3285 4028 3438 4093 boni
3474 4036 3591 4093 aut
3621 4028 3792 4106 mali,
3831 4028 4259 4092 retineantur.

2328 4111 2517 4194 Quod
2564 4134 2640 4178 eo
2683 4111 3063 4213 diligentius
3107 4126 3204 4179 est
3246 4112 3750 4193 observandum,
3794 4133 3921 4197 quo
3965 4112 4253 4196 plerum·

2328 4219 2452 4282 que
2510 4198 2701 4263 multi
2755 4198 3024 4284 gravius
3087 4199 3157 4263 in
3216 4220 3291 4264 eo
3357 4210 3642 4282 peccant.
3745 4199 3914 4264 Nam
3974 4198 4256 4280 exempli

2373 4284 2559 4362 ratia,
2604 4283 2714 4368 qui
2759 4283 2842 4349 ad
2887 4285 3132 4350 furtum
3168 4285 3459 4350 animum
3497 4286 3735 4365 adiicit,
3780 4283 3965 4348 initio
3998 4285 4254 4367 quidem

2376 4369 2617 4435 orrebit
2662 4371 2937 4436 alicuius
2979 4371 3279 4455 iugulum
3322 4384 3564 4453 petere,
3620 4377 3971 4435 contentus
4015 4370 4258 4435 loculos

2327 4454 2694 4536 abstulisse,
2739 4478 2778 4521 a
2821 4455 3014 4523 caede
3056 4476 3328 4556 prorsus
3372 4457 3660 4522 alienus.
3719 4453 3833 4519 ssd
3878 4454 3988 4519 ubi
4033 4453 4256 4519 diabo-

2324 4540 2428 4606 lus
2470 4542 2669 4607 semel
2731 4544 3023 4607 animum
3068 4542 3333 4619 invasit,
3393 4543 3487 4607 sic
3529 4540 3795 4606 indurat
3837 4549 3903 4606 et
3946 4539 4256 4622 exagitat,

2326 4636 2403 4691 ut
2449 4628 2713 4692 tandem
2761 4628 2930 4693 laxis
2975 4627 3247 4693 habenis
3290 4627 3373 4692 ad
3417 4625 3691 4710 quodvis
3734 4625 3945 4692 scelus
3988 4624 4254 4690 feratur.

2323 4713 2541 4796 Atque
2600 4715 2719 4778 hoc
2762 4714 3011 4780 Paulus
3069 4715 3207 4795 ipse
3266 4712 3451 4778 docet
3493 4733 3693 4794 quum
3740 4711 3854 4790 ait,
3914 4731 4023 4775 eos
4066 4708 4257 4775 dedo·

2322 4799 2457 4863 lere
2498 4800 2609 4883 qui
2666 4819 2706 4863 a
2751 4799 2891 4864 Deo
2942 4800 3013 4865 in
3068 4796 3414 4882 reprobum
3459 4818 3725 4863 sensum
3767 4796 4038 4862 coniecti
4081 4808 4258 4872 sunt,

2324 4899 2399 4950 ut
2458 4905 2587 4948 non
2648 4883 2859 4950 solum
2916 4884 3088 4967 apud
3152 4884 3446 4949 homines
3502 4903 3763 4950 omnem
3820 4880 4256 4946 reverentiam

2321 4980 2391 5034 et
2455 4969 2865 5035 honestatem
2948 4981 3294 5053 respuant,
3378 4968 3489 5033 sed
3563 4970 3758 5034 etiam
3825 4967 4258 5035 conscientias

2323 5066 2621 5120 mortuas
2664 5055 2965 5132 habeant,
3026 5065 3100 5120 ut
3146 5054 3271 5119 Dei
3318 5053 3551 5119 timore
3596 5073 3728 5118 non
3771 5052 4056 5136 amplius
4100 5055 4256 5119 reti-

2324 5148 2625 5220 neantur,
2663 5162 2789 5225 quo
2823 5141 2959 5208 solo
2995 5151 3269 5225 possunt
3288 5138 3588 5205 homines
3623 5137 3910 5205 cohiberi
3948 5161 4029 5206 ne
4064 5161 4254 5223 prae-

2323 5225 2555 5310 cipites
2597 5226 2667 5291 in
2712 5227 2873 5292 vitia
2913 5237 3130 5310 ruant,
3172 5236 3490 5308 tantoque
3526 5226 3735 5310 magis
3777 5224 3943 5291 iram
3982 5225 4253 5293 Domini
