5059 6059
890 317 1021 383 575

893 526 1042 571 sum
1102 526 1219 570 nos
1273 502 1792 588 insurgentium,
1852 510 1922 568 et
1976 499 2214 568 diaboli
2274 503 2453 587 ipsos
2499 501 2840 568 incitantis

896 593 1075 657 furor
1117 600 1188 656 et
1224 590 1438 655 rabies
1474 589 1691 667 fuerit,
1736 608 1813 653 eo
1852 589 2130 654 maiores
2171 589 2427 654 animos
2460 587 2838 666 habeamus,

895 677 1241 759 Deumque
1302 675 1471 740 votis
1530 673 2012 740 ardentioribus
2054 695 2416 759 precemur,
2474 684 2653 740 certo
2699 695 2840 757 per·

892 763 1067 828 suasi
1127 782 1462 845 nunquam
1531 762 1749 843 ipsum
1818 758 2006 824 nobis
2061 759 2472 825 defuturum:
2540 758 2656 825 sed
2713 779 2840 842 quo

891 848 1098 914 maior
1120 847 1410 912 hostium
1434 845 1818 928 improbitas
1838 847 2054 929 fuerit,
2080 866 2157 912 80
2178 846 2613 930 propinquius
2633 845 2840 929 ipsius

891 934 1208 999 auxilium
1256 932 1655 998 adfuturum.

1062 1020 1273 1086 Porro
1319 1017 1645 1083 Davidem
1693 1016 1855 1084 Saul
1917 1018 2305 1100 insequutus
2344 1027 2463 1097 est,
2521 1037 2671 1084 cum
2719 1014 2839 1081 tri·

891 1105 1013 1172 bus
1055 1104 1346 1170 millibus
1393 1105 1681 1169 virorum
1726 1102 2129 1169 delectorum
2177 1124 2258 1169 ex
2304 1101 2573 1182 Israele,
2636 1122 2840 1185 quum

887 1192 1004 1258 ille
1062 1189 1389 1257 sexcentis
1448 1198 1704 1254 tantum
1762 1188 2084 1256 militibus
2142 1188 2426 1272 stipatus
2482 1202 2686 1265 efflet,
2762 1196 2841 1252 ut

891 1290 1045 1344 ante
1101 1274 1404 1342 vidimus.
1501 1275 1640 1340 Nae
1699 1275 1758 1340 si
1817 1295 2266 1358 comparemus
2320 1275 2492 1341 inter
2549 1296 2621 1340 se
2675 1275 2839 1339 istos

888 1363 1241 1444 exercitus,
1284 1361 1478 1445 longe
1511 1361 1726 1444 impar
1769 1360 1897 1426 fuit
1938 1361 2279 1444 utriusque
2325 1361 2511 1426 ratio.
2558 1359 2840 1425 Davidis

892 1450 1068 1517 enim
1115 1447 1290 1531 socii,
1337 1446 1462 1512 viri
1506 1446 1697 1530 egeni
1720 1453 1786 1510 et
1829 1447 2051 1513 afflicti
2095 1448 2210 1530 qui
2243 1446 2328 1511 ad
2373 1447 2587 1530 ipsum
2612 1445 2839 1511 confu-

894 1544 1151 1620 gerant,
1195 1553 1321 1598 non
1350 1542 1536 1598 erant
1559 1532 1628 1597 iu
1654 1532 1854 1599 armis
1877 1532 2238 1613 exercitati,
2282 1532 2452 1599 sicut
2489 1552 2650 1615 quos
2675 1529 2837 1599 Saul

892 1643 977 1688 ex
1000 1618 1244 1687 Israele
1289 1617 1640 1703 delegerat.
1697 1618 1789 1684 Et
1824 1619 2144 1701 potuisset
2168 1616 2334 1685 Saul
2379 1619 2574 1702 longe
2618 1617 2839 1700 plures

891 1727 1167 1781 armare,
1213 1714 1282 1771 et
1326 1705 1599 1788 triginta
1642 1712 1759 1770 aut
1801 1705 2238 1788 quadraginta
2267 1703 2450 1770 mille
2495 1703 2836 1768 hominum

888 1792 1252 1859 exercitum
1298 1788 1707 1857 conscribere
1725 1814 1745 1854 .-
1802 1789 1916 1855 sed
1951 1790 2163 1856 tribus
2207 1788 2338 1855 illis
2379 1788 2671 1856 millibus
2714 1789 2841 1853 fuit

890 1887 1263 1955 contentus,
1320 1895 1405 1941 ne
1448 1876 1763 1941 maiorem
1820 1876 1889 1940 in
1934 1875 2200 1960 regione
2259 1875 2619 1941 tumultum
2663 1875 2836 1940 exci-

892 1977 1082 2042 taret,
1120 1972 1189 2030 et
1209 1984 1296 2029 ne
1319 1964 1457 2044 ipse
1479 1959 1604 2027 sibi
1627 1959 1908 2027 dedecus
1932 1970 2313 2041 accerseret,
2351 1962 2659 2026 miserum
2684 1979 2838 2044 pro·-

892 2051 1119 2136 fugum
1146 2048 1371 2132 paucis
1391 2048 1702 2130 stipatum
1744 2046 2064 2113 militibus
2099 2067 2515 2130 persequens.
2563 2045 2841 2111 Davidis

891 2137 1097 2222 igitur
1140 2134 1298 2201 socii
1342 2132 1740 2199 videbantur
1781 2132 2079 2199 oviculae
2122 2133 2196 2198 in
2240 2134 2505 2198 leonum
2552 2132 2841 2197 faucibus

889 2221 1159 2307 positae,
1203 2229 1274 2287 et
1315 2219 1592 2303 ipsemet
1624 2217 1884 2284 misella
1918 2219 2061 2284 ovis
2097 2239 2250 2283 mox
2287 2216 2630 2284 lanianda:
2677 2237 2840 2301 quo-

887 2306 1087 2373 modo
1131 2306 1307 2371 euim
1352 2305 1643 2372 sexcenti
1684 2303 1783 2370 illi
1831 2304 2133 2370 homines
2187 2304 2473 2370 inermes
2516 2312 2583 2368 et
2626 2322 2840 2368 armo-

892 2415 1041 2459 rum
1087 2390 1416 2475 inexperti
1460 2398 1562 2456 tot
1607 2390 1898 2456 millibus
1940 2388 2379 2456 restitissent?
2425 2389 2683 2455 Idcirco
2703 2387 2842 2453 Da-

893 2480 1010 2544 vid
1054 2479 1210 2561 suga
1243 2477 1525 2546 salutem
1551 2475 1676 2541 sibi
1711 2474 2083 2559 quaerebat,
2127 2485 2197 2542 et
2240 2477 2307 2539 in
2345 2474 2616 2542 latebris
2659 2495 2842 2558 prae-

894 2564 1139 2632 sidium
1199 2561 1503 2646 ponebat,
1562 2582 1641 2626 ea
1700 2561 2072 2628 conditione
2132 2571 2499 2640 contentus,
2554 2559 2621 2631 si
2680 2558 2841 2627 Saul

896 2652 1191 2735 quietum
1233 2649 1450 2731 ipsum
1497 2646 1906 2729 reliquisset:
1949 2668 2322 2731 quanquam
2365 2648 2592 2713 illatae
2628 2647 2699 2711 vi
2741 2667 2845 2712 re-

896 2737 1130 2802 sistere
1188 2732 1481 2817 parabat,
1544 2732 1656 2800 sed
1716 2732 1810 2798 ita
1863 2742 2089 2799 tamen
2145 2742 2217 2799 ut
2274 2732 2566 2800 cedendo
2623 2732 2846 2816 potius

894 2842 1088 2905 quam
1135 2818 1489 2904 pugnando
1534 2819 1889 2885 resisteret.
1949 2818 2196 2886 Misera
2238 2821 2457 2903 itaque
2501 2818 2843 2884 hominum

898 2906 1206 2991 opinione
1249 2904 1528 2970 Davidis
1572 2903 1878 2983 conditio,
1938 2904 2046 2971 cui
2088 2904 2314 2972 nullus
2360 2904 2642 2971 dabatur
2687 2905 2848 2970 effu-

896 2992 1116 3078 giendi
1164 2989 1433 3075 periculi
1483 2992 1675 3066 locus,
1736 2998 1803 3055 et
1859 2991 1970 3082 qui
2011 3011 2162 3058 cum
2220 2991 2448 3057 multis
2491 2991 2637 3056 aliis
2675 2988 2845 3056 diffi-

894 3078 1248 3145 cultatibus
1291 3076 1678 3143 luctabatur.
1777 3076 1970 3152 Nam,
2015 3085 2090 3142 ut
2134 3076 2495 3143 verisimile
2538 3085 2657 3156 est,
2708 3096 2845 3142 non

895 3173 1039 3234 erat
1079 3165 1280 3230 rebus
1334 3162 1713 3228 necessariis
1756 3160 2107 3228 admodum
2162 3163 2550 3240 instructus,
2611 3173 2688 3227 ut
2730 3161 2847 3246 qui

893 3254 969 3317 in
1016 3250 1275 3316 deserto
1310 3249 1514 3314 vitam
1555 3256 1801 3332 ageret,
1861 3257 1928 3314 et
1972 3248 2155 3313 omni
2197 3248 2445 3316 auxilio
2493 3249 2846 3315 destitutus

883 3348 1093 3403 esset.
1138 3334 1300 3412 Nae,
1347 3334 1404 3398 si
1449 3333 1765 3400 voluisset
1805 3334 2005 3410 Deus,
2052 3332 2417 3400 multorum
2462 3336 2720 3401 animos
2762 3332 2848 3401 ad

902 3420 1147 3487 Davidi
1190 3419 1491 3485 ferendas
1532 3419 1869 3502 suppetias
1912 3420 2288 3498 excitasset,
2320 3429 2391 3487 et
2435 3418 2520 3485 ad
2542 3440 2694 3486 eum
2739 3419 2850 3484 ad-

903 3529 1135 3574 versus
1204 3505 1427 3572 Saulis
1491 3505 1777 3572 furorem
1847 3504 2229 3589 tutandum,
2293 3503 2848 3589 quemadmodum

887 3595 1209 3675 ‚deinceps
1268 3592 1511 3657 factum
1572 3589 1954 3663 videbimus.
2018 3590 2234 3656 subito
2279 3593 2606 3657 maximae
2643 3592 2849 3675 partis

902 3679 1134 3765 populi
1178 3678 1411 3743 animis
1456 3677 1842 3760 immutatis,
1900 3681 1971 3742 et
2012 3676 2138 3760 ipsi
2198 3677 2454 3760 placide
2511 3698 2657 3743 sese
2700 3676 2851 3743 sub-

905 3764 1332 3842 mittentibus,
1392 3762 1504 3845 qui
1549 3771 1741 3827 antea
1784 3761 2039 3827 infestis
2094 3763 2332 3828 animis
2374 3765 2592 3847 ipsum
2636 3783 2849 3848 perse-

907 3849 1299 3935 quebantur.
1357 3848 1610 3913 Verum
1653 3848 1749 3912 ita
1793 3848 2040 3931 placuit
2079 3848 2208 3931 ipsi
2243 3848 2577 3916 Davidem
2621 3870 2849 3916 excer-

907 3958 1076 4013 cere,
1132 3942 1200 4000 et
1257 3935 1328 3999 in
1388 3942 1601 3999 tantas
1648 3937 1987 4018 angustias
2047 3933 2364 4018 redigere,
2421 3944 2488 4001 et
2530 3956 2662 4004 non
2709 3934 2851 4001 sine

906 4022 1121 4091 causis
1158 4020 1487 4104 legitimis.
1543 4018 1718 4085 Nam
1755 4019 2099 4085 demittere
2133 4029 2204 4085 et
2238 4020 2588 4087 humiliare
2632 4023 2850 4105 ipsum

905 4110 1070 4186 vult,
1118 4127 1245 4191 quo
1287 4104 1628 4171 ardentius
1673 4105 1754 4170 ab
1796 4106 1939 4188 ipso
1976 4107 2338 4184 invocetur,
2382 4116 2450 4173 et
2470 4107 2853 4188 experiatur

907 4215 1097 4261 suam
1144 4192 1423 4258 salutem
1471 4213 1511 4257 a
1554 4190 1692 4256 sola
1728 4189 1854 4258 Dei
1887 4189 2172 4258 vindicis
2211 4211 2410 4257 manu
2454 4204 2521 4257 et
2564 4193 2854 4276 gratuita

909 4281 1198 4346 bonitate
1243 4277 1550 4362 pendere.
1641 4276 1945 4360 Denique
1989 4276 2178 4342 Deus
2222 4277 2516 4344 ostendit
2555 4278 2850 4344 fidelium

908 4366 1190 4432 salutem
1231 4374 1369 4429 tam
1413 4363 1702 4446 corporis
1748 4383 1946 4446 quam
1991 4363 2268 4440 animae,
2315 4384 2445 4428 non
2492 4384 2530 4427 a
2572 4365 2853 4429 terrenis

908 4450 1159 4529 mediis,
1204 4448 1318 4515 sed
1356 4470 1396 4514 a
1440 4448 1580 4515 sola
1602 4448 1729 4513 Dei
1772 4447 2017 4514 virtute
2062 4448 2364 4533 pendere.
2420 4449 2606 4515 Haec
2645 4448 2853 4535 igitur

908 4537 1215 4619 exempla
1279 4534 1562 4600 Davidis
1606 4532 1986 4599 meditanda
2027 4543 2184 4600 sunt
2228 4534 2434 4614 nobis,
2480 4557 2674 4620 quem
2719 4557 2850 4602 non

907 4635 1169 4689 tantum
1217 4621 1463 4686 viribus
1506 4623 1822 4720 imparem
1866 4619 2071 4685 fuisse
2116 4620 2430 4699 hostibus,
2491 4622 2605 4687 sed
2652 4624 2852 4688 etiam

909 4709 1088 4776 omni
1155 4705 1406 4780 auxilio
1466 4707 1852 4773 destitutum
1911 4705 2243 4785 videmus,
2307 4728 2436 4789 quo
2500 4709 2853 4775 imminens

909 4796 1106 4879 capiti
1151 4793 1512 4877 periculum
1550 4792 1891 4876 effugeret.
1940 4789 2206 4875 Scripta
2240 4794 2414 4857 enim
2452 4793 2638 4859 nobis
2673 4803 2739 4857 et
2780 4795 2853 4859 in

911 4902 1101 4947 usum
1145 4901 1219 4947 ac
1264 4878 1629 4945 doctrinam
1674 4886 1969 4943 nostram
2015 4887 2117 4942 est
2152 4877 2313 4943 haec
2348 4878 2644 4944 historia.
2692 4878 2853 4944 Fuit

909 4968 1107 5044 enim,
1152 4975 1227 5030 ut
1271 4973 1424 5030 ante
1466 4983 1659 5047 saepe
1704 4963 2009 5047 diximus,
2055 4962 2276 5028 David
2319 4964 2536 5047 imago
2579 4963 2851 5030 Domini

912 5050 1120 5118 nostri
1150 5050 1304 5116 Iesu
1352 5048 1625 5130 Christi,
1667 5059 1736 5114 et
1776 5052 1976 5115 totius
2022 5049 2351 5114 ecclesiae.
2419 5048 2631 5133 Caput
2675 5050 2849 5116 enim

889 5138 1080 5201 mihil
1157 5136 1356 5202 habet
1423 5136 1758 5220 proprium
1783 5184 1801 5219 ,
1882 5136 1993 5201 sed
2052 5153 2204 5199 cum
2261 5135 2570 5201 membris
2632 5138 2851 5202 omnia

2542 313 2953 381 HOMILIA
2996 312 3255 380 XCIII.
4658 321 4739 390 5⁵15

2941 501 3149 567 iectos
3171 521 3315 567 esse
3337 501 3639 581 voluerit,
3675 509 3742 565 et
3782 500 4004 567 hostes
4047 500 4326 565 multum
4374 500 4535 567 uobis
4563 524 4744 587 praevt-

2941 586 3100 665 lere,
3158 608 3200 652 a
3242 586 3480 669 quibus
3538 586 3805 652 iamiam
3870 585 4164 651 laniandi
4210 586 4544 665 videamur,
4582 601 4629 654 st
4656 601 4746 658 tsn-

2943 692 3143 756 quam
3188 675 3465 739 miserae
3524 694 3680 739 oves
3724 692 3763 736 a
3821 672 4224 738 saevissimis
4280 683 4347 737 et
4399 672 4645 741 famelicis
4670 678 4748 745 lec

2946 759 3142 824 nibus
3188 758 3485 840 vorandi,
3540 781 3626 825 ne
3685 758 3752 823 id
3798 778 4042 824 novum
4100 765 4167 822 et
4220 757 4499 825 insolens
4530 762 4666 828 nobis
4694 766 4749 829 vi·

2945 844 3195 922 deatur,
3240 865 3445 928 quum
3483 845 3740 929 insigne
3782 843 3870 910 sit
3912 841 4083 927 qnod
4117 842 4226 909 hic
4264 844 4607 927 proponitur
4620 846 4750 913 Davi·

2945 930 3049 995 dis
3090 932 3485 1014 exemplum.
3586 928 3723 997 Sed
3784 927 4114 995 discamus
4157 927 4304 994 Deo
4360 950 4468 994 nos
4504 928 4754 1015 deficiente,

2943 1024 3012 1082 et
3053 1017 3258 1081 variis
3292 1016 3773 1083 calamitatibus
3807 1027 4154 1081 exercente
4188 1037 4317 1080 non
4351 1015 4591 1097 obloqui,
4623 1039 4753 1100 usquo

2944 1101 3289 1166 insolentia
3345 1114 3412 1166 et
3471 1102 3847 1185 arrogantia
3903 1100 4156 1166 efferri:
4216 1100 4329 1166 sed
4389 1112 4588 1184 sponte
4619 1124 4757 1170 coram

2944 1186 3091 1252 Deo
3134 1186 3536 1266 deiiciamur,
3582 1197 3651 1254 et
3691 1208 3777 1252 ne
3820 1185 4197 1253 dubitemus
4241 1187 4403 1271 quin
4444 1185 4598 1253 Deus
4623 1190 4671 1253 in
4698 1191 4756 1254 in·

2943 1274 3255 1339 firmitate
3312 1283 3535 1340 nostra
3581 1274 3714 1339 vim
3772 1292 3961 1340 suam
4003 1282 4071 1338 et
4112 1272 4465 1356 potentiam
4502 1287 4761 1341 execrata

2944 1360 3324 1442 patefaciatt
3382 1371 3449 1424 et
3506 1356 3970 1426 afflictionibus
4028 1358 4314 1425 deiectos
4330 1409 4347 1438 ,
4403 1367 4465 1424 et
4513 1359 4581 1424 ad
4626 1361 4760 1441 ipsum

2942 1444 3389 1511 invocandum
3432 1447 3704 1529 eiusque
3747 1443 4066 1511 auxilium
4114 1443 4570 1527 implorandum
4601 1447 4762 1511 exciu-

2943 1539 3048 1595 tos
3093 1531 3322 1615 erigat,
3356 1542 3425 1597 et
3467 1532 3798 1613 cognitam
3843 1530 4294 1596 infirmitatem
4342 1541 4601 1595 nostram
4633 1533 4767 1597 sublo-
4874 1545 4875 1576 l

2944 1627 3088 1700 vet3
3166 1615 3337 1699 quod
3405 1619 3693 1684 rationes
3758 1616 3998 1683 habeat
4060 1637 4214 1682 suos
4279 1614 4602 1681 adiuvandi
4650 1617 4765 1682 nohis

2943 1703 3347 1786 incognitas,
3406 1712 3473 1768 et
3527 1712 3753 1769 nostro
3806 1701 4049 1768 iudicio
4114 1701 4551 1784 impossibiles.
4623 1702 4769 1784 Itaque

2943 1788 3099 1853 licet
3120 1809 3250 1853 uon
3287 1809 3363 1855 80
3387 1798 3719 1854 momento
3742 1809 3872 1872 quo
3892 1796 4356 1871 exoptaremus
4382 1788 4580 1853 hostes
4598 1798 4767 1854 nostros

2945 1874 3278 1958 profliget,
3344 1874 3511 1939 nihil
3569 1885 3788 1940 tamen
3849 1893 3963 1940 eos
4019 1872 4370 1940 adversum
4428 1895 4538 1939 nos
4591 1893 4773 1939 ausuros

2944 1969 3198 2026 certum
3244 1969 3364 2039 est,
3409 1957 3537 2026 nisi
3582 1959 3753 2043 quod
3799 1959 3939 2044 ipse
3982 1959 4388 2043 permiserit:
4427 1969 4491 2023 et
4528 1958 4646 2023 Deo
4676 1958 4771 2041 ipsis

2945 2045 3138 2111 nobis
3178 2045 3600 2129 praevalendi
3626 2045 3877 2112 viribus
3901 2045 4094 2111 dante
4140 2054 4524 2128 potestatem
4544 2044 4775 2110 commodo
4874 2101 4875 2104 ,

2945 2140 3174 2197 nostro
3209 2131 3370 2211 fieri,
3415 2153 3575 2215 quos
3611 2153 3690 2198 ea
3726 2133 3980 2197 ratione
4023 2132 4378 2216 castigatos
4420 2129 4648 2196 erudire
4678 2130 4773 2196 vult

2944 2219 3166 2300 Atque
3207 2218 3373 2283 haec
3417 2218 3555 2283 sola
3600 2218 3786 2283 nobis
3829 2218 3995 2284 ratio
4039 2216 4232 2282 debet
4276 2217 4581 2283 sufficere.
4615 2215 4776 2297 Quam·

2947 2303 3171 2369 obrem
3218 2323 3416 2386 quum
3467 2303 3659 2368 hodie
3702 2302 3989 2385 undique
4034 2303 4336 2369 miseram
4398 2302 4682 2368 ecclesiam
4711 2321 4778 2365 ur·

2947 2390 3091 2475 geri
3136 2389 3427 2455 hostium
3451 2387 3702 2455 viribus
3724 2390 4225 2472 conspiciamus,
4269 2396 4339 2453 et
4374 2388 4491 2454 sibi
4526 2387 4779 2453 demiseris

2949 2475 3359 2559 triumphum
3421 2474 3731 2558 polliceri,
3786 2475 3970 2558 quasi
4015 2494 4137 2540 sua
4176 2476 4403 2540 omnia
4443 2475 4671 2540 consilis
4695 2473 4779 2536 sint

2949 2561 3032 2625 ad
3092 2562 3342 2626 exitum
3401 2560 3783 2644 perducturi
3804 2612 3820 2636 ,
3880 2559 4054 2644 quod
4100 2570 4167 2626 et
4223 2561 4429 2643 copiis
4483 2570 4544 2625 et
4592 2558 4783 2625 oonffliis
4874 2615 4875 2636 ἦ

2948 2647 3260 2714 instructi
3316 2646 3469 2727 sint,
3526 2667 3610 2711 ne
3668 2648 3967 2712 animum
4025 2646 4449 2712 abiiciamus:
4502 2644 4604 2711 sed
4646 2643 4785 2727 potius
4874 2685 4875 2698 κ

2950 2735 3075 2797 ista
3131 2731 3554 2799 meditatione
3606 2733 4033 2810 consolemur,
4096 2732 4263 2797 nihil
4326 2753 4565 2798 novum
4600 2738 4654 2795 et
4684 2730 4785 2793 inso-
4874 2741 4875 2748 ’

2948 2818 3093 2885 lens
3158 2819 3483 2886 accidere:
3541 2817 3656 2884 sed
3721 2838 3866 2885 eam
3935 2838 4076 2883 esse
4133 2818 4431 2883 omnium
4488 2815 4788 2884 saeculorum

2949 2904 3259 2972 ecclesiae
3295 2903 3751 2984 conditionem,
3793 2924 3985 2987 quam
4027 2904 4224 2969 variis
4264 2903 4479 2969 modis
4496 2903 4790 2968 Densum·

2950 2991 3108 3070 cuit,
3170 2999 3246 3056 ut
3288 3000 3606 3074 quotquot
3648 2989 3875 3056 fideles
3918 2990 4177 3055 fort-iter
4219 3010 4456 3055 omnes
4496 3007 4660 3054 casus
4688 2983 4791 3050 tulo·

2951 3088 3127 3154 runt,
3186 3076 3488 3161 exemplo
3550 3076 3735 3142 nobis
3779 3076 3915 3142 sint
3973 3075 4330 3158 patientiae
4377 3085 4445 3141 et
4485 3070 4792 3142 fortitudinis,

2948 3171 3018 3229 et
3060 3183 3169 3227 eos
3212 3173 3448 3246 sponte
3491 3182 3844 3245 sequamur
3887 3173 3952 3226 et
3996 3162 4375 3230 imitemur:
4420 3183 4494 3228 ac
4534 3160 4665 3225 licet
4684 3153 4796 3221 millo

2951 3248 3183 3314 mortis
3206 3248 3508 3331 periculis
3545 3248 3766 3331 urgeri
3786 3246 4152 3323 videamur,
4196 3247 4620 3313 nihilominus
4652 3245 4704 3308 in
4728 3260 4799 3305 sus

2952 3334 3228 3418 quisque
3288 3333 3633 3400 vocatione
3688 3332 3947 3398 fortiter
4014 3343 4084 3398 et
4140 3333 4580 3414 imperterrite
4632 3335 4798 3413 perga,

2953 3420 3083 3485 Dei
3131 3421 3340 3485 nostri
3396 3419 3689 3485 bonitate
3736 3428 3802 3485 et
3858 3419 4104 3486 virtute
4156 3418 4395 3500 fretus,
4450 3419 4553 3502 qui
4594 3426 4801 3496 ‚tempore

2956 3515 3326 3589 opportuno
3370 3525 3455 3572 ex
3512 3505 3814 3571 omnibus
3872 3504 4180 3589 periculis
4241 3516 4509 3587 ereptos
4557 3499 4795 3568 recreabit

2954 3591 3219 3660 Scimus
3262 3591 3442 3657 enim
3475 3611 3593 3673 spe
3636 3611 3755 3656 sua
3798 3611 4135 3673 nunquam
4181 3590 4511 3657 excidisse
4558 3588 4655 3672 qui
4687 3601 4799 3669 εμπ

2952 3696 3142 3743 suam
3184 3678 3252 3741 in
3299 3675 3446 3742 Deo
3490 3687 3943 3760 reposueruut.
3991 3676 4128 3741 Nos
4169 3676 4402 3759 itaque
4445 3676 4594 3760 ipsis
4629 3671 4797 3761 consor

2953 3763 3126 3830 mari
3171 3785 3254 3828 ne
3296 3763 3536 3847 pigeat,
3583 3774 3654 3828 ut
3687 3763 3756 3826 in
3791 3783 3867 3827 eo
3911 3783 4098 3844 spem
4135 3772 4443 3830 nostram
4467 3783 4506 3828 a
4544 3780 4656 3844 quo
4672 3755 4801 3824 adina

2954 3858 3111 3916 sunt
3153 3869 3465 3931 reponere
3510 3868 3645 3913 non
3689 3847 4092 3915 dubitemus:
4152 3848 4267 3931 qui
4315 3849 4615 3933 quoniam
4652 3847 4800 3907 immn-

2955 3935 3171 4002 tabilis
3213 3944 3334 4013 est,
3389 3944 3610 4000 noster
3652 3934 3853 3999 etiam
3895 3934 4153 3999 adiutor
4195 3942 4320 4013 est,
4381 3945 4451 4000 et
4495 3950 4693 3999 eorum
4720 3945 4799 3992 om·

2954 4023 3142 4088 nium
3188 4020 3303 4104 qui
3346 4020 3429 4086 ad
3473 4020 3687 4104 ipsum
3734 4019 3926 4086 rebus
3984 4020 4285 4104 angustis
4332 4028 4404 4086 et
4445 4019 4678 4086 afflictis
4707 4031 4798 4079 oon-

2955 4109 3237 4193 fugiunt,
3282 4115 3350 4172 et
3394 4126 3575 4189 spem
3620 4106 3689 4170 in
3733 4106 3875 4189 ipso
3919 4104 4261 4172 collocant.

3126 4193 3337 4259 Porro
3397 4212 3526 4276 quo
3570 4192 3804 4257 melius
3841 4190 4140 4275 exemplo
4182 4191 4479 4256 Davidis
4520 4190 4799 4255 excitemur.

2955 4300 3147 4363 quem
3194 4278 3274 4343 de
3334 4279 3458 4345 hac
3501 4299 3573 4343 re
3624 4278 3950 4361 psalmum
3992 4279 4365 4359 composuit
4423 4273 4799 4360 expendam&

2956 4365 3267 4449 frigidum
3312 4365 3489 4428 enim
3524 4365 3693 4429 foret
3735 4363 4110 4446 exemplum
4155 4364 4301 4428 sine
4338 4363 4638 4436 doctrina,
4667 4372 4801 4439 ‹1⁰³ss-

2956 4450 3303 4533 doquidem
3348 4460 3483 4515 tam
3528 4449 3747 4518 hebeti
3784 4448 4171 4532 plerumque
4215 4470 4458 4514 sumus
4499 4445 4729 4531 ingenio,
4756 4451 4797 4499 ¹¹1

2956 4536 3120 4602 nihil
3169 4536 3296 4601 nisi
3316 4535 3489 4619 quod
3513 4536 3579 4601 in
3604 4535 3826 4601 oculos
3861 4536 4211 4601 incurrerit
4243 4529 4800 4618 comprehendamu-
4874 4561 4875 4572 ¹

2956 4620 3180 4688 David
3224 4624 3425 4706 igitur
3466 4622 3666 4687 etiam
3705 4621 4074 4686 doctrinam
4110 4622 4479 4703 proposuit,
4522 4631 4592 4684 ut
4618 4614 4798 4690 diligen·

2956 4717 3060 4774 ter
3103 4729 3182 4774 ea
3222 4729 3393 4791 quae
3433 4707 3558 4791 ipsi
3595 4707 4013 4790 contigerunt
4047 4707 4459 4784 intueamur,
4501 4716 4566 4773 et
4602 4705 4656 4768 in
4682 4712 4799 4764 usum

2956 4803 3024 4861 et
3063 4795 3342 4860 salutem
3387 4803 3679 4860 nostram
3722 4793 4140 4876 applicemus.
4219 4793 4497 4860 Psalmo
4536 4792 4713 4872 itaque
4740 4779 4795 4844 5¹-

2955 4880 3178 4946 David
3221 4881 3555 4963 praedicat
3586 4900 3657 4945 se
3699 4879 4142 4963 precationem
4166 4899 4345 4961 quae
4382 4878 4520 4945 illic
4537 4873 4797 4943 continetur

2956 4965 3336 5043 instituisse,
3394 4986 3520 5050 quo
3581 4973 3874 5048 tempore
3916 4964 4190 5047 Ziphaei
4246 4966 4339 5030 ad
4401 4963 4646 5031 Saulem
4680 4971 4794 5020 vm·

2955 5063 3132 5130 runt,
3175 5073 3457 5136 eumque
3499 5051 3580 5117 ad
3616 5049 3943 5116 Davidem
3989 5051 4483 5133 insequendum
4516 5047 4795 5134 excitam}

2955 5136 3215 5219 Quibus
3271 5140 3476 5224 igitur
3531 5135 3993 5214 afflictionibus
4050 5136 4390 5204 exercitus
4448 5136 4629 5202 fuerit
4662 5119 4795 5193 Dffll

910 5224 1301 5292 communia.
1367 5220 1591 5303 Quare
1634 5242 1840 5305 quum
1885 5242 2010 5287 nos
2057 5220 2237 5286 Deus
2291 5220 2589 5287 infirmos
2633 5231 2701 5287 et
2744 5222 2852 5287 ab·
2952 5244 3030 5289 eo
3073 5223 3214 5290 loco
3258 5232 3741 5308 commemorat,
3787 5222 4023 5288 deinde
4064 5243 4193 5307 quo
4226 5226 4463 5290 animo
4498 5221 4678 5287 Deum
4710 5225 4795 5296 ΡΝ·
