5059 6059
266 250 386 317 653

1516 247 1613 313 IN
1660 247 1716 314 L
1762 248 1943 315 LIB.
1990 247 2394 316 SAMUEL.
2438 249 2639 316 OAP.
2681 250 3015 318 XXVIII.

4146 257 4276 322 654

269 448 653 528 potestatem
698 439 1044 506 victoriam
1089 439 1195 505 cui
1242 440 1419 505 volet
1458 438 1875 507 concedendi.
1936 437 2213 537 Interim
2317 436 2768 519 respondisse,
2845 459 2980 503 non
3047 440 3348 505 meminit
3412 440 3601 507 Urim
3684 452 3802 506 aut
3867 440 4269 523 Thummim,

266 548 417 594 vere
439 525 605 592 Saul
628 524 1104 607 desperationis
1126 524 1363 609 plenus
1386 533 1505 603 est,
1551 546 1749 609 quam
1778 524 1905 590 hoc
1924 542 2216 588 maxime

2317 542 2519 604 quum
2575 530 2800 588 tamen
2859 534 3051 590 antea
3095 523 3341 590 dictum
3386 526 3475 591 sit
3517 524 3734 591 Deum
3781 527 3903 610 ipsi
3951 547 4085 592 non
4132 551 4269 595 res·

272 612 574 697 patefacit
610 609 779 693 quod
825 609 972 676 Deo
1016 611 1143 693 ipsi
1191 630 1324 675 non
1368 611 1803 693 respondente
1848 612 1915 674 in
1962 607 2218 674 malitia
2301 606 2656 689 pondisse,
2725 629 2937 693 neque
2998 631 3113 693 per
3169 609 3547 676 Thummim
3607 630 3821 694 neque
3879 633 4000 696 per
4057 613 4269 695 Urim,

275 718 391 765 sua
432 695 771 764 occalluit:
842 696 1015 777 quod
1059 697 1234 760 enim
1280 694 1467 762 Deus
1510 717 1639 762 non
1687 695 2027 778 respondit
2070 693 2216 776 ipsi,

274 784 608 849 docuimus
655 790 850 846 antea
895 782 1159 865 signum
1203 780 1404 846 fuisse
1447 781 1717 848 Saulem
1755 802 1794 845 a
1814 779 1959 845 Deo
2002 800 2216 845 reces-

274 870 451 936 sisse.
538 866 768 950 Neque
826 868 1002 931 enim
1058 869 1115 932 si
1175 866 1257 932 ad
1318 866 1535 932 Deum
1594 889 1755 950 pure
1813 876 1880 932 et
1939 863 2217 932 candide

423 963 534 1018 ata
588 953 923 1019 confessus
980 952 1358 1017 accessisset
1407 953 1814 1035 promissioni
1877 951 2059 1017 Deus
2103 947 2217 1015 de·

271 972 535 1104 met:
596 1036 709 1102 sed
773 1057 931 1103 vera
992 1035 1125 1102 fide
1182 1049 1249 1102 et
1300 1038 1701 1119 poenitentia
1759 1060 1830 1104 se
1874 1035 2216 1103 invocanti

271 1124 732 1207 respondisset.
779 1121 914 1188 Sed
940 1123 1246 1205 quoniam
1272 1125 1416 1188 sine
1441 1124 1862 1206 poenitentia,
1900 1124 2044 1188 sine
2067 1119 2216 1198 fide,

271 1209 382 1275 sed
426 1207 618 1275 corde
677 1207 921 1290 duplici
982 1220 1047 1273 et
1105 1209 1322 1274 fucato
1367 1209 1582 1274 Deum
1637 1210 1918 1291 invocat,
1973 1207 2215 1273 idcirco

275 1315 481 1360 vanae
560 1305 629 1358 et
710 1293 936 1358 irritae
1016 1303 1177 1359 sunt
1253 1293 1462 1377 ipsius
1539 1315 1799 1378 preces:
1870 1294 2216 1375 Deumque

274 1380 516 1446 frustra
538 1379 815 1462 quaerit.
883 1378 1326 1459 Quamobrem
1353 1379 1517 1445 Saul
1542 1380 1857 1445 adversus
1892 1401 1965 1445 se
2001 1379 2213 1459 ipsum

271 1465 465 1531 etiam
510 1465 757 1530 invitus
801 1465 930 1529 fert
973 1466 1437 1542 testimonium,
1482 1487 1552 1530 se
1596 1466 1667 1530 in
1713 1464 1965 1530 malitia
2006 1462 2215 1529 occal-

269 1549 470 1616 luisse
526 1548 696 1633 quod
742 1550 886 1614 sine
933 1551 1351 1633 poenitentia,
1403 1550 1545 1616 siue
1588 1550 1719 1616 fide
1763 1549 1980 1615 Deum
2024 1568 2222 1631 quae-

270 1643 392 1700 rat.
480 1636 835 1700 Praeterea
879 1634 1047 1701 Saul
1101 1635 1387 1701 ostendit
1443 1656 1515 1701 se
1573 1635 1866 1701 nondum
1913 1634 2217 1700 didicisse

270 1721 421 1805 quid
503 1722 588 1785 sit
656 1720 872 1785 Deum
947 1732 1355 1804 exspectare:
1438 1742 1592 1786 nam
1658 1720 1819 1787 fides
1885 1741 2034 1786 cum
2099 1739 2217 1803 spe

268 1827 526 1890 semper
560 1806 907 1872 coniuncta
950 1815 1083 1872 est:
1127 1808 1264 1889 spei
1312 1815 1530 1872 autem
1576 1828 1654 1872 ea
1697 1815 1935 1872 natura
1979 1816 2096 1882 est,
2142 1812 2219 1869 ut

266 1894 389 1959 nisi
465 1891 653 1957 Deus
732 1892 948 1975 primo
1012 1911 1271 1975 quoque
1340 1903 1629 1974 tempore
1692 1892 1882 1959 nobis
1946 1911 2215 1978 respon·

265 1978 437 2043 derit
460 2028 477 2057 ,
543 1977 872 2061 patienter
938 1985 1157 2043 tamen
1229 1978 1585 2043 adventum
1653 1979 1796 2044 eius
1860 1981 2215 2063 praestole-

264 2084 449 2141 mur,
524 2083 674 2146 spes
747 2062 921 2129 enim
996 2074 1097 2128 est
1154 2063 1357 2128 veluti
1415 2063 1566 2127 fidei
1623 2064 1870 2129 nutrix.
1980 2066 2217 2149 Itaque

264 2148 419 2216 licet
511 2148 641 2214 Dei
734 2148 1198 2230 promissiones
1286 2148 1415 2213 fide
1503 2149 1789 2230 amplexi
1876 2150 2214 2233 fuerimus,

263 2254 459 2317 saepe
545 2242 767 2299 tamen
851 2232 1038 2298 Deus
1115 2235 1435 2300 auxilium
1524 2235 1766 2314 differt,
1853 2246 1931 2301 ut
2016 2236 2213 2303 fidem

261 2329 561 2385 nostram
670 2327 738 2385 et
840 2318 1282 2385 obedientiam
1366 2320 1682 2403 exploret.
1817 2320 2214 2389 Constantes

257 2414 481 2470 autem
567 2424 710 2470 esse
798 2423 928 2469 non
1007 2425 1381 2488 possumus,
1468 2426 1588 2473 uec
1663 2406 1989 2489 patientes
2069 2407 2215 2475 sine

258 2489 427 2573 fide,
480 2510 694 2573 neque
751 2488 949 2555 fidem
1006 2490 1148 2557 sine
1206 2512 1323 2575 spe
1377 2490 1683 2560 retinere.
1787 2491 1950 2558 Saul
2006 2492 2214 2577 igitur

256 2577 422 2643 satis
488 2584 768 2642 testatur
824 2595 896 2640 se
953 2576 1517 2659 desperabundum
1580 2579 1662 2644 ad
1719 2577 1935 2643 Deum
1996 2598 2213 2646 acces-

257 2664 447 2742 sisse,
506 2660 680 2744 quod
739 2680 938 2726 verae
980 2663 1133 2727 fidei
1179 2662 1432 2731 radices
1474 2666 1546 2730 in
1590 2662 1788 2731 corde
1831 2664 2053 2730 nullas
2097 2663 2216 2730 ha·

257 2746 500 2815 buerit.
587 2747 736 2814 Hoc
792 2746 1003 2830 igitur
1057 2749 1361 2833 exemplo
1419 2750 1745 2817 discamus
1787 2768 2036 2833 sapere,
2087 2749 2212 2817 etsi

255 2833 448 2899 Deus
512 2853 554 2898 a
619 2831 808 2898 nobis
872 2833 1217 2899 invocatus
1284 2856 1414 2901 non
1482 2833 1895 2918 responderit
1918 2886 1933 2916 ‚
2001 2856 2213 2919 neque

253 2918 573 2987 bonitatis
616 2938 777 2984 suae
821 2917 1012 3003 signa
1056 2919 1194 2985 ulla
1238 2919 1509 3001 dederit,
1566 2922 1701 2987 imo
1745 2922 1942 2987 etiam
1983 2930 2214 2986 contra

250 3010 695 3089 persequutus
776 3002 898 3085 sit,
980 3024 1414 3088 agnoscamus
1490 3016 1761 3091 propter
1835 3007 2213 3090 iniquitates

256 3096 520 3157 nostras
574 3089 738 3166 fieri,
802 3100 876 3153 ut
920 3088 1107 3156 Deus
1157 3112 1288 3156 non
1335 3092 1747 3177 respondeat,
1792 3112 1961 3176 quae
2006 3091 2212 3160 veluti

253 3174 595 3260 repagulis
652 3173 843 3239 illum
901 3195 940 3240 a
982 3174 1172 3242 nobis
1212 3186 1543 3261 separant,
1592 3178 1865 3262 ideoque
1907 3187 2213 3263 oportere

254 3282 385 3327 nos
442 3270 700 3327 reatum
762 3267 1060 3326 nostrum
1113 3261 1325 3342 fateri,
1386 3273 1452 3329 et
1509 3263 1828 3331 adversus
1873 3285 1996 3330 nos
2035 3263 2213 3347 ipsos

252 3346 660 3413 sententiam
696 3346 890 3426 ferre,
926 3354 994 3411 et
1029 3348 1270 3413 seriam
1305 3349 1781 3433 poenitentiam
1817 3350 1896 3416 de
1932 3350 2214 3435 peccatis

252 3452 474 3517 agere.
561 3434 781 3515 Atque
836 3430 945 3499 hic
1000 3454 1146 3499 esso
1191 3433 1383 3500 debet
1424 3434 1857 3504 afflictionum
1901 3457 2079 3519 usus,
2136 3442 2213 3500 ut

252 3517 499 3584 axillis
534 3525 849 3601 tanquam
887 3537 1018 3582 non
1057 3517 1273 3584 dubiis
1314 3522 1710 3588 testimoniis
1743 3541 2213 3606 cognoscamus

250 3605 479 3671 Deum
539 3623 581 3668 a
621 3602 810 3669 nobis
855 3604 1218 3683 recessisse,
1262 3612 1327 3670 et
1371 3606 1816 3674 abalienatum
1859 3628 2031 3674 esse:
2081 3626 2210 3671 non

250 3687 523 3773 quidem
579 3696 655 3753 ut
708 3689 781 3753 in
843 3687 1364 3773 desperationem
1411 3695 1783 3760 veniamus:
1829 3691 1944 3758 sed
1990 3692 2210 3777 potius

252 3784 341 3841 ut
382 3781 813 3859 agnoscentes
856 3795 977 3840 nos
1022 3777 1301 3858 peccatis
1347 3780 1591 3845 nostris
1633 3786 1700 3844 et
1744 3777 2210 3864 transgressio·

250 3858 461 3926 nibus
495 3860 577 3926 ab
613 3861 754 3943 ipso
787 3859 1105 3926 alienatos
1140 3862 1314 3927 seria
1348 3873 1415 3927 et
1460 3884 1590 3930 non
1636 3863 1939 3931 simulata
1982 3861 2211 3947 poeni·

252 3946 476 4010 tentia
537 3944 868 4012 damnatis
928 3946 1170 4012 nostris
1223 3949 1510 4030 peccatis
1553 3949 1636 4016 ad
1680 3950 1704 4014 i
1751 3970 1897 4015 sum
1939 3968 2211 4014 conver·

245 4039 501 4112 tamur,
568 4031 963 4129 veniamque
1029 4031 1357 4115 deprecati
1427 4056 1559 4099 non
1619 4035 1708 4101 du
1753 4034 1995 4100 itemus
2054 4034 2213 4116 quin

244 4135 333 4184 se
398 4115 659 4182 facilem
723 4117 910 4183 nobis
975 4118 1318 4200 praebeat,
1385 4128 1450 4185 et
1515 4120 1597 4186 ad
1663 4140 1891 4204 preces
1957 4126 2213 4184 nostras

244 4201 676 4285 respondeat,
734 4202 1073 4285 nostrique
1130 4203 1542 4272 misereatur.
1625 4206 1773 4271 Etsi
1826 4225 1981 4272 vero
2026 4203 2214 4269 Deus

244 4307 398 4353 non
454 4287 667 4370 primo
728 4308 984 4371 quoque
1045 4297 1340 4372 tempore
1399 4290 1587 4357 nobis
1630 4290 1998 4376 respondet,
2045 4290 2211 4357 scia-

244 4392 416 4438 mus
478 4380 699 4439 tamen
766 4393 897 4438 non
965 4371 1110 4439 ideo
1177 4375 1362 4441 nobis
1430 4376 1932 4460 desperandum,
1998 4386 2066 4440 et
2129 4373 2211 4440 ad

240 4454 591 4524 diabolum
644 4458 1179 4543 confugiendum,
1239 4460 1558 4527 auxilium
1619 4463 1701 4529 ab
1755 4464 1899 4546 ipso
1942 4482 2211 4544 exspec-

239 4548 497 4622 tantos,
539 4543 653 4609 sed
699 4544 918 4628 potius
961 4555 1261 4627 oportere
1305 4560 1806 4629 perseveranter
1847 4547 2068 4614 Deum
2110 4547 2210 4610 in·

234 4646 513 4707 vocare,
558 4628 764 4699 donec
800 4650 918 4695 nos
953 4632 1115 4697 satis
1158 4652 1241 4696 ex
1288 4631 1536 4698 lorarit.
1600 4633 1964 4716 Nunquam
2007 4631 2215 4716 igitur

234 4714 798 4780 intermittendae
855 4736 1102 4799 preces,
1162 4737 1231 4782 se
1329 4718 1621 4801 quotidie
1687 4716 2212 4804 ingeminandae,

238 4800 469 4867 donec
520 4800 690 4865 iram
739 4821 925 4867 suam
987 4822 1027 4867 a
1085 4801 1275 4868 nobis
1316 4813 1613 4870 avertere
1658 4804 1959 4879 voluerit,
2022 4811 2091 4868 et
2130 4823 2216 4867 ex

240 4883 486 4951 densis
543 4884 675 4950 illis
732 4886 1020 4952 tenebris
1075 4887 1146 4955 in
1204 4908 1365 4970 quas
1420 4890 1716 4956 immersi
1760 4907 2040 4969 eramus,
2095 4907 2216 4952 nos

236 4970 326 5036 in
388 4969 601 5036 lucem
661 4969 957 5053 educere,
1015 4972 1243 5055 suique
1304 4994 1463 5058 erga
1506 4996 1626 5040 nos
1671 4975 1912 5041 amoris
1956 4973 2215 5058 paterni

236 5075 402 5122 non
457 5053 655 5122 dubia
697 5057 889 5142 signa
933 5058 1109 5123 dare.
1199 5057 1551 5126 Caeterum
1596 5058 1760 5127 Saul
1806 5078 2217 5144 conquerens

234 5140 391 5209 sibi
435 5140 679 5221 Deum,
726 5163 938 5226 neque
971 5164 1092 5228 per
1127 5144 1499 5228 prophetas,
1546 5166 1761 5230 neque
1798 5166 1915 5229 per
1958 5144 2216 5211 somnia

2319 704 2392 756 ut
2446 713 2635 759 sacra
2692 695 3018 792 scriptura
3056 694 3363 795 loquitur,
3420 696 3489 797 id
3534 706 3645 797 est·
3678 717 3887 781 neque
3932 719 4048 780 per
4091 719 4270 764 sum·

2318 781 2943 932 txffiinflff‘assssffi
3004 800 3220 932 {3:³3⁸
3257 780 3568 933 53:323:
3626 781 4269 950 zzssssssssfflssxffizff

2319 969 2529 1031 neque
2589 949 2737 1015 aliis
2796 951 3026 1017 modis.
3113 951 3371 1017 Horum
3424 953 3688 1035 inquam
3734 952 3895 1019 Saul
3958 974 4088 1020 non
4135 977 4271 1021 me·

2319 1033 2541 1099 minit:
2625 1036 2996 1102 sacerdotes
3062 1037 3239 1102 enim
3306 1039 3750 1115 interfecerat,
3809 1048 3876 1104 et
3935 1039 4270 1106 lanienam

2318 1118 2502 1183 illam
2560 1120 2956 1187 horrendam
3012 1121 3082 1187 in
3128 1123 3513 1189 memoriam
3557 1144 3863 1191 revocare
3907 1144 4040 1189 non
4086 1133 4271 1208 pote-

2319 1212 2425 1268 rat
2481 1206 2643 1289 quin
2694 1207 2914 1272 furore
2960 1208 3339 1292 agitaretur,
3397 1218 3462 1274 et
3507 1216 3890 1292 agnosceret
3932 1230 4004 1275 se
4050 1232 4089 1277 a
4133 1211 4270 1276 dia·

2320 1288 2466 1354 bolo
2525 1293 2620 1356 sic
2675 1291 3070 1358 fascinatum
3128 1302 3197 1358 et
3249 1301 3700 1378 excaecatum,
3775 1304 3850 1359 ut
3907 1296 4064 1361 vivo
4125 1294 4270 1363 Deo

2319 1375 2505 1441 ouius
2553 1388 2742 1441 erant
2786 1379 3074 1443 ministri
3120 1380 3611 1445 renuntiaverit.
3699 1380 3895 1446 Hanc
3939 1381 4144 1465 igitur
4187 1381 4272 1448 ob

2320 1480 2582 1526 causam
2628 1461 2820 1528 Urim
2882 1483 3012 1528 non
3074 1465 3391 1543 meminit,
3446 1474 3516 1530 et
3572 1466 3640 1530 in
3697 1486 3954 1531 summa
3999 1467 4156 1532 dicit
4199 1487 4270 1534 se

2320 1545 2399 1610 ad
2439 1543 2815 1613 Samuelem
2873 1548 3245 1633 confugisse
3294 1571 3679 1635 responsum
3735 1550 3998 1635 aliquod
4044 1572 4269 1637 accep·

2320 1636 2564 1708 turum,
2625 1631 2799 1715 quod
2845 1633 3031 1702 Deus
3087 1635 3211 1718 ipsi
3265 1637 3606 1702 invocatus
3661 1657 3795 1702 non
3837 1638 4268 1719 responderit.

2319 1714 2525 1799 Atqui
2598 1718 2940 1800 oportebat
3004 1722 3222 1804 ipsum
3290 1724 3616 1787 continuis
3682 1723 3982 1803 precibus
4048 1722 4268 1789 Deum

2319 1801 2692 1882 sollicitare,
2737 1815 2803 1868 et
2846 1806 3110 1872 interim
3156 1805 3566 1874 obstaculum
3612 1808 3858 1887 tollere,
3911 1828 4036 1890 quo
4083 1806 4269 1876 Deus

2320 1885 2402 1951 ab
2423 1887 2568 1970 ipso
2596 1889 3075 1972 quodammodo
3111 1891 3560 1973 dirimebatur,
3604 1901 3671 1958 et
3706 1892 3909 1976 ipsius
3946 1894 4271 1959 auxilium

2318 1971 2813 2055 impediebatur.
2916 1975 3049 2043 Sed
3109 1976 3234 2043 hoc
3291 1976 3453 2044 Saul
3513 1997 3649 2042 non
3703 1979 3880 2045 facit.
3967 1978 4270 2046 Profecto

2318 2061 2651 2124 sententia
2693 2060 2810 2126 illa
2854 2081 3052 2144 quam
3090 2063 3419 2130 Dominus
3464 2070 3687 2130 noster
3730 2064 3915 2129 Iesus
3960 2063 4270 2131 Christus

2318 2144 2607 2224 protulit,
2654 2145 2941 2212 nondum
2979 2155 3124 2214 erat
3165 2149 3426 2233 scriptis
3470 2146 3741 2214 tradita:
3790 2148 4039 2215 Habent
4079 2150 4272 2233 legem

2315 2233 2374 2294 d
2392 2229 2775 2311 prophetas.-
2819 2233 2933 2298 sed
2960 2240 3186 2300 tamen
3208 2234 3387 2299 illam
3425 2234 3768 2318 oportebat
3807 2235 3876 2298 iu
3923 2234 4273 2300 hominum

2317 2315 2556 2381 animis
2600 2316 2733 2382 alte
2778 2317 3062 2385 defixam
3108 2340 3271 2386 esse.
3360 2319 3661 2404 Rogabat
3707 2319 3895 2386 dives
3937 2318 4050 2385 ille
4093 2320 4268 2403 apud

2316 2400 2563 2466 inferos
2607 2401 3083 2486 Abrahamum,
3128 2415 3202 2470 ut
3245 2405 3557 2471 fratribus
3602 2406 4003 2489 significaret
4046 2425 4271 2489 super-

2318 2486 2586 2553 stitibus
2619 2508 2705 2552 ne
2738 2489 2955 2572 ipsum
3000 2491 3417 2557 imitarentur
3450 2490 3564 2559 sed
3601 2491 4070 2574 poenitentiam
4115 2510 4269 2575 age·

2324 2581 2477 2636 rent
2508 2582 2579 2637 et
2600 2573 2682 2638 ad
2705 2574 3045 2641 meliorem
3068 2576 3329 2661 frugem
3354 2576 3644 2642 redirent
3666 2576 3984 2659 quamdiu
4011 2577 4078 2641 in
4098 2577 4273 2642 vivis

2317 2665 2526 2737 erant,
2564 2658 2672 2724 oui
2693 2680 3080 2743 responsum
3106 2671 3239 2727 est:
3278 2663 3492 2747 legem
3515 2662 3759 2728 habent
3796 2668 3865 2728 et
3901 2661 4269 2746 prophetas,

2316 2742 2504 2824 quasi
2564 2743 2891 2811 diceretur
2949 2767 3084 2812 non
3145 2747 3658 2830 exspectandam
3717 2768 3862 2814 esse
3904 2767 3946 2812 a
3988 2747 4270 2814 mortuis

2318 2827 2523 2893 ullam
2580 2830 3074 2898 revelationem.
3162 2832 3350 2914 Quae
3407 2833 3735 2898 sententia
3794 2852 3995 2915 quum
4043 2832 4270 2898 tribui·

2318 2920 2431 2977 tur
2476 2914 2871 2998 Abrahamo‚
2930 2939 3009 2984 ea
3063 2917 3353 2996 docetur,
3415 2917 3714 2983 homines
3755 2917 3918 2983 satis
3962 2916 4269 2983 habuisse

2318 2997 2390 3063 in
2469 2998 2616 3084 lege
2693 3013 3191 3086 praeceptorum
3266 3003 3349 3069 ad
3414 3003 3581 3069 bene
3648 3002 3855 3069 vitam
3921 3000 4267 3087 agendam,

2316 3083 2593 3169 ideoque
2672 3090 2803 3153 iam
2871 3088 3023 3155 inde
3088 3089 3168 3155 ab
3232 3089 3422 3155 initio
3484 3090 3752 3154 firmum
3820 3088 4025 3153 fuisse
4090 3086 4268 3153 istud

2317 3182 2734 3256 praeceptum
2812 3175 3115 3242 sufficere
3180 3174 3306 3240 Dei
3384 3175 3598 3259 legem
3675 3171 3756 3238 ad
3823 3173 3993 3239 bene
4060 3172 4268 3239 vitam

2400 3256 2637 3322 endam
2698 3269 2765 3323 et
2824 3280 2955 3325 non
2999 3259 3461 3343 quaerendam,
3506 3279 3715 3342 neque
3758 3257 4267 3341 exspectandam

2316 3362 2359 3405 u
2413 3361 2521 3408 am
2588 3344 3059 3411 revelationem
3125 3367 3165 3411 a
3229 3348 3524 3413 mortuis.
3630 3343 3790 3411 Saul
3857 3344 4063 3428 igitur
4123 3342 4266 3409 Deo

2313 3425 2468 3494 licet
2524 3428 2651 3512 ipsi
2709 3450 2845 3495 non
2904 3432 3341 3515 respondente
3398 3431 3663 3516 propria
3705 3429 4103 3496 conscientia
4147 3449 4270 3495 sua

2314 3513 2833 3598 redarguebatur
2906 3538 3039 3582 non
3100 3539 3243 3584 esse
3303 3528 3597 3583 mortuos
3653 3536 3689 3581 e
3743 3514 4061 3598 sepulcris
4121 3535 4268 3581 evo·

2313 3599 2575 3677 candos,
2609 3620 2730 3667 nec
2750 3602 3179 3669 invocandos:
3216 3602 3332 3669 sed
3354 3603 3568 3687 legem
3591 3602 3750 3667 satis
3772 3599 4185 3683 splendorem
4202 3599 4267 3687 ί’)

2312 3684 2520 3749 facem
2556 3705 2700 3751 esse
2733 3686 2817 3752 ad
2851 3709 3085 3771 passus
3120 3688 3328 3772 ipsius
3371 3685 3710 3775 regendos,
3753 3686 3961 3752 donec
4004 3685 4266 3769 plenius

2315 3790 2354 3835 a
2413 3769 2558 3835 Deo
2603 3770 3121 3839 illuminaretur:
3196 3773 3466 3858 ideoque
3531 3772 3614 3838 ad
3661 3771 3829 3856 legis
3873 3780 3940 3836 et
3986 3770 4261 3854 prophe-

2313 3868 2531 3921 tarum
2589 3856 2793 3923 libros
2838 3859 3187 3945 confugere
3233 3857 3479 3938 debuit,
3535 3867 3602 3923 et
3649 3878 3804 3924 vero
3849 3864 4262 3941 peccatorum

2288 3961 2511 4006 -sensu
2571 3952 2785 4009 tactus
2843 3945 3107 4008 veniam
3167 3964 3206 4008 a
3250 3944 3395 4010 Deo
3454 3943 3836 4026 suppliciter
3895 3942 4262 4041 deprecari:

2314 4026 2428 4094 sed
2487 4036 2717 4092 contra
2774 4028 3313 4112 desperabundus
3371 4030 3443 4095 in
3503 4030 3719 4113 priore
3761 4027 4016 4093 malitia
4058 4025 4265 4091 oecal-

2314 4112 2458 4191 luit,
2547 4110 3052 4198 Samuelemque
3107 4126 3448 4181 mortuum
3504 4113 3804 4180 evocavit
3859 4119 4089 4178 contra
4147 4131 4263 4175 ex-

2313 4218 2614 4283 pressum
2672 4198 2942 4265 Domini
3009 4200 3419 4281 mandatum,
3486 4210 3551 4265 et
3608 4200 3690 4265 ab
3748 4199 3888 4280 ipso
3946 4195 4266 4261 auxilium

2314 4285 2724 4366 exspectavit
2801 4294 3118 4370 tanquam
3186 4285 3311 4351 Dei
3393 4284 3730 4369 propheta.
3840 4279 4038 4362 Quod
4109 4280 4266 4364 quid

2315 4369 2497 4436 aliud
2560 4370 2683 4435 fuit
2726 4370 2994 4437 obsecro
3039 4389 3237 4454 quam
3279 4372 3449 4438 velle
3492 4369 3636 4434 Deo
3680 4368 3892 4433 invito
3935 4366 4107 4450 quod
4152 4387 4267 4430 ex·

2315 4454 2581 4539 petebat
2636 4455 2849 4522 scire?
2931 4457 3118 4540 quasi
3173 4455 3448 4525 diceret:
3509 4456 3611 4520 Tu
3653 4452 3839 4518 Deus
3896 4452 4266 4519 consulenti

2315 4540 2475 4606 mihi
2538 4550 2602 4606 te
2659 4542 3057 4625 respondere
3115 4562 3247 4609 non
3308 4543 3425 4623 vis,
3483 4539 3596 4606 sed
3656 4538 3866 4603 invito
3924 4536 4040 4602 tibi
4086 4534 4268 4635 istud

2314 4627 2741 4710 extorquebo,
2785 4636 2854 4694 et
2890 4629 3222 4697 veneficiis
3257 4637 3324 4694 et
3365 4624 3923 4692 incantationibus
3969 4622 4268 4698 efficiam,

2315 4721 2390 4778 ut
2454 4710 2777 4797 propheta
2842 4722 2998 4780 tuus
3063 4713 3221 4778 mihi
3291 4709 3711 4795 respondeat,
3779 4718 3848 4774 et
3915 4709 4116 4773 sciam
4185 4708 4267 4772 ab

2313 4799 2456 4881 ipso
2492 4796 2649 4881 quid
2693 4798 2860 4864 mihi
2904 4799 3276 4866 faciendum
3322 4798 3430 4864 sit.
3495 4797 3601 4861 En
3648 4815 3776 4877 quo
3820 4793 4269 4876 impudentiae

2316 4883 2673 4950 deveniant
2729 4884 3008 4968 improbi
3071 4883 3403 4949 homines:
3458 4882 3602 4946 Deo
3645 4881 3767 4964 ipsi
3814 4879 4056 4945 bellum
4104 4879 4268 4943 infe·

2315 4980 2537 5035 rentes
2604 4968 2759 5033 dum
2819 4991 2890 5036 se
2948 4974 3164 5061 ipsum
3223 4970 3509 5033 maxime
3564 4986 3876 5049 quaerere
3936 4965 4271 5043 simulant,

2491 5158 2552 5229 ‘)
2584 5158 2769 5228 Laos:
2804 5157 3203 5228 splendentem.
