5059 6059
314 291 423 357 353

311 481 475 550 cedit.
557 477 903 544 Caeterum
960 496 1094 542 non
1150 475 1374 561 procul
1441 474 1814 543 abeundum
1880 475 2086 555 nobis,
2137 482 2212 541 ut

309 570 386 633 ait
423 564 671 638 Paulus,
732 562 813 627 ad
871 561 1043 628 hanc
1087 562 1217 628 Dei
1276 563 1587 629 virtutem
1645 561 2205 646 investigandam:

308 672 495 736 neque
547 648 715 715 enim
773 648 901 733 ipsi
958 659 1185 715 nostra
1241 647 1486 714 virtute
1551 648 1870 731 vivimus,
1935 646 2049 713 sed
2111 647 2208 712 di-

309 741 469 806 viua:
530 733 946 819 quamobrem
1003 734 1074 799 in
1131 732 1321 800 nobis
1376 733 1538 818 ipsis
1596 734 1755 799 satis
1812 733 1971 818 quid
2024 732 2207 798 Deus

305 825 381 893 sit
431 820 814 905 experimur.
904 818 1155 885 Verum
1218 831 1436 886 tamen
1492 828 1560 885 et
1612 819 1758 884 aliis
1817 818 2207 902 quibusdam

304 907 585 997 gradibus
647 905 729 971 ad
795 906 1002 989 ipsius
1074 905 1475 989 agnitionem
1541 905 1950 989 pervenitur:
2028 915 2206 988 puta,

342 1016 481 1061 uum
535 992 805 1076 quisque
865 1012 1088 1056 secum
1145 991 1493 1076 diligenter
1549 991 1785 1073 quibus
1840 1011 1880 1055 a
1922 990 2208 1056 Domino

302 1017 466 1146 ionis
518 1076 906 1163 specialibus
951 1075 1200 1142 ditatus
1244 1079 1331 1142 sit
1373 1076 1702 1161 expendit.
1792 1074 1907 1143 Sic
1952 1078 2059 1159 qui
2107 1076 2206 1142 vi·

301 1167 461 1233 ribus
498 1163 743 1245 ingenii
787 1171 855 1227 et
896 1164 1218 1245 sapientia
1262 1162 1479 1246 pollet,
1523 1161 1635 1246 qui
1680 1163 1962 1228 terrenis
2004 1162 2207 1228 facul·

299 1253 519 1318 tatibus
571 1248 880 1329 abundat,
936 1248 1048 1333 qui
1109 1249 1428 1332 plurimos
1480 1247 1764 1314 honores
1823 1257 1923 1316 est
1979 1269 2205 1314 conse-

298 1350 531 1423 quutus,
583 1356 803 1400 nonne
846 1334 1132 1418 amplam
1179 1333 1374 1400 habet
1414 1355 1635 1400 secum
1676 1333 1807 1398 Dei
1851 1334 2204 1400 bonitatem

296 1421 619 1507 reputandi
665 1420 1027 1497 materiam,
1073 1422 1323 1486 acuius
1365 1420 1772 1505 benignitate
1809 1428 1907 1485 tot
1949 1428 2203 1486 tantae·

296 1531 405 1594 que
456 1507 794 1574 facultates
851 1514 1343 1590 promanarunt,
1411 1515 1861 1588 quantumque
1915 1505 2062 1571 Deo
2118 1507 2205 1572 sit

295 1596 611 1662 devinctus
657 1591 1027 1676 cogitandi?
1092 1589 1223 1659 Sed
1269 1593 1396 1657 ista
1441 1593 1634 1676 longe
1679 1590 1895 1658 adhuc
1939 1592 2203 1672 maiora,

292 1682 340 1747 si
378 1680 512 1764 quis
554 1700 625 1745 se
685 1699 834 1744 cum
894 1676 1102 1743 brutis
1158 1678 1605 1745 animantibus
1662 1679 1972 1752 conferat,
2031 1678 2203 1760 qnod

294 1787 403 1850 quo
462 1764 693 1831 melior
758 1772 863 1829 est
926 1763 1270 1828 hominum
1338 1784 1495 1847 prae
1558 1763 1690 1829 illis
1753 1761 2058 1840 conditio,
2126 1785 2202 1829 eo

293 1853 514 1917 maiora
589 1852 727 1915 sint
802 1850 875 1914 in
958 1849 1257 1915 homines
1337 1847 1465 1915 Dei
1544 1848 1887 1915 beneficia:
1969 1847 2204 1933 quibus

292 1935 537 2021 proinde
579 1958 703 2003 nos
745 1935 958 2018 magis
1000 1956 1077 2001 ac
1121 1933 1334 2018 magis
1377 1934 1460 2000 ad
1504 1933 1632 2000 Dei
1676 1935 1902 2002 laudes
1945 1935 2203 2000 incitari

291 2045 396 2106 par
449 2024 549 2101 sit,
615 2021 790 2105 quod
827 2020 1043 2105 -longe
1107 2020 1567 2086 excellentiore
1624 2018 1942 2103 dignitate
2006 2042 2203 2104 quam

290 2108 461 2175 bruta
500 2130 619 2175 nos
666 2108 975 2191 dignatus
1018 2106 1124 2172 sit.
1214 2106 1457 2190 Ecquis
1508 2106 1716 2190 igitur
1759 2127 1889 2172 non
1932 2115 2009 2171 ιιι
2051 2106 2203 2174 abo-

290 2193 646 2261 minandum
694 2201 1074 2259 exsecratur
1116 2212 1286 2272 eum,
1338 2191 1450 2275 qui
1506 2193 1782 2260 summis
1825 2214 1866 2257 a
1908 2191 2052 2257 Deo
2094 2193 2204 2260 be-

291 2281 516 2346 neficiis
537 2290 604 2346 et
625 2278 985 2345 honoribus
1008 2278 1403 2354 cumulatus,
1427 2278 1628 2343 fuerit
1644 2291 1861 2344 tamen
1884 2278 2204 2362 ingratus,

291 2376 347 2432 et
384 2366 504 2432 Dei
546 2387 713 2451 erga
754 2386 825 2430 se
868 2363 1327 2430 liberalitatem
1388 2362 1760 2448 praedicare
1805 2366 2199 2448 neglexerit:

288 2474 467 2537 quum
521 2450 910 2536 praesertim
967 2470 1100 2515 non
1151 2448 1379 2516 eadem
1422 2470 1642 2516 secum
1685 2470 1814 2532 qua
1857 2469 2003 2515 cum
2049 2450 2201 2515 reli-

288 2538 417 2623 quis
482 2539 700 2621 ipsum
765 2556 959 2621 agere
989 2537 993 2544 ’
1025 2535 1279 2602 ratione
1342 2535 1662 2619 cogitarit,
1728 2556 1932 2618 quum
1996 2536 2199 2601 alium

289 2623 526 2707 quidem
569 2630 902 2691 amentem
946 2630 1014 2686 et
1053 2621 1383 2700 insanum,
1429 2620 1632 2687 alium
1666 2641 1827 2688 vero
1867 2620 2201 2705 stupidum

287 2721 347 2776 et
381 2710 677 2777 hebetem
722 2729 798 2774 ac
840 2707 1087 2773 nullius
1130 2726 1396 2809 prorsus
1426 2706 1674 2790 ingenii
1717 2707 1956 2787 virum,
1999 2706 2201 2773 alium

288 2796 419 2864 vilis
458 2807 523 2862 et
564 2793 859 2861 abiectae
903 2792 1296 2859 conditionis
1349 2792 1680 2858 hominem
1724 2814 1918 2859 suum
1964 2814 2200 2876 panem

276 2881 805 2960 emendicantem,
850 2879 1052 2944 alium
1093 2880 1167 2945 in
1211 2878 1491 2945 dedecus
1534 2887 1603 2944 et
1644 2877 2060 2961 opprobrium
2085 2901 2200 2945 na·

284 2977 426 3045 tum,
489 2969 698 3035 alium
754 2966 825 3031 in
884 2964 1166 3032 vinculis
1224 2965 1463 3030 misere
1525 2966 1858 3031 viventem
1916 2964 2198 3031 viderit?

283 3053 377 3120 An
416 3075 543 3122 non
577 3053 736 3137 plus
777 3070 976 3134 quam
1019 3051 1319 3136 ingratus
1363 3058 1465 3116 est
1505 3050 1635 3116 nisi
1659 3051 1728 3115 in
1772 3051 2041 3133 benigni
2084 3072 2200 3134 pa-

284 3140 388 3207 tris
438 3138 671 3205 laudes
722 3144 1045 3220 erumpat,
1101 3137 1213 3221 qui
1267 3144 1403 3201 tam
1462 3156 1661 3221 prope
1720 3134 2074 3202 benefactis
2118 3136 2202 3203 ad

285 3226 481 3309 ipsum
539 3223 871 3301 accedere,
929 3243 1127 3306 seque
1182 3222 1310 3306 ipsi
1372 3222 1851 3289 communicare
1893 3221 2201 3306 dignatus

284 3311 409 3377 est?
453 3314 675 3395 Atque
717 3307 879 3375 haec
921 3329 1055 3373 una
1097 3307 1179 3374 ad
1216 3308 1434 3374 Deum
1480 3307 1827 3374 accedendi
1872 3309 2038 3373 ratio
2080 3317 2200 3388 est,

283 3418 392 3479 qua
431 3418 568 3464 sese
609 3397 805 3461 Deus
847 3394 1034 3461 nobis
1078 3394 1406 3478 patefacit,
1449 3413 1637 3458 suam
1682 3394 2200 3460 munificentiam

284 3503 422 3568 erga
446 3504 564 3549 nos
592 3500 928 3559 exserens,
973 3487 1043 3545 et
1063 3500 1222 3564 prae
1263 3481 1536 3546 caeteris
1579 3479 2020 3546 animantibus
2063 3490 2200 3547 tam

283 3588 462 3652 prope
517 3589 666 3635 sese
726 3567 914 3633 nobis
972 3566 1334 3651 coniungit.
1420 3565 1770 3631 Caeterum
1828 3565 2021 3651 longe
2085 3588 2200 3633 ex-

284 3653 599 3721 cellentius
646 3674 793 3718 sese
836 3652 1022 3719 nobis
1066 3650 1518 3735 communicat,
1563 3671 1767 3734 quum
1810 3651 1880 3716 in
1917 3652 2197 3718 filiorum

284 3761 609 3807 numerum
669 3760 792 3804 nos
850 3745 1128 3804 testatur
1183 3759 1325 3804 sese
1390 3736 1770 3803 admittere:
1835 3736 2201 3804 cuiusmodi

286 3835 377 3890 est
422 3824 750 3911 evangelii
793 3822 1207 3908 praedicatio,
1266 3824 1339 3888 in
1380 3844 1506 3906 quo
1564 3822 1779 3905 palam
1827 3844 1969 3888 sese
2014 3825 2201 3891 nobis

286 3911 352 3975 in
388 3911 651 3977 Christo
709 3911 952 3978 sactum
998 3921 1248 3993 patrem
1308 3910 1680 3975 annuntiat.
1767 3908 1960 3975 Hanc
2002 3911 2200 3976 etiam

282 3996 358 4062 ob
394 4018 649 4064 causam
713 3994 1132 4080 evangelium
1191 3995 1694 4062 communicatio
1732 3994 1985 4060 Christi
2029 4018 2199 4061 nun-

282 4094 571 4166 cupatur:
617 4083 892 4148 minime
935 4079 1194 4164 quidem
1237 4081 1453 4147 inanis
1495 4081 1627 4158 illa,
1671 4078 1786 4146 sed
1807 4081 1992 4146 cuius
2015 4089 2203 4148 tanta

288 4169 382 4233 vis
418 4179 532 4249 est,
596 4170 782 4234 utin
849 4188 1086 4252 eorpus
1127 4167 1334 4251 ipsius
1390 4167 1592 4245 insiti,
1648 4166 1945 4232 membra
1998 4167 2202 4251 ipsius

280 4253 511 4333 fiamus,
564 4255 907 4338 vitamque
965 4274 1114 4319 cum
1175 4252 1290 4318 illo
1338 4272 1753 4319 communem
1814 4250 2203 4319 habeamus:

283 4347 343 4404 et
377 4339 917 4424 quemadmodum
964 4360 1136 4405 unus
1179 4343 1280 4405 est
1322 4338 1390 4403 in
1438 4346 1642 4422 patre,
1697 4339 1793 4403 ita
1835 4361 1956 4404 nos
1997 4361 2203 4408 uuum

282 4424 344 4490 in
393 4427 530 4511 ipso
582 4428 841 4492 fiamus.
931 4424 1173 4506 Quare,
1234 4445 1441 4508 quum
1498 4432 1683 4489 tanta
1740 4423 1827 4488 sit
1868 4423 1999 4489 Dei
2047 4448 2207 4512 erga

284 4532 391 4577 nos
449 4512 842 4597 benignitas,
907 4510 1121 4576 danda
1172 4511 1386 4576 omnis
1446 4530 1645 4593 opera
1700 4530 1784 4574 ne
1883 4512 2064 4577 rocul
2123 4513 2204 4579 ab

282 4596 413 4681 ipso
454 4599 741 4665 ferarum
785 4597 998 4663 instar
1040 4597 1429 4673 resiliamus,
1484 4595 1600 4661 sed
1644 4595 1814 4679 placi
1861 4616 1898 4661 e
1940 4599 2205 4665 virtutis

283 4683 497 4765 ipsius,
562 4683 828 4761 amoris,
889 4682 1200 4761 iustitiae,
1267 4680 1680 4749 rectitudinis
1759 4682 2205 4750 testimonium

286 4770 764 4853 amplectamur.
827 4768 919 4834 At
958 4789 1094 4834 non
1136 4768 1372 4835 leviter
1413 4765 1891 4850 praetereunda
1931 4769 2204 4835 circum·

287 4857 517 4921 stantia
570 4857 691 4921 illa
745 4863 846 4920 est
908 4875 1109 4938 quam
1171 4855 1510 4939 attigimus
1574 4853 1966 4919 conditionis
2029 4856 2206 4921 illius

286 4951 550 5022 nostrae,
595 4943 665 5007 in
710 4963 840 5025 qua
879 4942 1268 5008 constitutos
1312 4947 1381 5004 et
1421 4938 1658 5006 misere
1700 4941 1986 5006 iacentes
2019 4940 2208 5008 Deus

286 5045 584 5107 quaerere
629 5049 747 5094 nos
804 5026 1135 5112 dignatur.
1223 5026 1455 5108 Neque
1497 5027 1672 5091 enim
1724 5025 2044 5109 dignitate
2087 5027 2205 5093 ali-

292 5130 409 5192 qua
449 5113 789 5180 etviribus
832 5113 1151 5197 pollentes
1194 5121 1371 5177 amat
1392 5118 1459 5177 et
1494 5111 1730 5192 evehit,
1775 5109 1890 5177 sed
1933 5114 2205 5181 miseros

291 5205 351 5261 et
390 5198 686 5280 abiectos,
725 5200 928 5266 immo
969 5200 1041 5264 in
1085 5198 1293 5282 ipsam
1338 5198 1698 5264 inferorum
1739 5197 2047 5283 abyssum
2082 5200 2204 5266 im-

476 5301 700 5358 Galcim‘
726 5317 917 5373 opera.
991 5300 1117 5358 Vol.
1143 5299 1380 5358 XXIX.

1613 286 1716 354 IN
1773 287 1827 353 Ι.
1875 286 2060 353 LIB.
2105 285 2513 354 SAMUEL.
2574 285 2773 352 OAP.
2820 281 2907 350 11.

4128 281 4263 351 354

2312 495 2560 540 mersos
2637 471 3029 558 investigat,
3091 478 3288 556 atque
3351 472 3506 541 inde
3584 472 3886 558 benignis
3953 476 4264 543 manibus

2312 561 2483 626 eruit
2541 562 2612 624 in
2663 560 2916 626 coelum
2973 558 3364 626 evehendos.
3452 560 3796 642 Quantum
3853 560 4078 645 igitur,
4122 581 4261 641 oro,

2312 658 2610 712 nostrum
2659 644 2957 726 dedecus,
3002 645 3059 711 si
3104 646 3424 713 tardiores
3481 667 3710 712 sumus
3753 647 3823 711 in
3867 648 4075 730 ipsius
4117 647 4253 714 cul-

2312 741 2453 798 tum
2498 742 2568 797 et
2611 732 2905 817 gloriam,
2950 752 3152 815 quum
3197 751 3274 796 ea
3296 732 3382 798 sit
3424 732 3727 798 vocantis
3770 741 3838 799 et
3880 732 4260 816 adoptantis

2311 818 2638 899 voluntas,
2693 826 2769 884 ut
2812 827 2980 882 totos
3018 839 3137 883 nos
3180 817 3307 902 ipsi
3352 817 3660 896 dicemus,
3719 838 3795 885 ac
3840 839 3958 904 pro
4000 820 4255 886 viribus

2310 903 2589 987 gloriam
2634 904 2841 988 ipsius
2885 924 3269 987 promovere
3313 902 3734 969 studeamus?

2480 992 2922 1056 Transeamus
2978 987 3061 1054 ad
3132 990 3337 1056 verba
3397 988 3514 1054 illa
3572 989 3808 1074 quibus
3864 988 4090 1060 Aaron
4148 1011 4257 1057 vo-

2309 1080 2487 1142 catus
2530 1082 2589 1142 et
2629 1076 2855 1142 electus
2908 1075 2982 1141 in
3022 1076 3399 1141 sacerdotem
3440 1076 3691 1156 dieitur,
3747 1081 3821 1142 ut
3861 1078 4257 1144 adscenderet

2309 1162 2395 1229 ad
2435 1162 2637 1229 altare
2677 1161 2964 1241 Domini,
3007 1165 3065 1226 et
3105 1160 3373 1227 adoleret
3412 1162 3543 1242 ipsi
3583 1162 3908 1228 incensum
3950 1168 4006 1228 et
4042 1184 4255 1231 coram

2309 1248 2450 1329 ipso
2499 1252 2790 1333 poneret
2843 1246 3069 1330 ephod,
3122 1252 3494 1329 partemque
3553 1247 3630 1312 de
3690 1249 4030 1331 sacrificiis
4094 1251 4254 1316 aeci-

2297 1339 2494 1415 peret.
2581 1333 2874 1418 Insignis
2931 1331 3065 1407 illa,
3128 1332 3302 1398 sicut
3361 1341 3517 1399 ante
3570 1333 3876 1415 diximus,
3944 1335 4250 1421 dignitas.

2307 1420 2551 1504 Ecquis
2605 1421 2783 1486 enim
2842 1417 3187 1484 mortalem
3242 1440 3374 1483 non
3432 1418 3654 1485 minus
3710 1440 3906 1502 quam
3968 1420 4254 1504 reliquos

2306 1517 2733 1593 peccatorem,
2791 1525 3013 1571 coram
3073 1503 3202 1569 Dei
3268 1503 3586 1570 tribunali
3651 1525 3858 1582 reum,
3922 1515 3992 1573 et
4049 1527 4246 1590 quem

2307 1607 2485 1660 terra
2540 1592 2712 1657 ferat
2767 1589 3138 1674 indignum,
3198 1590 3539 1655 constituit
3594 1590 4020 1658 mediatorem
4075 1595 4254 1658 inter

2306 1681 2524 1746 Deum
2584 1688 2650 1745 et
2710 1676 3026 1756 homines,
3083 1675 3165 1741 ad
3211 1676 3396 1742 cuius
3440 1696 3667 1760 preces
3712 1677 3926 1745 iustus
3968 1677 4098 1744 Dei
4142 1679 4248 1744 fn-

2308 1788 2419 1833 ror
2476 1763 2681 1830 veluti
2738 1761 3162 1829 cohibeatur?
3254 1760 3518 1846 Quique
3575 1763 3897 1829 sacrificia
3938 1785 4055 1849 pro
4098 1784 4249 1848 pec-

2307 1851 2470 1918 catis
2536 1849 2897 1933 expiatoria
2960 1845 3238 1914 offerat?
3329 1847 3772 1930 Quamobrem
3841 1871 3971 1934 quo
4038 1850 4249 1916 maior

2306 1937 2422 2002 illa
2480 1935 2608 2001 fuit
2666 1935 2954 2000 Aaronis
3013 1933 3322 2018 dignitas,
3381 1954 3458 1999 eo
3506 1935 3846 2018 graviores
3889 1957 4132 2018 poenas
4174 1937 4247 2001 in

2307 2046 2379 2091 se
2422 2021 2629 2105 ipsius
2672 2040 3097 2097 successores,
3143 2019 3211 2085 in
3256 2021 3656 2085 contrarium
3700 2020 3907 2105 ipsius
3929 2020 4058 2087 Dei
4081 2022 4253 2087 dona

2307 2116 2663 2185 vertentes,
2709 2106 3214 2172 accersiverunt.
3279 2104 3531 2172 Idcirco
3573 2108 3873 2189 sequitur
3914 2108 4087 2190 apud
4131 2129 4248 2174 au·

2308 2204 2538 2274 torem,
2581 2191 2800 2258 Deum
2845 2188 3110 2275 quidem
3153 2191 3496 2274 loquutum
3538 2213 3681 2258 esse
3726 2200 3804 2256 ut
3845 2191 4077 2260 domus
4117 2196 4252 2260 Aa·

2306 2282 2487 2346 ronis
2553 2278 2960 2343 ministraret
3021 2277 3091 2342 in
3157 2276 3429 2343 Domini
3493 2287 3846 2361 conspectu
3911 2299 4119 2363 usque
4175 2279 4251 2344 in

2306 2366 2800 2449 sempiternum,
2844 2361 2914 2427 id
2958 2371 3076 2443 est,
3118 2364 3498 2429 continuam
3544 2363 3679 2429 sore
3723 2362 4064 2430 sacerdotii
4109 2386 4253 2432 suc-

2306 2454 2696 2520 cessionem:
2754 2447 2868 2515 sed
2925 2468 3104 2514 nunc
3160 2450 3253 2514 ita
3309 2447 3676 2514 Dominum
3740 2448 3989 2517 dicere:
4054 2450 4250 2518 Absit

2304 2538 2429 2605 hoc
2473 2558 2514 2602 a
2556 2555 2696 2601 me:
2741 2534 2856 2600 sed
2900 2533 3269 2618 quicunque
3309 2555 3419 2599 me
3460 2535 4012 2621 honorificaverit,
4101 2538 4249 2602 lori·

2305 2623 2511 2689 ficabo
2556 2643 2727 2700 eum,
2797 2621 2909 2704 qui
2954 2628 3177 2685 autem
3221 2622 3705 2705 contempserit,
3750 2623 3877 2687 erit
3919 2623 4074 2707 igno
4119 2622 4244 2689 ilis.

2303 2709 2485 2774 Hinc
2540 2708 2748 2793 igitur
2802 2709 2874 2772 in
2933 2707 3164 2791 primis
3221 2719 3492 2790 apparet
3533 2707 3691 2772 Heli
3748 2728 3899 2774 cum
3947 2716 4084 2774 tota
4126 2730 4249 2775 sua

2306 2795 2555 2861 familia
2610 2794 2920 2859 meritum
2971 2803 3047 2857 ut
3101 2800 3289 2858 tanta
3342 2790 3661 2877 dignitate
3717 2793 4129 2878 spoliaretur,
4179 2802 4246 2861 et

2307 2890 2488 2946 tanto
2531 2879 2779 2945 honore
2820 2886 3391 2944 exauctoraretur:
3439 2880 3679 2944 Annon
3723 2879 3900 2944 enim
3929 2879 4116 2945 Deus
4160 2880 4243 2945 ab

2305 2965 2682 3032 hominibus
2736 2965 2968 3029 merito
3026 2984 3272 3047 suoque
3329 2963 3474 3030 iure
3533 2963 3797 3030 laudem
3841 2972 3908 3028 et
3966 2964 4244 3049 gloriam

2306 3054 2601 3117 omnium
2645 3051 2852 3135 ipsius
2871 3050 2943 3115 in
2967 3070 3086 3117 nos
3128 3048 3589 3116 beneficiorum
3625 3050 3930 3134 postulat,
3976 3051 4247 3116 minime

2305 3136 2568 3221 quidem
2623 3135 2795 3221 quod
2868 3143 3091 3202 nostra
3153 3135 3349 3201 laude
3416 3135 3768 3219 quidquam
3837 3145 4243 3220 assequatur,

2303 3232 2416 3289 aut
2458 3222 2688 3289 eadem
2742 3219 3055 3306 indigeat,
3113 3221 3229 3289 sed
3272 3221 3445 3305 quod
3492 3243 3770 3305 aequum
3815 3222 3921 3301 sit,
3967 3244 4086 3288 nos
4128 3242 4243 3287 au-

2302 3318 2508 3376 torem
2572 3307 3029 3374 beneficiorum
3098 3328 3467 3393 agnoscere,
3531 3316 3598 3373 et
3661 3306 3889 3374 laudes
3943 3307 4241 3374 eiusdem

2302 3394 2696 3479 praedicare,
2784 3414 2946 3477 quas
3030 3394 3174 3460 sine
3260 3394 3502 3459 scelere
3589 3393 3812 3458 nullus
3898 3392 4240 3459 omiserit?

2303 3481 2526 3562 Quare
2585 3487 2851 3564 apparet
2909 3480 3145 3545 merito
3200 3479 3310 3545 hic
3367 3477 3494 3544 dici
3548 3479 3708 3545 Heli
3762 3478 3893 3545 Dei
3943 3477 4115 3547 dona
4170 3480 4243 3546 in

2300 3567 2703 3632 contrarium
2739 3585 2932 3631 usum
2977 3566 3393 3642 convertisse,
3439 3572 3637 3649 atque
3681 3564 3842 3631 adeo
3886 3565 4089 3630 veluti
4133 3586 4245 3649 pe·

2302 3652 2491 3718 dibus
2558 3651 2968 3718 conculcasse
3031 3652 3161 3718 Dei
3222 3651 3430 3734 ipsius
3495 3650 3793 3735 gloriam.
3881 3650 4055 3716 Nam
4120 3652 4247 3718 etsi

2303 3759 2436 3804 non
2480 3758 2562 3804 ea
2593 3736 2716 3803 fuit
2750 3738 2890 3802 eius
2934 3757 3139 3817 mens,
3184 3736 3381 3820 culpa
3422 3746 3663 3816 tamen,
3705 3756 3841 3801 non
3869 3736 4015 3820 ipsa
4056 3758 4245 3804 mens

2303 3833 2403 3891 est
2446 3822 2866 3889 attendenda.
2952 3822 3139 3889 Deus
3181 3822 3360 3888 enim
3411 3842 3671 3905 semper
3713 3843 3876 3889 vera
3918 3821 4244 3908 proloqui·

2304 3921 2448 3976 tur:
2508 3918 2576 3975 et
2633 3907 2945 3974 mortales
3001 3927 3267 3975 causam
3325 3908 3497 3992 apud
3553 3910 3769 3992 ipsum
3818 3928 4003 3974 suam
4048 3929 4245 3993 agere

2303 3996 2359 4062 si
2437 3997 2764 4061 voluerint
2828 3993 2995 4060 nihil
3076 4014 3362 4077 unquam
3432 3993 3933 4077 promovebunt.
4021 3992 4244 4075 Quare

2303 4083 2411 4166 qui
2458 4080 2779 4149 sacrificia
2823 4101 2954 4145 non
3001 4081 3125 4145 rite
3169 4080 3388 4159 coluit,
3430 4079 3544 4145 sed
3567 4078 3794 4144 eadem
3835 4081 4242 4164 contempsit,

2306 4168 2583 4252 pedibus
2627 4188 2706 4233 ea
2747 4165 3163 4233 conculcasse
3203 4166 3442 4231 merito
3487 4164 3799 4232 dicendus
3842 4174 3961 4232 est.
4022 4168 4243 4249 Atque

2306 4253 2466 4320 adeo
2524 4253 2731 4338 digua
2779 4252 2941 4317 haec
2997 4259 3156 4316 sunt
3213 4273 3377 4335 quae
3420 4249 3771 4336 diligenter
3813 4271 3853 4315 a
3893 4250 4083 4317 nobis
4127 4271 4243 4317 ex-

2305 4339 2696 4425 pendantur,
2759 4359 2843 4403 ne
2900 4337 3190 4403 eiusdem
3245 4358 3397 4402 cum
3455 4335 3616 4402 Heli
3678 4343 4088 4419 contemptus
4144 4336 4243 4402 rei

2305 4435 2523 4493 coram
2567 4423 2857 4489 Domino
2892 4425 3146 4489 fiamus.
3236 4422 3392 4506 Sed,
3434 4422 3601 4506 proh
3647 4422 3860 4488 dolorl
3906 4442 4099 4507 quam
4144 4423 4242 4488 fa·

2306 4512 2448 4578 cilis
2506 4510 2753 4593 lapsus.
2841 4509 3013 4574 Nam
3058 4517 3137 4574 ut
3181 4508 3261 4574 de
3302 4507 3434 4575 Dei
3476 4508 3674 4588 cultu,
3725 4506 3934 4591 qualis
3977 4515 4079 4573 est
4121 4506 4242 4573 ho·

2306 4597 2430 4676 die,
2487 4594 2831 4680 spirituali,
2889 4604 2957 4660 et
3011 4593 3302 4661 eiusdem
3359 4593 3596 4660 ritibus
3639 4591 3882 4675 aliquid
3927 4592 4239 4672 dicamus,

2309 4684 2504 4768 agite,
2551 4682 2608 4746 si
2650 4681 2722 4745 in
2766 4680 3103 4748 ecclesiam
3149 4679 3412 4763 quidem
3455 4678 3727 4756 oraturi,
3771 4677 4239 4744 confessionem

2307 4768 2457 4835 fidei
2540 4766 2797 4844 edituri,
2879 4777 3291 4834 sacramenta
3361 4764 3728 4850 percepturi
3793 4763 4240 4845 convenimus,

2306 4854 2421 4921 sed
2480 4853 2748 4919 interim
2802 4852 3099 4920 doctrina
3137 4872 3273 4918 non
3326 4858 3644 4935 quantum
3687 4849 4024 4931 oportebat
4062 4849 4238 4931 apud

2308 4961 2425 5007 nos
2481 4937 2737 5023 pondus
2794 4938 3052 5018 habeat,
3104 4938 3218 5004 sed
3271 4938 3480 5003 instar
3537 4934 3809 5000 anilium
3870 4933 4236 5001 fabularum

2304 5034 2372 5093 et
2413 5024 2734 5093 mendacii
2788 5026 2893 5104 sit,
2953 5026 3008 5091 si
3051 5024 3269 5089 Deum
3324 5020 3589 5105 quidem
3642 5017 3940 5104 precibus
3997 5019 4238 5088 sollici·

2306 5119 2541 5192 tamus,
2599 5110 2713 5178 sed
2769 5110 3168 5182 confusionis
3210 5117 3275 5174 et
3316 5106 3787 5173 irreverentiae
3842 5105 4038 5190 plena
4077 5114 4240 5172 sunt

2304 5198 2561 5266 omnia:
2636 5197 2692 5263 si
2774 5196 3054 5281 denique
3129 5199 3542 5262 sacramenta
3591 5192 3747 5258 sine
3810 5190 3940 5259 Dei
4002 5192 4245 5259 timore
