5059 6059
859 333 1005 399 ’199

873 521 994 590 hic
1050 521 1634 588 animadvertimus
1693 542 1729 588 e
1788 520 1979 587 domo
2041 527 2313 606 paterna
2364 529 2690 606 vocatum,
2749 528 2825 587 ut

879 629 1105 676 coram
1149 607 1351 694 Saule
1392 607 1665 690 pulsans
1701 608 2042 689 citharam,
2090 629 2239 673 eum
2285 627 2324 672 a
2366 607 2604 691 spiritu
2647 606 2821 672 malo

881 706 1227 773 recrearet,
1284 715 1478 776 quem
1537 692 1722 758 Deus
1781 691 2047 760 Saulem
2104 695 2545 777 castigaturus
2604 692 2812 758 immi⁴

878 791 1077 858 serat,
1136 801 1272 845 non
1318 778 1672 845 ambivisse
1716 779 1894 845 illam
1943 780 2365 864 dignitatem3
2426 800 2639 863 neque
2679 799 2821 844 sese

878 866 1060 931 ultro
1141 866 1489 943 obtulisse,
1571 886 1782 948 neque
1848 866 2144 949 obliquas
2208 866 2355 931 vias
2420 864 2823 948 quaesivisse

877 952 1117 1036 quibus
1154 950 1237 1015 ad
1281 971 1424 1016 eam
1471 952 1865 1034 perveniret,
1909 963 1984 1016 ut
2026 953 2241 1017 solent
2282 950 2626 1031 ambitiosi,
2671 950 2824 1016 licet

878 1058 1099 1105 coram
1163 1037 1537 1101 hominibus
1596 1038 1894 1103 morbum
1949 1039 2271 1103 occultum
2319 1058 2448 1103 non
2493 1035 2823 1121 detegant,

877 1124 995 1189 sed
1030 1123 1211 1188 intus
1246 1124 1512 1188 foveant
1546 1122 1728 1187 illam
1764 1122 2189 1207 cupiditatem
2233 1121 2356 1189 sibi
2402 1124 2823 1188 autoritatem

879 1207 1257 1293 quaerendi,
1315 1220 1383 1272 et
1439 1209 1717 1292 gratiam
1776 1208 1947 1291 apud
2008 1210 2305 1274 homines
2348 1209 2694 1284 retinendi,
2750 1218 2825 1273 ut

878 1295 1282 1378 pedetentim
1320 1305 1384 1358 et
1418 1295 1604 1376 quasi
1640 1293 1963 1379 gradatim
2010 1294 2092 1359 ad
2137 1296 2366 1360 altiora
2410 1296 2821 1379 perveniant.

881 1380 1069 1447 Nihil
1122 1380 1251 1445 tale
1294 1381 1361 1443 in
1408 1379 1686 1459 Davide,
1746 1379 1861 1446 sed
1905 1390 2137 1447 contra
2180 1382 2375 1464 longe
2419 1403 2457 1446 a
2503 1379 2621 1445 tali
2665 1400 2824 1445 cura

883 1475 1176 1532 remotae
1230 1467 1435 1549 ipsius
1493 1465 1982 1532 sollicitudines.
2087 1467 2256 1532 Nam
2313 1466 2437 1531 etsi
2491 1466 2823 1532 Samuelis

883 1551 1092 1636 ipsius
1142 1552 1503 1616 ministerio
1547 1552 1781 1617 fuisset
1828 1563 2079 1631 unctus,
2138 1562 2206 1617 et
2248 1554 2442 1618 sciret
2485 1574 2555 1617 se
2600 1574 2640 1618 a
2682 1553 2824 1617 Deo

883 1659 1107 1722 regem
1145 1638 1214 1702 in
1260 1648 1589 1719 posterum
1638 1637 2071 1721 designatum,
2117 1659 2248 1704 non
2296 1650 2517 1702 tamen
2562 1657 2822 1703 exerce·

881 1732 1001 1789 tur
1042 1723 1183 1789 ulla
1226 1724 1546 1806 regnandi
1591 1744 1745 1788 cura
1793 1723 1894 1787 vel
1939 1724 2393 1804 sollicitudine,
2446 1723 2563 1788 sed
2607 1725 2824 1807 potius

879 1808 956 1875 in
992 1809 1405 1876 commissam
1444 1830 1481 1873 a
1520 1821 1703 1891 patre
1738 1809 1862 1874 sibi
1899 1810 2302 1892 provinciam
2349 1818 2522 1875 totus
2566 1809 2822 1875 incum-

879 1895 997 1962 bit.
1089 1894 1217 1960 Ubi
1287 1915 1444 1959 vero
1510 1894 1578 1958 in
1646 1895 1863 1960 aulam
1925 1897 2102 1961 venit
2170 1905 2457 1975 vocatus,
2524 1915 2653 1960 non
2720 1905 2824 1959 est

877 1980 1112 2047 aulicis
1172 1979 1526 2044 honoribus
1571 1978 1878 2046 delinitus
1916 2002 2130 2064 neque
2174 1982 2553 2058 inebriatus,
2613 2002 2822 2064 neque

875 2069 1097 2134 ventis
1167 2066 1313 2130 vela
1380 2065 1558 2130 dedit
1615 2067 1933 2148 pristinae
1992 2066 2382 2133 conditionis
2437 2068 2823 2132 immemor:

877 2152 996 2218 sed
1039 2152 1154 2216 ubi
1213 2152 1386 2217 facta
1439 2150 1565 2233 ipsi
1611 2162 1711 2216 est
1755 2151 2017 2217 domum
2062 2166 2406 2237 paternam
2449 2152 2821 2218 revertendi

879 2245 1195 2322 potestas,
1257 2258 1386 2302 non
1434 2236 1694 2302 erubuit
1738 2239 1978 2303 reverti
2025 2252 2092 2303 et
2134 2239 2217 2303 ad
2263 2237 2621 2323 pascendas
2665 2258 2821 2303 oves

879 2325 1176 2388 animum
1225 2322 1570 2405 applicare,
1615 2324 1800 2404 quasi
1847 2343 2183 2406 nunquam
2228 2324 2380 2390 aula
2423 2325 2605 2407 regia
2647 2322 2820 2389 salu-

879 2416 1043 2475 tata.
1129 2408 1261 2474 Hic
1319 2429 1474 2492 ergo
1529 2408 1710 2473 locus
1754 2409 1872 2473 etsi
1919 2409 2197 2475 Davidis
2240 2410 2643 2494 singularem
2688 2409 2822 2474 vir-

879 2501 1089 2559 tutem
1123 2504 1189 2558 ct
1223 2493 1425 2558 animi
1462 2495 1893 2559 constantiam
1932 2496 2361 2575 commendat,
2397 2494 2587 2560 nobis
2621 2494 2822 2560 etiam

882 2578 968 2645 ad
1026 2580 1523 2645 instructionem
1580 2582 1995 2664 proponitur,
2055 2591 2132 2646 ut
2189 2580 2513 2647 Davidem
2571 2580 2820 2646 imitari

881 2665 1132 2746 singuli
1168 2685 1287 2747 pro
1326 2665 1573 2748 viribus
1607 2665 2005 2733 studeamus.
2065 2666 2608 2750 Quandoquidem
2644 2668 2818 2732 enim

883 2751 1100 2835 figura
1157 2751 1281 2815 fuit
1321 2750 1593 2815 Domini
1651 2752 1858 2817 nostri
1902 2752 2054 2818 Iesu
2102 2752 2369 2830 Christi,
2425 2763 2679 2820 certum
2722 2760 2823 2817 est

881 2836 1005 2902 toti
1051 2835 1360 2903 ecclesiae
1405 2838 1681 2921 proponi
1727 2839 2062 2922 exemplar
2106 2838 2519 2918 imitandum,
2567 2845 2642 2902 ut
2684 2837 2823 2903 vir·

880 2929 1057 2988 tutes
1099 2922 1256 2987 illae
1299 2923 1531 3005 quibus
1573 2924 1697 2988 fuit
1740 2923 2040 3007 insignis,
2087 2946 2205 2990 nos
2249 2923 2478 3008 quales
2522 2944 2664 2990 esse
2708 2921 2816 2987 de·

878 3007 1155 3074 beamus
1213 3008 1535 3074 erudiant.
1625 3007 1849 3090 Quare
1902 3030 2102 3093 quum
2149 3009 2477 3075 Davidem
2520 3008 2822 3075 audimus

879 3095 1027 3179 regi
1071 3094 1225 3161 licet
1268 3103 1528 3178 gratum
1576 3104 1641 3159 et
1686 3105 2039 3177 acceptum,
2097 3104 2318 3160 tamen
2364 3095 2448 3160 ad
2491 3096 2664 3160 lares
2707 3115 2820 3177 pa·

876 3183 1045 3247 trios
1089 3201 1446 3258 reversum,
1493 3190 1570 3245 ut
1613 3181 1751 3246 eius
1799 3179 1959 3247 Saul
2006 3181 2283 3266 amplius
2326 3202 2462 3246 nou
2507 3181 2822 3246 memine-

875 3265 988 3350 rit,
1028 3266 1183 3331 inde
1226 3265 1536 3332 discimus
1579 3266 1985 3351 comprobari
2030 3267 2434 3350 experientia
2479 3267 2822 3351 vulgatum

878 3351 1060 3417 istud
1124 3352 1392 3435 dictum,
1449 3372 1682 3438 regum
1740 3352 2179 3419 ministerium
2229 3373 2363 3418 non
2409 3373 2551 3419 esse
2592 3353 2822 3418 haere-

883 3437 1191 3503 ditatem:
1248 3451 1313 3503 et
1370 3457 1521 3502 eum
1577 3438 1691 3520 qui
1749 3438 1832 3503 ad
1886 3459 2219 3505 summum
2279 3439 2563 3522 aliquem
2608 3436 2822 3522 digni·

879 3523 1041 3588 tatis
1097 3523 1377 3607 gradum
1421 3525 1490 3588 in
1537 3523 1691 3589 aula
1732 3526 2050 3606 pervenit,
2097 3536 2429 3590 momento
2477 3544 2666 3608 posse
2708 3543 2823 3589 ex-

879 3607 1119 3675 cidere.
1186 3608 1437 3692 Nempe
1460 3609 1641 3675 Deus
1678 3608 1976 3676 homines
2010 3612 2102 3675 ita
2145 3611 2309 3676 solet
2351 3630 2824 3693 nonnunquam

883 3713 1210 3772 exercere,
1255 3716 1340 3759 ne
1373 3695 1445 3758 in
1484 3694 1678 3761 rebus
1713 3696 1853 3762 istis
1889 3696 2170 3762 terrenis
2213 3696 2591 3763 collocatam
2636 3715 2823 3761 suam

883 3779 1264 3846 felicitatem
1319 3789 1585 3864 putent:
1648 3802 2124 3865 nonnunquam
2170 3802 2325 3848 vero
2369 3782 2690 3865 castigare
2734 3788 2827 3844 te-

885 3865 1240 3931 merariam
1313 3877 1380 3930 et
1443 3867 1714 3931 stultam
1778 3868 2188 3952 opinionem,
2271 3888 2497 3933 eorum
2564 3867 2675 3950 qui
2742 3863 2823 3931 ad

886 3950 1171 4017 honores
1238 3972 1531 4017 summos
1599 3954 1808 4018 evecti
1880 3964 2134 4020 montes
2189 3974 2420 4020 aureos
2468 3953 2596 4018 sibi
2638 3951 2825 4036 polli-

881 4045 1139 4114 centur,
1183 4047 1250 4101 et
1283 4057 1353 4102 se
1388 4036 1683 4104 homines
1727 4059 1870 4104 esse
1914 4060 2043 4104 non
2087 4040 2552 4120 meminerunt,
2595 4059 2825 4104 excae-

882 4131 1078 4188 cante
1115 4122 1263 4187 illos
1297 4121 1626 4187 honorum
1661 4124 2023 4207 splendore.
2089 4125 2308 4190 Deum
2331 4126 2551 4209 itaque
2577 4132 2826 4190 tantam

885 4210 1335 4292 arrogantiam
1356 4217 1612 4291 oportet
1634 4211 1991 4292 reprimere
2015 4220 2081 4275 et
2109 4224 2427 4277 coercere.
2474 4210 2826 4277 Caeterum

886 4294 1000 4361 hic
1041 4296 1111 4360 in
1155 4315 1398 4378 genere
1440 4294 1855 4361 retinendum
1902 4297 2075 4378 quod
2121 4296 2394 4379 pulchre
2440 4295 2625 4363 docet
2647 4296 2828 4362 Salo-

883 4402 1062 4460 mon,
1106 4381 1229 4446 sub
1263 4380 1440 4446 coelo
1478 4386 1577 4444 tot
1618 4388 1964 4462 tantasque
2009 4383 2404 4449 mutationes
2448 4393 2516 4447 et
2556 4402 2827 4448 conver-

886 4468 1108 4534 siones
1167 4466 1330 4546 fieri,
1391 4474 1466 4531 ut
1522 4466 1631 4549 qui
1692 4464 1882 4531 hodie
1941 4464 2318 4544 ditissimus,
2378 4489 2523 4535 eras
2568 4471 2829 4533 futurus

885 4555 974 4619 sit
1039 4553 1527 4635 pauperrimus:
1604 4552 1714 4635 qui
1774 4574 2102 4619 summum
2163 4554 2501 4637 dignitatis
2558 4561 2831 4636 occupat

885 4638 1246 4722 fastigium,
1291 4637 1596 4721 perendie
1631 4638 1715 4704 sit
1749 4639 1924 4704 inter
1965 4640 2230 4705 infimae
2274 4640 2665 4706 conditionis
2711 4639 2831 4703 ho·

882 4726 1097 4791 mines
1134 4722 1490 4804 habendus,
1535 4724 1678 4790 Deo
1713 4746 1831 4808 pro
1872 4725 2141 4790 arbitrio
2187 4746 2303 4790 suo
2346 4726 2619 4790 miseros
2662 4745 2830 4789 mor·

885 4811 1055 4876 tales
1112 4810 1479 4895 castigante
1538 4818 1605 4876 et
1662 4821 2024 4875 exercente.
2115 4810 2337 4893 Quare
2398 4820 2674 4877 cavento
2717 4811 2830 4892 qui

889 4896 1123 4961 sedent
1187 4895 1267 4959 ad
1334 4916 1555 4962 rerum
1622 4895 2077 4981 gubernacula,
2144 4918 2228 4962 ne
2296 4918 2495 4981 supra
2560 4895 2828 4960 modum

889 4982 1287 5047 efferantur:
1332 4983 1444 5047 sed
1482 5002 1638 5047 suae
1674 4981 2068 5049 conditionis
2113 5003 2432 5050 memores
2476 4981 2831 5067 diligenter

883 5088 1133 5132 munus
1190 5068 1272 5131 ad
1329 5067 1496 5150 quod
1544 5069 1754 5134 vocati
1800 5078 1958 5134 sunt
2002 5079 2377 5135 exercento:
2424 5078 2491 5133 et
2532 5067 2828 5153 persuasi

885 5161 1086 5219 sunto
1140 5151 1360 5217 Deum
1435 5162 1729 5218 autorem
1786 5155 2061 5220 istarum
2119 5154 2512 5240 dignitatum
2567 5153 2825 5220 easdem

857 5247 1107 5326 gratas
1121 5238 1383 5320 habere,
1405 5239 1561 5305 etin
1587 5238 1765 5305 huno
1787 5241 1986 5305 finem
2010 5241 2387 5321 instituisse,
2412 5250 2488 5305 ut
2510 5239 2826 5325 proximis

2549 330 2962 398 HOMILIA
3003 330 3174 398 LXI
3178 378 3195 395 .
4660 335 4739 402 200

2923 521 3197 605 quisque
3261 519 3334 585 in
3387 539 3506 585 sua
3561 519 3900 586 vocatione
3955 518 4233 598 serviat,
4299 526 4375 585 ιιι
4430 520 4585 587 nulls
4629 532 4747 593 anta

2924 609 3012 675 sit
3060 606 3347 691 dignitas
3403 626 3570 688 quae
3626 625 3762 671 non
3818 613 4123 670 teneatur
4166 605 4481 689 proximis
4513 608 4749 692 inservire,

2923 695 2979 759 si
3036 691 3117 757 ad
3177 692 3562 776 dignitatem
3609 691 3794 757 illam
3848 699 4120 757 vocatus
4172 691 4384 758 officio
4438 692 4593 777 fungi
4634 698 4747 762 velit

2921 777 3183 844 Deinde
3237 789 3304 844 et
3357 777 3542 843 deiici
3600 786 3669 844 et
3726 776 4004 860 deprimi
4054 775 4370 854 discunto,
4421 781 4633 861 quoties
4660 781 4753 849 Deo

2925 864 3289 930 videbitur:
3346 884 3560 944 neque
3618 862 4006 929 conditionis
4063 864 4485 928 mutationem
4523 886 4671 950 aegre
4699 870 4753 933 fo-

2924 961 3139 1030 runto,
3185 970 3394 1033 neque
3429 950 3485 1015 si
3506 948 3692 1015 Deus
3726 949 3873 1014 illos
3916 949 3988 1012 in
4032 947 4267 1013 humili
4311 949 4638 1016 conditione
4666 974 4757 1021 eus

2925 1036 3087 1103 velit
3141 1035 3433 1100 animum
3480 1033 3948 1118 despondento.
4037 1033 4170 1100 Sed
4214 1034 4367 1099 forti
4412 1040 4757 1122 praesentique

2928 1121 3146 1188 animo
3203 1128 3417 1200 sunto,
3478 1121 3847 1204 quicunque
3903 1141 4094 1186 casus
4139 1119 4475 1188 acciderit:
4523 1124 4659 1204 quod
4689 1127 4758 1190 fiet

2928 1209 2985 1274 si
3042 1207 3481 1273 humilitatem
3541 1217 3896 1285 sectentur,
3954 1216 4022 1271 et
4065 1207 4135 1271 in
4178 1226 4302 1271 sua
4341 1208 4646 1274 vocatione
4677 1231 4761 1275 mc

2929 1293 3108 1360 deste
3152 1314 3222 1359 se
3264 1294 3658 1359 contineant.

3098 1380 3188 1445 Et
3212 1378 3291 1445 de
3316 1378 3595 1444 Davidis
3617 1377 3918 1462 exemplo
3953 1377 4305 1445 haetenus:
4349 1379 4620 1463 sequitur
4646 1380 4765 1445 dein·

2928 1486 3098 1549 ceps,
3164 1464 3351 1529 illum
3416 1464 3697 1529 fratrum
3763 1465 3967 1529 fuisse
4023 1466 4387 1550 minimum,
4453 1485 4628 1549 quum
4671 1475 4764 1531 octo

2927 1560 3175 1617 essent:
3238 1557 3307 1615 et
3346 1549 3430 1615 iis
3477 1549 3692 1615 verbis
3736 1550 3945 1634 magis
3989 1550 4481 1616 commendatur
4518 1572 4653 1635 erga
4678 1551 4769 1616 Ds-

2931 1637 3145 1701 videm
3189 1635 3319 1703 Dei
3383 1636 3615 1722 gratia,
3682 1656 3876 1718 quem
3942 1637 4065 1701 etsi
4129 1637 4314 1702 nulla
4355 1657 4509 1721 prae
4546 1638 4769 1701 fratribus

2927 1723 3142 1806 specie
3200 1731 3473 1787 externa
3525 1721 4123 1803 commendabilem,
4181 1731 4404 1787 tamen
4459 1722 4604 1805 ipsis
4647 1731 4770 1787 ants·

2928 1808 3239 1891 posuerit.
3311 1808 3402 1873 Et
3436 1807 3696 1891 quidem
3733 1806 3841 1871 hic
3877 1817 4013 1873 tres
4055 1808 4263 1891 ipsius
4306 1809 4536 1873 fratres
4573 1807 4773 1874 maim

2927 1906 3090 1960 natu
3126 1893 3546 1959 nominantur
3582 1892 3664 1958 ad
3703 1892 3943 1958 bellum
3986 1913 4027 1957 a
4070 1905 4257 1976 patre
4299 1895 4501 1970 missi,
4543 1903 4606 1958 ut
4636 1913 4772 1977 apps-

2925 1990 3068 2045 reat
3108 1979 3216 2046 vel
3261 1979 3466 2063 ipsius
3514 1979 3714 2063 patris
3758 1977 3995 2045 iudicio
4017 1978 4345 2045 Davidem
4390 1981 4569 2061 parvi
4606 1979 4776 2044 factum

2924 2066 3145 2132 fuisse.
3200 2064 3439 2130 Nonne
3476 2083 3630 2130 vero
3677 2073 3895 2129 tamen
3939 2066 4081 2147 ipse
4123 2075 4311 2149 pater
4356 2065 4437 2129 de
4458 2064 4578 2128 Dei
4614 2064 4775 2130 volun·

2928 2161 3064 2216 tate
3106 2170 3227 2234 per
3269 2149 3644 2217 Samuelem
3687 2151 3927 2216 certior
3967 2150 4178 2216 factus
4222 2152 4456 2228 fuerat,
4500 2151 4728 2216 electum
4756 2171 4780 2213 ι

2925 2237 3070 2301 Deo
3128 2235 3474 2314 Davidem,
3532 2245 3600 2302 et
3656 2234 3846 2302 Sauli
3900 2256 4341 2302 successorem
4403 2234 4777 2320 designatum?

2927 2322 3083 2405 quid
3119 2342 3273 2407 ergo
3310 2321 3526 2405 ipsum
3564 2331 3904 2404 tantopere
3947 2321 4221 2405 despicit
4264 2333 4331 2387 et
4373 2320 4617 2389 reiicit?
4664 2321 4783 2386 Nm

2925 2410 3063 2473 sere
3106 2409 3182 2472 fit
3222 2417 3297 2473 ut
3340 2408 3399 2474 si
3442 2408 3587 2490 quis
3630 2418 3818 2492 pater
3862 2407 3932 2472 in
3978 2408 4331 2474 liberorum
4380 2408 4589 2491 aliquo
4628 2417 4781 2472 notam

2925 2493 3252 2577 quandam
3311 2494 3570 2558 suturae
3625 2494 3912 2572 virtutis,
3973 2501 4041 2559 et
4096 2494 4536 2559 coniecturam
4576 2493 4786 2574 aliquam

2925 2578 3187 2644 futurae
3231 2577 3571 2662 dignitatis
3612 2578 3870 2657 habeat,
3925 2579 3998 2644 in
4041 2600 4117 2643 eo
4160 2581 4454 2645 maxime
4497 2580 4787 2662 acquioecst

2927 2666 3321 2750 voluptatem
3369 2685 3451 2730 ue
3507 2665 3738 2748 capiat.
3827 2664 4006 2731 Sane
4047 2665 4183 2731 Isat
4224 2687 4360 2731 non
4405 2675 4651 2731 tantum
4682 2682 4786 2728 con·

2925 2752 3193 2830 iectura,
3246 2771 3315 2815 se
3405 2750 3741 2834 promissis
3781 2749 4026 2817 divinis
4070 2771 4387 2833 magnum
4434 2749 4662 2834 aliquid
4694 2770 4789 2831 spe-
4874 2753 4875 2798 ἒ

2925 2858 3074 2903 rare
3116 2834 3490 2902 iubebatur:
3549 2857 3705 2902 nam
3751 2857 4134 2920 expressum
4180 2847 4322 2903 erat
4357 2836 4671 2904 Samuelis
4701 2854 4791 2900 ort·
4872 2803 4875 2916 (

2925 2922 3167 3005 culum,
3224 2922 3533 2988 unctione
3576 2929 3852 2988 externa
3894 2925 4376 3002 confirmatum,
4422 2921 4721 2990 Davidem
4752 2921 4792 2983 in
4874 2977 4875 2994 ,

2924 3007 3173 3075 Israele
3230 3018 3686 3090 regnaturum:
3744 3028 3943 3092 quare
3999 3030 4157 3094 ergo
4214 3029 4351 3075 non
4411 3009 4631 3074 habuit
4665 3005 4791 3071 illum

2925 3094 2995 3159 in
3052 3094 3296 3159 maiore
3342 3092 3592 3176 pretio?
3680 3094 3825 3160 Nae
3865 3093 4053 3161 Deus
4096 3094 4219 3161 hoc
4261 3095 4587 3177 permisit.
4624 3103 4687 3159 ut
4719 3111 4796 3157 sus

2926 3180 3140 3264 gratia
3190 3180 3285 3245 sic
3330 3179 3525 3264 longe
3566 3180 3758 3245 fieret
3800 3180 4134 3247 illustrior.
4224 3180 4395 3247 Nam
4442 3183 4500 3248 si
4544 3176 4793 3244 Davidem

2925 3275 3109 3349 pater
3152 3265 3327 3330 ultro
3370 3266 3820 3349 promovisset,
3873 3273 3939 3331 et
3982 3265 4067 3332 ad
4111 3265 4357 3332 bellum
4405 3287 4556 3333 cum
4599 3263 4798 3345 reliquis

2924 3349 3237 3417 fratribus
3294 3350 3415 3416 sub
3473 3351 3736 3417 vexillis
3795 3350 4019 3418 Saulis
4074 3354 4388 3433 misisset,
4446 3355 4587 3418 visa
4638 3351 4795 3415 fuisset

2926 3436 3214 3502 humana
3262 3435 3582 3519 quaedam
3625 3438 3794 3503 ratio
3838 3438 4015 3503 viam
4061 3438 4302 3504 Davidi
4350 3438 4438 3505 ad
4484 3437 4797 3524 dignitatem

2925 3522 3106 3587 illam
3150 3522 3399 3602 fecisse,
3445 3543 3521 3588 ac
3565 3522 3838 3607 proinde
3877 3524 4091 3609 gratia
4133 3532 4202 3589 et
4244 3523 4691 3590 benevolentia
4716 3518 4797 3585 Dei

2922 3609 3152 3674 fuisset
3208 3608 3563 3674 obscurior.
3651 3610 3747 3675 At
3802 3630 4006 3693 quum
4066 3621 4203 3675 tres
4246 3611 4368 3676 filii
4414 3609 4554 3677 Isa1
4592 3608 4798 3675 maiores

2925 3703 3073 3777 post
3096 3693 3367 3760 Saulem
3401 3696 3471 3759 in
3505 3695 3826 3778 praelium
3863 3695 4099 3762 abiisse
4136 3696 4470 3774 dicuntur,
4508 3708 4574 3762 et
4604 3693 4799 3759 nomint

2924 3780 3188 3846 illorum
3266 3779 3489 3858 Eliab,
3570 3779 3917 3847 Abinadab
3943 3832 3958 3858 ,
4038 3780 4312 3848 Samma
4393 3783 4797 3865 exprimuntur.

2925 3863 3147 3932 David
3206 3873 3425 3931 autem
3484 3865 3684 3932 fuisse
3730 3867 4076 3933 minimus:
4130 3877 4199 3933 et
4243 3867 4562 3934 dimissus
4601 3890 4639 3932 a
4672 3873 4799 3948 patna

2927 3950 3010 4016 ad
3067 3949 3303 4017 fratres
3368 3952 3439 4016 in
3496 3952 3726 4019 castris
3781 3951 4144 4018 visitandos
4201 3953 4486 4035 dicitur,
4556 3963 4619 4018 et
4666 3947 4797 4014 modo

3011 4034 3208 4103 eudes
3240 4038 3312 4101 in
3349 4037 3526 4122 agris
3557 4058 3836 4116 curasse,
3882 4037 4074 4104 modo
4097 4037 4180 4103 ad
4216 4038 4468 4105 fratres
4489 4037 4800 4105 excurrisse.

2986 4143 3108 4188 ane
3135 4121 3355 4189 David
3398 4124 3594 4207 longe
3635 4132 3923 4190 remotus
3967 4123 4049 4189 ab
4094 4126 4277 4189 omni
4323 4125 4647 4210 dignitate
4678 4119 4799 4186 vide*

2930 4209 3139 4288 batur,
3199 4209 3311 4292 qui
3370 4208 3561 4274 modo
3618 4209 3689 4273 in
3728 4230 3972 4293 pascua
4013 4210 4335 4278 ducendis
4382 4210 4635 4286 ovibus,
4671 4200 4801 4272 modo

2927 4295 3000 4358 in
3080 4294 3359 4359 fratrum
3444 4295 3880 4360 ministerium
3956 4317 4223 4379 operam
4303 4318 4502 4363 suam
4566 4299 4800 4360 navaret:

2930 4388 3161 4446 contra
3214 4401 3369 4448 vero
3436 4381 3669 4447 fratres
3732 4382 4046 4465 optimam
4103 4384 4441 4449 rationem
4497 4382 4711 4447 babere
4750 4370 4803 4438 td

2931 4486 3219 4544 summos
3279 4466 3560 4533 honores
3616 4468 4063 4550 perveniendi.
4150 4468 4415 4534 Verum
4464 4468 4673 4533 divina
4705 4480 4801 4544 pro·

2933 4550 3220 4617 videntia
3241 4551 3571 4619 Davidem
3608 4552 3820 4618 voluit
3853 4563 3922 4619 et
3963 4554 4143 4620 reiici
4187 4564 4254 4619 et
4291 4554 4381 4620 ad
4428 4555 4589 4620 haec
4624 4549 4802 4616 abiem

2931 4638 3294 4703 ministeria
3317 4639 3557 4716 vocari,
3602 4647 3679 4703 ut
3708 4638 3789 4703 ad
3825 4661 4046 4706 rerum
4083 4640 4543 4724 gubernacula
4575 4638 4801 4714 deinceps

2931 4733 3215 4802 vocatus,
3260 4724 3683 4790 illustriorem
3729 4745 3885 4808 erga
3929 4748 3997 4792 se
4028 4726 4155 4791 Dei
4205 4727 4575 4792 bonitatem
4616 4725 4799 4788 fuceret

2930 4809 3121 4889 Nam,
3180 4810 3465 4890 obsecro,
3525 4831 3656 4895 qua
3700 4810 3989 4876 humana
4030 4811 4387 4894 industria,
4448 4813 4670 4897 quibus
4702 4826 4801 4872 con·

2928 4895 3107 4974 siliis,
3131 4894 3455 4962 Davidem
3492 4905 3824 4962 momento
3862 4898 3942 4962 de
3976 4896 4212 4963 humili
4249 4920 4305 4961 e·
4360 4900 4610 4965 abiecto
4644 4907 4796 4975 regem

2928 4980 3171 5047 factum
3231 4980 3566 5049 dicemus?
3650 4981 3762 5048 An
3822 4983 4016 5049 rebus
4074 4984 4287 5066 prach
4310 5008 4418 5051 ire
4476 4977 4700 5069 gestis?
4748 4993 4798 5069 *Ρ

2928 5065 3267 5132 hominum
3325 5069 3541 5153 gratia
3595 5077 3661 5134 et
3714 5068 3978 5135 favore?
4026 5091 4112 5134 an
4157 5069 4377 5153 ipsius
4421 5069 4618 5154 patris
4654 5079 4800 5129 consi·
4876 5117 4877 5154 i

2926 5151 3052 5230 liis,
3112 5154 3222 5236 qui
3280 5175 3319 5220 a
3362 5153 3669 5222 Samuele
3716 5165 4145 5239 regnaturum
4193 5156 4359 5221 olim
4405 5159 4727 5247 acceperat,
4758 5155 4798 5208 ⁶⁸
4876 5205 4877 5208 η

2927 5238 3202 5322 proinde
3240 5238 3323 5306 ad
3365 5241 3512 5306 illos
3557 5240 3835 5307 honores
3878 5242 4056 5310 viam
4101 5242 4232 5326 ipsi
4274 5241 4555 5310 fecerit?
4594 5239 4797 5306 Mimm
4874 5211 4877 5372 ⁴
