5059 6059
324 282 452 351 629

324 480 665 544 mittamus
684 526 699 557 ,
755 486 827 541 et
879 477 1201 560 patienter
1258 477 1530 542 Domini
1588 478 2084 563 castigationem
2155 476 2270 543 ad·

324 568 704 647 mittamus,
762 562 821 628 si
877 561 980 629 vel
1042 561 1432 648 mendaciis,
1500 564 1607 631 vel
1666 563 2102 641 simulatione,
2164 563 2270 629 vel

328 653 460 718 alia
503 650 737 733 quavis
796 650 1046 715 ratione
1090 669 1130 713 a
1174 658 1353 715 reeta
1394 651 1505 715 via
1548 649 1925 716 recedentes
1969 670 2052 715 ex
2096 648 2274 714 diffi-

327 737 688 804 cultatibus
743 754 1079 820 emergere
1133 736 1347 800 conati
1406 736 1741 802 fuerimus.
1842 735 1989 801 Deo
2051 737 2274 819 itaque

328 844 449 890 nos
496 824 702 906 virgis
762 823 900 887 suis
956 823 1027 885 in
1088 829 1336 887 rectam
1393 822 1566 887 viam
1631 831 1982 888 revocante
2041 822 2274 886 merito

326 909 397 974 id
442 910 585 975 fieri
629 926 1087 992 agnoscamus,
1152 926 1234 972 ne
1279 926 1364 972 ue
1420 908 1623 990 ipsius
1681 907 1939 973 iudiciis
1982 927 2273 989 unquam

329 995 797 1078 obloquamur:
846 992 1224 1077 quandoqui
1271 1012 1373 1058 em
1412 992 1737 1059 Davidem
1782 1003 1877 1058 tot
1912 993 2042 1057 Dei
2089 992 2274 1058 donis

328 1088 399 1147 et
441 1082 673 1167 gratiis
715 1081 1040 1164 insignem
1088 1078 1389 1144 videmus
1428 1098 1563 1143 non
1608 1080 1800 1143 aliter
1844 1088 2209 1162 exceptum.

504 1167 778 1231 Interim
838 1184 993 1230 vero
1065 1165 1419 1247 singularis
1476 1164 1959 1230 misericordiae
2015 1163 2277 1229 divinae

330 1253 704 1336 exemplum
752 1252 1129 1334 apparatio
1171 1250 1443 1330 Davide,
1490 1270 1682 1333 quem
1722 1251 1904 1316 Deus
1947 1250 2017 1314 in
2062 1260 2277 1315 extre-

329 1358 515 1405 mum
563 1338 734 1403 vitae
791 1337 1140 1402 discrimen
1185 1346 1484 1403 vocatum
1546 1347 1833 1420 repente,
1888 1345 1961 1401 et
2015 1347 2277 1435 praeter

329 1425 671 1491 hominum
719 1424 1091 1507 opinionem
1137 1442 1220 1487 ex
1266 1440 1340 1486 eo
1383 1422 1638 1501 liberat,
1700 1442 1829 1487 non
1875 1442 2063 1488 secus
2106 1443 2183 1488 ae
2218 1438 2277 1486 si

328 1513 477 1595 quis
522 1528 590 1575 se
634 1509 845 1575 fllium
888 1526 1081 1573 suum
1139 1508 1689 1592 comprehensum
1749 1508 2106 1589 simularet,
2166 1508 2274 1572 vel

328 1600 396 1663 in
445 1597 724 1677 foveam,
787 1596 891 1660 vel
934 1595 1004 1659 in
1049 1596 1267 1678 ignem
1312 1595 1632 1660 coniicere
1678 1594 1865 1672 velle,
1924 1612 2051 1677 quo
2107 1594 2277 1659 facto

324 1683 505 1749 filius
570 1682 680 1745 ille
746 1682 839 1747 sic
903 1690 1255 1758 terreatur,
1338 1690 1417 1745 ut
1492 1681 1685 1745 morti
1766 1700 1838 1745 se
1905 1680 2276 1763 proximum

326 1769 683 1848 existimet,
741 1768 894 1833 lieet
952 1786 1106 1831 eum
1166 1774 1388 1830 tamen
1447 1775 1632 1848 pater
1678 1786 1879 1830 manu
1926 1776 2165 1844 teneat,
2211 1773 2277 1829 et

328 1857 549 1940 i'psum
595 1853 911 1937 perdendi
948 1853 1238 1918 animum
1273 1870 1409 1915 non
1445 1849 1715 1916 habeat:
1758 1850 1872 1917 sed
1908 1873 1987 1916 ea
2024 1852 2276 1916 ratione

328 1941 729 2025 castigatum
772 1939 982 2004 filium
1030 1937 1192 2003 velit
1234 1939 1305 2001 in
1349 1948 1684 2020 posterum
1728 1956 1979 2020 sapere,
2036 1948 2107 2002 et
2161 1935 2277 2003 ad·

324 2028 516 2092 missi
560 2026 809 2109 peccati
855 2042 1208 2090 memorem
1270 2040 1432 2101 esse,
1491 2045 1576 2089 ne
1630 2024 1915 2108 amplius
1972 2023 2043 2087 in
2102 2022 2276 2086 idem

322 2110 593 2180 recidat.
720 2111 868 2176 Non
949 2110 1077 2173 alis
1160 2109 1413 2175 ratione
1493 2108 1676 2174 Dens
1764 2128 1921 2193 erga
2014 2126 2274 2174 servum

326 2198 661 2265 Davidem
705 2214 775 2262 se
821 2197 1041 2279 gessit,
1096 2216 1295 2278 quum
1355 2214 1471 2259 rex
1515 2195 1719 2260 Aehis
1763 2204 2067 2261 vocatum
2127 2214 2276 2259 eum

327 2286 514 2351 iubet
568 2304 640 2350 se
697 2284 767 2347 iu
823 2281 1065 2347 bellum
1109 2280 1424 2346 adversus
1479 2280 1816 2347 Israelitas
1870 2283 2280 2364 proficiscen-

324 2381 465 2436 tem
506 2369 715 2453 sequi.
789 2367 1029 2433 Davidi
1076 2367 1365 2450 profecte
1401 2366 1599 2450 longe
1639 2367 2004 2433 consultius
2049 2368 2277 2432 fnisset

325 2456 577 2523 collum
645 2455 949 2538 frangere
1007 2473 1199 2537 quam
1268 2472 1530 2535 passum
1597 2472 1803 2517 unum
1870 2452 1953 2517 ad
2030 2452 2274 2520 bellum

324 2542 641 2609 ecclesiae
683 2538 1094 2606 inferendum
1150 2556 1555 2623 promovere,
1613 2537 2145 2621 quandoquidem
2199 2558 2278 2602 ea

324 2629 589 2694 ratione
656 2625 1199 2711 promissionibus
1264 2622 1569 2689 omnibus
1641 2623 1885 2689 divinis
1960 2625 2272 2690 nuncium

322 2714 711 2780 remisisset.
800 2711 935 2777 Sed
978 2720 1199 2775 tamen
1257 2711 1329 2774 in
1384 2728 1531 2774 eam
1586 2714 2038 2776 necessitatem
2098 2728 2275 2775 nunc

322 2799 687 2884 redigitur,
749 2798 982 2863 meiito
1063 2814 1304 2878 peenas
1366 2796 1450 2861 ab
1515 2816 1590 2861 eo
1662 2797 1966 2880 exigente
2047 2795 2276 2861 divina

323 2887 582 2952 iustitia
626 2883 707 2949 de
752 2881 1091 2948 mendacio
1152 2891 1223 2946 et
1278 2879 1711 2958 simulatione,
1772 2893 1849 2946 ut
1912 2883 2085 2947 serio
2140 2882 2271 2946 iam

321 2970 547 3039 faeere
587 2980 879 3054 cogatur,
941 2968 1113 3052 quod
1164 2986 1234 3033 se
1293 2967 1507 3033 facere
1550 2977 1746 3033 antea
1803 2967 2274 3033 mentiebatur:

324 3058 623 3140 adeoque
669 3065 943 3139 urgetur
983 3062 1063 3118 ut
1086 3053 1289 3120 Aciris
1331 3070 1478 3118 eum
1520 3053 1692 3120 dicat
1716 3052 1882 3118 velle
1924 3075 1994 3118 se
2033 3053 2275 3120 habere

322 3148 402 3208 in
444 3152 779 3227 posterum
825 3139 1157 3207 custodem
1194 3141 1295 3205 sui
1340 3138 1600 3222 capitis:
1660 3147 1736 3207 ut
1781 3140 1909 3203 iam
1971 3139 2276 3205 dissimu-

322 3229 565 3295 iationi
611 3229 793 3292 locus
815 3227 1031 3292 nullus
1052 3226 1353 3308 supersit,
1400 3225 1513 3290 sed
1560 3224 2271 3291 strenueseDavidem

326 3324 631 3399 oporteat
680 3330 945 3398 gerere,
1005 3321 1072 3376 et
1129 3312 1453 3395 sanguine
1509 3310 1833 3387 fidelium,
1904 3320 1973 3376 et
2045 3330 2272 3377 eorum

288 3454 295 3461 .
328 3402 448 3486 qui
470 3400 599 3465 Dei
643 3399 925 3483 populus
947 3399 1385 3463 censebantur
1419 3416 1656 3461 manus
1686 3396 2001 3481 polluere.
2067 3396 2272 3463 Deni-

284 3508 303 3516 ·
328 3504 459 3572 que
516 3488 749 3551 sortem
820 3493 890 3548 et
947 3496 1289 3548 strenuum
1348 3484 1490 3547 fieri
1544 3481 1875 3548 Davidem
1942 3486 2277 3567 oportebat

328 3573 555 3658 populi
607 3571 731 3636 Dei
774 3564 1001 3635 caede:
1056 3568 1331 3651 ideoque
1389 3566 1735 3633 huminum
1795 3568 2101 3651 opinione
2146 3592 2273 3635 non

328 3668 589 3745 poterat
630 3674 763 3721 non
809 3672 1158 3739 provocare
1203 3655 1269 3718 in
1307 3670 1378 3718 se
1411 3672 1737 3737 suumque
1770 3664 1973 3738 caput
2005 3654 2276 3721 berren-

326 3746 480 3811 dam
544 3742 673 3807 Dei
734 3741 1120 3821 vindictam,
1181 3748 1248 3804 et
1304 3740 1658 3803 multorum
1714 3741 2067 3806 eriminum
2126 3763 2277 3808 reus

326 3831 501 3915 apud
571 3828 791 3895 Deum
859 3827 1016 3892 fleri.
1120 3824 1251 3892 Sed
1312 3824 1501 3890 Deus
1562 3824 1928 3891 admirabili
1990 3826 2273 3909 quadam

330 3919 585 3983 ratione
630 3928 730 3980 est
788 3913 895 3980 hic
949 3920 1274 3996 operatus,
1330 3909 1655 3995 siquidem
1713 3914 1891 3976 viros
1950 3913 2274 3994 principes

332 4012 399 4068 et
446 4002 921 4086 gubernatores
963 4018 1039 4063 ae
1072 4002 1269 4064 duces
1305 3997 1832 4074 Philemoni-sm,
1878 3998 1989 4079 qui
2026 4000 2269 4063 autori-

335 4099 471 4154 tate
515 4086 687 4169 apud
734 4104 952 4168 regem
1000 4083 1207 4148 Achis
1247 4083 1560 4149 valebant
1614 4083 1929 4149 excitavit
1973 4086 2084 4166 qui
2131 4085 2273 4168 rogi

330 4172 841 4258 persuaderent,
899 4182 971 4234 ut
1031 4167 1353 4234 Davidem
1415 4190 1453 4232 a
1512 4188 1581 4233 se
1638 4168 2019 4234 dimitteret.
2122 4169 2270 4236 Non

328 4258 610 4343 angelus
648 4276 691 4322 e
734 4256 912 4321 coelo
956 4257 1215 4331 missus,
1275 4275 1405 4318 non
1466 4253 1701 4336 aliquis
1756 4256 2093 4338 propheta,
2153 4257 2266 4322 sed

330 4345 463 4428 ipsi
536 4343 875 4408 Philistaei
954 4339 1278 4407 Davidem
1362 4339 1672 4419 liberant,
1755 4349 1820 4405 et
1898 4342 2271 4407 imminenti

330 4429 622 4515 periculo
667 4429 988 4508 eximunt,
1034 4435 1115 4491 ut·
1142 4428 1431 4510 ipsorum
1455 4427 1692 4491 eastris
1715 4426 2054 4504 excedens,
2098 4428 2266 4493 nihil

324 4530 564 4584 eontra
640 4514 1139 4590 conscientiam,
1219 4508 1384 4576 nihil
1458 4528 1689 4577 centn
1764 4512 1866 4579 fas
1943 4512 2267 4580 admittat.

323 4602 728 4685 Quanquam
774 4600 971 4665 etiam
1016 4608 1088 4663 ut
1130 4607 1353 4680 postea
1399 4596 1776 4677 videbimus,
1837 4597 1967 4663 alia
2012 4601 2266 4667 ratione

320 4708 403 4754 se
445 4688 656 4771 potuit
699 4684 1046 4750 defendere
1089 4702 1317 4749 verum
1360 4690 1586 4747 tamen
1623 4704 1751 4767 quo
1778 4685 2053 4766 propius
2087 4707 2264 4753 aese-

324 4776 527 4840 debat
574 4773 656 4838 ad
692 4772 886 4855 'regni
931 4770 1422 4854 possessionem,
1470 4788 1549 4833 eo
1590 4769 2003 4854 gravioribus
2051 4782 2260 4838 tenta·

325 4870 438 4927 tus
473 4870 574 4926 est
617 4856 1103 4923 afflictionibus:
1153 4876 1236 4920 ex
1337 4852 1532 4920 uibus
1588 4854 1953 4920 admirabili
2012 4858 2263 4922 ratione

321 4956 431 5014 est
472 4954 733 5011 erutus:
794 4942 954 5007 adeo
1010 4949 1091 5006 ut
1130 4938 1303 5006 Davi
1351 4942 1371 5005 i
1430 4939 1646 5006 oblata
1688 4942 1777 5007 sit
1831 4944 2077 5008 occasio
2129 4962 2261 5021 non

316 5034 567 5116 exigua
590 5028 1015 5114 cognoscendi
1041 5029 1255 5093 Deum
1300 5026 1383 5091 ad
1416 5048 1491 5092 se
1512 5028 1965 5111 castigandum
1988 5049 2256 5095 manum

316 5117 671 5185 extulisse:
752 5114 865 5180 sed
932 5132 1060 5180 non
1132 5123 1349 5178 tamen
1418 5116 1811 5196 percussisse
1874 5126 2259 5181 contentum

320 5207 547 5289 virgae
586 5200 944 5269 ostendisse
999 5198 1243 5283 absque
1300 5199 1433 5265 ictu
1491 5210 1559 5264 et
1616 5201 1839 5283 poenis
1896 5216 2060 5284 quas
2116 5212 2258 5267 erat

1576 286 1678 353 IN
1723 289 1776 355 I.
1823 284 2009 355 Lm.
2052 284 2456 357 emm..
2501 287 2706 356 oAP.
2747 287 3087 358 XXVIII.

4195 295 4327 364 teo

2375 478 2792 557 promeritus.
2878 477 2962 543 In
3008 499 3138 560 quo
3185 479 3375 547 nobis
3419 480 3732 548 eximium
3792 482 4129 567 speculum
4173 506 4326 570 pro·

2376 561 2644 643 ponitur
2685 564 2756 628 in
2800 584 2930 647 quo
2971 556 3127 647 qnid
3173 565 3359 631 nobis
3401 565 3491 633 sit
3533 567 3604 633 in
3649 566 4020 634 istiusmodi
4064 572 4323 641 casibus

2374 648 2703 730 agendnm
2747 649 3078 716 doeemur.

2548 732 2903 801 Caeterum
2939 737 3474 803 circumstantiae
3507 759 3676 822 quse
3699 738 3808 806 hie
3833 748 4149 808 notantur
4185 763 4323 810 non

2374 826 2536 883 sunt
2611 821 2754 886 sine
2830 822 3283 888 observatione
3347 823 3892 907 praetereundae;
3973 825 4324 896 Samum

2372 903 2579 985 fuisse
2618 911 2948 989 mortuum,
3004 914 3063 973 et
3113 908 3423 991 effultum
3476 910 3548 976 in
3597 909 3747 976 urbe
3801 932 3925 978 sua
3967 912 4291 983 Rae-satha
4305 939 4326 982 .·

2376 1008 2748 1074 quanquam
2796 994 3005 1058 obiter
3047 994 3173 1059 ista
3237 1015 3414 1060 nunc
3479 1006 3952 1079 memorantur,
4016 1008 4094 1065 ut
4155 999 4322 1067 Saul

2377 1075 2734 1144 destitutus
2813 1079 3012 1145 fuisse
3088 1080 3362 1146 consilio
3442 1092 3594 1164 post
3660 1080 3881 1149 Saulis
3896 1083 3962 1171 ⁴*)
4040 1094 4347 1152 mortem·

2374 1161 2796 1243 ostendatur,
2862 1164 3134 1248 ideoque
3198 1166 3458 1233 nullum
3524 1168 3701 1233 aliud
3766 1168 3892 1253 ipsi
3957 1171 4321 1239 remedium

2377 1247 2577 1313 fuisse
2641 1270 2839 1333 quam
2896 1251 2979 1316 ad
3046 1250 3517 1336 Pythonissam
3588 1255 3981 1339 confugere:
4047 1256 4324 1342 ideoque

2376 1332 2579 1398 etiam
2625 1335 3009 1402 nominatim
3055 1339 3134 1401 fit
3176 1338 3423 1403 mentio
3460 1338 4013 1424 Pythonissarum
4054 1363 4139 1408 ex
4184 1352 4324 1409 tota

2376 1420 2646 1503 regione
2691 1443 2730 1487 a
2777 1421 2980 1488 Saule
3016 1423 3374 1489 eiecturum
3417 1434 3485 1489 et
3527 1425 3956 1505 sublatarum,
4015 1449 4099 1493 ex
4158 1428 4323 1494 divi-

2378 1525 2499 1569 nae
2545 1505 2709 1589 legis
2748 1509 3075 1573 mandato.
3166 1509 3306 1574 Iam
3355 1531 3509 1576 vero
3567 1511 4045 1579 incredulitatis
4101 1517 4323 1598 argui-

2378 1604 2522 1665 tur,
2609 1613 2809 1675 quum
2879 1593 2963 1658 ad
3030 1592 3382 1661 diabolicae
3456 1597 3888 1663 revelationes
3951 1599 4324 1685 confugisse

2379 1676 2636 1754 dieitur,
2682 1678 3206 1763 quandoquidem
3247 1682 3269 1746 i
3355 1681 3369 1695 '
3410 1683 3595 1749 Deus
3630 1684 3890 1751 oraculo
3927 1686 4324 1770 respondere

2378 1761 2762 1848 denegabat.
2828 1764 3022 1847 Quod
3069 1787 3225 1832 vero
3263 1702 3532 1834 ἕῖωιιοί
3579 1779 3874 1837 mortuus
3917 1771 4121 1837 fuisse
4162 1772 4323 1839 diei-

2379 1858 2507 1928 tur,
2566 1870 2649 1915 ex
2709 1872 2784 1916 eo
2840 1852 3165 1917 coniicere
3230 1874 3578 1936 possumus
3623 1853 3897 1923 Saulem
3966 1856 4120 1923 vivo
4177 1857 4322 1943 ipso

2377 1935 2668 2016 puniisse
2731 1946 3045 2020 tanquam
3110 1959 3150 2003 a
3217 1938 3345 2003 Dei
3410 1941 3730 2023 propheta
3792 1943 4136 2008 consilium
4203 1944 4324 2010 ali-

2377 2020 2638 2103 quando
2701 2040 2966 2106 cepere:
3049 2033 3247 2107 atque
3328 2022 3488 2091 adeo
3553 2026 3709 2092 lieet
3771 2028 3897 2109 ipsi
3966 2029 4323 2112 prophetae

2376 2106 2608 2172 fuisset
2652 2108 2951 2175 infensus
2993 2120 3262 2194 propter
3318 2112 3634 2177 nuncium
3695 2113 3822 2196 ipsi
3879 2113 4177 2197 allatum,
4238 2114 4322 2182 de

2377 2191 2725 2259 adimendo
2770 2216 2995 2279 regno,
3037 2195 3215 2278 quod
3259 2195 3341 2259 ad
3387 2208 3646 2281 tempus
3689 2200 4082 2277 obtinuerat,
4130 2215 4200 2264 et
4241 2200 4324 2267 de

2376 2278 2834 2345 maledictione
2872 2280 3139 2346 Domini
3185 2282 3254 2347 in
3299 2302 3498 2365 quam
3545 2302 3665 2350 sua
3696 2285 4053 2351 rebellione
4099 2285 4322 2353 incur·

2376 2376 2592 2428 rerat:
2638 2365 3070 2441 nihilominus
3104 2376 3325 2433 tamen
3369 2378 3443 2434 ut
3463 2368 3596 2433 Dei
3617 2371 4008 2454 prophetam
4044 2372 4325 2439 coluisse

2378 2457 2447 2514 et
2489 2453 2846 2517 reveritum
2893 2453 3128 2518 fuisse:
3188 2463 3268 2518 ut
3324 2454 3391 2518 in
3441 2454 3710 2521 homine
3764 2457 3890 2522 isto
3947 2479 4325 2542 repugnan-

2380 2543 2477 2601 tes
2520 2535 2697 2602 inter
2729 2559 2802 2603 se
2857 2539 3132 2604 affictus
3170 2539 3398 2604 videre
3444 2540 3654 2619 liceat,
3715 2552 4023 2626 tanquam
4087 2544 4326 2611 fluctus

2381 2621 2584 2687 maris
2643 2644 2790 2688 sese
2855 2634 3084 2689 mutuo
3145 2625 3547 2692 collidentes.
3653 2626 3877 2708 Quare
3933 2627 4094 2695 Saul
4169 2628 4324 2697 hinc
4457 2707 4460 2710 ,

2378 2706 2644 2791 quidem
2721 2721 3031 2793 tanquam
3102 2710 3409 2776 immanis
3476 2711 3692 2779 bellua
3761 2714 4048 2780 furorem
4129 2736 4324 2783 suum

2380 2794 2747 2876 despumat,
2805 2816 3006 2877 quum
3064 2814 3135 2862 se
3178 2797 3360 2881 regia
3404 2796 3722 2882 dignitate
3783 2799 4006 2866 divino
4062 2798 4324 2868 decreto

2374 2872 2699 2947 excidisse
2741 2880 3243 2947 animadvertit:
3304 2882 3458 2947 inde
3516 2900 3678 2949 vero
3733 2892 4044 2968 tanquam
4101 2887 4325 2953 fraeno

2378 2966 2872 3051 constringitur,
2931 2977 2999 3031 et
3042 2967 3146 3033 vel
3205 2968 3456 3034 invitus
3511 2967 3742 3035 divino
3788 2972 3985 3036 verbo
4038 2992 4111 3037 se
4167 2972 4322 3039 sub·

2378 3050 2594 3129 iicere,
2631 3067 2697 3118 et
2731 3053 2830 3117 illi
2866 3052 3176 3119 obediens
3210 3073 3354 3119 esse
3387 3053 3667 3138 cogitur.
3736 3054 3878 3121 Nos
3899 3077 4052 3123 vero
4095 3066 4324 3125 contra

2380 3136 2505 3203 hoe
2574 3140 2874 3222 exemplo
2941 3138 3270 3206 discamus
3349 3161 3480 3204 nen
3543 3161 3689 3207 esse
3751 3139 4047 3225 duplices
4113 3164 4324 3227 neque

2378 3221 2602 3289 fucati.
2706 3222 2883 3305 Quid
2937 3225 3115 3307 enim
3175 3225 3363 3291 nobis
3421 3226 3678 3292 miseris
3732 3227 3880 3305 fiet,
3931 3228 3992 3294 si
4047 3228 4321 3297 Saulem

2378 3306 2618 3374 imitati
2682 3309 3044 3377 fuerimus?
3113 3309 3248 3377 Sed
3323 3313 3541 3395 potius
3598 3312 3870 3379 candide
3925 3322 3994 3379 et
4069 3315 4321 3381 sineere

2381 3395 2648 3479 negotia
2709 3405 2936 3462 nostra
3015 3396 3462 3465 conficiamus.
3579 3397 3808 3482 Neque
3887 3400 4064 3465 enim
4135 3401 4322 3469 Deus

2372 3480 2549 3545 ferre
2583 3490 2798 3563 potest
2837 3502 2914 3548 se
2957 3482 3084 3549 coli
3121 3503 3212 3548 ex
3255 3492 3463 3568 parte,
3506 3497 3570 3549 et
3615 3484 3935 3563 homines,
3995 3493 4074 3551 ut
4115 3487 4321 3572 scrip·

2379 3574 2531 3633 tura
2577 3567 2878 3650 loquitur,
2924 3567 3164 3634 habere
3207 3590 3320 3634 eor
3358 3580 3426 3635 et
3465 3590 3597 3636 eor.

2545 3651 2738 3733 Quae
2785 3652 3088 3737 deinceps
3145 3665 3514 3738 sequuntur
3573 3654 3654 3722 de
3716 3655 4176 3724 exterminatis
4233 3676 4318 3725 ex

2378 3746 2516 3802 tota
2561 3740 2827 3823 regione
2869 3761 2907 3803 a
2952 3739 3158 3806 Saule
3197 3738 3503 3806 veneficis
3547 3750 3616 3805 et
3659 3740 4194 3820 incantatoribus,
4237 3743 4320 3809 ad

2376 3823 3284 3977 Ε’ἐὲῃέἰὲὶξῗωὶἵζῖῗὲῑ,
3317 3825 4320 3980 ωἳξ“ἕωῗὲἓέηἳίῗ“ἒῖ’ἒῗ.ῗ

2378 3994 2584 4058 natim
2645 4017 2681 4060 e
2739 4006 2915 4061 terra
2973 3995 3118 4063 tolli
3173 3996 3455 4063 iusserat
3515 4018 3746 4063 omnes
3800 3998 4199 4065 divinatores
4251 4009 4324 4064 et

2377 4079 2842 4147 incantatores.
2907 4082 3102 4165 Quod
3124 4103 3280 4148 vero
3324 4083 3606 4149 feminae
3627 4083 4014 4167 plerumque
4053 4085 4122 4149 in
4161 4085 4321 4151 baec

2375 4165 2537 4229 vitia
2581 4186 2824 4249 pronae
2867 4181 3041 4239 sunt.
3094 4167 3239 4233 ideo
3297 4168 3379 4234 de
3435 4170 3564 4234 illis
3611 4170 3718 4234 bic
3773 4170 4182 4253 potissimum
4240 4171 4320 4235 fit

2374 4251 2652 4317 mentio:
2697 4264 2764 4319 et
2808 4254 2874 4319 in
2916 4253 3081 4339 lege,
3122 4253 3276 4318 licet
3317 4254 3669 4338 aliquando
3705 4255 3832 4319 viri
3879 4255 4317 4338 nominentur,

2375 4347 2594 4402 tamen
2666 4359 2892 4405 omnes
2963 4340 3422 4409 incantatrices
3493 4350 3561 4406 et
3631 4342 3961 4407 veneficae
4034 4340 4317 4411 interfici

2374 4420 2708 4489 iubentur.
2808 4424 3033 4507 Quare
3092 4446 3251 4490 vero
3323 4426 3510 4493 Deus
3577 4425 3756 4490 illins
3829 4447 4029 4491 sexus
4099 4428 4318 4511 potius

2371 4527 2566 4590 quam
2628 4510 2837 4576 virilis
2894 4512 3195 4578 meminit
3252 4522 3386 4577 tam
3446 4533 3526 4577 ex
3576 4532 3783 4589 resse,
3851 4512 4039 4577 cuius
4094 4512 4315 4598 potius

2373 4604 2641 4678 propter
2683 4597 3107 4681 fragilitatem
3169 4597 3462 4663 misereri
3603 4598 3754 4661 bere
3812 4596 4192 4681 videbatur,
4248 4607 4318 4665 et

2368 4700 2505 4744 non
2549 4681 2777 4747 eodem
2820 4705 2972 4749 eum
3017 4686 3178 4750 viris
3221 4682 3538 4767 supplicio
3581 4682 3888 4748 afficere?
3951 4682 4085 4749 Sed
4129 4684 4316 4750 Deus

2367 4765 2459 4830 ita
2504 4766 2711 4832 voluit
2746 4768 3238 4852 ingravescente
3273 4770 3452 4847 vitiu,
3497 4768 3804 4850 graviora
3845 4770 4046 4833 etiam
4082 4769 4318 4834 adver·

2366 4870 2479 4917 sus
2536 4846 2700 4917 illud
2757 4854 2830 4917 in
2874 4856 3172 4938 quemvis
3228 4875 3458 4918 sexum
3518 4853 3720 4919 statui
3773 4854 4113 4938 supplicia.
4201 4854 4319 4920 sio

2364 4938 2541 5004 fures
2564 4939 2719 5004 alibi
2743 4942 3167 5018 saevioribus,
3209 4939 3362 5003 alibi
3387 4938 3754 5004 mitioribus
3777 4940 4008 5023 poenis
4030 4938 4311 5025 puniun-

2363 5032 2488 5090 tur.
2579 5023 2882 5108 Denique
2925 5024 3364 5093 crescentibus
3409 5023 3684 5104 delictis,
3749 5026 3961 5092 veluti
4008 5028 4315 5112 blasphe-

2544 5212 2602 5283 ‘)
2636 5211 2813 5284 ἰηι-
2849 5213 3127 5268 Samuelis.
3797 5296 3902 5354 w.
