5059 6059
776 309 923 391 2595

790 509 864 568 et
904 500 1204 575 ferociter
1248 507 1473 585 agunt.
1545 501 1766 584 Atque
1797 500 1920 565 sub
1967 501 2230 566 nomine
2274 501 2575 568 sacrificii
2618 504 2746 569 ista

797 588 927 653 duo
971 586 1413 666 continentur,
1441 597 1870 686 peccatorum
1916 586 2232 652 nimirum
2277 587 2618 667 confessio,
2681 596 2747 653 et

795 673 1059 739 divinae
1104 672 1594 738 misericordiae
1640 671 2028 755 deprecatio,
2090 683 2165 738 ut
2222 674 2502 757 ipsemet
2559 674 2746 740 nobis

792 758 877 826 ad
920 780 990 825 se
1035 758 1520 842 deprecandum
1569 768 1639 825 et
1684 758 1946 824 veniam
1992 760 2512 842 consequendam
2573 761 2744 826 viam

791 846 1064 928 aperiat.
1191 845 1400 910 Porro
1482 843 1655 928 quod
1753 844 1836 910 ad
1897 846 2173 911 alteram
2249 846 2432 911 illam
2490 854 2744 930 partem

792 933 1061 1010 attinet,
1152 931 1234 997 de
1306 930 1682 996 hominibus
1761 951 2035 1014 quorum
2119 954 2317 996 manu
2396 931 2580 1001 Deus
2663 931 2743 997 ad

792 1040 913 1084 nos
958 1018 1348 1102 affligendos
1410 1019 1639 1095 utitur,
1708 1017 1905 1082 altius
1963 1018 2161 1083 etiam
2217 1039 2563 1103 assurgere
2622 1040 2745 1085 nos

792 1113 1071 1189 oportet,
1117 1118 1187 1168 et
1230 1125 1435 1187 supra
1479 1103 1799 1168 mundum
1845 1104 2087 1184 efferri,
2145 1115 2209 1167 et
2267 1103 2439 1171 hanc
2500 1104 2744 1170 doctri·

790 1213 947 1258 nam
994 1210 1332 1274 usurpare,
1380 1199 1643 1273 peccata
1690 1196 1918 1255 nostra
1961 1191 2346 1256 confitentes
2392 1189 2744 1273 Deumque

790 1277 1155 1357 laudantes,
1217 1286 1290 1341 ut
1346 1275 1501 1340 licet
1545 1296 1699 1342 vere
1755 1296 1974 1342 coram
2019 1275 2164 1341 Deo
2224 1288 2290 1340 et
2346 1276 2741 1355 bominibus,

794 1366 1024 1430 testari
1090 1363 1415 1446 possimus
1482 1361 1780 1427 inimicos
1859 1372 2119 1427 nostros
2196 1362 2376 1427 nulla
2454 1364 2640 1446 prius
2704 1383 2745 1426 a

794 1450 986 1517 nobis
1043 1470 1255 1529 neque
1314 1447 1714 1513 contumelia
1772 1469 1980 1531 neque
2038 1450 2281 1513 iniuria
2335 1458 2742 1531 provocatos,

794 1544 1014 1601 tamen
1070 1535 1125 1600 si
1174 1535 1315 1599 Dec
1357 1534 1673 1616 placuerit
1733 1555 1853 1599 nos
1908 1534 2249 1618 castigare,
2307 1533 2560 1617 placide
2618 1555 2741 1600 nos

793 1622 997 1705 ipsius
1040 1620 1299 1686 iudiciis
1343 1621 1809 1684 submittamus
1848 1620 1970 1686 hoc
2019 1642 2148 1685 uno
2192 1621 2482 1685 contenti
2517 1619 2739 1686 Deum

796 1707 964 1774 velle
1007 1728 1047 1772 a
1088 1707 1276 1771 nobis
1322 1707 1415 1771 sic
1460 1706 1831 1790 glorificari.
1898 1707 2117 1789 Atque
2160 1706 2357 1771 huius
2404 1707 2740 1773 doctrinae

780 1793 1168 1876 ,exemplum
1211 1793 1353 1875 ipse
1379 1791 1596 1857 David
1621 1792 1810 1856 nobis
1856 1793 1925 1855 in
1963 1813 2105 1858 sese
2141 1794 2498 1875 proposuit,
2546 1814 2738 1875 quem

792 1899 996 1963 quum
1040 1878 1219 1943 filius
1244 1876 1640 1943 Absalomus
1679 1877 1844 1942 bello
1889 1888 2410 1962 persequeretur,
2459 1887 2526 1943 et
2561 1880 2741 1944 omni

792 1985 1035 2065 genere
1088 1963 1634 2031 contumeliarum
1695 1963 2036 2047 obrueret,
2103 1974 2323 2028 tamen
2384 1985 2596 2047 neque
2662 1965 2741 2029 de

791 2073 957 2135 ipsc,
1006 2071 1213 2133 neque
1259 2049 1339 2113 de
1385 2050 1655 2131 reliquis
1700 2051 1837 2115 suis
1882 2050 2164 2115 inimicis
2186 2048 2537 2115 admodum
2585 2072 2741 2115 con-

838 2147 1058 2203 uestus
1099 2144 1215 2201 est.
1286 2135 1419 2199 Sed
1445 2136 1571 2200 ait:
1626 2135 1859 2201 Tacebo
1881 2136 2170 2219 Domine,
2214 2136 2371 2217 quia
2406 2141 2476 2201 tu
2514 2137 2741 2219 fecisti.

791 2157 969 2305 auid
1015 2221 1217 2289 vero?
1265 2221 1540 2286 Deusne
1577 2220 2004 2287 Absalomum
2051 2221 2315 2305 impulit
2358 2221 2440 2286 ad
2485 2234 2742 2305 patrem

874 2307 1352 2391 rsequendum,
1412 2322 1479 2372 et
1535 2328 1678 2372 sese
1737 2309 1982 2373 incesto
2037 2306 2509 2391 polluendum?
2567 2308 2743 2375 Sane

790 2330 978 2459 Decus
1018 2415 1149 2458 non
1196 2392 1477 2475 impulit,
1528 2403 1975 2459 verumtamen
2016 2392 2235 2458 David
2273 2394 2343 2458 in
2388 2394 2514 2460 hcc
2537 2396 2743 2462 Absa-

790 2478 948 2545 lomi
1008 2480 1176 2545 facto
1235 2478 1365 2543 Dei
1425 2499 1694 2543 manum
1754 2500 1824 2544 se
1884 2479 2268 2563 castigantis
2328 2483 2619 2563 agnovit,
2679 2490 2744 2548 et

793 2586 1013 2634 coram
1058 2566 1200 2648 ipso
1223 2585 1367 2630 sese
1388 2564 1536 2630 ideo
1562 2563 1810 2642 deiecit,
1857 2565 2402 2648 quemadmodum
2440 2576 2507 2632 et
2544 2588 2746 2650 supra

795 2651 1102 2727 diximus,
1162 2651 1382 2733 ipsum
1427 2649 1751 2716 Davidem
1809 2673 2008 2734 quum
2066 2673 2106 2715 a
2150 2650 2372 2718 Semei
2421 2652 2746 2736 lapidibus

792 2745 1163 2820 peteretur,
1223 2735 1512 2802 noluisse
1572 2736 1874 2802 iniuriam
1936 2738 2196 2804 ulcisci:
2255 2737 2369 2803 sed
2436 2740 2558 2805 sub
2617 2738 2743 2805 Dei

792 2844 997 2888 manu
1070 2842 1213 2888 sese
1282 2820 1614 2889 deiecisse.
1732 2823 2017 2906 Reliqua
2080 2822 2387 2905 deinceps
2444 2825 2745 2909 pluribus

789 2929 1274 2993 persequemur.

964 2995 1105 3060 Iam
1154 3015 1308 3060 vero
1355 2995 1548 3079 agite,
1591 2999 1698 3061 etc.

1381 3338 1882 3420 HOMILIA
1919 3338 2163 3422 XOV.

968 3510 1070 3574 19.
1119 3507 1309 3575 Nunc
1354 3528 1503 3592 erqo
1546 3509 1723 3588 audi,
1769 3509 2018 3576 domine
2049 3512 2141 3575 mi
2182 3531 2310 3591 rex,
2354 3509 2541 3578 verba
2582 3508 2751 3575 servi

792 3598 924 3663 tui.-
983 3593 1061 3660 Si
1120 3593 1442 3661 Dominus
1496 3595 1715 3661 incitat
1772 3600 1831 3659 te
1886 3597 2221 3661 adversum
2276 3618 2405 3675 me,
2463 3595 2751 3662 odoretur

790 3682 1198 3762 sacrificium.
1293 3679 1371 3745 Si
1414 3686 1620 3748 autem
1672 3680 1802 3761 filii
1859 3681 2183 3747 hominum
2234 3682 2554 3749 maledicti
2605 3686 2752 3747 sunt

792 3769 865 3834 in
905 3772 1227 3849 conspectu
1250 3765 1538 3852 Domini,
1583 3768 1737 3850 quia
1780 3769 2083 3833 eiecerunt
2122 3789 2220 3833 me
2265 3768 2465 3847 hodie,
2508 3771 2579 3832 ut
2621 3788 2750 3832 uon

793 3854 1063 3931 habitem
1105 3853 1177 3916 in
1220 3852 1599 3919 haereditate
1640 3853 1915 3925 Domini
1972 3854 2272 3921 dicentes:
2332 3855 2526 3935 Vade,
2583 3854 2752 3919 servi

793 3941 925 4008 diis
978 3939 1226 4004 alienia
1332 3938 1436 4004 20.
1498 3938 1587 4004 Et
1644 3959 1809 4003 nunc
1864 3961 1988 4005 uon
2053 3941 2413 4022 effundatur
2485 3940 2751 4023 sanquis

805 4045 983 4092 meus
1029 4026 1100 4089 in
1142 4028 1313 4089 terra
1357 4045 1565 4091 coram
1605 4025 1884 4090 domino.-
1941 4026 2094 4108 quia
2151 4047 2435 4110 cyr-essue
2491 4031 2580 4091 est
2633 4046 2750 4091 rex

808 4111 1021 4178 Israel
1064 4114 1136 4175 ut
1188 4115 1453 4192 quaerat
1498 4111 1814 4192 publicem
1870 4133 2087 4193 uotum,
2143 4114 2303 4178 sicut
2348 4112 2751 4194 persequitur

790 4199 1029 4282 perdix
1057 4196 1129 4260 in
1163 4196 1492 4263 montibus,
1561 4199 1664 4262 21.
1710 4196 1800 4260 Et
1844 4198 1937 4263 ait
1959 4196 2160 4264 Saul.-
2208 4198 2503 4265 Peccavi:
2544 4218 2747 4262 rever·

798 4289 922 4351 tere
961 4284 1060 4365 fibi
1102 4283 1194 4346 mi
1237 4281 1476 4359 David,
1521 4303 1917 4366 nequaquam
1960 4285 2126 4349 enim
2169 4285 2341 4350 ultra
2384 4285 2500 4349 tibi
2556 4284 2748 4349 male·

800 4370 1061 4454 faciam,
1121 4388 1187 4433 eo
1231 4369 1396 4451 quod
1428 4370 1713 4451 pretiosa
1765 4369 1962 4451 fuerit
2002 4372 2222 4437 anima
2262 4391 2403 4436 mea
2442 4371 2513 4434 in
2556 4369 2752 4435 oculis

801 4458 933 4523 tuis
976 4455 1159 4521 hodie
1175 4479 1194 4518 .·
1239 4462 1501 4537 apparet
1544 4456 1710 4520 enim
1745 4456 1907 4537 quod
1951 4457 2129 4523 stulte
2170 4457 2422 4540 eyerint,
2478 4461 2535 4523 et
2575 4457 2749 4539 ἑρπο-

801 4543 1078 4609 raverim
1119 4540 1321 4606 multa
1363 4541 1579 4606 nimis,
1670 4542 1773 4606 22.
1819 4540 1908 4605 Et
1949 4543 2327 4623 respondens
2360 4542 2582 4609 David
2623 4542 2717 4607 ait
2732 4568 2751 4607 .-

802 4629 966 4696 .Ecce
1008 4627 1192 4692 hasta
1243 4627 1439 4709 reyis,
1498 4632 1774 4693 transeat
1826 4648 1992 4693 uuus
2048 4628 2124 4693 de
2166 4629 2397 4711 pueris
2450 4628 2635 4711 reqiS,
2693 4633 2752 4693 et

806 4716 986 4782 tollat
1022 4732 1181 4778 eam.
1269 4711 1374 4777 23.
1422 4712 1739 4779 Dominus
1796 4718 2007 4779 autem
2062 4714 2363 4779 retribuat
2418 4715 2753 4796 uuicuique

804 4798 1141 4867 secuudum
1186 4797 1498 4864 iustitiam
1540 4820 1741 4879 suam,
1800 4805 1856 4865 et
1892 4801 2096 4881 fider»,
2152 4801 2421 4866 tradidit
2476 4801 2641 4865 enim
2698 4804 2754 4865 te

805 4886 996 4955 hodie
1036 4883 1358 4951 Dominus
1399 4886 1473 4949 in
1512 4906 1774 4951 manum
1816 4906 2038 4968 meam,
2096 4892 2155 4952 et
2210 4887 2385 4952 nolui
2438 4887 2756 4953 extendere

804 4990 1066 5040 manum
1122 4990 1326 5035 meam
1390 4972 1460 5036 in
1525 4971 1846 5038 Christum
1901 4972 2185 5038 Domini.
2286 4973 2391 5039 24.
2448 4972 2539 5038 Et
2590 4974 2754 5039 sicut

805 5057 1212 5143 maynificata
1258 5061 1349 5122 est
1391 5056 1572 5123 hodie
1614 5060 1835 5124 anima
1875 5079 2013 5125 mea
2057 5060 2127 5125 in
2170 5060 2371 5126 oculis
2425 5060 2603 5136 meis,
2661 5059 2755 5125 sic

806 5142 1235 5228 maynificetur
1276 5145 1497 5210 anima
1538 5165 1681 5210 mea
1722 5146 1796 5210 in
1851 5145 2049 5211 oculis
2090 5145 2382 5226 Domini,
2433 5150 2491 5210 ct
2548 5144 2760 5211 liberet

804 5251 912 5305 ,me
951 5230 1028 5296 de
1070 5230 1237 5294 omni
1279 5230 1595 5313 anqustia.
1686 5231 1790 5297 25.
1838 5232 1958 5296 Ait
1998 5251 2142 5316 erqo
2179 5231 2342 5299 Saul
2384 5232 2469 5298 ad
2502 5230 2758 5298 David:

2461 307 2877 381 HOMILIA
2919 309 3134 377 XCV.

4602 316 4691 384 596

2850 500 3230 568 Benedictus
3270 503 3339 564 tu
3375 499 3478 599 fili
3517 499 3610 565 mi
3639 498 3886 599 David,
3929 502 3984 563 et
4025 499 4274 581 quidem
4303 500 4525 599 faciens
4546 504 4697 588 fauce,

2850 591 3448 738 emm
3486 584 3706 738 ..tce
3731 590 3952 738 cu·
3969 584 4217 736 err
4260 606 4329 649 ’π
4556 612 4695 671 m·-

3020 844 3354 911 Hesterna
3411 844 3722 909 concione
3782 843 4154 909 audivimus
4214 842 4431 910 Deum
4481 868 4705 914 nonnun-

2848 951 3050 1015 quam
3093 951 3212 996 sua
3253 931 3461 995 veluti
3519 951 3718 995 manu
3778 951 3894 995 nos
3955 930 4267 1012 affligere,
4327 954 4706 1016 nonnunquam

2848 1017 3044 1082 etiam
3090 1016 3237 1083 aliis
3283 1018 3379 1081 uti
3425 1016 3821 1082 rationibus:
3883 1014 4155 1096 Quoties
4200 1026 4423 1081 autem
4463 1019 4581 1084 eius
4614 1042 4704 1084 ma·

2845 1125 3006 1168 num
3051 1103 3484 1187 agnoscimus,
3530 1111 3596 1167 et
3638 1101 3719 1167 ab
3764 1102 3906 1185 ipso
3949 1101 4197 1167 malum
4261 1124 4518 1169 manare
4562 1110 4708 1171 cerni-

2847 1209 3017 1267 mus,
3073 1188 3197 1256 hoc
3242 1209 3449 1254 unum
3496 1188 3687 1253 nobis
3744 1185 4108 1253 remedium
4167 1210 4499 1271 superesse
4548 1190 4708 1258 didici-

2848 1296 3014 1354 mus,
3079 1285 3155 1340 ut
3220 1274 3524 1340 obturato
3588 1296 3699 1338 ore
3763 1283 4029 1358 peccata
4085 1285 4505 1358 agnoscentes
4552 1300 4708 1343 eoram

2847 1361 2989 1445 ipso
3033 1360 3438 1426 deiiciamur.
3528 1359 3606 1425 Si
3650 1379 3807 1425 vero
3854 1359 4196 1425 hominum
4239 1364 4566 1427 accesserit
4597 1385 4710 1445 opus

2847 1458 2915 1512 et
2979 1448 3321 1525 voluntas,
3403 1445 3470 1512 id
3538 1453 3636 1510 est
3703 1445 3969 1510 illorum
4036 1466 4234 1528 opera
4299 1447 4481 1513 Deus
4537 1458 4713 1527 utatur,

2845 1532 3390 1616 quemadmodum
3427 1532 3537 1614 qui
3578 1531 3778 1596 alium
3804 1552 4236 1613 percussurus
4258 1555 4461 1598 manu
4488 1534 4713 1601 baculum

2845 1620 3095 1701 arripit,
3142 1630 3280 1683 tum
3321 1617 3644 1701 duplicem
3682 1638 3826 1683 esse
3860 1617 4448 1687 considerationem
4486 1622 4714 1687 sciamus

2843 1706 3015 1771 Nam
3062 1726 3257 1788 saepe
3313 1703 3412 1769 illi
3456 1703 3693 1786 quibus
3738 1702 3924 1768 Deus
3979 1704 4192 1768 utitur
4251 1712 4552 1789 tanquam
4586 1728 4713 1773 exse·

2845 1791 3233 1874 quutoribus
3277 1799 3345 1853 et
3387 1789 3705 1854 ministris
3751 1809 4022 1853 suorum
4066 1788 4456 1856 iudiciorum
4509 1793 4714 1877 improbi

2844 1887 2909 1943 et
2953 1876 3260 1962 flagitiosi
3304 1888 3484 1941 sunt:
3546 1895 3904 1959 eorumque
3951 1874 4251 1941 voluntas
4295 1876 4429 1943 Dei
4472 1881 4717 1946 voluntati

2844 1964 3130 2029 maxime
3153 1962 3533 2039 reluctatur,
3578 1982 3739 2043 quos
3767 1960 4063 2039 avaritia,
4110 1962 4404 2041 ambitio,
4448 1966 4718 2031 crudelitas

2841 2049 3144 2132 impellit.
3270 2048 3385 2114 Sic
3464 2047 3747 2129 exempli
3830 2049 4044 2129 gratia
4127 2048 4426 2116 videmus
4489 2054 4722 2135 Assynoe

2845 2135 3182 2200 ministros
3229 2134 3430 2199 fuisse
3472 2132 3601 2197 Dei
3645 2133 3719 2197 in
3763 2131 4089 2198 caedendo
4129 2133 4378 2217 populo
4419 2136 4721 2217 Israelitico,

2845 2222 2958 2306 qui
3025 2220 3192 2285 nihil
3255 2220 3476 2284 minus
3541 2238 3737 2302 quam
3804 2216 3885 2282 de
3930 2217 4076 2284 Deo
4144 2229 4210 2285 et
4269 2221 4531 2288 iudiciis
4577 2225 4725 2307 ipsius

2847 2307 3253 2391 cogitabant,
3333 2305 3494 2371 adeo
3552 2314 3625 2369 ut
3682 2303 4114 2371 nihilominus
4183 2307 4723 2374 condemnationem

2849 2400 3260 2470 mereantur,
3327 2392 3480 2457 licet
3536 2391 3719 2457 Deus
3773 2391 4068 2475 ipsorum
4116 2400 4348 2457 utatur
4407 2416 4612 2477 opera,
4650 2396 4726 2478 qui

2851 2481 3073 2563 pravis
3129 2477 3590 2543 instrumentis
3647 2475 3729 2541 ad
3789 2497 3982 2541 suum
4053 2498 4216 2559 opus
4276 2482 4724 2560 promovendum

2851 2566 2950 2630 uti
2993 2574 3243 2648 potest:
3303 2570 3370 2628 et
3410 2572 3636 2628 tantus
3682 2574 3779 2627 est
3821 2562 4077 2641 artifex,
4136 2571 4213 2627 ut
4269 2585 4530 2649 semper
4579 2567 4730 2632 iustus

2850 2652 2936 2717 sit
2978 2652 3051 2715 in
3096 2650 3399 2715 omnibus
3449 2648 3754 2732 operibus
3798 2649 3954 2726 suis,
4010 2660 4076 2714 et
4136 2658 4361 2715 tamen
4421 2654 4468 2717 ii
4520 2673 4729 2736 quorum

2853 2736 3062 2802 utitur
3105 2755 3303 2820 opera
3344 2736 3491 2819 {sint
3547 2738 3643 2799 rei
3704 2742 3769 2799 et
3822 2733 4377 2802 condemnabiles.
4466 2737 4655 2819 Quare
4695 2738 4732 2803 si

2851 2824 2998 2907 quis
3042 2842 3246 2907 pravo
3292 2822 3509 2887 animo
3568 2841 3687 2887 nos
3746 2818 4144 2903 aggreditur,
4205 2832 4271 2886 et
4337 2826 4535 2889 variis
4583 2822 4735 2889 modis

2852 2909 3088 2993 affligit
3129 2908 3271 2974 sine
3314 2927 3513 2973 causa
3555 2906 3867 2992 legitima,
3912 2928 3994 2971 ne
4030 2927 4163 2972 non
4201 2919 4544 2992 propterea
4576 2911 4734 2975 Deum

2852 2996 3111 3080 operari
3154 2994 3572 3073 arbitremur,
3625 2992 3742 3059 sed
3798 3013 3949 3056 eum
4008 3013 4127 3057 nos
4187 2993 4270 3057 ad
4340 2996 4737 3078 poenitentiam

2853 3101 3180 3158 revocare,
3225 3089 3292 3144 et
3334 3079 3419 3145 ad
3461 3078 3741 3143 salutem
3777 3078 4038 3143 erudire
4072 3078 4382 3147 sciamus.
4453 3083 4625 3149 Licet
4655 3084 4737 3145 ita·

2852 3189 2977 3250 que
3021 3166 3100 3233 de
3143 3167 3388 3230 iniuria
3423 3164 3608 3231 nobis
3642 3164 3815 3230 facta
3858 3165 4164 3247 conqueri
4200 3168 4444 3233 merito
4467 3169 4738 3251 possimus,

2856 3259 3281 3336 nostramque
3342 3250 3519 3336 apud
3571 3249 3792 3315 Deum
3846 3250 4292 3316 innocentiam
4356 3254 4654 3336 proferre,
4694 3262 4740 3315 et

2854 3339 3023 3405 bona
3065 3337 3465 3404 conscientia
3488 3358 3607 3403 nos
3650 3336 3844 3417 tueri,
3888 3335 4058 3418 quod
4092 3337 4265 3402 ultro
4313 3349 4385 3404 et
4427 3340 4564 3406 sine
4602 3357 4740 3405 censs

2853 3426 3041 3490 nobis
3107 3423 3360 3489 inimici
3423 3423 3646 3488 infesti
3711 3422 3850 3487 sint
3912 3428 3979 3486 et
4043 3422 4309 3488 iniurii:
4393 3437 4601 3491 tamen
4647 3422 4738 3487 Dei

2854 3530 3129 3575 manum
3174 3511 3370 3575 etiam
3394 3529 3746 3593 agnoscere
3767 3530 3890 3574 nos
3934 3517 4212 3592 oportet,
4258 3518 4332 3574 et
4376 3533 4527 3577 cum
4549 3506 4742 3577 Davide

2854 3596 3101 3661 dicere:
3163 3595 3266 3660 Tu
3324 3594 3608 3660 Domine
3666 3594 3909 3673 fecisti,
3975 3593 4248 3678 ideoque
4313 3599 4556 3664 tacebo.
4643 3594 4743 3661 Nae

2853 3679 3185 3747 Davidem
3248 3679 3546 3747 videmus
3600 3679 3834 3746 merito
3894 3680 4095 3746 fuisse
4165 3680 4246 3747 de
4309 3682 4497 3749 illata
4549 3683 4652 3749 sibi
4689 3679 4744 3743 ab

2854 3767 3229 3834 hominibus
3292 3766 3537 3832 iniuria
3605 3765 3821 3849 palam
3882 3774 4355 3849 conquestum:
4441 3780 4507 3834 et
4584 3782 4746 3833 tamen

2853 3855 3034 3920 intus
3077 3852 3445 3919 confessum
3491 3873 3563 3919 se
3606 3852 3920 3918 miserum
3956 3866 4372 3933 peccatorem
4411 3877 4549 3921 esse
4585 3871 4745 3921 coram

2856 3939 3164 4018 Domine,
3225 3946 3381 4004 ante
3425 3939 3610 4003 cuius
3671 3936 3958 4003 tribunal
4012 3938 4530 4007 obmutesceret:
4584 3952 4641 4004 et
4681 3941 4746 4003 itt

2854 4027 2922 4091 in
2971 4046 3104 4090 uno
3139 4023 3496 4108 eodemque
3539 4025 3727 4102 facto,
3775 4022 4037 4089 diverso
4073 4033 4386 4108 respectu
4425 4027 4672 4093 tacuisse
4702 4030 4746 4087 ct

2853 4118 3284 4194 conquestum
3330 4131 3493 4176 esse.
3583 4107 3837 4177 Sensus
3879 4109 4086 4194 igitur
4129 4109 4492 4179 verborum
4533 4107 4746 4177 Davidis

2854 4197 2963 4264 hic
3018 4209 3136 4276 est,
3206 4217 3277 4262 se
3342 4196 3400 4260 si
3455 4196 3581 4261 Dei
3650 4195 3855 4279 ipsius
3921 4214 4117 4261 manu
4182 4207 4420 4280 aperte
4486 4198 4748 4280 affligatur

2853 4304 3072 4349 coram
3121 4284 3263 4364 ipso
3307 4281 3630 4347 deiectum
3674 4283 3777 4358 iri,
3838 4289 3906 4346 et
3952 4281 4214 4364 culpam
4271 4282 4744 4368 deprecaturum:

2854 4369 3024 4453 quod
3087 4368 3256 4433 nihil
3320 4388 3611 4450 unquam
3689 4366 3990 4433 homines
4067 4369 4425 4451 proficiant
4503 4370 4746 4436 adversus

2855 4457 3075 4521 Deum
3118 4454 3610 4521 contendentes.
3697 4453 3949 4519 Contra
4013 4474 4169 4520 vero
4229 4455 4284 4520 si
4345 4455 4636 4522 homines
4676 4451 4743 4516 in·

2854 4541 3010 4608 iusti
3053 4541 3270 4623 ipsum
3316 4547 3812 4623 persequantur,
3870 4558 3942 4605 se
4003 4540 4237 4605 merito
4281 4542 4471 4626 ipsos
4512 4538 4744 4609 condem-

2854 4636 3202 4705 naturum,
3283 4624 3544 4708 Deique
3608 4624 3849 4693 iudicio
3915 4625 4405 4694 maledicendos
4482 4630 4744 4695 stitutum

2857 4713 3159 4797 Denique
3218 4712 3436 4777 Deum
3495 4712 3741 4777 iustum
3817 4732 3958 4777 esse
4015 4711 4299 4778 iudicem
4363 4727 4745 4799 agnoscamus,

2855 4820 3062 4884 quum
3120 4819 3274 4864 suos
3332 4796 3609 4882 castigat
3662 4818 3782 4879 per
3836 4798 4132 4863 homines
4189 4799 4501 4878 iniustos,
4553 4808 4613 4864 et
4653 4792 4744 4860 illis

2856 4887 3069 4952 utitur
3111 4882 3198 4950 ad
3240 4904 3359 4950 sua
3402 4883 3579 4948 iusta
3619 4881 3864 4950 iudicia
3907 4883 4348 4968 exsequenda.

3032 4970 3239 5036 Porro
3337 4967 3621 5035 Davidis
3706 4969 4010 5053 querelae
4105 4971 4432 5038 adversus
4507 4967 4745 5035 inimicos

2859 5058 3145 5124 maxime
3189 5056 3611 5123 continentur
3665 5053 3772 5121 his
3815 5055 4067 5121 verbis:
4130 5057 4302 5139 Quia
4360 5057 4654 5140 expellunt
4681 5067 4746 5146 a}

2857 5144 3059 5223 hodie,
3104 5163 3180 5209 ue
3221 5145 3538 5223 cooptatus
3580 5140 3871 5207 haeream
3900 5143 4300 5223 possessioni
4347 5142 4629 5223 Iehovae,
4672 5136 4744 5202 d·-

2859 5234 3093 5298 centes:
3150 5228 3279 5296 Abi
3333 5227 3459 5295 cole
3500 5226 3646 5293 deos
3701 5227 3958 5295 alienos.
4049 5228 4187 5295 Nae
4239 5227 4531 5296 Davidis
4579 5226 4744 5292 hosts
