5059 6059
722 297 855 370 455

716 486 883 562 idoli
937 488 1041 554 sui
1092 487 1447 589 particulas
1502 487 1849 556 restituere
1904 492 2255 554 conantur.
2324 484 2450 553 hoc
2511 486 2656 570 ipso

723 575 898 644 facto
921 571 1115 639 deum
1140 596 1349 652 suum,
1395 574 1536 641 sive
1569 573 1837 652 idolum,
1872 573 2039 640 nihil
2077 593 2220 639 esse
2255 574 2657 655 profitentes.

726 660 861 728 Sed
917 680 1034 726 cur
1088 660 1511 728 nihilominus
1567 661 1732 725 illud
1775 658 2095 758 adorant?
2147 678 2263 724 cur
2305 657 2389 723 ab
2431 657 2659 724 eodem

723 746 1001 814 salutem
1024 745 1450 829 exspectant?
1517 746 1771 829 Nempe
1814 745 2144 830 quoniam,
2188 755 2263 810 ut
2304 754 2459 810 ante
2502 744 2659 825 dixi,

725 829 1009 901 videndo
1088 852 1220 897 non
1299 832 1550 900 vident.
1663 831 1982 898 Debitum
2061 851 2221 896 sane
2301 829 2660 897 incredulis

721 916 1154 1002 stipendium:
1190 938 1357 1001 quos
1379 918 1564 984 Deus
1597 917 1680 983 ad
1715 929 2128 1002 peccatorum
2164 925 2231 982 et
2261 917 2660 1001 flagitiorum

722 1005 1194 1076 confessionem
1255 1004 1478 1088 adigit,
1539 1012 1614 1070 ut
1667 1025 1779 1070 ore
1822 1004 2084 1087 proprio
2138 1003 2472 1069 convictos
2514 1022 2661 1068 reos

720 1088 979 1171 habeat,
1022 1101 1087 1155 et
1132 1111 1208 1155 eo
1244 1091 1453 1173 magis
1487 1098 1819 1174 coarguat.
1883 1088 2054 1154 Nam
2091 1088 2215 1154 etsi
2250 1099 2483 1189 sponte
2518 1110 2661 1154 sese

719 1174 866 1242 Deo
920 1175 1002 1241 ad
1061 1196 1212 1242 eum
1257 1175 1759 1260 glorificandum
1805 1173 2226 1256 debitumque
2279 1196 2407 1258 ipsi
2455 1174 2660 1240 hono-

721 1282 863 1328 rem
908 1259 1308 1327 reddendum
1350 1283 1483 1328 non
1526 1263 1936 1343 submittunt,
1978 1261 2409 1327 nihilominus
2442 1262 2662 1327 Deum

720 1347 1057 1418 viventem
1113 1347 1299 1412 aiunt
1340 1346 1464 1413 sibi
1523 1367 1790 1431 gravem
1841 1348 2253 1414 incumbere:
2314 1355 2381 1412 et
2439 1355 2661 1412 tamen

722 1433 1295 1515 superstitionibus
1339 1435 1476 1497 suis
1519 1442 1587 1497 et
1630 1431 2093 1514 εἰδωλομανίαις
2134 1434 2344 1517 magis
2388 1453 2464 1500 ac
2521 1453 2664 1498 ma-

720 1519 823 1674 gis
869 1517 1233 1602 indulgent,
1276 1540 1441 1602 quas
1484 1527 1706 1585 tamen
1728 1519 1947 1588 Deum
1992 1519 2305 1586 detestari
2342 1538 2465 1585 sua
2507 1517 2663 1586 co‘n·

747 1603 1002 1674 cesione
1046 1605 1542 1686 profitebantur.

895 1689 1219 1774 Superest
1263 1699 1339 1758 ut
1382 1711 1600 1758 coram
1642 1689 1776 1756 Dei
1816 1695 1923 1757 etc.

1328 2029 1829 2116 HOMILIA
1873 2033 2060 2117 XX.

894 2205 952 2270 7.
1028 2204 1321 2272 Videntes
1363 2209 1575 2269 autem
1617 2205 1745 2269 viri
1788 2204 2007 2272 Aeotii
2050 2204 2484 2276 huiuscemodi
2515 2207 2664 2289 pla-

713 2312 883 2377 qam,
922 2291 1250 2358 dixerunt.-
1295 2290 1442 2356 Non
1483 2296 1736 2355 maneat
1779 2309 1930 2356 arca
1957 2291 2059 2356 dei
2083 2291 2294 2357 Israel
2313 2294 2486 2375 apud
2512 2314 2661 2359 nos.-

718 2378 1016 2460 quoniam
1070 2377 1237 2442 dura
1294 2380 1383 2440 est
1436 2395 1665 2441 manus
1720 2377 1857 2442 eius
1911 2396 2106 2459 super
2163 2397 2293 2460 nos,
2358 2385 2417 2446 et
2471 2399 2664 2461 super

716 2462 951 2546 Dayon
991 2463 1175 2527 deum
1204 2466 1503 2526 nostrum.
1572 2462 1629 2527 8.
1677 2461 1766 2527 Et
1806 2462 2108 2528 mittentes
2145 2470 2665 2548 cmtyreyaverunt

721 2567 932 2614 omnes
996 2551 1295 2628 satrapas
1337 2545 1822 2614 Philistinorum
1886 2549 1973 2613 ad
2035 2569 2141 2629 se,
2216 2555 2276 2616 et
2329 2551 2661 2617 dixerunt.-

725 2632 892 2715 Quid
965 2633 1272 2714 faciemus
1333 2633 1411 2699 de
1474 2653 1627 2699 arca
1691 2633 1900 2700 Israel
1918 2633 1954 2698 3?
2068 2599 2662 2736 Responderuntque

724 2718 1016 2785 Gethaei:
1064 2716 1577 2784 Circumducatur
1618 2740 1771 2785 arca
1810 2720 1915 2785 dei
1958 2719 2182 2786 Israel.
2260 2721 2362 2788 Et
2400 2722 2658 2788 circum-

717 2805 1036 2871 duxerunt
1088 2824 1303 2869 arcam
1356 2804 1460 2869 dei
1503 2804 1730 2870 Israel.
1819 2806 1879 2872 9.
1927 2806 1979 2869 I
1978 2805 2086 2871 zlzs
2140 2811 2348 2873 autem
2401 2809 2661 2874 circuns-

717 2888 1075 2958 ducentibus
1137 2910 1292 2967 eam,
1349 2888 1535 2970 fiebat
1589 2909 1818 2957 manus
1876 2891 2142 2958 Domini
2186 2913 2309 2973 per
2366 2894 2661 2977 singulas

715 2976 994 3043 civitates
1055 2975 1496 3057 interfectionis
1561 2996 1829 3061 maynae
1891 2978 2104 3052 nimis,
2169 2983 2224 3043 et
2278 2980 2660 3080 percutiebat

715 3062 886 3128 viros
906 3062 1401 3143 uniuscuiusque
1436 3061 1631 3142 urbis,
1676 3083 1719 3128 a
1747 3082 1951 3143 parvo
1983 3083 2179 3145 usque
2212 3065 2299 3130 ad
2330 3066 2655 3147 maiorem,

714 3153 772 3213 et
811 3147 1368 3231 computrescebant
1396 3148 1820 3230 prominentes
1861 3148 2094 3214 extales
2133 3169 2364 3214 eorum.
2425 3116 2656 3218 Iniece³

713 3239 981 3316 runtque
1008 3232 1267 3299 Gethaei
1306 3231 1660 3314 consilium,
1702 3239 1757 3299 et
1794 3234 2070 3315 fecerunt
2109 3234 2234 3301 sibi
2265 3236 2441 3302 sedes
2473 3238 2658 3319 pelli-

714 3339 870 3386 ceas.
974 3319 1074 3385 10.
1142 3318 1466 3384 Miserunt
1531 3338 1601 3383 er
1639 3339 1676 3385 o
1739 3339 1955 3386 arcam
2019 3319 2148 3385 Dei
2211 3322 2282 3386 in
2348 3324 2658 3391 Accaron.

722 3405 1045 3487 Quumque
1086 3406 1350 3470 venisset
1391 3423 1544 3469 arca
1636 3405 1803 3470 etin
1824 3406 2131 3485 Accaron,
2152 3407 2661 3475 exclamaverunt

715 3492 1147 3570 Accaronitae,
1188 3491 1492 3556 dicentes:
1536 3489 1960 3556 Adduxerunt
2014 3491 2100 3556 ad
2146 3512 2260 3558 nos
2299 3514 2518 3561 arcam
2558 3496 2662 3561 dei

719 3575 946 3659 Israel,
989 3582 1060 3642 ut
1093 3575 1433 3656 interficiat
1466 3595 1580 3642 nos
1612 3581 1669 3641 et
1688 3577 1998 3659 populum
2032 3583 2329 3644 nostrum.
2401 3581 2501 3647 11.
2526 3579 2661 3645 Mi-

716 3668 935 3726 serunt
975 3663 1198 3743 itaque,
1243 3667 1298 3726 et
1341 3667 1867 3746 conyreyaverunt
1907 3682 2116 3729 omnes
2157 3669 2458 3746 satrapas
2504 3666 2663 3733 Pla·-

717 3746 1114 3812 listinorum:
1153 3746 1266 3829 qui
1302 3747 1621 3814 dixerunt:
1665 3748 1981 3814 Dimittite
2024 3768 2241 3815 arcam
2281 3751 2386 3816 dei
2430 3752 2660 3831 Israel,

719 3837 776 3897 et
829 3837 1172 3898 revertatur
1225 3834 1296 3897 in
1351 3832 1545 3898 locum
1597 3854 1805 3914 suum,
1869 3839 1938 3900 ut
1990 3855 2115 3899 non
2165 3835 2497 3917 interficiat
2549 3858 2664 3904 nos

721 3938 861 3984 cum
892 3918 1126 3999 populo
1168 3924 1396 3984 nostro.
1488 3919 1588 3984 12.
1635 3919 1859 3985 Fiebat
1890 3920 2057 3986 enim
2080 3941 2286 4001 pavor
2326 3924 2552 3989 mortis
2591 3925 2664 3988 in

721 4004 994 4155 {ww
1056 4003 1354 4155 “22‘'”222
1393 4005 2157 4173 „issntif‘ssffii'sssserssssae'de
2218 4008 2664 4159 mmmm

718 4175 789 4239 in
850 4110 1168 4242 seggtotqori
1210 4111 1400 4256 {arte
1459 4178 1720 4257 natium,
1786 4182 1844 4242 et
1908 4112 2315 4244 adsce'ndssgfzt
2374 4179 2662 4248 ululatus

717 4261 1210 4343 uniuscuiusque
1250 4261 1522 4327 civitatis
1563 4263 1633 4327 in
1673 4262 1919 4329 coelum.

893 4430 1325 4499 observanda
1367 4431 1879 4498 Philistaeorum
1908 4433 2193 4499 Azotum
2235 4434 2658 4504 incolentium

720 4518 1035 4586 confessio
1079 4518 1213 4599 illa,
1270 4520 1398 4585 Dei
1442 4519 1757 4584 nimirum
1803 4519 2069 4587 Israelis
2112 4542 2382 4587 manum
2426 4522 2659 4589 duram

719 4625 861 4674 esse
928 4624 1124 4689 super
1189 4626 1295 4685 se,
1376 4625 1695 4687 suumque
1755 4604 1948 4671 deum
2020 4608 2382 4691 Dagonem.
2483 4608 2661 4675 Nam

719 4691 829 4774 qui
887 4690 1100 4774 legem
1145 4691 1272 4756 Dei
1315 4701 1383 4756 et
1424 4691 1776 4774 prophetas
1821 4689 2115 4758 doctores
2160 4693 2388 4759 audire
2432 4695 2658 4761 nolue-

716 4785 887 4855 rant,
924 4798 1134 4877 neque
1177 4777 1550 4841 testimonio
1585 4776 1879 4867 ipsorum
1923 4779 2118 4842 fidem
2165 4777 2494 4861 adhibere,
2548 4802 2658 4848 co-

719 4869 972 4947 guntur
1012 4862 1138 4946 ipsi
1165 4862 1291 4929 Dei
1337 4863 1648 4928 virtutem
1694 4870 1762 4927 et
1804 4861 2160 4945 potentiam
2206 4885 2324 4930 suo
2366 4867 2660 4949 periculo

719 4948 1048 5031 cognitam
1095 4948 1488 5031 praedicare.
1574 4947 1781 5013 Inviti
1838 4958 2060 5013 tamen
2110 4949 2330 5015 Deum
2388 4951 2659 5019 Israelis

718 5044 1084 5132 agnoscunt
1138 5055 1279 5101 esse
1331 5034 1547 5099 Deum
1608 5035 1938 5101 viventem
1986 5034 2140 5118 Opt.
2185 5036 2365 5102 Max.
2424 5046 2657 5121 poten-

719 5119 1063 5199 tissimum,
1109 5141 1184 5186 ac
1226 5122 1501 5203 proinde
1546 5142 1738 5186 suum
1784 5119 2129 5203 Dagonem
2176 5123 2529 5203 infirmum,
2587 5131 2658 5192 et

714 5202 967 5282 idolum
1004 5205 1253 5287 inutile,
1291 5208 1362 5273 in
1404 5206 1592 5275 cuius
1635 5205 2068 5274 nihilominus
2111 5207 2294 5274 cultu
2338 5216 2406 5274 et
2462 5231 2657 5280 vene-

2397 295 2814 364 HOMILIA
2868 294 3031 364 XX.

4569 293 4688 360 456

2762 486 3017 552 ratione
3061 485 3271 569 magis
3312 484 3804 550 confirmantur.
3891 483 4044 565 Qua
4084 504 4169 552 ex
4212 504 4285 554 re
4326 488 4574 567 quanta
4610 485 4696 551 sit

2763 571 3246 639 incredulorum
3281 571 3354 638 in
3389 591 3610 637 errore
3646 569 4003 655 pertinacia
4036 570 4198 636 satis
4231 579 4526 654 apparet,
4567 572 4696 654 qui,

2763 659 2918 726 licet
2959 659 3208 724 incerta
3245 658 3334 724 sit
3376 658 3668 742 ipsorum
3718 664 3789 722 et
3849 676 4016 740 vaga
4069 654 4322 740 religio,
4379 656 4605 724 stultis
4636 671 4700 724 et

2762 745 2955 810 vanis
3012 743 3424 827 opinionibus
3480 751 3740 808 tantum
3792 743 4071 820 firmata,
4132 751 4353 810 tamen
4393 743 4472 807 in
4515 743 4699 827 igno-

2762 831 2983 896 rantia
3046 839 3115 895 et
3178 828 3637 896 incredulitate
3696 835 4000 912 pergunt,
4064 848 4106 894 a
4157 849 4287 927 qua
4341 827 4548 896 nullis
4589 827 4702 894 ad·

2763 915 3227 982 monitionibus
3285 914 3485 980 nullis
3526 915 3722 980 etiam
3768 914 4006 979 divinis
4047 914 4276 997 poenis
4317 913 4704 982 dimovean-

2763 1009 2889 1080 tur,
2936 1010 3003 1067 et
3043 1000 3125 1068 ad
3163 1011 3574 1084 peccatorum
3620 999 4023 1084 agnitionem
4067 998 4498 1066 adducantur.
4565 1000 4708 1066 Nae

2764 1088 2822 1153 si
2873 1053 3284 1186 incredulum
3336 1085 3709 1170 quempiam
3751 1107 3910 1151 suae
3951 1083 4393 1152 incredulitati
4437 1087 4707 1171 permit-

2765 1184 2884 1253 tas,
2928 1183 2994 1239 et
3037 1172 3169 1239 de
3150 1173 3356 1255 ipsius
3389 1172 3704 1256 religione
3738 1169 4015 1238 verbum
4051 1193 4185 1236 non
4220 1171 4444 1251 facias,
4490 1193 4710 1255 neque

2765 1259 3102 1326 examines
3144 1271 3210 1324 et
3252 1257 3531 1324 horteris
3576 1266 3649 1324 ut
3691 1257 3774 1326 ad
3817 1257 3994 1322 viam
4031 1257 4260 1324 salutis
4295 1269 4710 1324 revertatur:

2767 1353 2991 1410 tamen
3034 1344 3285 1411 multae
3329 1352 3398 1410 et
3457 1363 3693 1429 graves
3751 1342 4180 1427 cogitationes
4222 1345 4363 1410 eius
4407 1343 4714 1412 animum

2766 1442 3114 1530 occupant,
3179 1430 3566 1513 quibuscum
3622 1429 4066 1506 conflictatur,
4125 1428 4319 1495 modo
4377 1430 4452 1496 in
4511 1430 4715 1513 hanc,

2766 1517 2956 1583 modo
2999 1517 3070 1581 in
3111 1515 3293 1581 illam
3338 1523 3590 1599 partem
3625 1535 3923 1598 versans,
3966 1479 4120 1598 quid
4155 1536 4227 1582 se
4260 1515 4532 1582 tandem
4567 1518 4720 1595 flat,

2766 1603 2958 1687 quid
2985 1613 3318 1684 sequatur,
3383 1600 3540 1684 quid
3603 1600 3950 1685 relinquat.
4039 1599 4154 1670 sio
4209 1602 4390 1667 enim
4449 1611 4725 1684 oportet

2767 1690 2947 1774 ipsos
2989 1709 3029 1753 a
3071 1691 3216 1755 Deo
3258 1687 3597 1753 sollicitari
3639 1694 3706 1752 et
3748 1686 3990 1771 urgeri,
4039 1694 4113 1752 ut
4167 1688 4303 1752 sint
4359 1687 4724 1756 inexcusa—

2770 1774 2952 1859 biles,
3015 1783 3083 1840 et
3146 1795 3230 1840 ne
3284 1794 3440 1839 suae
3505 1772 3948 1838 incredulitati
4010 1773 4106 1840 sic
4153 1772 4568 1873 indulgeant,
4637 1781 4726 1842 nt

2769 1859 3206 1961 ignorantiam
3251 1869 3634 1958 praetexere
3672 1859 3943 1943 possint,
3986 1859 4173 1941 quasi
4215 1880 4554 1944 nunquam
4591 1857 4726 1926 ad-

2770 1947 3019 2022 moniti,
3067 1966 3396 2044 nunquam
3432 1944 3783 2023 sollicitati,
3829 1965 4163 2028 nunquam
4199 1945 4371 2012 docti
4406 1946 4727 2014 tuissent.

2770 2033 3063 2102 Iniectus
3091 2032 3266 2098 enim
3288 2030 3637 2113 scrupulus
3680 2031 3862 2113 ipsis,
3906 2039 3973 2094 et
4016 2029 4334 2097 dubitatio
4379 2032 4514 2110 illa,
4557 2032 4723 2098 fue-

2769 2128 2928 2184 runt
2974 2118 3155 2183 velut
3198 2138 3237 2182 a
3281 2115 3423 2181 Deo
3468 2116 3653 2181 missi
3695 2116 3915 2183 nuntii
3960 2117 4192 2200 quibus
4247 2126 4730 2201 arguerentur,

2769 2212 2835 2271 et
2890 2202 2975 2270 ad
3017 2203 3236 2268 Deum
3294 2201 3792 2281 adducerentur,
3853 2211 4048 2285 atque
4105 2204 4189 2268 ad
4232 2203 4732 2285 poenitentiam

2767 2291 3221 2390 invitarentur.
3309 2288 3562 2355 Verum
3624 2308 3699 2352 ea
3742 2295 3843 2353 est
3884 2286 4370 2356 incredulorum
4414 2290 4731 2372 pertina-

2766 2376 2883 2457 cia,
2948 2381 3024 2440 ut
3078 2374 3231 2440 licet
3287 2375 3474 2440 vanis
3517 2373 3649 2439 illis
3692 2374 4197 2475 cogitationibus
4238 2375 4594 2454 sollicitati,
4651 2385 4732 2441 et

2765 2461 2847 2526 ad
2893 2460 3188 2527 veritatis
3231 2459 3720 2543 inquisitionem
3762 2459 4074 2561 invitati&
4101 2468 4324 2526 tamen
4367 2482 4732 2545 nunquam

2765 2546 2848 2613 ab
2890 2566 3114 2612 errore
3154 2546 3646 2646 dimoveantur.
3701 2546 3835 2611 imo
3895 2567 3979 2612 ne
4021 2546 4078 2613 si
4123 2545 4385 2629 quidem
4430 2547 4518 2612 ad
4555 2547 4736 2614 illas

2760 2633 3109 2700 interiores
3151 2631 3354 2698 animi
3396 2631 3883 2697 sollicitationes
3937 2631 4138 2698 etiam
4196 2632 4543 2699 accesserit
4587 2634 4734 2700 ad-

2764 2719 3070 2799 hortatio,
3127 2729 3193 2786 et
3243 2726 3380 2782 tam
3426 2717 3711 2783 dilucida
3753 2737 4048 2783 errorum
4094 2718 4461 2799 explicatio,
4504 2727 4578 2784 ut
4628 2740 4736 2788 no

2761 2824 3145 2889 responsare
3203 2803 3466 2887 quidem
3517 2803 3790 2885 possint,
3845 2824 4071 2869 aurem
4129 2811 4349 2870 tamen
4409 2805 4740 2886 aperiant

2764 2901 2830 2956 et
2892 2890 3149 2957 facilem
3218 2887 3770 2955 admonitionibus
3834 2890 4206 2971 praebeant.
4312 2891 4538 2973 Atque
4601 2889 4735 2958 hic

2763 2996 2946 3042 error
3011 2976 3295 3041 maxime
3351 2976 3753 3057 conspicitur
3811 2974 4005 3040 hodie
4061 2975 4131 3040 in
4175 2910 4448 3058 papatu‘i
4529 2975 4732 3046 Nun

2762 3064 2818 3130 si
2860 3062 3152 3145 papistas
3192 3060 3494 3146 singulos
3536 3060 3616 3125 de
3660 3082 3818 3127 suae
3860 3060 4198 3145 religionis
4256 3062 4734 3130 fundamentis

2761 3149 3143 3231 interroges,
3202 3154 3270 3211 et
3324 3167 3602 3230 quaeras
3658 3146 3817 3229 quid
3859 3148 4167 3230 sentiant,
4220 3147 4567 3214 haerentes
4619 3149 4738 3216 vi-

2764 3233 2917 3300 deas
2970 3243 3034 3299 et
3094 3231 3343 3299 dubios.
3430 3233 3520 3297 Et
3565 3240 3785 3299 tamen
3830 3232 3889 3299 si
3930 3233 4117 3299 Iesus
4162 3232 4466 3300 Christus
4514 3235 4732 3302 vanis

2763 3319 3335 3404 superstitionibus
3399 3318 3664 3384 illorum
3728 3329 4132 3402 opponatur,
4205 3340 4379 3386 unus
4445 3319 4732 3387 sincera

2761 3416 2984 3471 mente
3027 3404 3539 3488 amplectendus,
3598 3425 3768 3487 quae
3826 3404 4221 3471 diverticula
4262 3406 4732 3489 flexionesque

2764 3493 2900 3558 suis
2956 3491 3294 3557 erroribus
3339 3488 3711 3574 quaerunt?
3815 3489 3991 3572 Quid
4047 3490 4183 3556 ita?
4273 3490 4545 3558 Nullam
4603 3493 4730 3560 ni-

2764 3579 3008 3643 mirum
3064 3577 3507 3661 cognitionem
3567 3575 3817 3654 salutis,
3888 3574 4142 3642 nullum
4202 3575 4732 3644 fundamentum

2763 3662 3098 3748 religionis
3142 3661 3387 3729 habent
3427 3683 3554 3745 quo
3594 3661 3907 3727 nit-antur.
3973 3661 4180 3728 Bonis
4226 3662 4732 3731 intentionibus

2761 3750 2916 3828 suis,
2978 3769 3140 3831 quas
3203 3757 3457 3826 vocant,
3523 3748 3882 3831 plurimum
3947 3747 4284 3814 deferunt:
4350 3760 4420 3815 et
4480 3759 4730 3818 tamen

2761 3844 3103 3918 postquam
3147 3834 3336 3901 vanis
3380 3833 3519 3899 suis
3553 3834 3969 3916 opinionibus
4003 3834 4233 3900 confisi
4268 3843 4438 3914 sunt,
4479 3835 4734 3903 irrisas

2765 3942 2907 3988 esse
2970 3942 3042 3986 re
3107 3921 3249 4004 ipsa
3308 3919 3570 3985 tandem
3627 3921 4076 4002 experiuntur.
4177 3919 4353 4001 Quid
4410 3941 4566 3986 vero
4633 3921 4732 3990 de

2761 4006 2874 4072 illa
2909 4028 3038 4090 qua
3071 4007 3377 4072 nituntur
3413 4005 3683 4072 ecclesia
3721 4005 4040 4072 catholica
4083 4005 4477 4073 dicendum?
4536 4006 4728 4074 Coe-

2765 4101 2869 4158 tus
2906 4093 3216 4157 nimirum
3259 4098 3357 4157 est
3392 4091 3732 4158 hominum
3769 4091 3908 4157 sola
3942 4091 4235 4158 vanitate
4269 4101 4336 4158 et
4366 4092 4728 4162 mendacio

2764 4179 3133 4243 nitentium.
3193 4177 3449 4261 Ecquid
3484 4177 3694 4262 igitur
3727 4177 3970 4243 habere
4003 4175 4332 4243 firmitatis
4378 4181 4721 4262 possunt?

2763 4264 2986 4345 Quare
3047 4265 3193 4348 quis
3250 4265 3530 4328 miretur
3588 4283 3697 4329 eos
3756 4261 3987 4328 dubios
4030 4272 4096 4329 et
4139 4263 4376 4329 anxios
4415 4265 4483 4330 in
4531 4265 4726 4334 hanc

2763 4360 2878 4416 aut
2921 4351 3099 4414 illam
3145 4350 3301 4414 ferri
3359 4361 3635 4434 partem,
3700 4356 3770 4414 et
3824 4350 4055 4432 quovis
4114 4349 4445 4416 doctrinae
4501 4361 4724 4419 vento

2761 4434 3032 4502 iactari?
3121 4435 3569 4501 Nihilominus
3627 4434 3813 4501 verbi
3870 4435 4082 4502 divini
4138 4436 4389 4502 veritas
4445 4438 4724 4518 praedi-

2762 4532 2949 4588 catur
2992 4528 3058 4588 et
3102 4528 3236 4586 tam
3280 4520 3504 4587 solidis
3547 4521 3908 4586 rationibus
3951 4529 4020 4586 et
4060 4522 4471 4606 argumentis
4512 4544 4720 4590 men-

2762 4607 3019 4674 dacium
3062 4616 3501 4691 oppugnatur,
3547 4616 3619 4674 ut
3661 4606 3827 4672 nihil
3869 4627 4012 4672 esse
4056 4607 4312 4673 firmius
4355 4609 4578 4690 possit,
4640 4624 4722 4677 et.

2761 4715 2955 4778 quam
3018 4696 3257 4758 misere
3313 4714 3353 4759 a
3409 4691 3659 4758 diabolo
3724 4692 4122 4758 seducantur
4183 4693 4529 4774 increduli,
4592 4694 4722 4761 de—

2759 4787 3194 4858 monstratur;
3261 4786 3456 4861 atque
3522 4777 3682 4844 adeo
3749 4776 4063 4860 quidquid
4107 4777 4240 4844 Dei
4302 4783 4573 4847 nomine
4639 4791 4722 4849 et

2761 4867 2929 4933 bona
2962 4865 3325 4932 intentione
3361 4863 3579 4930 facere
3613 4864 3820 4932 videri
3863 4864 4108 4944 volunt,
4151 4864 4717 4934 abominationem

2760 4972 2930 5018 esse.
2974 4951 3254 5051 denique
3297 4969 3522 5017 caecos
3566 4970 3706 5016 esse
3749 4961 3818 5015 et
3858 4950 3931 5015 in
3977 4970 4269 5018 errorum
4317 4953 4718 5036 praecipitia

2760 5037 2917 5104 ferri
2963 5037 3347 5121 praecipites
3389 5036 3548 5103 satis
3592 5043 3814 5119 aperte
3850 5035 4137 5103 docetur.
4223 5037 4480 5106 Verum
4516 5038 4714 5121 quid·

2757 5124 2915 5208 quid
2976 5143 3152 5208 agas,
3210 5142 3547 5205 nunquam
3601 5122 3973 5189 incredulos
4016 5144 4057 5190 a
4097 5124 4430 5207 proposito
4491 5124 4708 5190 dimo-

2760 5231 2934 5291 veae,
2996 5211 3156 5293 quin
3211 5210 3426 5292 potius
3481 5208 3901 5293 pertinaciter
3945 5229 4198 5277 errores
4240 5229 4391 5275 suos
4440 5217 4711 5280 tuentes
