<?xml version="1.0" encoding="UTF-8"?>
<!DOCTYPE html PUBLIC "-//W3C//DTD XHTML 1.0 Transitional//EN"
    "http://www.w3.org/TR/xhtml1/DTD/xhtml1-transitional.dtd">
<html xmlns="http://www.w3.org/1999/xhtml" xml:lang="en" lang="en">
 <head>
  <title>
</title>
<meta http-equiv="Content-Type" content="text/html;charset=utf-8" />
  <meta name='ocr-system' content='tesseract 3.04.00' />
  <meta name='ocr-capabilities' content='ocr_page ocr_carea ocr_par ocr_line ocrx_word'/>
</head>
<body>
  <div class='ocr_page' id='page_1' title='image "./ioanniscalvinio07unkngoog_0158.png"; bbox 0 0 5059 6059; ppageno 0'>
   <div class='ocr_carea' id='block_1_1' title="bbox 828 282 959 351">
    <p class='ocr_par' dir='ltr' id='par_1_1' title="bbox 828 282 959 351">
     <span class='ocr_line' id='line_1_1' title="bbox 828 282 959 351; baseline -0.023 0"><span class='ocrx_word' id='word_1_1' title='bbox 828 282 959 351; x_wconf 72' lang='lat'><strong>287</strong></span> 
     </span>
    </p>
   </div>
   <div class='ocr_carea' id='block_1_2' title="bbox 832 465 2775 5276">
    <p class='ocr_par' dir='ltr' id='par_1_2' title="bbox 832 465 2770 2259">
     <span class='ocr_line' id='line_1_2' title="bbox 832 465 2768 561; baseline -0.006 -20"><span class='ocrx_word' id='word_1_2' title='bbox 832 474 1096 561; x_wconf 89' lang='lat' dir='ltr'><strong>quidem</strong></span> <span class='ocrx_word' id='word_1_3' title='bbox 1140 467 1381 535; x_wconf 90' lang='lat' dir='ltr'><strong>doloris</strong></span> <span class='ocrx_word' id='word_1_4' title='bbox 1426 486 1500 532; x_wconf 86' lang='lat' dir='ltr'><strong>ac</strong></span> <span class='ocrx_word' id='word_1_5' title='bbox 1546 467 1849 533; x_wconf 72' lang='lat' dir='ltr'><strong>tristitiae</strong></span> <span class='ocrx_word' id='word_1_6' title='bbox 1892 486 2127 533; x_wconf 89' lang='lat' dir='ltr'><strong>causae</strong></span> <span class='ocrx_word' id='word_1_7' title='bbox 2162 488 2281 532; x_wconf 91' lang='lat' dir='ltr'><strong>nos</strong></span> <span class='ocrx_word' id='word_1_8' title='bbox 2317 465 2768 547; x_wconf 72' lang='lat' dir='ltr'><strong>circumstant,</strong></span> 
     </span>
     <span class='ocr_line' id='line_1_3' title="bbox 836 551 2770 637; baseline -0.004 -11"><span class='ocrx_word' id='word_1_9' title='bbox 836 573 1056 627; x_wconf 89' lang='lat' dir='ltr'><strong>tamen</strong></span> <span class='ocrx_word' id='word_1_10' title='bbox 1104 577 1212 622; x_wconf 89' lang='lat' dir='ltr'><strong>eas</strong></span> <span class='ocrx_word' id='word_1_11' title='bbox 1256 563 1507 637; x_wconf 82' lang='lat' dir='ltr'><strong>oportet</strong></span> <span class='ocrx_word' id='word_1_12' title='bbox 1554 553 1743 617; x_wconf 90' lang='lat' dir='ltr'><strong>leniri</strong></span> <span class='ocrx_word' id='word_1_13' title='bbox 1788 573 1864 618; x_wconf 87' lang='lat' dir='ltr'><strong>ac</strong></span> <span class='ocrx_word' id='word_1_14' title='bbox 1908 552 2170 631; x_wconf 89' lang='lat' dir='ltr'><strong>molliri,</strong></span> <span class='ocrx_word' id='word_1_15' title='bbox 2216 564 2279 616; x_wconf 89' lang='lat' dir='ltr'><strong>et</strong></span> <span class='ocrx_word' id='word_1_16' title='bbox 2316 572 2393 617; x_wconf 93' lang='lat' dir='ltr'><strong>eo</strong></span> <span class='ocrx_word' id='word_1_17' title='bbox 2435 551 2770 619; x_wconf 80' lang='lat' dir='ltr'><strong>ardentius</strong></span> 
     </span>
     <span class='ocr_line' id='line_1_4' title="bbox 835 639 2768 723; baseline -0.007 -9"><span class='ocrx_word' id='word_1_18' title='bbox 835 649 1018 714; x_wconf 87' lang='lat' dir='ltr'><strong>Deus</strong></span> <span class='ocrx_word' id='word_1_19' title='bbox 1062 639 1464 708; x_wconf 76' lang='lat' dir='ltr'><strong>invocandus</strong></span> <span class='ocrx_word' id='word_1_20' title='bbox 1507 651 1623 718; x_wconf 90' lang='lat' dir='ltr'><strong>est,</strong></span> <span class='ocrx_word' id='word_1_21' title='bbox 1667 649 1866 723; x_wconf 87' lang='lat' dir='ltr'><strong>atque</strong></span> <span class='ocrx_word' id='word_1_22' title='bbox 1906 642 1974 704; x_wconf 91' lang='lat' dir='ltr'><strong>in</strong></span> <span class='ocrx_word' id='word_1_23' title='bbox 2022 639 2403 704; x_wconf 80' lang='lat' dir='ltr'><strong>memoriam</strong></span> <span class='ocrx_word' id='word_1_24' title='bbox 2439 639 2585 702; x_wconf 90' lang='lat' dir='ltr'><strong>eius</strong></span> <span class='ocrx_word' id='word_1_25' title='bbox 2619 658 2768 721; x_wconf 90' lang='lat' dir='ltr'><strong>pro·</strong></span> 
     </span>
     <span class='ocr_line' id='line_1_5' title="bbox 834 724 2770 808; baseline -0.006 -9"><span class='ocrx_word' id='word_1_26' title='bbox 834 733 1179 799; x_wconf 72' lang='lat' dir='ltr'><strong>missiones</strong></span> <span class='ocrx_word' id='word_1_27' title='bbox 1238 724 1657 803; x_wconf 75' lang='lat' dir='ltr'><strong>revocandae,</strong></span> <span class='ocrx_word' id='word_1_28' title='bbox 1736 735 1807 791; x_wconf 89' lang='lat' dir='ltr'><strong>ut</strong></span> <span class='ocrx_word' id='word_1_29' title='bbox 1865 745 1992 808; x_wconf 90' lang='lat' dir='ltr'><strong>quo</strong></span> <span class='ocrx_word' id='word_1_30' title='bbox 2052 724 2406 791; x_wconf 87' lang='lat' dir='ltr'><strong>maioribus</strong></span> <span class='ocrx_word' id='word_1_31' title='bbox 2465 724 2770 807; x_wconf 86' lang='lat' dir='ltr'><strong>procellis</strong></span> 
     </span>
     <span class='ocr_line' id='line_1_6' title="bbox 836 811 2768 901; baseline -0.006 -16"><span class='ocrx_word' id='word_1_32' title='bbox 836 815 1114 901; x_wconf 87' lang='lat' dir='ltr'><strong>impetiti</strong></span> <span class='ocrx_word' id='word_1_33' title='bbox 1151 813 1485 892; x_wconf 77' lang='lat' dir='ltr'><strong>fuerimus,</strong></span> <span class='ocrx_word' id='word_1_34' title='bbox 1521 831 1599 876; x_wconf 90' lang='lat' dir='ltr'><strong>eo</strong></span> <span class='ocrx_word' id='word_1_35' title='bbox 1632 811 1839 895; x_wconf 89' lang='lat' dir='ltr'><strong>magis</strong></span> <span class='ocrx_word' id='word_1_36' title='bbox 1875 812 1942 875; x_wconf 91' lang='lat' dir='ltr'><strong>in</strong></span> <span class='ocrx_word' id='word_1_37' title='bbox 1980 812 2122 878; x_wconf 92' lang='lat' dir='ltr'><strong>eius</strong></span> <span class='ocrx_word' id='word_1_38' title='bbox 2157 831 2314 895; x_wconf 84' lang='lat' dir='ltr'><strong>erga</strong></span> <span class='ocrx_word' id='word_1_39' title='bbox 2349 831 2468 874; x_wconf 91' lang='lat' dir='ltr'><strong>nos</strong></span> <span class='ocrx_word' id='word_1_40' title='bbox 2492 821 2768 891; x_wconf 88' lang='lat' dir='ltr'><strong>paterno</strong></span> 
     </span>
     <span class='ocr_line' id='line_1_7' title="bbox 834 894 2770 983; baseline -0.006 -13"><span class='ocrx_word' id='word_1_41' title='bbox 834 906 1056 970; x_wconf 76' lang='lat' dir='ltr'><strong>favore</strong></span> <span class='ocrx_word' id='word_1_42' title='bbox 1093 900 1661 983; x_wconf 83' lang='lat' dir='ltr'><strong>conquiescamus:</strong></span> <span class='ocrx_word' id='word_1_43' title='bbox 1699 909 2001 980; x_wconf 88' lang='lat' dir='ltr'><strong>certoque</strong></span> <span class='ocrx_word' id='word_1_44' title='bbox 2035 897 2222 962; x_wconf 90' lang='lat' dir='ltr'><strong>nobis</strong></span> <span class='ocrx_word' id='word_1_45' title='bbox 2258 894 2770 979; x_wconf 90' lang='lat' dir='ltr'><strong>persuadeamus</strong></span> 
     </span>
     <span class='ocr_line' id='line_1_8' title="bbox 834 983 2769 1067; baseline -0.005 -11"><span class='ocrx_word' id='word_1_46' title='bbox 834 989 1001 1056; x_wconf 88' lang='lat' dir='ltr'><strong>nihil</strong></span> <span class='ocrx_word' id='word_1_47' title='bbox 1066 1008 1206 1053; x_wconf 87' lang='lat' dir='ltr'><strong>esse</strong></span> <span class='ocrx_word' id='word_1_48' title='bbox 1273 995 1404 1049; x_wconf 91' lang='lat' dir='ltr'><strong>tam</strong></span> <span class='ocrx_word' id='word_1_49' title='bbox 1475 983 1835 1048; x_wconf 81' lang='lat' dir='ltr'><strong>violentum</strong></span> <span class='ocrx_word' id='word_1_50' title='bbox 1902 1004 2029 1067; x_wconf 90' lang='lat' dir='ltr'><strong>quo</strong></span> <span class='ocrx_word' id='word_1_51' title='bbox 2096 983 2354 1048; x_wconf 86' lang='lat' dir='ltr'><strong>concuti</strong></span> <span class='ocrx_word' id='word_1_52' title='bbox 2423 983 2769 1065; x_wconf 88' lang='lat' dir='ltr'><strong>possimus,</strong></span> 
     </span>
     <span class='ocr_line' id='line_1_9' title="bbox 838 1067 2770 1157; baseline -0.005 -16"><span class='ocrx_word' id='word_1_53' title='bbox 838 1087 1004 1143; x_wconf 85' lang='lat' dir='ltr'><strong>teste</strong></span> <span class='ocrx_word' id='word_1_54' title='bbox 1062 1070 1354 1157; x_wconf 87' lang='lat' dir='ltr'><strong>apostolo</strong></span> <span class='ocrx_word' id='word_1_55' title='bbox 1422 1069 1504 1134; x_wconf 87' lang='lat' dir='ltr'><strong>ad</strong></span> <span class='ocrx_word' id='word_1_56' title='bbox 1548 1069 1884 1134; x_wconf 86' lang='lat' dir='ltr'><strong>Romanos</strong></span> <span class='ocrx_word' id='word_1_57' title='bbox 1952 1069 2013 1136; x_wconf 88' lang='lat'><strong>8.</strong></span> <span class='ocrx_word' id='word_1_58' title='bbox 2083 1087 2257 1153; x_wconf 90' lang='lat' dir='ltr'><strong>cap.:</strong></span> <span class='ocrx_word' id='word_1_59' title='bbox 2325 1067 2581 1132; x_wconf 86' lang='lat' dir='ltr'><strong>nullum</strong></span> <span class='ocrx_word' id='word_1_60' title='bbox 2629 1088 2770 1132; x_wconf 88' lang='lat' dir='ltr'><strong>esse</strong></span> 
     </span>
     <span class='ocr_line' id='line_1_10' title="bbox 836 1152 2769 1250; baseline -0.006 -22"><span class='ocrx_word' id='word_1_61' title='bbox 836 1160 1295 1250; x_wconf 75' lang='lat' dir='ltr'><strong>principatum,</strong></span> <span class='ocrx_word' id='word_1_62' title='bbox 1352 1154 1725 1238; x_wconf 78' lang='lat' dir='ltr'><strong>nullamque</strong></span> <span class='ocrx_word' id='word_1_63' title='bbox 1770 1163 2154 1237; x_wconf 87' lang='lat' dir='ltr'><strong>potestatem</strong></span> <span class='ocrx_word' id='word_1_64' title='bbox 2200 1153 2358 1219; x_wconf 90' lang='lat' dir='ltr'><strong>adeo</strong></span> <span class='ocrx_word' id='word_1_65' title='bbox 2399 1152 2769 1232; x_wconf 88' lang='lat' dir='ltr'><strong>sublimem,</strong></span> 
     </span>
     <span class='ocr_line' id='line_1_11' title="bbox 834 1239 2766 1333; baseline -0.005 -19"><span class='ocrx_word' id='word_1_66' title='bbox 834 1269 1004 1333; x_wconf 88' lang='lat' dir='ltr'><strong>quae</strong></span> <span class='ocrx_word' id='word_1_67' title='bbox 1062 1265 1180 1309; x_wconf 90' lang='lat' dir='ltr'><strong>nos</strong></span> <span class='ocrx_word' id='word_1_68' title='bbox 1237 1264 1276 1306; x_wconf 90' lang='lat' dir='ltr'><strong>a</strong></span> <span class='ocrx_word' id='word_1_69' title='bbox 1319 1242 1590 1306; x_wconf 88' lang='lat' dir='ltr'><strong>caritate</strong></span> <span class='ocrx_word' id='word_1_70' title='bbox 1640 1242 1780 1321; x_wconf 91' lang='lat' dir='ltr'><strong>Dei,</strong></span> <span class='ocrx_word' id='word_1_71' title='bbox 1839 1263 2006 1324; x_wconf 90' lang='lat' dir='ltr'><strong>quae</strong></span> <span class='ocrx_word' id='word_1_72' title='bbox 2049 1253 2145 1308; x_wconf 90' lang='lat' dir='ltr'><strong>est</strong></span> <span class='ocrx_word' id='word_1_73' title='bbox 2190 1241 2260 1304; x_wconf 92' lang='lat' dir='ltr'><strong>in</strong></span> <span class='ocrx_word' id='word_1_74' title='bbox 2305 1239 2574 1306; x_wconf 84' lang='lat' dir='ltr'><strong>Christo</strong></span> <span class='ocrx_word' id='word_1_75' title='bbox 2618 1239 2766 1304; x_wconf 90' lang='lat' dir='ltr'><strong>Iesu</strong></span> 
     </span>
     <span class='ocr_line' id='line_1_12' title="bbox 838 1324 2770 1410; baseline -0.006 -8"><span class='ocrx_word' id='word_1_76' title='bbox 838 1332 1127 1402; x_wconf 89' lang='lat' dir='ltr'><strong>Domino</strong></span> <span class='ocrx_word' id='word_1_77' title='bbox 1199 1336 1420 1394; x_wconf 87' lang='lat' dir='ltr'><strong>nostro</strong></span> <span class='ocrx_word' id='word_1_78' title='bbox 1477 1346 1781 1409; x_wconf 84' lang='lat' dir='ltr'><strong>separare</strong></span> <span class='ocrx_word' id='word_1_79' title='bbox 1838 1328 2061 1410; x_wconf 88' lang='lat' dir='ltr'><strong>possit.</strong></span> <span class='ocrx_word' id='word_1_80' title='bbox 2163 1330 2381 1407; x_wconf 81' lang='lat' dir='ltr'><strong>Atque</strong></span> <span class='ocrx_word' id='word_1_81' title='bbox 2440 1324 2603 1390; x_wconf 90' lang='lat' dir='ltr'><strong>haec</strong></span> <span class='ocrx_word' id='word_1_82' title='bbox 2658 1325 2770 1390; x_wconf 91' lang='lat' dir='ltr'><strong>illa</strong></span> 
     </span>
     <span class='ocr_line' id='line_1_13' title="bbox 837 1410 2770 1498; baseline -0.006 -11"><span class='ocrx_word' id='word_1_83' title='bbox 837 1433 941 1488; x_wconf 86' lang='lat' dir='ltr'><strong>est</strong></span> <span class='ocrx_word' id='word_1_84' title='bbox 998 1415 1249 1482; x_wconf 88' lang='lat' dir='ltr'><strong>laetitia</strong></span> <span class='ocrx_word' id='word_1_85' title='bbox 1304 1435 1434 1498; x_wconf 81' lang='lat' dir='ltr'><strong>qua</strong></span> <span class='ocrx_word' id='word_1_86' title='bbox 1488 1435 1559 1478; x_wconf 91' lang='grc'><strong>66</strong></span> <span class='ocrx_word' id='word_1_87' title='bbox 1603 1414 1801 1478; x_wconf 82' lang='grc' dir='ltr'><strong>Α666</strong></span> <span class='ocrx_word' id='word_1_88' title='bbox 1847 1413 2008 1478; x_wconf 88' lang='lat' dir='ltr'><strong>dicit</strong></span> <span class='ocrx_word' id='word_1_89' title='bbox 2049 1413 2380 1490; x_wconf 85' lang='lat' dir='ltr'><strong>laetatam,</strong></span> <span class='ocrx_word' id='word_1_90' title='bbox 2449 1433 2576 1475; x_wconf 89' lang='lat' dir='ltr'><strong>non</strong></span> <span class='ocrx_word' id='word_1_91' title='bbox 2623 1410 2770 1476; x_wconf 93' lang='lat' dir='ltr'><strong>ideo</strong></span> 
     </span>
     <span class='ocr_line' id='line_1_14' title="bbox 838 1495 2768 1584; baseline -0.005 -12"><span class='ocrx_word' id='word_1_92' title='bbox 838 1513 1095 1572; x_wconf 90' lang='lat' dir='ltr'><strong>tantum</strong></span> <span class='ocrx_word' id='word_1_93' title='bbox 1181 1499 1350 1584; x_wconf 90' lang='lat' dir='ltr'><strong>quod</strong></span> <span class='ocrx_word' id='word_1_94' title='bbox 1436 1498 1840 1581; x_wconf 79' lang='lat' dir='ltr'><strong>experientia</strong></span> <span class='ocrx_word' id='word_1_95' title='bbox 1912 1497 2139 1563; x_wconf 89' lang='lat' dir='ltr'><strong>edocta</strong></span> <span class='ocrx_word' id='word_1_96' title='bbox 2217 1505 2321 1562; x_wconf 90' lang='lat' dir='ltr'><strong>est</strong></span> <span class='ocrx_word' id='word_1_97' title='bbox 2386 1495 2605 1561; x_wconf 90' lang='lat' dir='ltr'><strong>Deum</strong></span> <span class='ocrx_word' id='word_1_98' title='bbox 2664 1498 2768 1563; x_wconf 89' lang='lat' dir='ltr'><strong>sui</strong></span> 
     </span>
     <span class='ocr_line' id='line_1_15' title="bbox 838 1583 2768 1668; baseline -0.006 -11"><span class='ocrx_word' id='word_1_99' title='bbox 838 1593 1183 1657; x_wconf 88' lang='lat' dir='ltr'><strong>misertum</strong></span> <span class='ocrx_word' id='word_1_100' title='bbox 1227 1605 1390 1665; x_wconf 90' lang='lat' dir='ltr'><strong>esse,</strong></span> <span class='ocrx_word' id='word_1_101' title='bbox 1433 1584 1547 1649; x_wconf 92' lang='lat' dir='ltr'><strong>sed</strong></span> <span class='ocrx_word' id='word_1_102' title='bbox 1591 1586 1875 1649; x_wconf 79' lang='lat' dir='ltr'><strong>maxime</strong></span> <span class='ocrx_word' id='word_1_103' title='bbox 1918 1583 2091 1668; x_wconf 90' lang='lat' dir='ltr'><strong>quod</strong></span> <span class='ocrx_word' id='word_1_104' title='bbox 2137 1604 2338 1666; x_wconf 89' lang='lat' dir='ltr'><strong>quum</strong></span> <span class='ocrx_word' id='word_1_105' title='bbox 2384 1597 2580 1648; x_wconf 85' lang='lat' dir='ltr'><strong>antea</strong></span> <span class='ocrx_word' id='word_1_106' title='bbox 2622 1589 2768 1647; x_wconf 84' lang='lat' dir='ltr'><strong>tan-</strong></span> 
     </span>
     <span class='ocr_line' id='line_1_16' title="bbox 837 1669 2768 1762; baseline -0.006 -19"><span class='ocrx_word' id='word_1_107' title='bbox 837 1698 1031 1762; x_wconf 83' lang='lat' dir='ltr'><strong>quam</strong></span> <span class='ocrx_word' id='word_1_108' title='bbox 1080 1673 1205 1739; x_wconf 59' lang='grc'><strong>6116</strong></span> <span class='ocrx_word' id='word_1_109' title='bbox 1250 1671 1648 1752; x_wconf 84' lang='lat' dir='ltr'><strong>mancipium</strong></span> <span class='ocrx_word' id='word_1_110' title='bbox 1695 1669 2062 1748; x_wconf 81' lang='lat' dir='ltr'><strong>haberetur,</strong></span> <span class='ocrx_word' id='word_1_111' title='bbox 2130 1670 2554 1751; x_wconf 88' lang='lat' dir='ltr'><strong>omniumque</strong></span> <span class='ocrx_word' id='word_1_112' title='bbox 2613 1690 2768 1735; x_wconf 90' lang='lat' dir='ltr'><strong>con-</strong></span> 
     </span>
     <span class='ocr_line' id='line_1_17' title="bbox 838 1755 2770 1846; baseline -0.006 -16"><span class='ocrx_word' id='word_1_113' title='bbox 838 1761 1114 1846; x_wconf 86' lang='lat' dir='ltr'><strong>temptui</strong></span> <span class='ocrx_word' id='word_1_114' title='bbox 1177 1769 1243 1823; x_wconf 90' lang='lat' dir='ltr'><strong>et</strong></span> <span class='ocrx_word' id='word_1_115' title='bbox 1297 1756 1567 1822; x_wconf 88' lang='lat' dir='ltr'><strong>arbitrio</strong></span> <span class='ocrx_word' id='word_1_116' title='bbox 1626 1767 1899 1840; x_wconf 84' lang='lat' dir='ltr'><strong>pateret,</strong></span> <span class='ocrx_word' id='word_1_117' title='bbox 1958 1766 2174 1822; x_wconf 87' lang='lat' dir='ltr'><strong>tamen</strong></span> <span class='ocrx_word' id='word_1_118' title='bbox 2233 1755 2316 1819; x_wconf 89' lang='lat' dir='ltr'><strong>ab</strong></span> <span class='ocrx_word' id='word_1_119' title='bbox 2373 1755 2513 1819; x_wconf 87' lang='lat' dir='ltr'><strong>eius</strong></span> <span class='ocrx_word' id='word_1_120' title='bbox 2559 1756 2770 1837; x_wconf 86' lang='lat' dir='ltr'><strong>gratia</strong></span> 
     </span>
     <span class='ocr_line' id='line_1_18' title="bbox 836 1840 2769 1952; baseline -0.006 -36"><span class='ocrx_word' id='word_1_121' title='bbox 836 1847 1128 1952; x_wconf 83' lang='lat' dir='ltr'><strong>pendens</strong></span> <span class='ocrx_word' id='word_1_122' title='bbox 1172 1864 1313 1910; x_wconf 91' lang='lat' dir='ltr'><strong>sese</strong></span> <span class='ocrx_word' id='word_1_123' title='bbox 1360 1841 1586 1906; x_wconf 78' lang='lat' dir='ltr'><strong>divino</strong></span> <span class='ocrx_word' id='word_1_124' title='bbox 1629 1842 1829 1908; x_wconf 88' lang='lat' dir='ltr'><strong>verbo</strong></span> <span class='ocrx_word' id='word_1_125' title='bbox 1872 1842 2201 1907; x_wconf 87' lang='lat' dir='ltr'><strong>consolata</strong></span> <span class='ocrx_word' id='word_1_126' title='bbox 2236 1842 2341 1905; x_wconf 88' lang='lat' dir='ltr'><strong>sit.</strong></span> <span class='ocrx_word' id='word_1_127' title='bbox 2427 1840 2769 1906; x_wconf 88' lang='lat' dir='ltr'><strong>Habemus</strong></span> 
     </span>
     <span class='ocr_line' id='line_1_19' title="bbox 834 1926 2768 2021; baseline -0.004 -22"><span class='ocrx_word' id='word_1_128' title='bbox 834 1935 1041 2021; x_wconf 79' lang='lat' dir='ltr'><strong>igitur</strong></span> <span class='ocrx_word' id='word_1_129' title='bbox 1098 1931 1259 1995; x_wconf 87' lang='lat' dir='ltr'><strong>duas</strong></span> <span class='ocrx_word' id='word_1_130' title='bbox 1314 1926 1532 2012; x_wconf 86' lang='lat' dir='ltr'><strong>gaudii</strong></span> <span class='ocrx_word' id='word_1_131' title='bbox 1591 1947 1666 1993; x_wconf 91' lang='lat' dir='ltr'><strong>ac</strong></span> <span class='ocrx_word' id='word_1_132' title='bbox 1724 1927 2009 1993; x_wconf 82' lang='lat' dir='ltr'><strong>laetitiae</strong></span> <span class='ocrx_word' id='word_1_133' title='bbox 2065 1927 2462 1993; x_wconf 82' lang='lat' dir='ltr'><strong>christianae</strong></span> <span class='ocrx_word' id='word_1_134' title='bbox 2502 1926 2768 2009; x_wconf 86' lang='lat' dir='ltr'><strong>species,</strong></span> 
     </span>
     <span class='ocr_line' id='line_1_20' title="bbox 837 2011 2765 2095; baseline -0.006 -8"><span class='ocrx_word' id='word_1_135' title='bbox 837 2041 1039 2087; x_wconf 89' lang='lat' dir='ltr'><strong>unam</strong></span> <span class='ocrx_word' id='word_1_136' title='bbox 1095 2015 1235 2083; x_wconf 92' lang='lat' dir='ltr'><strong>solo</strong></span> <span class='ocrx_word' id='word_1_137' title='bbox 1299 2035 1375 2079; x_wconf 86' lang='lat' dir='ltr'><strong>ac</strong></span> <span class='ocrx_word' id='word_1_138' title='bbox 1432 2012 1708 2095; x_wconf 88' lang='lat' dir='ltr'><strong>simplici</strong></span> <span class='ocrx_word' id='word_1_139' title='bbox 1769 2014 1892 2079; x_wconf 86' lang='lat' dir='ltr'><strong>Dei</strong></span> <span class='ocrx_word' id='word_1_140' title='bbox 1941 2013 2134 2080; x_wconf 88' lang='lat' dir='ltr'><strong>verbo</strong></span> <span class='ocrx_word' id='word_1_141' title='bbox 2180 2011 2430 2090; x_wconf 81' lang='lat' dir='ltr'><strong>fultam,</strong></span> <span class='ocrx_word' id='word_1_142' title='bbox 2489 2012 2765 2076; x_wconf 87' lang='lat' dir='ltr'><strong>alteram</strong></span> 
     </span>
     <span class='ocr_line' id='line_1_21' title="bbox 841 2098 2766 2183; baseline -0.007 -10"><span class='ocrx_word' id='word_1_143' title='bbox 841 2128 994 2172; x_wconf 86' lang='lat' dir='ltr'><strong>vero</strong></span> <span class='ocrx_word' id='word_1_144' title='bbox 1038 2104 1230 2170; x_wconf 88' lang='lat' dir='ltr'><strong>etiam</strong></span> <span class='ocrx_word' id='word_1_145' title='bbox 1277 2099 1685 2181; x_wconf 86' lang='lat' dir='ltr'><strong>experientia</strong></span> <span class='ocrx_word' id='word_1_146' title='bbox 1727 2098 1984 2166; x_wconf 85' lang='lat' dir='ltr'><strong>divinae</strong></span> <span class='ocrx_word' id='word_1_147' title='bbox 2028 2121 2103 2165; x_wconf 90' lang='lat' dir='ltr'><strong>ac</strong></span> <span class='ocrx_word' id='word_1_148' title='bbox 2137 2109 2448 2183; x_wconf 88' lang='lat' dir='ltr'><strong>paternae</strong></span> <span class='ocrx_word' id='word_1_149' title='bbox 2484 2099 2766 2163; x_wconf 80' lang='lat' dir='ltr'><strong>benevo-</strong></span> 
     </span>
     <span class='ocr_line' id='line_1_22' title="bbox 838 2187 1593 2259; baseline -0.012 0"><span class='ocrx_word' id='word_1_150' title='bbox 838 2193 1081 2259; x_wconf 89' lang='lat' dir='ltr'><strong>lentiae</strong></span> <span class='ocrx_word' id='word_1_151' title='bbox 1124 2187 1593 2254; x_wconf 85' lang='lat' dir='ltr'><strong>confirmatam.</strong></span> 
     </span>
    </p>

    <p class='ocr_par' dir='ltr' id='par_1_3' title="bbox 834 2268 2775 5276">
     <span class='ocr_line' id='line_1_23' title="bbox 1011 2268 2769 2357; baseline -0.004 -16"><span class='ocrx_word' id='word_1_152' title='bbox 1011 2273 1356 2357; x_wconf 77' lang='lat' dir='ltr'><strong>Sequitur:</strong></span> <span class='ocrx_word' id='word_1_153' title='bbox 1393 2268 1603 2337; x_wconf 74' lang='lat' dir='ltr'><strong>Cornu</strong></span> <span class='ocrx_word' id='word_1_154' title='bbox 1636 2289 1838 2335; x_wconf 81' lang='lat' dir='ltr'><strong>meum</strong></span> <span class='ocrx_word' id='word_1_155' title='bbox 1871 2271 2208 2338; x_wconf 68' lang='lat' dir='ltr'><strong>mustum</strong></span> <span class='ocrx_word' id='word_1_156' title='bbox 2244 2273 2333 2335; x_wconf 75' lang='lat' dir='ltr'><strong>esi</strong></span> <span class='ocrx_word' id='word_1_157' title='bbox 2366 2269 2435 2334; x_wconf 81' lang='lat' dir='ltr'><strong>in</strong></span> <span class='ocrx_word' id='word_1_158' title='bbox 2478 2268 2769 2336; x_wconf 81' lang='lat' dir='ltr'><strong>Domino.-</strong></span> 
     </span>
     <span class='ocr_line' id='line_1_24' title="bbox 834 2356 2772 2437; baseline -0.005 -6"><span class='ocrx_word' id='word_1_159' title='bbox 834 2364 1178 2432; x_wconf 70' lang='lat' dir='ltr'><strong>dilatatum</strong></span> <span class='ocrx_word' id='word_1_160' title='bbox 1240 2361 1331 2423; x_wconf 78' lang='lat' dir='ltr'><strong>est</strong></span> <span class='ocrx_word' id='word_1_161' title='bbox 1395 2376 1467 2421; x_wconf 81' lang='lat' dir='ltr'><strong>os</strong></span> <span class='ocrx_word' id='word_1_162' title='bbox 1518 2376 1722 2421; x_wconf 72' lang='lat' dir='ltr'><strong>metm</strong></span> <span class='ocrx_word' id='word_1_163' title='bbox 1779 2375 1968 2437; x_wconf 78' lang='lat' dir='ltr'><strong>super</strong></span> <span class='ocrx_word' id='word_1_164' title='bbox 2023 2357 2309 2422; x_wconf 72' lang='lat' dir='ltr'><strong>inimicos</strong></span> <span class='ocrx_word' id='word_1_165' title='bbox 2365 2375 2552 2435; x_wconf 79' lang='lat' dir='ltr'><strong>meos,</strong></span> <span class='ocrx_word' id='word_1_166' title='bbox 2617 2356 2772 2437; x_wconf 75' lang='lat' dir='ltr'><strong>quia</strong></span> 
     </span>
     <span class='ocr_line' id='line_1_25' title="bbox 836 2440 2770 2523; baseline -0.004 -8"><span class='ocrx_word' id='word_1_167' title='bbox 836 2451 1069 2515; x_wconf 75' lang='lat' dir='ltr'><strong>laetata</strong></span> <span class='ocrx_word' id='word_1_168' title='bbox 1109 2464 1253 2512; x_wconf 80' lang='lat' dir='ltr'><strong>sum</strong></span> <span class='ocrx_word' id='word_1_169' title='bbox 1295 2443 1365 2508; x_wconf 75' lang='lat' dir='ltr'><strong>in</strong></span> <span class='ocrx_word' id='word_1_170' title='bbox 1406 2441 1685 2508; x_wconf 66' lang='lat' dir='ltr'><strong>salutari</strong></span> <span class='ocrx_word' id='word_1_171' title='bbox 1724 2446 1845 2506; x_wconf 80' lang='lat' dir='ltr'><strong>tuo.</strong></span> <span class='ocrx_word' id='word_1_172' title='bbox 1935 2442 2190 2523; x_wconf 80' lang='lat' dir='ltr'><strong>Quibus</strong></span> <span class='ocrx_word' id='word_1_173' title='bbox 2225 2440 2446 2505; x_wconf 84' lang='lat' dir='ltr'><strong>verbis</strong></span> <span class='ocrx_word' id='word_1_174' title='bbox 2483 2441 2770 2507; x_wconf 87' lang='lat' dir='ltr'><strong>laetitiae</strong></span> 
     </span>
     <span class='ocr_line' id='line_1_26' title="bbox 843 2525 2770 2609; baseline -0.005 -9"><span class='ocrx_word' id='word_1_175' title='bbox 843 2535 1128 2601; x_wconf 85' lang='lat' dir='ltr'><strong>oblatam</strong></span> <span class='ocrx_word' id='word_1_176' title='bbox 1189 2530 1313 2594; x_wconf 88' lang='lat' dir='ltr'><strong>sibi</strong></span> <span class='ocrx_word' id='word_1_177' title='bbox 1369 2547 1630 2594; x_wconf 90' lang='lat' dir='ltr'><strong>causam</strong></span> <span class='ocrx_word' id='word_1_178' title='bbox 1689 2530 1884 2592; x_wconf 86' lang='lat' dir='ltr'><strong>Anna</strong></span> <span class='ocrx_word' id='word_1_179' title='bbox 1944 2531 2144 2605; x_wconf 88' lang='lat' dir='ltr'><strong>docet,</strong></span> <span class='ocrx_word' id='word_1_180' title='bbox 2203 2548 2279 2592; x_wconf 92' lang='lat' dir='ltr'><strong>eo</strong></span> <span class='ocrx_word' id='word_1_181' title='bbox 2337 2525 2505 2609; x_wconf 90' lang='lat' dir='ltr'><strong>quod</strong></span> <span class='ocrx_word' id='word_1_182' title='bbox 2566 2547 2770 2592; x_wconf 91' lang='lat' dir='ltr'><strong>cornu</strong></span> 
     </span>
     <span class='ocr_line' id='line_1_27' title="bbox 841 2613 2771 2694; baseline -0.005 -8"><span class='ocrx_word' id='word_1_183' title='bbox 841 2620 1203 2687; x_wconf 87' lang='lat' dir='ltr'><strong>exaltatum</strong></span> <span class='ocrx_word' id='word_1_184' title='bbox 1248 2627 1364 2692; x_wconf 87' lang='lat' dir='ltr'><strong>est,</strong></span> <span class='ocrx_word' id='word_1_185' title='bbox 1424 2626 1489 2677; x_wconf 90' lang='lat' dir='ltr'><strong>et</strong></span> <span class='ocrx_word' id='word_1_186' title='bbox 1536 2614 1819 2679; x_wconf 90' lang='lat' dir='ltr'><strong>Domino</strong></span> <span class='ocrx_word' id='word_1_187' title='bbox 1866 2615 2036 2681; x_wconf 88' lang='lat' dir='ltr'><strong>hanc</strong></span> <span class='ocrx_word' id='word_1_188' title='bbox 2079 2613 2392 2678; x_wconf 86' lang='lat' dir='ltr'><strong>laetitiam</strong></span> <span class='ocrx_word' id='word_1_189' title='bbox 2438 2625 2771 2694; x_wconf 84' lang='lat' dir='ltr'><strong>acceptam</strong></span> 
     </span>
     <span class='ocr_line' id='line_1_28' title="bbox 840 2698 2771 2790; baseline -0.005 -19"><span class='ocrx_word' id='word_1_190' title='bbox 840 2708 986 2790; x_wconf 76' lang='lat' dir='ltr'><strong>fert,</strong></span> <span class='ocrx_word' id='word_1_191' title='bbox 1031 2724 1069 2768; x_wconf 88' lang='lat' dir='ltr'><strong>a</strong></span> <span class='ocrx_word' id='word_1_192' title='bbox 1112 2701 1298 2769; x_wconf 90' lang='lat' dir='ltr'><strong>cuius</strong></span> <span class='ocrx_word' id='word_1_193' title='bbox 1344 2699 1627 2765; x_wconf 89' lang='lat' dir='ltr'><strong>bonitate</strong></span> <span class='ocrx_word' id='word_1_194' title='bbox 1673 2701 1972 2778; x_wconf 82' lang='lat' dir='ltr'><strong>manarit,</strong></span> <span class='ocrx_word' id='word_1_195' title='bbox 2019 2719 2148 2782; x_wconf 91' lang='lat' dir='ltr'><strong>qua</strong></span> <span class='ocrx_word' id='word_1_196' title='bbox 2191 2719 2261 2763; x_wconf 90' lang='lat' dir='ltr'><strong>se</strong></span> <span class='ocrx_word' id='word_1_197' title='bbox 2310 2698 2534 2762; x_wconf 90' lang='lat' dir='ltr'><strong>nixam</strong></span> <span class='ocrx_word' id='word_1_198' title='bbox 2573 2699 2771 2763; x_wconf 87' lang='lat' dir='ltr'><strong>fuisse</strong></span> 
     </span>
     <span class='ocr_line' id='line_1_29' title="bbox 839 2784 2766 2870; baseline -0.006 -11"><span class='ocrx_word' id='word_1_199' title='bbox 839 2789 1141 2859; x_wconf 88' lang='lat' dir='ltr'><strong>ostendit.</strong></span> <span class='ocrx_word' id='word_1_200' title='bbox 1232 2786 1400 2852; x_wconf 88' lang='lat' dir='ltr'><strong>Nam</strong></span> <span class='ocrx_word' id='word_1_201' title='bbox 1446 2787 1821 2868; x_wconf 80' lang='lat' dir='ltr'><strong>priusquam</strong></span> <span class='ocrx_word' id='word_1_202' title='bbox 1868 2789 2007 2870; x_wconf 88' lang='lat' dir='ltr'><strong>ipse</strong></span> <span class='ocrx_word' id='word_1_203' title='bbox 2052 2785 2233 2851; x_wconf 90' lang='lat' dir='ltr'><strong>Deus</strong></span> <span class='ocrx_word' id='word_1_204' title='bbox 2276 2806 2348 2848; x_wconf 91' lang='lat' dir='ltr'><strong>re</strong></span> <span class='ocrx_word' id='word_1_205' title='bbox 2392 2784 2536 2866; x_wconf 87' lang='lat' dir='ltr'><strong>ipsa</strong></span> <span class='ocrx_word' id='word_1_206' title='bbox 2572 2794 2766 2849; x_wconf 91' lang='lat' dir='ltr'><strong>testa-</strong></span> 
     </span>
     <span class='ocr_line' id='line_1_30' title="bbox 842 2869 2768 2948; baseline -0.007 -3"><span class='ocrx_word' id='word_1_207' title='bbox 842 2889 982 2945; x_wconf 82' lang='lat' dir='ltr'><strong>tum</strong></span> <span class='ocrx_word' id='word_1_208' title='bbox 1044 2874 1316 2948; x_wconf 83' lang='lat' dir='ltr'><strong>fecisset,</strong></span> <span class='ocrx_word' id='word_1_209' title='bbox 1393 2892 1465 2936; x_wconf 90' lang='grc'><strong>66</strong></span> <span class='ocrx_word' id='word_1_210' title='bbox 1520 2872 1942 2938; x_wconf 89' lang='lat' dir='ltr'><strong>mulierculae</strong></span> <span class='ocrx_word' id='word_1_211' title='bbox 2000 2870 2197 2936; x_wconf 91' lang='lat' dir='ltr'><strong>huius</strong></span> <span class='ocrx_word' id='word_1_212' title='bbox 2241 2869 2411 2934; x_wconf 88' lang='lat' dir='ltr'><strong>velle</strong></span> <span class='ocrx_word' id='word_1_213' title='bbox 2454 2869 2768 2946; x_wconf 87' lang='lat' dir='ltr'><strong>misereri,</strong></span> 
     </span>
     <span class='ocr_line' id='line_1_31' title="bbox 842 2955 2771 3049; baseline -0.006 -20"><span class='ocrx_word' id='word_1_214' title='bbox 842 2961 1001 3049; x_wconf 91' lang='lat' dir='ltr'><strong>quid</strong></span> <span class='ocrx_word' id='word_1_215' title='bbox 1067 2958 1242 3027; x_wconf 89' lang='lat' dir='ltr'><strong>aliud</strong></span> <span class='ocrx_word' id='word_1_216' title='bbox 1292 2959 1486 3024; x_wconf 83' lang='lat' dir='ltr'><strong>Anna</strong></span> <span class='ocrx_word' id='word_1_217' title='bbox 1529 2957 1873 3023; x_wconf 80' lang='lat' dir='ltr'><strong>videbatur</strong></span> <span class='ocrx_word' id='word_1_218' title='bbox 1915 2958 2165 3022; x_wconf 84' lang='lat' dir='ltr'><strong>factura</strong></span> <span class='ocrx_word' id='word_1_219' title='bbox 2210 2977 2403 3039; x_wconf 90' lang='lat' dir='ltr'><strong>quam</strong></span> <span class='ocrx_word' id='word_1_220' title='bbox 2452 2956 2519 3019; x_wconf 93' lang='lat' dir='ltr'><strong>in</strong></span> <span class='ocrx_word' id='word_1_221' title='bbox 2565 2955 2771 3020; x_wconf 88' lang='lat' dir='ltr'><strong>animi</strong></span> 
     </span>
     <span class='ocr_line' id='line_1_32' title="bbox 840 3040 2767 3127; baseline -0.006 -11"><span class='ocrx_word' id='word_1_222' title='bbox 840 3067 1098 3118; x_wconf 90' lang='lat' dir='ltr'><strong>summo</strong></span> <span class='ocrx_word' id='word_1_223' title='bbox 1136 3062 1426 3109; x_wconf 88' lang='lat' dir='ltr'><strong>moerore</strong></span> <span class='ocrx_word' id='word_1_224' title='bbox 1462 3043 1664 3109; x_wconf 85' lang='lat' dir='ltr'><strong>vitam</strong></span> <span class='ocrx_word' id='word_1_225' title='bbox 1702 3042 1973 3110; x_wconf 84' lang='lat' dir='ltr'><strong>actura?</strong></span> <span class='ocrx_word' id='word_1_226' title='bbox 2014 3047 2109 3108; x_wconf 85' lang='lat' dir='ltr'><strong>At</strong></span> <span class='ocrx_word' id='word_1_227' title='bbox 2141 3042 2458 3127; x_wconf 90' lang='lat' dir='ltr'><strong>patientia</strong></span> <span class='ocrx_word' id='word_1_228' title='bbox 2480 3040 2767 3106; x_wconf 88' lang='lat' dir='ltr'><strong>taedium</strong></span> 
     </span>
     <span class='ocr_line' id='line_1_33' title="bbox 840 3127 2769 3219; baseline -0.006 -18"><span class='ocrx_word' id='word_1_229' title='bbox 840 3133 1199 3219; x_wconf 82' lang='lat' dir='ltr'><strong>superavit,</strong></span> <span class='ocrx_word' id='word_1_230' title='bbox 1242 3150 1317 3194; x_wconf 90' lang='lat' dir='ltr'><strong>ac</strong></span> <span class='ocrx_word' id='word_1_231' title='bbox 1353 3128 1508 3195; x_wconf 90' lang='lat' dir='ltr'><strong>licet</strong></span> <span class='ocrx_word' id='word_1_232' title='bbox 1529 3131 1827 3195; x_wconf 90' lang='lat' dir='ltr'><strong>miseriae</strong></span> <span class='ocrx_word' id='word_1_233' title='bbox 1853 3129 2141 3195; x_wconf 89' lang='lat' dir='ltr'><strong>nondum</strong></span> <span class='ocrx_word' id='word_1_234' title='bbox 2166 3128 2413 3193; x_wconf 86' lang='lat' dir='ltr'><strong>exitum</strong></span> <span class='ocrx_word' id='word_1_235' title='bbox 2431 3127 2769 3211; x_wconf 88' lang='lat' dir='ltr'><strong>aspiceret,</strong></span> 
     </span>
     <span class='ocr_line' id='line_1_34' title="bbox 840 3214 2768 3322; baseline -0.006 -34"><span class='ocrx_word' id='word_1_236' title='bbox 840 3243 956 3322; x_wconf 83' lang='lat' dir='ltr'><strong>spe</strong></span> <span class='ocrx_word' id='word_1_237' title='bbox 1016 3231 1241 3285; x_wconf 87' lang='lat' dir='ltr'><strong>tamen</strong></span> <span class='ocrx_word' id='word_1_238' title='bbox 1295 3236 1436 3281; x_wconf 91' lang='lat' dir='ltr'><strong>sese</strong></span> <span class='ocrx_word' id='word_1_239' title='bbox 1494 3219 1901 3290; x_wconf 81' lang='lat' dir='ltr'><strong>sustentavit,</strong></span> <span class='ocrx_word' id='word_1_240' title='bbox 1963 3236 2039 3281; x_wconf 88' lang='lat' dir='ltr'><strong>ac</strong></span> <span class='ocrx_word' id='word_1_241' title='bbox 2082 3215 2322 3279; x_wconf 84' lang='lat' dir='ltr'><strong>laetata</strong></span> <span class='ocrx_word' id='word_1_242' title='bbox 2365 3225 2486 3293; x_wconf 90' lang='lat' dir='ltr'><strong>cst,</strong></span> <span class='ocrx_word' id='word_1_243' title='bbox 2530 3215 2595 3277; x_wconf 93' lang='lat' dir='ltr'><strong>in</strong></span> <span class='ocrx_word' id='word_1_244' title='bbox 2646 3214 2768 3278; x_wconf 91' lang='lat' dir='ltr'><strong>Dei</strong></span> 
     </span>
     <span class='ocr_line' id='line_1_35' title="bbox 842 3298 2771 3383; baseline -0.005 -9"><span class='ocrx_word' id='word_1_245' title='bbox 842 3327 1060 3374; x_wconf 81' lang='lat' dir='ltr'><strong>sinum</strong></span> <span class='ocrx_word' id='word_1_246' title='bbox 1100 3322 1358 3369; x_wconf 88' lang='lat' dir='ltr'><strong>omnem</strong></span> <span class='ocrx_word' id='word_1_247' title='bbox 1381 3321 1567 3366; x_wconf 88' lang='lat' dir='ltr'><strong>suam</strong></span> <span class='ocrx_word' id='word_1_248' title='bbox 1592 3300 2119 3378; x_wconf 88' lang='lat' dir='ltr'><strong>sollicitudinem,</strong></span> <span class='ocrx_word' id='word_1_249' title='bbox 2164 3299 2348 3383; x_wconf 86' lang='lat' dir='ltr'><strong>quasi</strong></span> <span class='ocrx_word' id='word_1_250' title='bbox 2374 3298 2452 3362; x_wconf 89' lang='lat' dir='ltr'><strong>de</strong></span> <span class='ocrx_word' id='word_1_251' title='bbox 2490 3313 2771 3364; x_wconf 81' lang='lat' dir='ltr'><strong>eventus</strong></span> 
     </span>
     <span class='ocr_line' id='line_1_36' title="bbox 843 3385 2770 3467; baseline -0.006 -8"><span class='ocrx_word' id='word_1_252' title='bbox 843 3393 1121 3458; x_wconf 88' lang='lat' dir='ltr'><strong>veritate</strong></span> <span class='ocrx_word' id='word_1_253' title='bbox 1165 3389 1401 3455; x_wconf 86' lang='lat' dir='ltr'><strong>certior</strong></span> <span class='ocrx_word' id='word_1_254' title='bbox 1424 3389 1555 3453; x_wconf 91' lang='lat' dir='ltr'><strong>iam</strong></span> <span class='ocrx_word' id='word_1_255' title='bbox 1592 3387 1780 3467; x_wconf 82' lang='lat' dir='ltr'><strong>faeta,</strong></span> <span class='ocrx_word' id='word_1_256' title='bbox 1823 3387 2190 3455; x_wconf 90' lang='lat' dir='ltr'><strong>coniiciens.</strong></span> <span class='ocrx_word' id='word_1_257' title='bbox 2253 3386 2422 3450; x_wconf 90' lang='lat' dir='ltr'><strong>Nam</strong></span> <span class='ocrx_word' id='word_1_258' title='bbox 2459 3385 2770 3450; x_wconf 87' lang='lat' dir='ltr'><strong>sterilitas</strong></span> 
     </span>
     <span class='ocr_line' id='line_1_37' title="bbox 841 3470 2770 3556; baseline -0.005 -12"><span class='ocrx_word' id='word_1_259' title='bbox 841 3479 995 3545; x_wconf 92' lang='lat' dir='ltr'><strong>olim</strong></span> <span class='ocrx_word' id='word_1_260' title='bbox 1044 3484 1186 3541; x_wconf 88' lang='lat' dir='ltr'><strong>erat</strong></span> <span class='ocrx_word' id='word_1_261' title='bbox 1236 3474 1446 3539; x_wconf 86' lang='lat' dir='ltr'><strong>veluti</strong></span> <span class='ocrx_word' id='word_1_262' title='bbox 1482 3472 1745 3540; x_wconf 83' lang='lat' dir='ltr'><strong>divinae</strong></span> <span class='ocrx_word' id='word_1_263' title='bbox 1780 3473 2252 3540; x_wconf 86' lang='lat' dir='ltr'><strong>maledictionis</strong></span> <span class='ocrx_word' id='word_1_264' title='bbox 2288 3473 2571 3556; x_wconf 88' lang='lat' dir='ltr'><strong>signum,</strong></span> <span class='ocrx_word' id='word_1_265' title='bbox 2617 3470 2770 3535; x_wconf 85' lang='lat' dir='ltr'><strong>licet</strong></span> 
     </span>
     <span class='ocr_line' id='line_1_38' title="bbox 845 3555 2770 3644; baseline -0.005 -15"><span class='ocrx_word' id='word_1_266' title='bbox 845 3584 975 3629; x_wconf 89' lang='lat' dir='ltr'><strong>non</strong></span> <span class='ocrx_word' id='word_1_267' title='bbox 1022 3561 1238 3626; x_wconf 91' lang='lat' dir='ltr'><strong>minus</strong></span> <span class='ocrx_word' id='word_1_268' title='bbox 1282 3561 1351 3624; x_wconf 93' lang='lat' dir='ltr'><strong>in</strong></span> <span class='ocrx_word' id='word_1_269' title='bbox 1396 3559 1621 3625; x_wconf 87' lang='lat' dir='ltr'><strong>fideles</strong></span> <span class='ocrx_word' id='word_1_270' title='bbox 1665 3580 1860 3644; x_wconf 91' lang='lat' dir='ltr'><strong>quam</strong></span> <span class='ocrx_word' id='word_1_271' title='bbox 1907 3560 1975 3624; x_wconf 90' lang='lat' dir='ltr'><strong>in</strong></span> <span class='ocrx_word' id='word_1_272' title='bbox 2017 3558 2390 3624; x_wconf 91' lang='lat' dir='ltr'><strong>incredulos</strong></span> <span class='ocrx_word' id='word_1_273' title='bbox 2433 3555 2549 3622; x_wconf 89' lang='lat' dir='ltr'><strong>illa</strong></span> <span class='ocrx_word' id='word_1_274' title='bbox 2585 3556 2770 3622; x_wconf 89' lang='lat' dir='ltr'><strong>cade-</strong></span> 
     </span>
     <span class='ocr_line' id='line_1_39' title="bbox 843 3642 2770 3730; baseline -0.004 -16"><span class='ocrx_word' id='word_1_275' title='bbox 843 3657 975 3714; x_wconf 87' lang='lat' dir='ltr'><strong>ret:</strong></span> <span class='ocrx_word' id='word_1_276' title='bbox 1036 3644 1576 3730; x_wconf 88' lang='lat' dir='ltr'><strong>quemadmodum</strong></span> <span class='ocrx_word' id='word_1_277' title='bbox 1636 3647 1810 3711; x_wconf 90' lang='lat' dir='ltr'><strong>enim</strong></span> <span class='ocrx_word' id='word_1_278' title='bbox 1857 3655 2154 3711; x_wconf 87' lang='lat' dir='ltr'><strong>terrenae</strong></span> <span class='ocrx_word' id='word_1_279' title='bbox 2199 3642 2539 3710; x_wconf 82' lang='lat' dir='ltr'><strong>facultates</strong></span> <span class='ocrx_word' id='word_1_280' title='bbox 2582 3642 2770 3708; x_wconf 89' lang='lat' dir='ltr'><strong>bonis</strong></span> 
     </span>
     <span class='ocr_line' id='line_1_40' title="bbox 846 3730 2771 3816; baseline -0.003 -17"><span class='ocrx_word' id='word_1_281' title='bbox 846 3742 911 3800; x_wconf 87' lang='lat' dir='ltr'><strong>et</strong></span> <span class='ocrx_word' id='word_1_282' title='bbox 955 3732 1174 3816; x_wconf 88' lang='lat' dir='ltr'><strong>impiis</strong></span> <span class='ocrx_word' id='word_1_283' title='bbox 1216 3730 1360 3797; x_wconf 89' lang='lat' dir='ltr'><strong>sine</strong></span> <span class='ocrx_word' id='word_1_284' title='bbox 1402 3731 1773 3797; x_wconf 88' lang='lat' dir='ltr'><strong>discrimine</strong></span> <span class='ocrx_word' id='word_1_285' title='bbox 1815 3732 2220 3814; x_wconf 90' lang='lat' dir='ltr'><strong>contingunt,</strong></span> <span class='ocrx_word' id='word_1_286' title='bbox 2281 3730 2375 3794; x_wconf 89' lang='lat' dir='ltr'><strong>sic</strong></span> <span class='ocrx_word' id='word_1_287' title='bbox 2419 3730 2619 3794; x_wconf 88' lang='lat' dir='ltr'><strong>etiam</strong></span> <span class='ocrx_word' id='word_1_288' title='bbox 2667 3750 2771 3793; x_wconf 87' lang='lat' dir='ltr'><strong>res</strong></span> 
     </span>
     <span class='ocr_line' id='line_1_41' title="bbox 846 3814 2772 3900; baseline -0.004 -14"><span class='ocrx_word' id='word_1_289' title='bbox 846 3819 1162 3886; x_wconf 84' lang='lat' dir='ltr'><strong>adversae</strong></span> <span class='ocrx_word' id='word_1_290' title='bbox 1204 3823 1362 3882; x_wconf 87' lang='lat' dir='ltr'><strong>sunt</strong></span> <span class='ocrx_word' id='word_1_291' title='bbox 1399 3817 1559 3900; x_wconf 90' lang='lat' dir='ltr'><strong>ipsis</strong></span> <span class='ocrx_word' id='word_1_292' title='bbox 1602 3837 1996 3884; x_wconf 90' lang='lat' dir='ltr'><strong>communes.</strong></span> <span class='ocrx_word' id='word_1_293' title='bbox 2086 3814 2525 3897; x_wconf 77' lang='lat' dir='ltr'><strong>Quamobrem</strong></span> <span class='ocrx_word' id='word_1_294' title='bbox 2574 3817 2772 3880; x_wconf 81' lang='lat' dir='ltr'><strong>Anna</strong></span> 
     </span>
     <span class='ocr_line' id='line_1_42' title="bbox 848 3901 2769 3987; baseline -0.004 -16"><span class='ocrx_word' id='word_1_295' title='bbox 848 3905 927 3971; x_wconf 91' lang='lat' dir='ltr'><strong>de</strong></span> <span class='ocrx_word' id='word_1_296' title='bbox 986 3902 1307 3987; x_wconf 83' lang='lat' dir='ltr'><strong>singulari</strong></span> <span class='ocrx_word' id='word_1_297' title='bbox 1360 3902 1486 3969; x_wconf 91' lang='lat' dir='ltr'><strong>hac</strong></span> <span class='ocrx_word' id='word_1_298' title='bbox 1544 3905 1670 3969; x_wconf 90' lang='lat' dir='ltr'><strong>Dei</strong></span> <span class='ocrx_word' id='word_1_299' title='bbox 1727 3901 2179 3969; x_wconf 88' lang='lat' dir='ltr'><strong>benedictione</strong></span> <span class='ocrx_word' id='word_1_300' title='bbox 2222 3901 2515 3984; x_wconf 87' lang='lat' dir='ltr'><strong>loquens,</strong></span> <span class='ocrx_word' id='word_1_301' title='bbox 2574 3902 2769 3965; x_wconf 90' lang='lat' dir='ltr'><strong>etiam</strong></span> 
     </span>
     <span class='ocr_line' id='line_1_43' title="bbox 848 3987 2771 4071; baseline -0.004 -14"><span class='ocrx_word' id='word_1_302' title='bbox 848 3990 930 4057; x_wconf 90' lang='lat' dir='ltr'><strong>ad</strong></span> <span class='ocrx_word' id='word_1_303' title='bbox 966 3990 1146 4055; x_wconf 90' lang='lat' dir='ltr'><strong>illam</strong></span> <span class='ocrx_word' id='word_1_304' title='bbox 1196 3989 1444 4068; x_wconf 79' lang='lat' dir='ltr'><strong>reliqua</strong></span> <span class='ocrx_word' id='word_1_305' title='bbox 1479 3989 1606 4056; x_wconf 90' lang='lat' dir='ltr'><strong>Dei</strong></span> <span class='ocrx_word' id='word_1_306' title='bbox 1641 3989 1954 4056; x_wconf 87' lang='lat' dir='ltr'><strong>beneficia</strong></span> <span class='ocrx_word' id='word_1_307' title='bbox 1997 3987 2300 4071; x_wconf 87' lang='lat' dir='ltr'><strong>applicat,</strong></span> <span class='ocrx_word' id='word_1_308' title='bbox 2346 3987 2581 4069; x_wconf 88' lang='lat' dir='ltr'><strong>quibus</strong></span> <span class='ocrx_word' id='word_1_309' title='bbox 2619 4005 2771 4051; x_wconf 89' lang='lat' dir='ltr'><strong>suos</strong></span> 
     </span>
     <span class='ocr_line' id='line_1_44' title="bbox 846 4071 2773 4158; baseline -0.004 -13"><span class='ocrx_word' id='word_1_310' title='bbox 846 4077 1013 4145; x_wconf 88' lang='lat' dir='ltr'><strong>solet</strong></span> <span class='ocrx_word' id='word_1_311' title='bbox 1044 4094 1162 4158; x_wconf 89' lang='lat' dir='ltr'><strong>pro</strong></span> <span class='ocrx_word' id='word_1_312' title='bbox 1200 4096 1317 4138; x_wconf 79' lang='grc'><strong>666</strong></span> <span class='ocrx_word' id='word_1_313' title='bbox 1355 4076 1641 4141; x_wconf 81' lang='lat' dir='ltr'><strong>bonitate</strong></span> <span class='ocrx_word' id='word_1_314' title='bbox 1675 4084 1742 4140; x_wconf 89' lang='lat' dir='ltr'><strong>et</strong></span> <span class='ocrx_word' id='word_1_315' title='bbox 1776 4073 2120 4141; x_wconf 89' lang='lat' dir='ltr'><strong>clementia</strong></span> <span class='ocrx_word' id='word_1_316' title='bbox 2155 4071 2505 4138; x_wconf 90' lang='lat' dir='ltr'><strong>cumulare.</strong></span> <span class='ocrx_word' id='word_1_317' title='bbox 2596 4071 2773 4138; x_wconf 88' lang='lat' dir='ltr'><strong>Hinc</strong></span> 
     </span>
     <span class='ocr_line' id='line_1_45' title="bbox 848 4158 2775 4241; baseline -0.004 -12"><span class='ocrx_word' id='word_1_318' title='bbox 848 4163 1032 4229; x_wconf 87' lang='lat' dir='ltr'><strong>nobis</strong></span> <span class='ocrx_word' id='word_1_319' title='bbox 1069 4160 1446 4226; x_wconf 77' lang='lat' dir='ltr'><strong>discendum</strong></span> <span class='ocrx_word' id='word_1_320' title='bbox 1485 4176 1604 4238; x_wconf 82' lang='lat' dir='ltr'><strong>est,</strong></span> <span class='ocrx_word' id='word_1_321' title='bbox 1638 4161 1694 4227; x_wconf 89' lang='lat' dir='ltr'><strong>si</strong></span> <span class='ocrx_word' id='word_1_322' title='bbox 1728 4160 1976 4226; x_wconf 86' lang='lat' dir='ltr'><strong>laetitia</strong></span> <span class='ocrx_word' id='word_1_323' title='bbox 2011 4178 2165 4225; x_wconf 82' lang='lat' dir='ltr'><strong>vera</strong></span> <span class='ocrx_word' id='word_1_324' title='bbox 2187 4158 2432 4241; x_wconf 83' lang='lat' dir='ltr'><strong>perfrui</strong></span> <span class='ocrx_word' id='word_1_325' title='bbox 2455 4158 2775 4238; x_wconf 87' lang='lat' dir='ltr'><strong>volumus,</strong></span> 
     </span>
     <span class='ocr_line' id='line_1_46' title="bbox 847 4243 2772 4330; baseline -0.004 -16"><span class='ocrx_word' id='word_1_326' title='bbox 847 4249 1100 4330; x_wconf 89' lang='lat' dir='ltr'><strong>Deique</strong></span> <span class='ocrx_word' id='word_1_327' title='bbox 1167 4245 1476 4312; x_wconf 81' lang='lat' dir='ltr'><strong>beneficia</strong></span> <span class='ocrx_word' id='word_1_328' title='bbox 1533 4267 1603 4313; x_wconf 88' lang='lat' dir='ltr'><strong>re</strong></span> <span class='ocrx_word' id='word_1_329' title='bbox 1661 4248 1804 4329; x_wconf 88' lang='lat' dir='ltr'><strong>ipsa</strong></span> <span class='ocrx_word' id='word_1_330' title='bbox 1849 4246 1916 4310; x_wconf 90' lang='lat' dir='ltr'><strong>in</strong></span> <span class='ocrx_word' id='word_1_331' title='bbox 1963 4267 2084 4311; x_wconf 90' lang='lat' dir='ltr'><strong>nos</strong></span> <span class='ocrx_word' id='word_1_332' title='bbox 2128 4243 2410 4310; x_wconf 83' lang='lat' dir='ltr'><strong>derivari</strong></span> <span class='ocrx_word' id='word_1_333' title='bbox 2455 4245 2772 4327; x_wconf 89' lang='lat' dir='ltr'><strong>cupimus,</strong></span> 
     </span>
     <span class='ocr_line' id='line_1_47' title="bbox 845 4331 2773 4408; baseline -0.004 -8"><span class='ocrx_word' id='word_1_334' title='bbox 845 4343 922 4400; x_wconf 85' lang='lat' dir='ltr'><strong>ut</strong></span> <span class='ocrx_word' id='word_1_335' title='bbox 985 4335 1040 4398; x_wconf 87' lang='lat' dir='ltr'><strong>si</strong></span> <span class='ocrx_word' id='word_1_336' title='bbox 1109 4331 1277 4397; x_wconf 86' lang='lat' dir='ltr'><strong>forte</strong></span> <span class='ocrx_word' id='word_1_337' title='bbox 1340 4332 1551 4396; x_wconf 89' lang='lat' dir='ltr'><strong>nostri</strong></span> <span class='ocrx_word' id='word_1_338' title='bbox 1615 4332 1800 4398; x_wconf 87' lang='lat' dir='ltr'><strong>Deus</strong></span> <span class='ocrx_word' id='word_1_339' title='bbox 1864 4332 2105 4397; x_wconf 89' lang='lat' dir='ltr'><strong>oblitus</strong></span> <span class='ocrx_word' id='word_1_340' title='bbox 2162 4331 2508 4408; x_wconf 76' lang='lat' dir='ltr'><strong>videbitur,</strong></span> <span class='ocrx_word' id='word_1_341' title='bbox 2575 4341 2691 4395; x_wconf 89' lang='lat' dir='ltr'><strong>aut</strong></span> <span class='ocrx_word' id='word_1_342' title='bbox 2734 4351 2773 4393; x_wconf 89' lang='lat' dir='ltr'><strong>a</strong></span> 
     </span>
     <span class='ocr_line' id='line_1_48' title="bbox 844 4415 2772 4493; baseline -0.003 -7"><span class='ocrx_word' id='word_1_343' title='bbox 844 4417 1032 4486; x_wconf 89' lang='lat' dir='ltr'><strong>nobis</strong></span> <span class='ocrx_word' id='word_1_344' title='bbox 1072 4417 1304 4482; x_wconf 71' lang='lat' dir='ltr'><strong>facicm</strong></span> <span class='ocrx_word' id='word_1_345' title='bbox 1348 4418 1719 4493; x_wconf 83' lang='lat' dir='ltr'><strong>occultasse,</strong></span> <span class='ocrx_word' id='word_1_346' title='bbox 1764 4417 1924 4483; x_wconf 89' lang='lat' dir='ltr'><strong>adeo</strong></span> <span class='ocrx_word' id='word_1_347' title='bbox 1961 4429 2033 4482; x_wconf 91' lang='lat' dir='ltr'><strong>ut</strong></span> <span class='ocrx_word' id='word_1_348' title='bbox 2071 4417 2378 4483; x_wconf 88' lang='lat' dir='ltr'><strong>bonitatis</strong></span> <span class='ocrx_word' id='word_1_349' title='bbox 2412 4418 2551 4484; x_wconf 90' lang='lat' dir='ltr'><strong>eius</strong></span> <span class='ocrx_word' id='word_1_350' title='bbox 2589 4415 2772 4480; x_wconf 91' lang='lat' dir='ltr'><strong>nulla</strong></span> 
     </span>
     <span class='ocr_line' id='line_1_49' title="bbox 846 4500 2770 4584; baseline -0.001 -14"><span class='ocrx_word' id='word_1_351' title='bbox 846 4504 1130 4570; x_wconf 80' lang='lat' dir='ltr'><strong>visibilia</strong></span> <span class='ocrx_word' id='word_1_352' title='bbox 1175 4504 1403 4567; x_wconf 59' lang='lat' dir='ltr'><strong>effecta</strong></span> <span class='ocrx_word' id='word_1_353' title='bbox 1446 4504 1826 4582; x_wconf 87' lang='lat' dir='ltr'><strong>sentiamus,</strong></span> <span class='ocrx_word' id='word_1_354' title='bbox 1872 4515 2089 4568; x_wconf 89' lang='lat' dir='ltr'><strong>tamen</strong></span> <span class='ocrx_word' id='word_1_355' title='bbox 2135 4515 2314 4569; x_wconf 89' lang='lat' dir='ltr'><strong>certa</strong></span> <span class='ocrx_word' id='word_1_356' title='bbox 2350 4500 2589 4567; x_wconf 84' lang='lat' dir='ltr'><strong>fiducia</strong></span> <span class='ocrx_word' id='word_1_357' title='bbox 2625 4523 2770 4584; x_wconf 91' lang='lat' dir='ltr'><strong>pro-</strong></span> 
     </span>
     <span class='ocr_line' id='line_1_50' title="bbox 846 4589 2771 4673; baseline -0.001 -18"><span class='ocrx_word' id='word_1_358' title='bbox 846 4591 1183 4657; x_wconf 88' lang='lat' dir='ltr'><strong>missiones</strong></span> <span class='ocrx_word' id='word_1_359' title='bbox 1216 4589 1426 4673; x_wconf 86' lang='lat' dir='ltr'><strong>ipsius</strong></span> <span class='ocrx_word' id='word_1_360' title='bbox 1470 4605 1939 4673; x_wconf 75' lang='lat' dir='ltr'><strong>exspectemus.</strong></span> <span class='ocrx_word' id='word_1_361' title='bbox 2030 4589 2280 4655; x_wconf 85' lang='lat' dir='ltr'><strong>Fidelis</strong></span> <span class='ocrx_word' id='word_1_362' title='bbox 2324 4589 2499 4654; x_wconf 89' lang='lat' dir='ltr'><strong>enim</strong></span> <span class='ocrx_word' id='word_1_363' title='bbox 2540 4598 2659 4666; x_wconf 80' lang='lat' dir='ltr'><strong>est,</strong></span> <span class='ocrx_word' id='word_1_364' title='bbox 2706 4599 2771 4654; x_wconf 89' lang='lat' dir='ltr'><strong>et</strong></span> 
     </span>
     <span class='ocr_line' id='line_1_51' title="bbox 847 4674 2768 4759; baseline -0.001 -18"><span class='ocrx_word' id='word_1_365' title='bbox 847 4696 1180 4759; x_wconf 87' lang='lat' dir='ltr'><strong>nunquam</strong></span> <span class='ocrx_word' id='word_1_366' title='bbox 1260 4695 1568 4757; x_wconf 82' lang='lat' dir='ltr'><strong>passurus</strong></span> <span class='ocrx_word' id='word_1_367' title='bbox 1647 4682 1720 4739; x_wconf 89' lang='lat' dir='ltr'><strong>ut</strong></span> <span class='ocrx_word' id='word_1_368' title='bbox 1783 4674 2093 4758; x_wconf 89' lang='lat' dir='ltr'><strong>periculis</strong></span> <span class='ocrx_word' id='word_1_369' title='bbox 2154 4677 2524 4751; x_wconf 88' lang='lat' dir='ltr'><strong>obruamur,</strong></span> <span class='ocrx_word' id='word_1_370' title='bbox 2613 4675 2768 4755; x_wconf 90' lang='lat' dir='ltr'><strong>quin</strong></span> 
     </span>
     <span class='ocr_line' id='line_1_52' title="bbox 847 4759 2768 4844; baseline 0.001 -19"><span class='ocrx_word' id='word_1_371' title='bbox 847 4761 1096 4827; x_wconf 78' lang='lat' dir='ltr'><strong>felicem</strong></span> <span class='ocrx_word' id='word_1_372' title='bbox 1139 4761 1387 4826; x_wconf 88' lang='lat' dir='ltr'><strong>exitum</strong></span> <span class='ocrx_word' id='word_1_373' title='bbox 1453 4759 1718 4827; x_wconf 83' lang='lat' dir='ltr'><strong>tandem</strong></span> <span class='ocrx_word' id='word_1_374' title='bbox 1772 4781 2310 4844; x_wconf 89' lang='lat' dir='ltr'><strong>quarumcunque</strong></span> <span class='ocrx_word' id='word_1_375' title='bbox 2356 4760 2768 4825; x_wconf 89' lang='lat' dir='ltr'><strong>miseriarum</strong></span> 
     </span>
     <span class='ocr_line' id='line_1_53' title="bbox 848 4846 2768 4930; baseline -0.002 -18"><span class='ocrx_word' id='word_1_376' title='bbox 848 4848 1277 4930; x_wconf 87' lang='lat' dir='ltr'><strong>experiamur.</strong></span> <span class='ocrx_word' id='word_1_377' title='bbox 1365 4846 1552 4912; x_wconf 87' lang='lat' dir='ltr'><strong>Haec</strong></span> <span class='ocrx_word' id='word_1_378' title='bbox 1616 4847 1810 4913; x_wconf 90' lang='lat' dir='ltr'><strong>unica</strong></span> <span class='ocrx_word' id='word_1_379' title='bbox 1873 4858 1939 4912; x_wconf 93' lang='lat' dir='ltr'><strong>et</strong></span> <span class='ocrx_word' id='word_1_380' title='bbox 2005 4868 2160 4912; x_wconf 85' lang='lat' dir='ltr'><strong>vera</strong></span> <span class='ocrx_word' id='word_1_381' title='bbox 2223 4846 2469 4912; x_wconf 88' lang='lat' dir='ltr'><strong>laetitia</strong></span> <span class='ocrx_word' id='word_1_382' title='bbox 2535 4858 2634 4911; x_wconf 88' lang='lat' dir='ltr'><strong>est</strong></span> <span class='ocrx_word' id='word_1_383' title='bbox 2695 4847 2768 4911; x_wconf 93' lang='lat' dir='ltr'><strong>in</strong></span> 
     </span>
     <span class='ocr_line' id='line_1_54' title="bbox 850 4931 2765 5015; baseline 0.001 -19"><span class='ocrx_word' id='word_1_384' title='bbox 850 4931 1132 4997; x_wconf 90' lang='lat' dir='ltr'><strong>Domino</strong></span> <span class='ocrx_word' id='word_1_385' title='bbox 1159 4932 1423 4998; x_wconf 89' lang='lat' dir='ltr'><strong>laetari:</strong></span> <span class='ocrx_word' id='word_1_386' title='bbox 1465 4932 1625 4997; x_wconf 88' lang='lat' dir='ltr'><strong>haec</strong></span> <span class='ocrx_word' id='word_1_387' title='bbox 1675 4954 2005 5015; x_wconf 89' lang='lat' dir='ltr'><strong>nunquam</strong></span> <span class='ocrx_word' id='word_1_388' title='bbox 2052 4954 2218 4998; x_wconf 83' lang='lat' dir='ltr'><strong>vana</strong></span> <span class='ocrx_word' id='word_1_389' title='bbox 2261 4946 2360 4999; x_wconf 91' lang='lat' dir='ltr'><strong>est</strong></span> <span class='ocrx_word' id='word_1_390' title='bbox 2404 4942 2518 4998; x_wconf 90' lang='lat' dir='ltr'><strong>aut</strong></span> <span class='ocrx_word' id='word_1_391' title='bbox 2548 4931 2765 4998; x_wconf 88' lang='lat' dir='ltr'><strong>irrita:</strong></span> 
     </span>
     <span class='ocr_line' id='line_1_55' title="bbox 847 5017 2766 5103; baseline 0.001 -22"><span class='ocrx_word' id='word_1_392' title='bbox 847 5038 1062 5099; x_wconf 90' lang='lat' dir='ltr'><strong>neque</strong></span> <span class='ocrx_word' id='word_1_393' title='bbox 1106 5019 1279 5083; x_wconf 89' lang='lat' dir='ltr'><strong>enim</strong></span> <span class='ocrx_word' id='word_1_394' title='bbox 1320 5019 1501 5085; x_wconf 86' lang='lat' dir='ltr'><strong>Deus</strong></span> <span class='ocrx_word' id='word_1_395' title='bbox 1542 5017 1767 5084; x_wconf 85' lang='lat' dir='ltr'><strong>fideles</strong></span> <span class='ocrx_word' id='word_1_396' title='bbox 1826 5039 2113 5101; x_wconf 89' lang='lat' dir='ltr'><strong>unquam</strong></span> <span class='ocrx_word' id='word_1_397' title='bbox 2174 5041 2288 5103; x_wconf 91' lang='lat' dir='ltr'><strong>spe</strong></span> <span class='ocrx_word' id='word_1_398' title='bbox 2326 5018 2524 5084; x_wconf 88' lang='lat' dir='ltr'><strong>lactat</strong></span> <span class='ocrx_word' id='word_1_399' title='bbox 2567 5018 2766 5083; x_wconf 86' lang='lat' dir='ltr'><strong>inani.</strong></span> 
     </span>
     <span class='ocr_line' id='line_1_56' title="bbox 850 5100 2770 5183; baseline 0.001 -16"><span class='ocrx_word' id='word_1_400' title='bbox 850 5100 1026 5183; x_wconf 77' lang='lat' dir='ltr'><strong>Quin</strong></span> <span class='ocrx_word' id='word_1_401' title='bbox 1093 5104 1220 5169; x_wconf 88' lang='lat' dir='ltr'><strong>imo</strong></span> <span class='ocrx_word' id='word_1_402' title='bbox 1286 5105 1386 5170; x_wconf 86' lang='lat' dir='ltr'><strong>aio</strong></span> <span class='ocrx_word' id='word_1_403' title='bbox 1451 5103 1646 5169; x_wconf 89' lang='lat' dir='ltr'><strong>etiam</strong></span> <span class='ocrx_word' id='word_1_404' title='bbox 1707 5104 1976 5170; x_wconf 89' lang='lat' dir='ltr'><strong>minime</strong></span> <span class='ocrx_word' id='word_1_405' title='bbox 2032 5106 2399 5171; x_wconf 90' lang='lat' dir='ltr'><strong>mirandum</strong></span> <span class='ocrx_word' id='word_1_406' title='bbox 2460 5104 2511 5169; x_wconf 90' lang='lat' dir='ltr'><strong>si</strong></span> <span class='ocrx_word' id='word_1_407' title='bbox 2572 5105 2770 5169; x_wconf 87' lang='lat' dir='ltr'><strong>rebus</strong></span> 
     </span>
     <span class='ocr_line' id='line_1_57' title="bbox 846 5187 2771 5276; baseline 0 -21"><span class='ocrx_word' id='word_1_408' title='bbox 846 5187 1146 5255; x_wconf 84' lang='lat' dir='ltr'><strong>secundis</strong></span> <span class='ocrx_word' id='word_1_409' title='bbox 1224 5197 1290 5255; x_wconf 91' lang='lat' dir='ltr'><strong>et</strong></span> <span class='ocrx_word' id='word_1_410' title='bbox 1359 5190 1706 5276; x_wconf 80' lang='lat' dir='ltr'><strong>prosperis,</strong></span> <span class='ocrx_word' id='word_1_411' title='bbox 1795 5189 1980 5256; x_wconf 88' lang='lat' dir='ltr'><strong>nulla</strong></span> <span class='ocrx_word' id='word_1_412' title='bbox 2042 5212 2230 5275; x_wconf 87' lang='lat' dir='ltr'><strong>saepe</strong></span> <span class='ocrx_word' id='word_1_413' title='bbox 2298 5212 2456 5258; x_wconf 82' lang='lat' dir='ltr'><strong>vera</strong></span> <span class='ocrx_word' id='word_1_414' title='bbox 2520 5190 2771 5257; x_wconf 89' lang='lat' dir='ltr'><strong>laetitia</strong></span> 
     </span>
    </p>
   </div>
   <div class='ocr_carea' id='block_1_3' title="bbox 2558 273 3105 344">
    <p class='ocr_par' dir='ltr' id='par_1_4' title="bbox 2558 273 3105 344">
     <span class='ocr_line' id='line_1_58' title="bbox 2558 273 3105 344; baseline 0.005 -3"><span class='ocrx_word' id='word_1_415' title='bbox 2558 273 2973 344; x_wconf 79' lang='lat' dir='ltr'>HOMILIA</span> <span class='ocrx_word' id='word_1_416' title='bbox 3017 279 3105 344; x_wconf 88' lang='lat' dir='ltr'><strong>V.</strong></span> 
     </span>
    </p>
   </div>
   <div class='ocr_carea' id='block_1_4' title="bbox 4647 288 4748 355">
    <p class='ocr_par' dir='ltr' id='par_1_5' title="bbox 4647 288 4748 355">
     <span class='ocr_line' id='line_1_59' title="bbox 4647 288 4748 355; baseline 0 0"><span class='ocrx_word' id='word_1_417' title='bbox 4647 288 4748 355; x_wconf 78' lang='lat'><strong>288</strong></span> 
     </span>
    </p>
   </div>
   <div class='ocr_carea' id='block_1_5' title="bbox 2873 467 4784 5274">
    <p class='ocr_par' dir='ltr' id='par_1_6' title="bbox 2874 467 4766 1839">
     <span class='ocr_line' id='line_1_60' title="bbox 2874 467 4751 553; baseline 0.007 -23"><span class='ocrx_word' id='word_1_418' title='bbox 2874 467 3158 533; x_wconf 84' lang='lat' dir='ltr'><strong>fruimur</strong></span> <span class='ocrx_word' id='word_1_419' title='bbox 3214 489 3253 534; x_wconf 89' lang='lat' dir='ltr'><strong>a</strong></span> <span class='ocrx_word' id='word_1_420' title='bbox 3310 467 3474 550; x_wconf 90' lang='lat' dir='ltr'><strong>Deo,</strong></span> <span class='ocrx_word' id='word_1_421' title='bbox 3532 468 3705 553; x_wconf 87' lang='lat' dir='ltr'><strong>quod</strong></span> <span class='ocrx_word' id='word_1_422' title='bbox 3765 468 4078 535; x_wconf 90' lang='lat' dir='ltr'><strong>nimirum</strong></span> <span class='ocrx_word' id='word_1_423' title='bbox 4136 469 4218 535; x_wconf 87' lang='lat' dir='ltr'><strong>ab</strong></span> <span class='ocrx_word' id='word_1_424' title='bbox 4277 469 4415 553; x_wconf 90' lang='lat' dir='ltr'><strong>ipso</strong></span> <span class='ocrx_word' id='word_1_425' title='bbox 4469 472 4614 540; x_wconf 88' lang='grc'><strong>611111</strong></span> <span class='ocrx_word' id='word_1_426' title='bbox 4664 497 4751 543; x_wconf 86' lang='lat' dir='ltr'><strong>ex-</strong></span> 
     </span>
     <span class='ocr_line' id='line_1_61' title="bbox 2874 555 4751 644; baseline 0.005 -27"><span class='ocrx_word' id='word_1_427' title='bbox 2874 566 3264 636; x_wconf 84' lang='lat' dir='ltr'><strong>spectemus,</strong></span> <span class='ocrx_word' id='word_1_428' title='bbox 3332 575 3407 621; x_wconf 90' lang='grc'><strong>66</strong></span> <span class='ocrx_word' id='word_1_429' title='bbox 3464 556 3672 621; x_wconf 82' lang='lat' dir='ltr'><strong>veluti</strong></span> <span class='ocrx_word' id='word_1_430' title='bbox 3719 555 4012 620; x_wconf 89' lang='lat' dir='ltr'><strong>clausum</strong></span> <span class='ocrx_word' id='word_1_431' title='bbox 4057 577 4128 621; x_wconf 93' lang='lat' dir='ltr'><strong>os</strong></span> <span class='ocrx_word' id='word_1_432' title='bbox 4178 556 4539 632; x_wconf 83' lang='lat' dir='ltr'><strong>habeamus,</strong></span> <span class='ocrx_word' id='word_1_433' title='bbox 4591 581 4751 644; x_wconf 86' lang='lat' dir='ltr'><strong>quum</strong></span> 
     </span>
     <span class='ocr_line' id='line_1_62' title="bbox 2875 641 4752 724; baseline 0.005 -20"><span class='ocrx_word' id='word_1_434' title='bbox 2875 652 3105 705; x_wconf 86' lang='lat' dir='ltr'><strong>contra</strong></span> <span class='ocrx_word' id='word_1_435' title='bbox 3149 641 3216 704; x_wconf 91' lang='lat' dir='ltr'><strong>in</strong></span> <span class='ocrx_word' id='word_1_436' title='bbox 3271 643 3590 724; x_wconf 89' lang='lat' dir='ltr'><strong>angustiis</strong></span> <span class='ocrx_word' id='word_1_437' title='bbox 3635 642 3977 707; x_wconf 78' lang='lat' dir='ltr'><strong>constituti</strong></span> <span class='ocrx_word' id='word_1_438' title='bbox 4022 654 4088 705; x_wconf 91' lang='lat' dir='ltr'><strong>et</strong></span> <span class='ocrx_word' id='word_1_439' title='bbox 4127 642 4431 707; x_wconf 85' lang='lat' dir='ltr'><strong>maximis</strong></span> <span class='ocrx_word' id='word_1_440' title='bbox 4467 644 4605 709; x_wconf 87' lang='lat' dir='ltr'><strong>hinc</strong></span> <span class='ocrx_word' id='word_1_441' title='bbox 4633 648 4752 715; x_wconf 88' lang='lat' dir='ltr'><strong>inde</strong></span> 
     </span>
     <span class='ocr_line' id='line_1_63' title="bbox 2876 725 4750 809; baseline 0.005 -20"><span class='ocrx_word' id='word_1_442' title='bbox 2876 725 3180 808; x_wconf 88' lang='lat' dir='ltr'><strong>periculis</strong></span> <span class='ocrx_word' id='word_1_443' title='bbox 3250 727 3431 790; x_wconf 81' lang='lat' dir='ltr'><strong>velut</strong></span> <span class='ocrx_word' id='word_1_444' title='bbox 3496 727 3727 804; x_wconf 87' lang='lat' dir='ltr'><strong>obruti,</strong></span> <span class='ocrx_word' id='word_1_445' title='bbox 3799 739 3958 792; x_wconf 88' lang='lat' dir='ltr'><strong>tunc</strong></span> <span class='ocrx_word' id='word_1_446' title='bbox 4018 741 4246 809; x_wconf 86' lang='lat' dir='ltr'><strong>aperto</strong></span> <span class='ocrx_word' id='word_1_447' title='bbox 4305 727 4387 792; x_wconf 89' lang='lat' dir='ltr'><strong>ad</strong></span> <span class='ocrx_word' id='word_1_448' title='bbox 4448 728 4750 799; x_wconf 86' lang='lat' dir='ltr'><strong>Dominum</strong></span> 
     </span>
     <span class='ocr_line' id='line_1_64' title="bbox 2874 811 4754 896; baseline 0.007 -22"><span class='ocrx_word' id='word_1_449' title='bbox 2874 832 2986 875; x_wconf 88' lang='lat' dir='ltr'><strong>ore</strong></span> <span class='ocrx_word' id='word_1_450' title='bbox 3047 811 3422 891; x_wconf 89' lang='lat' dir='ltr'><strong>clamantes,</strong></span> <span class='ocrx_word' id='word_1_451' title='bbox 3481 834 3585 877; x_wconf 90' lang='lat' dir='ltr'><strong>res</strong></span> <span class='ocrx_word' id='word_1_452' title='bbox 3647 814 3725 876; x_wconf 87' lang='lat' dir='ltr'><strong>ab</strong></span> <span class='ocrx_word' id='word_1_453' title='bbox 3787 812 3928 895; x_wconf 89' lang='lat' dir='ltr'><strong>ipso</strong></span> <span class='ocrx_word' id='word_1_454' title='bbox 3990 812 4291 878; x_wconf 89' lang='lat' dir='ltr'><strong>meliores</strong></span> <span class='ocrx_word' id='word_1_455' title='bbox 4335 831 4754 896; x_wconf 86' lang='lat' dir='ltr'><strong>exspectemus.</strong></span> 
     </span>
     <span class='ocr_line' id='line_1_65' title="bbox 2875 894 4756 984; baseline 0.004 -24"><span class='ocrx_word' id='word_1_456' title='bbox 2875 894 3050 977; x_wconf 77' lang='lat' dir='ltr'><strong>Quid</strong></span> <span class='ocrx_word' id='word_1_457' title='bbox 3096 898 3200 960; x_wconf 88' lang='lat' dir='ltr'><strong>hic</strong></span> <span class='ocrx_word' id='word_1_458' title='bbox 3246 907 3460 962; x_wconf 87' lang='lat' dir='ltr'><strong>autem</strong></span> <span class='ocrx_word' id='word_1_459' title='bbox 3510 908 3662 983; x_wconf 86' lang='lat' dir='ltr'><strong>agat</strong></span> <span class='ocrx_word' id='word_1_460' title='bbox 3710 897 4077 962; x_wconf 79' lang='lat' dir='ltr'><strong>Dominus?</strong></span> <span class='ocrx_word' id='word_1_461' title='bbox 4147 898 4336 977; x_wconf 89' lang='lat' dir='ltr'><strong>Nam,</strong></span> <span class='ocrx_word' id='word_1_462' title='bbox 4399 920 4526 977; x_wconf 89' lang='lat' dir='ltr'><strong>oro,</strong></span> <span class='ocrx_word' id='word_1_463' title='bbox 4568 903 4756 984; x_wconf 88' lang='lat' dir='ltr'><strong>quibus</strong></span> 
     </span>
     <span class='ocr_line' id='line_1_66' title="bbox 2876 981 4756 1068; baseline 0.004 -23"><span class='ocrx_word' id='word_1_464' title='bbox 2876 981 3168 1048; x_wconf 89' lang='lat' dir='ltr'><strong>obicibus</strong></span> <span class='ocrx_word' id='word_1_465' title='bbox 3212 994 3278 1047; x_wconf 93' lang='lat' dir='ltr'><strong>et</strong></span> <span class='ocrx_word' id='word_1_466' title='bbox 3326 984 3653 1068; x_wconf 80' lang='lat' dir='ltr'><strong>repagulis</strong></span> <span class='ocrx_word' id='word_1_467' title='bbox 3701 985 3822 1048; x_wconf 91' lang='lat' dir='ltr'><strong>Dei</strong></span> <span class='ocrx_word' id='word_1_468' title='bbox 3871 984 4166 1049; x_wconf 66' lang='lat' dir='ltr'><strong>beneficii</strong></span> <span class='ocrx_word' id='word_1_469' title='bbox 4214 1005 4371 1068; x_wconf 88' lang='lat' dir='ltr'><strong>erga</strong></span> <span class='ocrx_word' id='word_1_470' title='bbox 4412 1005 4525 1050; x_wconf 90' lang='lat' dir='ltr'><strong>nos</strong></span> <span class='ocrx_word' id='word_1_471' title='bbox 4562 990 4756 1053; x_wconf 86' lang='lat' dir='ltr'><strong>ostium</strong></span> 
     </span>
     <span class='ocr_line' id='line_1_67' title="bbox 2874 1067 4754 1155; baseline 0.004 -23"><span class='ocrx_word' id='word_1_472' title='bbox 2874 1067 3321 1135; x_wconf 81' lang='lat' dir='ltr'><strong>occludimus?</strong></span> <span class='ocrx_word' id='word_1_473' title='bbox 3369 1069 3592 1150; x_wconf 80' lang='lat' dir='ltr'><strong>Quare</strong></span> <span class='ocrx_word' id='word_1_474' title='bbox 3639 1069 4020 1134; x_wconf 87' lang='lat' dir='ltr'><strong>discendum</strong></span> <span class='ocrx_word' id='word_1_475' title='bbox 4073 1074 4301 1135; x_wconf 89' lang='lat' dir='ltr'><strong>Annae</strong></span> <span class='ocrx_word' id='word_1_476' title='bbox 4348 1071 4632 1155; x_wconf 85' lang='lat' dir='ltr'><strong>exemplo</strong></span> <span class='ocrx_word' id='word_1_477' title='bbox 4663 1085 4754 1153; x_wconf 83' lang='lat' dir='ltr'><strong>est,</strong></span> 
     </span>
     <span class='ocr_line' id='line_1_68' title="bbox 2879 1153 4758 1238; baseline 0.003 -19"><span class='ocrx_word' id='word_1_478' title='bbox 2879 1164 3040 1220; x_wconf 89' lang='lat' dir='ltr'><strong>tunc</strong></span> <span class='ocrx_word' id='word_1_479' title='bbox 3087 1155 3270 1219; x_wconf 89' lang='lat' dir='ltr'><strong>nobis</strong></span> <span class='ocrx_word' id='word_1_480' title='bbox 3306 1153 3722 1238; x_wconf 89' lang='lat' dir='ltr'><strong>gaudendum</strong></span> <span class='ocrx_word' id='word_1_481' title='bbox 3760 1177 3901 1220; x_wconf 90' lang='lat' dir='ltr'><strong>esse</strong></span> <span class='ocrx_word' id='word_1_482' title='bbox 3940 1158 4243 1231; x_wconf 86' lang='lat' dir='ltr'><strong>maxime,</strong></span> <span class='ocrx_word' id='word_1_483' title='bbox 4288 1177 4486 1238; x_wconf 90' lang='lat' dir='ltr'><strong>quum</strong></span> <span class='ocrx_word' id='word_1_484' title='bbox 4522 1161 4758 1224; x_wconf 80' lang='lat' dir='ltr'><strong>maxime</strong></span> 
     </span>
     <span class='ocr_line' id='line_1_69' title="bbox 2877 1240 4758 1309; baseline 0.003 -5"><span class='ocrx_word' id='word_1_485' title='bbox 2877 1240 3256 1305; x_wconf 89' lang='lat' dir='ltr'><strong>turbulenta</strong></span> <span class='ocrx_word' id='word_1_486' title='bbox 3299 1252 3495 1306; x_wconf 90' lang='lat' dir='ltr'><strong>erunt</strong></span> <span class='ocrx_word' id='word_1_487' title='bbox 3540 1242 3794 1305; x_wconf 90' lang='lat' dir='ltr'><strong>omnia:</strong></span> <span class='ocrx_word' id='word_1_488' title='bbox 3842 1263 3916 1306; x_wconf 91' lang='lat' dir='ltr'><strong>ac</strong></span> <span class='ocrx_word' id='word_1_489' title='bbox 3961 1241 4111 1306; x_wconf 90' lang='lat' dir='ltr'><strong>licet</strong></span> <span class='ocrx_word' id='word_1_490' title='bbox 4149 1240 4361 1306; x_wconf 90' lang='lat' dir='ltr'><strong>nullas</strong></span> <span class='ocrx_word' id='word_1_491' title='bbox 4400 1245 4758 1309; x_wconf 87' lang='lat' dir='ltr'><strong>miseriarum</strong></span> 
     </span>
     <span class='ocr_line' id='line_1_70' title="bbox 2877 1326 4760 1410; baseline 0.003 -19"><span class='ocrx_word' id='word_1_492' title='bbox 2877 1327 3029 1391; x_wconf 86' lang='lat' dir='ltr'><strong>finis</strong></span> <span class='ocrx_word' id='word_1_493' title='bbox 3083 1339 3191 1391; x_wconf 87' lang='lat' dir='ltr'><strong>aut</strong></span> <span class='ocrx_word' id='word_1_494' title='bbox 3254 1329 3470 1391; x_wconf 87' lang='lat' dir='ltr'><strong>exitus</strong></span> <span class='ocrx_word' id='word_1_495' title='bbox 3514 1337 3857 1410; x_wconf 87' lang='lat' dir='ltr'><strong>appareat:</strong></span> <span class='ocrx_word' id='word_1_496' title='bbox 3920 1326 4048 1390; x_wconf 91' lang='lat' dir='ltr'><strong>Dei</strong></span> <span class='ocrx_word' id='word_1_497' title='bbox 4095 1328 4364 1392; x_wconf 85' lang='lat' dir='ltr'><strong>verbum</strong></span> <span class='ocrx_word' id='word_1_498' title='bbox 4412 1327 4480 1393; x_wconf 90' lang='lat' dir='ltr'><strong>in</strong></span> <span class='ocrx_word' id='word_1_499' title='bbox 4523 1330 4760 1396; x_wconf 81' lang='lat' dir='ltr'><strong>tenebris</strong></span> 
     </span>
     <span class='ocr_line' id='line_1_71' title="bbox 2875 1410 4763 1495; baseline 0.003 -21"><span class='ocrx_word' id='word_1_500' title='bbox 2875 1410 3280 1478; x_wconf 88' lang='lat' dir='ltr'><strong>densissimis</strong></span> <span class='ocrx_word' id='word_1_501' title='bbox 3363 1425 3674 1495; x_wconf 90' lang='lat' dir='ltr'><strong>tanquam</strong></span> <span class='ocrx_word' id='word_1_502' title='bbox 3759 1410 4284 1477; x_wconf 88' lang='lat' dir='ltr'><strong>ardentissimam</strong></span> <span class='ocrx_word' id='word_1_503' title='bbox 4353 1413 4554 1479; x_wconf 81' lang='lat' dir='ltr'><strong>facem</strong></span> <span class='ocrx_word' id='word_1_504' title='bbox 4616 1416 4763 1481; x_wconf 86' lang='lat' dir='ltr'><strong>uobis</strong></span> 
     </span>
     <span class='ocr_line' id='line_1_72' title="bbox 2875 1498 4761 1582; baseline 0.001 -18"><span class='ocrx_word' id='word_1_505' title='bbox 2875 1498 3299 1581; x_wconf 86' lang='lat' dir='ltr'><strong>sequendum,</strong></span> <span class='ocrx_word' id='word_1_506' title='bbox 3367 1519 3535 1581; x_wconf 90' lang='grc'><strong>6666</strong></span> <span class='ocrx_word' id='word_1_507' title='bbox 3595 1501 3777 1582; x_wconf 90' lang='lat' dir='ltr'><strong>prius</strong></span> <span class='ocrx_word' id='word_1_508' title='bbox 3821 1499 4079 1564; x_wconf 85' lang='lat' dir='ltr'><strong>occulta</strong></span> <span class='ocrx_word' id='word_1_509' title='bbox 4124 1499 4507 1579; x_wconf 84' lang='lat' dir='ltr'><strong>patefaciat:</strong></span> <span class='ocrx_word' id='word_1_510' title='bbox 4580 1514 4637 1565; x_wconf 92' lang='lat' dir='ltr'><strong>et</strong></span> <span class='ocrx_word' id='word_1_511' title='bbox 4673 1500 4761 1565; x_wconf 85' lang='lat' dir='ltr'><strong>ad·</strong></span> 
     </span>
     <span class='ocr_line' id='line_1_73' title="bbox 2877 1584 4762 1665; baseline 0.001 -16"><span class='ocrx_word' id='word_1_512' title='bbox 2877 1605 3105 1649; x_wconf 80' lang='lat' dir='ltr'><strong>vorsus</strong></span> <span class='ocrx_word' id='word_1_513' title='bbox 3176 1597 3466 1648; x_wconf 90' lang='lat' dir='ltr'><strong>nostram</strong></span> <span class='ocrx_word' id='word_1_514' title='bbox 3541 1585 3992 1648; x_wconf 84' lang='lat' dir='ltr'><strong>infirmitatem</strong></span> <span class='ocrx_word' id='word_1_515' title='bbox 4038 1584 4482 1650; x_wconf 89' lang='lat' dir='ltr'><strong>dimicandum</strong></span> <span class='ocrx_word' id='word_1_516' title='bbox 4538 1586 4762 1665; x_wconf 89' lang='lat' dir='ltr'><strong>tamdiu,</strong></span> 
     </span>
     <span class='ocr_line' id='line_1_74' title="bbox 2877 1668 4766 1737; baseline 0.002 -3"><span class='ocrx_word' id='word_1_517' title='bbox 2877 1670 3030 1734; x_wconf 91' lang='lat' dir='ltr'><strong>dum</strong></span> <span class='ocrx_word' id='word_1_518' title='bbox 3076 1690 3116 1733; x_wconf 90' lang='lat' dir='ltr'><strong>a</strong></span> <span class='ocrx_word' id='word_1_519' title='bbox 3159 1668 3302 1734; x_wconf 92' lang='lat' dir='ltr'><strong>Deo</strong></span> <span class='ocrx_word' id='word_1_520' title='bbox 3338 1669 3805 1735; x_wconf 85' lang='lat' dir='ltr'><strong>sufficientibus</strong></span> <span class='ocrx_word' id='word_1_521' title='bbox 3858 1670 4106 1734; x_wconf 83' lang='lat' dir='ltr'><strong>viribus</strong></span> <span class='ocrx_word' id='word_1_522' title='bbox 4145 1671 4448 1737; x_wconf 86' lang='lat' dir='ltr'><strong>instructi</strong></span> <span class='ocrx_word' id='word_1_523' title='bbox 4505 1672 4766 1737; x_wconf 85' lang='lat' dir='ltr'><strong>audacter</strong></span> 
     </span>
     <span class='ocr_line' id='line_1_75' title="bbox 2874 1754 4493 1839; baseline 0 -18"><span class='ocrx_word' id='word_1_524' title='bbox 2874 1754 3190 1821; x_wconf 86' lang='lat' dir='ltr'><strong>adversus</strong></span> <span class='ocrx_word' id='word_1_525' title='bbox 3233 1776 3663 1839; x_wconf 89' lang='grc'><strong>6666666666</strong></span> <span class='ocrx_word' id='word_1_526' title='bbox 3709 1754 3995 1839; x_wconf 82' lang='lat' dir='ltr'><strong>pericula</strong></span> <span class='ocrx_word' id='word_1_527' title='bbox 4039 1755 4493 1822; x_wconf 60' lang='lat' dir='ltr'><strong>subsistamus.</strong></span> 
     </span>
    </p>

    <p class='ocr_par' dir='ltr' id='par_1_7' title="bbox 2874 1839 4780 4500">
     <span class='ocr_line' id='line_1_76' title="bbox 3047 1839 4763 1927; baseline 0.001 -21"><span class='ocrx_word' id='word_1_528' title='bbox 3047 1839 3393 1906; x_wconf 84' lang='lat' dir='ltr'><strong>Caeterum</strong></span> <span class='ocrx_word' id='word_1_529' title='bbox 3455 1862 3677 1906; x_wconf 86' lang='lat' dir='ltr'><strong>vocem</strong></span> <span class='ocrx_word' id='word_1_530' title='bbox 3753 1841 3932 1905; x_wconf 88' lang='lat' dir='ltr'><strong>illam</strong></span> <span class='ocrx_word' id='word_1_531' title='bbox 4016 1839 4229 1906; x_wconf 78' lang='lat' dir='ltr'><strong>Cornu</strong></span> <span class='ocrx_word' id='word_1_532' title='bbox 4294 1843 4611 1927; x_wconf 87' lang='lat' dir='ltr'><strong>scriptura</strong></span> <span class='ocrx_word' id='word_1_533' title='bbox 4666 1842 4763 1908; x_wconf 82' lang='lat' dir='ltr'><strong>fre·</strong></span> 
     </span>
     <span class='ocr_line' id='line_1_77' title="bbox 2876 1926 4764 2011; baseline 0.002 -24"><span class='ocrx_word' id='word_1_534' title='bbox 2876 1939 3150 2006; x_wconf 85' lang='lat' dir='ltr'><strong>quenter</strong></span> <span class='ocrx_word' id='word_1_535' title='bbox 3195 1948 3309 2009; x_wconf 89' lang='lat' dir='ltr'><strong>pro</strong></span> <span class='ocrx_word' id='word_1_536' title='bbox 3357 1926 3422 1990; x_wconf 89' lang='lat' dir='ltr'><strong>vi</strong></span> <span class='ocrx_word' id='word_1_537' title='bbox 3467 1941 3532 1991; x_wconf 90' lang='lat' dir='ltr'><strong>et</strong></span> <span class='ocrx_word' id='word_1_538' title='bbox 3581 1928 3810 1991; x_wconf 87' lang='lat' dir='ltr'><strong>robore</strong></span> <span class='ocrx_word' id='word_1_539' title='bbox 3849 1942 4136 2009; x_wconf 90' lang='lat' dir='ltr'><strong>usurpat.</strong></span> <span class='ocrx_word' id='word_1_540' title='bbox 4227 1929 4430 1993; x_wconf 86' lang='lat' dir='ltr'><strong>Anna</strong></span> <span class='ocrx_word' id='word_1_541' title='bbox 4464 1950 4611 2011; x_wconf 82' lang='lat' dir='ltr'><strong>ergo</strong></span> <span class='ocrx_word' id='word_1_542' title='bbox 4643 1927 4764 1993; x_wconf 88' lang='lat' dir='ltr'><strong>dicit</strong></span> 
     </span>
     <span class='ocr_line' id='line_1_78' title="bbox 2875 2012 4764 2094; baseline 0.001 -18"><span class='ocrx_word' id='word_1_543' title='bbox 2875 2032 3066 2076; x_wconf 87' lang='lat' dir='ltr'><strong>suum</strong></span> <span class='ocrx_word' id='word_1_544' title='bbox 3146 2034 3351 2077; x_wconf 90' lang='lat' dir='ltr'><strong>cornu</strong></span> <span class='ocrx_word' id='word_1_545' title='bbox 3417 2013 3510 2079; x_wconf 90' lang='lat' dir='ltr'><strong>sie</strong></span> <span class='ocrx_word' id='word_1_546' title='bbox 3576 2014 3954 2090; x_wconf 86' lang='lat' dir='ltr'><strong>exaltatum,</strong></span> <span class='ocrx_word' id='word_1_547' title='bbox 4042 2012 4586 2094; x_wconf 89' lang='lat' dir='ltr'><strong>quemadmodum</strong></span> <span class='ocrx_word' id='word_1_548' title='bbox 4643 2014 4764 2079; x_wconf 86' lang='lat' dir='ltr'><strong>alibi</strong></span> 
     </span>
     <span class='ocr_line' id='line_1_79' title="bbox 2876 2096 4763 2181; baseline 0.001 -20"><span class='ocrx_word' id='word_1_549' title='bbox 2876 2096 3059 2164; x_wconf 89' lang='lat' dir='ltr'><strong>Deus</strong></span> <span class='ocrx_word' id='word_1_550' title='bbox 3103 2100 3275 2181; x_wconf 85' lang='lat' dir='ltr'><strong>regis</strong></span> <span class='ocrx_word' id='word_1_551' title='bbox 3316 2099 3415 2163; x_wconf 90' lang='lat' dir='ltr'><strong>sui</strong></span> <span class='ocrx_word' id='word_1_552' title='bbox 3460 2119 3660 2163; x_wconf 89' lang='lat' dir='ltr'><strong>cornu</strong></span> <span class='ocrx_word' id='word_1_553' title='bbox 3708 2098 3944 2165; x_wconf 89' lang='lat' dir='ltr'><strong>dicitur</strong></span> <span class='ocrx_word' id='word_1_554' title='bbox 3988 2098 4327 2176; x_wconf 86' lang='lat' dir='ltr'><strong>exaltasse,</strong></span> <span class='ocrx_word' id='word_1_555' title='bbox 4372 2099 4442 2163; x_wconf 92' lang='lat' dir='ltr'><strong>id</strong></span> <span class='ocrx_word' id='word_1_556' title='bbox 4478 2111 4575 2164; x_wconf 89' lang='lat' dir='ltr'><strong>est</strong></span> <span class='ocrx_word' id='word_1_557' title='bbox 4609 2100 4763 2164; x_wconf 84' lang='lat' dir='ltr'><strong>robur</strong></span> 
     </span>
     <span class='ocr_line' id='line_1_80' title="bbox 2874 2184 4764 2268; baseline -0.001 -19"><span class='ocrx_word' id='word_1_558' title='bbox 2874 2203 2950 2249; x_wconf 96' lang='grc'><strong>66</strong></span> <span class='ocrx_word' id='word_1_559' title='bbox 2993 2186 3370 2267; x_wconf 87' lang='lat' dir='ltr'><strong>potentiam.</strong></span> <span class='ocrx_word' id='word_1_560' title='bbox 3461 2184 3685 2264; x_wconf 83' lang='lat' dir='ltr'><strong>Quare</strong></span> <span class='ocrx_word' id='word_1_561' title='bbox 3727 2208 3796 2250; x_wconf 92' lang='lat' dir='ltr'><strong>se</strong></span> <span class='ocrx_word' id='word_1_562' title='bbox 3840 2205 3880 2247; x_wconf 88' lang='lat' dir='ltr'><strong>a</strong></span> <span class='ocrx_word' id='word_1_563' title='bbox 3924 2184 4063 2248; x_wconf 92' lang='lat' dir='ltr'><strong>Deo</strong></span> <span class='ocrx_word' id='word_1_564' title='bbox 4101 2186 4556 2250; x_wconf 85' lang='lat' dir='ltr'><strong>confirmatam</strong></span> <span class='ocrx_word' id='word_1_565' title='bbox 4593 2184 4764 2268; x_wconf 86' lang='lat' dir='ltr'><strong>palam</strong></span> 
     </span>
     <span class='ocr_line' id='line_1_81' title="bbox 2875 2270 4764 2353; baseline 0.001 -20"><span class='ocrx_word' id='word_1_566' title='bbox 2875 2272 3250 2351; x_wconf 85' lang='lat' dir='ltr'><strong>profitetur:</strong></span> <span class='ocrx_word' id='word_1_567' title='bbox 3319 2270 3504 2353; x_wconf 91' lang='lat' dir='ltr'><strong>quasi</strong></span> <span class='ocrx_word' id='word_1_568' title='bbox 3578 2270 3752 2336; x_wconf 83' lang='lat' dir='ltr'><strong>dicat</strong></span> <span class='ocrx_word' id='word_1_569' title='bbox 3824 2291 3952 2334; x_wconf 90' lang='lat' dir='ltr'><strong>non</strong></span> <span class='ocrx_word' id='word_1_570' title='bbox 4014 2271 4311 2335; x_wconf 80' lang='lat' dir='ltr'><strong>evenisse</strong></span> <span class='ocrx_word' id='word_1_571' title='bbox 4365 2270 4492 2336; x_wconf 91' lang='lat' dir='ltr'><strong>sibi</strong></span> <span class='ocrx_word' id='word_1_572' title='bbox 4551 2284 4764 2335; x_wconf 88' lang='lat' dir='ltr'><strong>tantum</strong></span> 
     </span>
     <span class='ocr_line' id='line_1_82' title="bbox 2876 2355 4766 2437; baseline 0 -17"><span class='ocrx_word' id='word_1_573' title='bbox 2876 2376 2914 2420; x_wconf 89' lang='lat' dir='ltr'><strong>a</strong></span> <span class='ocrx_word' id='word_1_574' title='bbox 2981 2356 3266 2420; x_wconf 90' lang='lat' dir='ltr'><strong>Domino</strong></span> <span class='ocrx_word' id='word_1_575' title='bbox 3335 2356 3738 2436; x_wconf 86' lang='lat' dir='ltr'><strong>beneficium,</strong></span> <span class='ocrx_word' id='word_1_576' title='bbox 3825 2355 3949 2420; x_wconf 88' lang='lat' dir='ltr'><strong>nisi</strong></span> <span class='ocrx_word' id='word_1_577' title='bbox 4017 2357 4305 2437; x_wconf 90' lang='lat' dir='ltr'><strong>speranti</strong></span> <span class='ocrx_word' id='word_1_578' title='bbox 4372 2370 4445 2421; x_wconf 90' lang='lat' dir='ltr'><strong>et</strong></span> <span class='ocrx_word' id='word_1_579' title='bbox 4510 2356 4766 2421; x_wconf 84' lang='lat' dir='ltr'><strong>divinum</strong></span> 
     </span>
     <span class='ocr_line' id='line_1_83' title="bbox 2876 2441 4766 2524; baseline 0.001 -19"><span class='ocrx_word' id='word_1_580' title='bbox 2876 2441 3165 2505; x_wconf 82' lang='lat' dir='ltr'><strong>savorem</strong></span> <span class='ocrx_word' id='word_1_581' title='bbox 3225 2442 3486 2506; x_wconf 88' lang='lat' dir='ltr'><strong>tandem</strong></span> <span class='ocrx_word' id='word_1_582' title='bbox 3535 2441 3882 2524; x_wconf 82' lang='lat' dir='ltr'><strong>aliquando</strong></span> <span class='ocrx_word' id='word_1_583' title='bbox 3929 2456 4278 2507; x_wconf 78' lang='lat' dir='ltr'><strong>venturum</strong></span> <span class='ocrx_word' id='word_1_584' title='bbox 4326 2445 4644 2524; x_wconf 88' lang='lat' dir='ltr'><strong>patienter</strong></span> <span class='ocrx_word' id='word_1_585' title='bbox 4678 2464 4766 2508; x_wconf 84' lang='lat' dir='ltr'><strong>ex·</strong></span> 
     </span>
     <span class='ocr_line' id='line_1_84' title="bbox 2874 2526 4768 2611; baseline 0 -20"><span class='ocrx_word' id='word_1_586' title='bbox 2874 2529 3213 2609; x_wconf 87' lang='lat' dir='ltr'><strong>spectanti.</strong></span> <span class='ocrx_word' id='word_1_587' title='bbox 3307 2528 3529 2610; x_wconf 85' lang='lat' dir='ltr'><strong>Digna</strong></span> <span class='ocrx_word' id='word_1_588' title='bbox 3571 2548 3700 2591; x_wconf 81' lang='lat' dir='ltr'><strong>vox</strong></span> <span class='ocrx_word' id='word_1_589' title='bbox 3739 2548 3933 2611; x_wconf 89' lang='lat' dir='ltr'><strong>quam</strong></span> <span class='ocrx_word' id='word_1_590' title='bbox 3973 2526 4323 2608; x_wconf 79' lang='lat' dir='ltr'><strong>diligenter</strong></span> <span class='ocrx_word' id='word_1_591' title='bbox 4358 2530 4768 2604; x_wconf 84' lang='lat' dir='ltr'><strong>observemus,</strong></span> 
     </span>
     <span class='ocr_line' id='line_1_85' title="bbox 2875 2613 4772 2696; baseline -0.001 -19"><span class='ocrx_word' id='word_1_592' title='bbox 2875 2633 3074 2695; x_wconf 90' lang='lat' dir='ltr'><strong>quum</strong></span> <span class='ocrx_word' id='word_1_593' title='bbox 3121 2615 3389 2678; x_wconf 91' lang='lat' dir='ltr'><strong>miseros</strong></span> <span class='ocrx_word' id='word_1_594' title='bbox 3435 2613 3745 2678; x_wconf 86' lang='lat' dir='ltr'><strong>mortales</strong></span> <span class='ocrx_word' id='word_1_595' title='bbox 3791 2625 4007 2677; x_wconf 83' lang='lat' dir='ltr'><strong>tamen</strong></span> <span class='ocrx_word' id='word_1_596' title='bbox 4057 2614 4449 2696; x_wconf 86' lang='lat' dir='ltr'><strong>plerumque</strong></span> <span class='ocrx_word' id='word_1_597' title='bbox 4487 2636 4600 2680; x_wconf 89' lang='lat' dir='ltr'><strong>sua</strong></span> <span class='ocrx_word' id='word_1_598' title='bbox 4638 2615 4772 2696; x_wconf 82' lang='lat' dir='ltr'><strong>ipso·</strong></span> 
     </span>
     <span class='ocr_line' id='line_1_86' title="bbox 2875 2699 4768 2783; baseline 0.002 -21"><span class='ocrx_word' id='word_1_599' title='bbox 2875 2719 3019 2762; x_wconf 89' lang='lat' dir='ltr'><strong>rum</strong></span> <span class='ocrx_word' id='word_1_600' title='bbox 3069 2700 3312 2764; x_wconf 83' lang='lat' dir='ltr'><strong>virtute</strong></span> <span class='ocrx_word' id='word_1_601' title='bbox 3358 2721 3432 2765; x_wconf 91' lang='lat' dir='ltr'><strong>ac</strong></span> <span class='ocrx_word' id='word_1_602' title='bbox 3478 2699 3861 2763; x_wconf 84' lang='lat' dir='ltr'><strong>fortitudine</strong></span> <span class='ocrx_word' id='word_1_603' title='bbox 3898 2699 4162 2783; x_wconf 87' lang='lat' dir='ltr'><strong>gloriari</strong></span> <span class='ocrx_word' id='word_1_604' title='bbox 4204 2700 4569 2777; x_wconf 81' lang='lat' dir='ltr'><strong>videamus,</strong></span> <span class='ocrx_word' id='word_1_605' title='bbox 4612 2699 4768 2764; x_wconf 76' lang='lat' dir='ltr'><strong>adeo·</strong></span> 
     </span>
     <span class='ocr_line' id='line_1_87' title="bbox 2875 2784 4772 2866; baseline -0.001 -18"><span class='ocrx_word' id='word_1_606' title='bbox 2875 2805 2999 2866; x_wconf 89' lang='lat' dir='ltr'><strong>que</strong></span> <span class='ocrx_word' id='word_1_607' title='bbox 3045 2786 3239 2851; x_wconf 90' lang='lat' dir='ltr'><strong>nimis</strong></span> <span class='ocrx_word' id='word_1_608' title='bbox 3275 2786 3680 2851; x_wconf 89' lang='lat' dir='ltr'><strong>insolescere.</strong></span> <span class='ocrx_word' id='word_1_609' title='bbox 3771 2784 3903 2851; x_wconf 85' lang='lat' dir='ltr'><strong>Sed</strong></span> <span class='ocrx_word' id='word_1_610' title='bbox 3944 2787 4130 2850; x_wconf 84' lang='lat' dir='ltr'><strong>firma</strong></span> <span class='ocrx_word' id='word_1_611' title='bbox 4167 2799 4233 2849; x_wconf 88' lang='lat' dir='ltr'><strong>et</strong></span> <span class='ocrx_word' id='word_1_612' title='bbox 4270 2786 4528 2852; x_wconf 84' lang='lat' dir='ltr'><strong>stabilis</strong></span> <span class='ocrx_word' id='word_1_613' title='bbox 4566 2786 4772 2850; x_wconf 85' lang='lat' dir='ltr'><strong>laetitia</strong></span> 
     </span>
     <span class='ocr_line' id='line_1_88' title="bbox 2877 2870 4768 2955; baseline 0.001 -22"><span class='ocrx_word' id='word_1_614' title='bbox 2877 2870 3063 2934; x_wconf 92' lang='lat' dir='ltr'><strong>nobis</strong></span> <span class='ocrx_word' id='word_1_615' title='bbox 3107 2872 3475 2953; x_wconf 81' lang='lat' dir='ltr'><strong>quaerenda</strong></span> <span class='ocrx_word' id='word_1_616' title='bbox 3519 2884 3635 2949; x_wconf 87' lang='lat' dir='ltr'><strong>est,</strong></span> <span class='ocrx_word' id='word_1_617' title='bbox 3710 2892 3906 2953; x_wconf 89' lang='lat' dir='ltr'><strong>quam</strong></span> <span class='ocrx_word' id='word_1_618' title='bbox 3956 2872 4134 2935; x_wconf 90' lang='lat' dir='ltr'><strong>nulla</strong></span> <span class='ocrx_word' id='word_1_619' title='bbox 4191 2883 4549 2955; x_wconf 86' lang='lat' dir='ltr'><strong>tempestas</strong></span> <span class='ocrx_word' id='word_1_620' title='bbox 4602 2872 4768 2935; x_wconf 83' lang='lat' dir='ltr'><strong>inter·</strong></span> 
     </span>
     <span class='ocr_line' id='line_1_89' title="bbox 2876 2955 4771 3039; baseline 0.001 -20"><span class='ocrx_word' id='word_1_621' title='bbox 2876 2956 3113 3021; x_wconf 90' lang='lat' dir='ltr'><strong>turbet.</strong></span> <span class='ocrx_word' id='word_1_622' title='bbox 3202 2955 3369 3021; x_wconf 89' lang='lat' dir='ltr'><strong>Nam</strong></span> <span class='ocrx_word' id='word_1_623' title='bbox 3419 2956 3656 3021; x_wconf 91' lang='lat' dir='ltr'><strong>multos</strong></span> <span class='ocrx_word' id='word_1_624' title='bbox 3715 2957 3974 3039; x_wconf 88' lang='lat' dir='ltr'><strong>quidem</strong></span> <span class='ocrx_word' id='word_1_625' title='bbox 4025 2958 4270 3034; x_wconf 89' lang='lat' dir='ltr'><strong>laetari,</strong></span> <span class='ocrx_word' id='word_1_626' title='bbox 4344 2958 4463 3022; x_wconf 90' lang='lat' dir='ltr'><strong>sed</strong></span> <span class='ocrx_word' id='word_1_627' title='bbox 4523 2957 4771 3030; x_wconf 87' lang='lat' dir='ltr'><strong>ludicris,</strong></span> 
     </span>
     <span class='ocr_line' id='line_1_90' title="bbox 2876 3039 4772 3126; baseline -0.001 -20"><span class='ocrx_word' id='word_1_628' title='bbox 2876 3040 3117 3108; x_wconf 85' lang='lat' dir='ltr'><strong>videas.</strong></span> <span class='ocrx_word' id='word_1_629' title='bbox 3209 3039 3321 3108; x_wconf 80' lang='lat' dir='ltr'><strong>Sic</strong></span> <span class='ocrx_word' id='word_1_630' title='bbox 3367 3041 3608 3107; x_wconf 85' lang='lat' dir='ltr'><strong>divites</strong></span> <span class='ocrx_word' id='word_1_631' title='bbox 3650 3046 3784 3108; x_wconf 89' lang='lat' dir='ltr'><strong>suis</strong></span> <span class='ocrx_word' id='word_1_632' title='bbox 3830 3043 4078 3126; x_wconf 90' lang='lat' dir='ltr'><strong>opibus,</strong></span> <span class='ocrx_word' id='word_1_633' title='bbox 4138 3042 4772 3126; x_wconf 33' lang='lat' dir='ltr'><strong>ebriosos-abdomine</strong></span> 
     </span>
     <span class='ocr_line' id='line_1_91' title="bbox 2876 3127 4771 3212; baseline -0.001 -20"><span class='ocrx_word' id='word_1_634' title='bbox 2876 3148 2996 3192; x_wconf 91' lang='lat' dir='ltr'><strong>suo</strong></span> <span class='ocrx_word' id='word_1_635' title='bbox 3051 3127 3335 3211; x_wconf 90' lang='lat' dir='ltr'><strong>gaudere</strong></span> <span class='ocrx_word' id='word_1_636' title='bbox 3391 3130 3841 3210; x_wconf 87' lang='lat' dir='ltr'><strong>conspicimus.</strong></span> <span class='ocrx_word' id='word_1_637' title='bbox 3932 3128 4062 3194; x_wconf 73' lang='lat' dir='ltr'><strong>Sed</strong></span> <span class='ocrx_word' id='word_1_638' title='bbox 4126 3128 4253 3193; x_wconf 94' lang='grc'><strong>1166</strong></span> <span class='ocrx_word' id='word_1_639' title='bbox 4315 3150 4519 3212; x_wconf 86' lang='grc'><strong>66661</strong></span> <span class='ocrx_word' id='word_1_640' title='bbox 4565 3131 4771 3194; x_wconf 88' lang='lat' dir='ltr'><strong>lamen·</strong></span> 
     </span>
     <span class='ocr_line' id='line_1_92' title="bbox 2877 3213 4773 3299; baseline -0.002 -20"><span class='ocrx_word' id='word_1_641' title='bbox 2877 3213 3076 3279; x_wconf 84' lang='lat' dir='ltr'><strong>tabile</strong></span> <span class='ocrx_word' id='word_1_642' title='bbox 3120 3213 3432 3297; x_wconf 86' lang='lat' dir='ltr'><strong>gaudium</strong></span> <span class='ocrx_word' id='word_1_643' title='bbox 3475 3214 3644 3297; x_wconf 82' lang='lat' dir='ltr'><strong>quod</strong></span> <span class='ocrx_word' id='word_1_644' title='bbox 3693 3216 3834 3279; x_wconf 92' lang='lat' dir='ltr'><strong>sine</strong></span> <span class='ocrx_word' id='word_1_645' title='bbox 3885 3216 4167 3279; x_wconf 89' lang='lat' dir='ltr'><strong>Domino</strong></span> <span class='ocrx_word' id='word_1_646' title='bbox 4211 3219 4587 3299; x_wconf 87' lang='lat' dir='ltr'><strong>quaeritur;</strong></span> <span class='ocrx_word' id='word_1_647' title='bbox 4644 3233 4773 3278; x_wconf 85' lang='lat' dir='ltr'><strong>sans</strong></span> 
     </span>
     <span class='ocr_line' id='line_1_93' title="bbox 2876 3299 4776 3385; baseline -0.001 -22"><span class='ocrx_word' id='word_1_648' title='bbox 2876 3319 3116 3382; x_wconf 89' lang='lat' dir='ltr'><strong>magno</strong></span> <span class='ocrx_word' id='word_1_649' title='bbox 3151 3299 3316 3364; x_wconf 88' lang='lat' dir='ltr'><strong>illud</strong></span> <span class='ocrx_word' id='word_1_650' title='bbox 3352 3300 3697 3365; x_wconf 87' lang='lat' dir='ltr'><strong>constabit.</strong></span> <span class='ocrx_word' id='word_1_651' title='bbox 3786 3300 3968 3365; x_wconf 92' lang='lat' dir='ltr'><strong>Idem</strong></span> <span class='ocrx_word' id='word_1_652' title='bbox 4008 3315 4147 3365; x_wconf 89' lang='lat' dir='ltr'><strong>esto</strong></span> <span class='ocrx_word' id='word_1_653' title='bbox 4178 3301 4259 3365; x_wconf 90' lang='lat' dir='ltr'><strong>de</strong></span> <span class='ocrx_word' id='word_1_654' title='bbox 4295 3302 4372 3366; x_wconf 90' lang='lat' dir='ltr'><strong>iis</strong></span> <span class='ocrx_word' id='word_1_655' title='bbox 4414 3305 4527 3385; x_wconf 90' lang='lat' dir='ltr'><strong>qui</strong></span> <span class='ocrx_word' id='word_1_656' title='bbox 4566 3299 4776 3366; x_wconf 84' lang='lat' dir='ltr'><strong>viribus</strong></span> 
     </span>
     <span class='ocr_line' id='line_1_94' title="bbox 2875 3386 4773 3469; baseline -0.001 -20"><span class='ocrx_word' id='word_1_657' title='bbox 2875 3386 3156 3469; x_wconf 89' lang='lat' dir='ltr'><strong>propriis</strong></span> <span class='ocrx_word' id='word_1_658' title='bbox 3213 3398 3281 3450; x_wconf 90' lang='lat' dir='ltr'><strong>et</strong></span> <span class='ocrx_word' id='word_1_659' title='bbox 3324 3387 3602 3450; x_wconf 85' lang='lat' dir='ltr'><strong>fortunis</strong></span> <span class='ocrx_word' id='word_1_660' title='bbox 3647 3387 3975 3451; x_wconf 88' lang='lat' dir='ltr'><strong>laetantur</strong></span> <span class='ocrx_word' id='word_1_661' title='bbox 4022 3386 4363 3452; x_wconf 87' lang='lat' dir='ltr'><strong>iudicium:</strong></span> <span class='ocrx_word' id='word_1_662' title='bbox 4441 3409 4592 3453; x_wconf 91' lang='lat' dir='ltr'><strong>nam</strong></span> <span class='ocrx_word' id='word_1_663' title='bbox 4631 3387 4773 3451; x_wconf 83' lang='lat' dir='ltr'><strong>iusto</strong></span> 
     </span>
     <span class='ocr_line' id='line_1_95' title="bbox 2879 3470 4774 3539; baseline 0.001 -5"><span class='ocrx_word' id='word_1_664' title='bbox 2879 3471 3002 3535; x_wconf 90' lang='lat' dir='ltr'><strong>Dei</strong></span> <span class='ocrx_word' id='word_1_665' title='bbox 3061 3472 3301 3536; x_wconf 85' lang='lat' dir='ltr'><strong>iudicio</strong></span> <span class='ocrx_word' id='word_1_666' title='bbox 3359 3472 3429 3536; x_wconf 89' lang='lat' dir='ltr'><strong>in</strong></span> <span class='ocrx_word' id='word_1_667' title='bbox 3490 3473 3819 3536; x_wconf 81' lang='lat' dir='ltr'><strong>tristitiam</strong></span> <span class='ocrx_word' id='word_1_668' title='bbox 3881 3493 3956 3538; x_wconf 89' lang='lat' dir='ltr'><strong>ac</strong></span> <span class='ocrx_word' id='word_1_669' title='bbox 4015 3495 4374 3538; x_wconf 86' lang='lat' dir='ltr'><strong>moerorem</strong></span> <span class='ocrx_word' id='word_1_670' title='bbox 4443 3487 4596 3539; x_wconf 89' lang='lat' dir='ltr'><strong>sunt</strong></span> <span class='ocrx_word' id='word_1_671' title='bbox 4637 3470 4774 3536; x_wconf 85' lang='lat' dir='ltr'><strong>desi·</strong></span> 
     </span>
     <span class='ocr_line' id='line_1_96' title="bbox 2875 3556 4776 3641; baseline -0.001 -20"><span class='ocrx_word' id='word_1_672' title='bbox 2875 3565 3094 3621; x_wconf 89' lang='lat' dir='ltr'><strong>turae:</strong></span> <span class='ocrx_word' id='word_1_673' title='bbox 3176 3556 3721 3639; x_wconf 89' lang='lat' dir='ltr'><strong>quemadmodum</strong></span> <span class='ocrx_word' id='word_1_674' title='bbox 3802 3580 3920 3623; x_wconf 91' lang='lat' dir='ltr'><strong>nos</strong></span> <span class='ocrx_word' id='word_1_675' title='bbox 3984 3558 4124 3641; x_wconf 89' lang='lat' dir='ltr'><strong>ipse</strong></span> <span class='ocrx_word' id='word_1_676' title='bbox 4196 3559 4526 3626; x_wconf 79' lang='lat' dir='ltr'><strong>Dominus</strong></span> <span class='ocrx_word' id='word_1_677' title='bbox 4591 3568 4776 3622; x_wconf 86' lang='lat' dir='ltr'><strong>noster</strong></span> 
     </span>
     <span class='ocr_line' id='line_1_97' title="bbox 2877 3642 4776 3729; baseline -0.001 -22"><span class='ocrx_word' id='word_1_678' title='bbox 2877 3642 3063 3708; x_wconf 92' lang='lat' dir='ltr'><strong>Iesus</strong></span> <span class='ocrx_word' id='word_1_679' title='bbox 3114 3642 3419 3710; x_wconf 83' lang='lat' dir='ltr'><strong>Christus</strong></span> <span class='ocrx_word' id='word_1_680' title='bbox 3455 3644 3778 3712; x_wconf 81' lang='lat' dir='ltr'><strong>admonet.</strong></span> <span class='ocrx_word' id='word_1_681' title='bbox 3869 3644 4008 3709; x_wconf 89' lang='lat' dir='ltr'><strong>Nae</strong></span> <span class='ocrx_word' id='word_1_682' title='bbox 4045 3665 4360 3728; x_wconf 89' lang='lat' dir='ltr'><strong>magnum</strong></span> <span class='ocrx_word' id='word_1_683' title='bbox 4400 3644 4776 3729; x_wconf 80' lang='lat' dir='ltr'><strong>arrogantiae</strong></span> 
     </span>
     <span class='ocr_line' id='line_1_98' title="bbox 2878 3728 4778 3813; baseline -0.001 -21"><span class='ocrx_word' id='word_1_684' title='bbox 2878 3729 3323 3794; x_wconf 86' lang='lat' dir='ltr'><strong>testimonium</strong></span> <span class='ocrx_word' id='word_1_685' title='bbox 3394 3742 3514 3808; x_wconf 89' lang='lat' dir='ltr'><strong>est,</strong></span> <span class='ocrx_word' id='word_1_686' title='bbox 3577 3730 3632 3794; x_wconf 92' lang='lat' dir='ltr'><strong>si</strong></span> <span class='ocrx_word' id='word_1_687' title='bbox 3699 3732 3765 3794; x_wconf 93' lang='lat' dir='ltr'><strong>in</strong></span> <span class='ocrx_word' id='word_1_688' title='bbox 3836 3731 4019 3795; x_wconf 89' lang='lat' dir='ltr'><strong>nobis</strong></span> <span class='ocrx_word' id='word_1_689' title='bbox 4086 3731 4248 3813; x_wconf 90' lang='lat' dir='ltr'><strong>ipsis</strong></span> <span class='ocrx_word' id='word_1_690' title='bbox 4314 3743 4433 3795; x_wconf 88' lang='lat' dir='ltr'><strong>aut</strong></span> <span class='ocrx_word' id='word_1_691' title='bbox 4489 3728 4778 3796; x_wconf 82' lang='lat' dir='ltr'><strong>industria</strong></span> 
     </span>
     <span class='ocr_line' id='line_1_99' title="bbox 2878 3814 4776 3899; baseline 0 -21"><span class='ocrx_word' id='word_1_692' title='bbox 2878 3825 3103 3880; x_wconf 86' lang='lat' dir='ltr'><strong>nostra</strong></span> <span class='ocrx_word' id='word_1_693' title='bbox 3148 3814 3434 3880; x_wconf 83' lang='lat' dir='ltr'><strong>laetitiae</strong></span> <span class='ocrx_word' id='word_1_694' title='bbox 3477 3817 3852 3898; x_wconf 86' lang='lat' dir='ltr'><strong>quaerimus</strong></span> <span class='ocrx_word' id='word_1_695' title='bbox 3894 3817 4255 3894; x_wconf 79' lang='lat' dir='ltr'><strong>materiam,</strong></span> <span class='ocrx_word' id='word_1_696' title='bbox 4314 3838 4486 3899; x_wconf 91' lang='lat' dir='ltr'><strong>quae</strong></span> <span class='ocrx_word' id='word_1_697' title='bbox 4545 3814 4776 3881; x_wconf 85' lang='lat' dir='ltr'><strong>tandem</strong></span> 
     </span>
     <span class='ocr_line' id='line_1_100' title="bbox 2878 3902 4777 3985; baseline 0 -20"><span class='ocrx_word' id='word_1_698' title='bbox 2878 3902 3141 3965; x_wconf 90' lang='lat' dir='ltr'><strong>nonnisi</strong></span> <span class='ocrx_word' id='word_1_699' title='bbox 3185 3902 3624 3967; x_wconf 81' lang='lat' dir='ltr'><strong>confusionem</strong></span> <span class='ocrx_word' id='word_1_700' title='bbox 3671 3904 3907 3966; x_wconf 86' lang='lat' dir='ltr'><strong>iustam</strong></span> <span class='ocrx_word' id='word_1_701' title='bbox 3956 3903 4347 3967; x_wconf 84' lang='lat' dir='ltr'><strong>temeritatis</strong></span> <span class='ocrx_word' id='word_1_702' title='bbox 4390 3914 4460 3968; x_wconf 91' lang='lat' dir='ltr'><strong>et</strong></span> <span class='ocrx_word' id='word_1_703' title='bbox 4503 3921 4777 3985; x_wconf 81' lang='lat' dir='ltr'><strong>arrogan-</strong></span> 
     </span>
     <span class='ocr_line' id='line_1_101' title="bbox 2879 3986 4774 4071; baseline -0.001 -21"><span class='ocrx_word' id='word_1_704' title='bbox 2879 3987 3009 4053; x_wconf 87' lang='lat' dir='ltr'><strong>tiae</strong></span> <span class='ocrx_word' id='word_1_705' title='bbox 3054 4008 3324 4069; x_wconf 89' lang='lat' dir='ltr'><strong>poenam</strong></span> <span class='ocrx_word' id='word_1_706' title='bbox 3371 3989 3561 4071; x_wconf 89' lang='lat' dir='ltr'><strong>parit.</strong></span> <span class='ocrx_word' id='word_1_707' title='bbox 3650 3986 4096 4068; x_wconf 77' lang='lat' dir='ltr'><strong>Quamobrem</strong></span> <span class='ocrx_word' id='word_1_708' title='bbox 4142 4009 4221 4052; x_wconf 92' lang='lat' dir='ltr'><strong>ex</strong></span> <span class='ocrx_word' id='word_1_709' title='bbox 4270 3988 4394 4054; x_wconf 89' lang='lat' dir='ltr'><strong>hoc</strong></span> <span class='ocrx_word' id='word_1_710' title='bbox 4440 3989 4583 4054; x_wconf 70' lang='lat' dir='ltr'><strong>loeo</strong></span> <span class='ocrx_word' id='word_1_711' title='bbox 4628 4003 4774 4050; x_wconf 89' lang='lat' dir='ltr'><strong>tene-</strong></span> 
     </span>
     <span class='ocr_line' id='line_1_102' title="bbox 2880 4073 4778 4158; baseline -0.002 -20"><span class='ocrx_word' id='word_1_712' title='bbox 2880 4094 3085 4148; x_wconf 88' lang='lat' dir='ltr'><strong>amus,</strong></span> <span class='ocrx_word' id='word_1_713' title='bbox 3131 4074 3401 4139; x_wconf 91' lang='lat' dir='ltr'><strong>minime</strong></span> <span class='ocrx_word' id='word_1_714' title='bbox 3449 4094 3730 4158; x_wconf 89' lang='lat' dir='ltr'><strong>unquam</strong></span> <span class='ocrx_word' id='word_1_715' title='bbox 3779 4073 4208 4139; x_wconf 86' lang='lat' dir='ltr'><strong>dubitandum</strong></span> <span class='ocrx_word' id='word_1_716' title='bbox 4256 4075 4412 4157; x_wconf 93' lang='lat' dir='ltr'><strong>quin</strong></span> <span class='ocrx_word' id='word_1_717' title='bbox 4463 4075 4646 4140; x_wconf 92' lang='lat' dir='ltr'><strong>Deus</strong></span> <span class='ocrx_word' id='word_1_718' title='bbox 4685 4091 4778 4135; x_wconf 88' lang='lat' dir='ltr'><strong>nos</strong></span> 
     </span>
     <span class='ocr_line' id='line_1_103' title="bbox 2878 4157 4776 4244; baseline 0 -22"><span class='ocrx_word' id='word_1_719' title='bbox 2878 4157 3200 4223; x_wconf 84' lang='lat' dir='ltr'><strong>exhilaret</strong></span> <span class='ocrx_word' id='word_1_720' title='bbox 3286 4179 3360 4222; x_wconf 90' lang='lat' dir='ltr'><strong>ac</strong></span> <span class='ocrx_word' id='word_1_721' title='bbox 3449 4161 3812 4224; x_wconf 88' lang='lat' dir='ltr'><strong>necessaria</strong></span> <span class='ocrx_word' id='word_1_722' title='bbox 3877 4161 4096 4224; x_wconf 87' lang='lat' dir='ltr'><strong>omnia</strong></span> <span class='ocrx_word' id='word_1_723' title='bbox 4164 4161 4349 4226; x_wconf 90' lang='lat' dir='ltr'><strong>nobis</strong></span> <span class='ocrx_word' id='word_1_724' title='bbox 4415 4158 4776 4244; x_wconf 74' lang='lat' dir='ltr'><strong>suppeditet,</strong></span> 
     </span>
     <span class='ocr_line' id='line_1_104' title="bbox 2878 4243 4780 4331; baseline -0.002 -22"><span class='ocrx_word' id='word_1_725' title='bbox 2878 4244 3069 4309; x_wconf 89' lang='lat' dir='ltr'><strong>modo</strong></span> <span class='ocrx_word' id='word_1_726' title='bbox 3123 4244 3203 4310; x_wconf 87' lang='lat' dir='ltr'><strong>ad</strong></span> <span class='ocrx_word' id='word_1_727' title='bbox 3259 4266 3408 4310; x_wconf 90' lang='lat' dir='ltr'><strong>eum</strong></span> <span class='ocrx_word' id='word_1_728' title='bbox 3461 4247 3911 4329; x_wconf 80' lang='lat' dir='ltr'><strong>confugientes</strong></span> <span class='ocrx_word' id='word_1_729' title='bbox 3970 4246 4291 4329; x_wconf 87' lang='lat' dir='ltr'><strong>patienter</strong></span> <span class='ocrx_word' id='word_1_730' title='bbox 4348 4248 4631 4331; x_wconf 83' lang='lat' dir='ltr'><strong>gratiam</strong></span> <span class='ocrx_word' id='word_1_731' title='bbox 4665 4243 4780 4308; x_wconf 85' lang='lat' dir='ltr'><strong>eius</strong></span> 
     </span>
     <span class='ocr_line' id='line_1_105' title="bbox 2878 4330 4777 4417; baseline -0.003 -21"><span class='ocrx_word' id='word_1_732' title='bbox 2878 4347 3348 4415; x_wconf 82' lang='lat' dir='ltr'><strong>exspectemus,</strong></span> <span class='ocrx_word' id='word_1_733' title='bbox 3427 4351 3499 4395; x_wconf 92' lang='lat' dir='ltr'><strong>ac</strong></span> <span class='ocrx_word' id='word_1_734' title='bbox 3566 4332 3633 4395; x_wconf 91' lang='lat' dir='ltr'><strong>in</strong></span> <span class='ocrx_word' id='word_1_735' title='bbox 3693 4330 4149 4398; x_wconf 84' lang='lat' dir='ltr'><strong>afflictionibus</strong></span> <span class='ocrx_word' id='word_1_736' title='bbox 4214 4332 4484 4398; x_wconf 86' lang='lat' dir='ltr'><strong>unicum</strong></span> <span class='ocrx_word' id='word_1_737' title='bbox 4554 4331 4777 4417; x_wconf 79' lang='lat' dir='ltr'><strong>asylum</strong></span> 
     </span>
     <span class='ocr_line' id='line_1_106' title="bbox 2877 4416 4127 4500; baseline 0.002 -19"><span class='ocrx_word' id='word_1_738' title='bbox 2877 4432 3168 4483; x_wconf 83' lang='lat' dir='ltr'><strong>nostrum</strong></span> <span class='ocrx_word' id='word_1_739' title='bbox 3207 4427 3270 4481; x_wconf 90' lang='lat' dir='ltr'><strong>et</strong></span> <span class='ocrx_word' id='word_1_740' title='bbox 3314 4416 3634 4481; x_wconf 90' lang='lat' dir='ltr'><strong>auxilium</strong></span> <span class='ocrx_word' id='word_1_741' title='bbox 3679 4438 4127 4500; x_wconf 83' lang='lat' dir='ltr'><strong>agnoscamus.</strong></span> 
     </span>
    </p>

    <p class='ocr_par' dir='ltr' id='par_1_8' title="bbox 2873 4502 4784 5274">
     <span class='ocr_line' id='line_1_107' title="bbox 3050 4502 4781 4586; baseline -0.001 -19"><span class='ocrx_word' id='word_1_742' title='bbox 3050 4502 3251 4567; x_wconf 87' lang='lat' dir='ltr'><strong>Addit</strong></span> <span class='ocrx_word' id='word_1_743' title='bbox 3313 4505 3505 4567; x_wconf 85' lang='lat' dir='ltr'><strong>Anna</strong></span> <span class='ocrx_word' id='word_1_744' title='bbox 3560 4524 3745 4568; x_wconf 78' lang='lat' dir='ltr'><strong>suum</strong></span> <span class='ocrx_word' id='word_1_745' title='bbox 3801 4525 3869 4570; x_wconf 79' lang='lat' dir='ltr'><strong>os</strong></span> <span class='ocrx_word' id='word_1_746' title='bbox 3909 4503 4242 4571; x_wconf 78' lang='lat' dir='ltr'><strong>dilatatum</strong></span> <span class='ocrx_word' id='word_1_747' title='bbox 4283 4525 4481 4586; x_wconf 77' lang='lat' dir='ltr'><strong>super</strong></span> <span class='ocrx_word' id='word_1_748' title='bbox 4524 4502 4781 4569; x_wconf 72' lang='lat' dir='ltr'><strong>inimicos</strong></span> 
     </span>
     <span class='ocr_line' id='line_1_108' title="bbox 2873 4588 4782 4673; baseline -0.003 -18"><span class='ocrx_word' id='word_1_749' title='bbox 2873 4608 3044 4673; x_wconf 64' lang='lat' dir='ltr'><strong>suo-3,</strong></span> <span class='ocrx_word' id='word_1_750' title='bbox 3113 4609 3345 4672; x_wconf 86' lang='lat' dir='ltr'><strong>nempe</strong></span> <span class='ocrx_word' id='word_1_751' title='bbox 3419 4588 3591 4670; x_wconf 91' lang='lat' dir='ltr'><strong>quod</strong></span> <span class='ocrx_word' id='word_1_752' title='bbox 3654 4590 3838 4672; x_wconf 90' lang='lat' dir='ltr'><strong>prius</strong></span> <span class='ocrx_word' id='word_1_753' title='bbox 3906 4589 4126 4654; x_wconf 80' lang='lat' dir='ltr'><strong>habita</strong></span> <span class='ocrx_word' id='word_1_754' title='bbox 4176 4590 4461 4655; x_wconf 92' lang='lat' dir='ltr'><strong>ludibrio</strong></span> <span class='ocrx_word' id='word_1_755' title='bbox 4523 4589 4782 4654; x_wconf 88' lang='lat' dir='ltr'><strong>dolorem</strong></span> 
     </span>
     <span class='ocr_line' id='line_1_109' title="bbox 2875 4673 4780 4758; baseline -0.002 -19"><span class='ocrx_word' id='word_1_756' title='bbox 2875 4676 3133 4740; x_wconf 87' lang='lat' dir='ltr'><strong>silentio</strong></span> <span class='ocrx_word' id='word_1_757' title='bbox 3207 4695 3500 4758; x_wconf 63' lang='lat' dir='ltr'><strong>premere</strong></span> <span class='ocrx_word' id='word_1_758' title='bbox 3565 4685 3926 4758; x_wconf 83' lang='lat' dir='ltr'><strong>cogeretur.</strong></span> <span class='ocrx_word' id='word_1_759' title='bbox 4016 4676 4128 4740; x_wconf 70' lang='lat' dir='ltr'><strong>Sic</strong></span> <span class='ocrx_word' id='word_1_760' title='bbox 4195 4674 4274 4739; x_wconf 93' lang='lat' dir='ltr'><strong>de</strong></span> <span class='ocrx_word' id='word_1_761' title='bbox 4340 4698 4412 4740; x_wconf 92' lang='lat' dir='ltr'><strong>se</strong></span> <span class='ocrx_word' id='word_1_762' title='bbox 4485 4673 4780 4741; x_wconf 83' lang='lat' dir='ltr'><strong>Davidem</strong></span> 
     </span>
     <span class='ocr_line' id='line_1_110' title="bbox 2877 4755 4778 4843; baseline -0.004 -17"><span class='ocrx_word' id='word_1_763' title='bbox 2877 4761 3051 4826; x_wconf 88' lang='lat' dir='ltr'><strong>Psal.</strong></span> <span class='ocrx_word' id='word_1_764' title='bbox 3111 4760 3196 4826; x_wconf 87' lang='lat'><strong>39</strong></span> <span class='ocrx_word' id='word_1_765' title='bbox 3256 4760 3628 4843; x_wconf 88' lang='lat' dir='ltr'><strong>loquentem</strong></span> <span class='ocrx_word' id='word_1_766' title='bbox 3693 4760 4005 4834; x_wconf 88' lang='lat' dir='ltr'><strong>videmus,</strong></span> <span class='ocrx_word' id='word_1_767' title='bbox 4068 4781 4266 4843; x_wconf 90' lang='lat' dir='ltr'><strong>quum</strong></span> <span class='ocrx_word' id='word_1_768' title='bbox 4329 4762 4424 4825; x_wconf 87' lang='lat' dir='ltr'><strong>ait</strong></span> <span class='ocrx_word' id='word_1_769' title='bbox 4484 4782 4559 4828; x_wconf 90' lang='lat' dir='ltr'><strong>se</strong></span> <span class='ocrx_word' id='word_1_770' title='bbox 4602 4755 4778 4824; x_wconf 87' lang='lat' dir='ltr'><strong>domi·</strong></span> 
     </span>
     <span class='ocr_line' id='line_1_111' title="bbox 2874 4839 4782 4930; baseline -0.002 -19"><span class='ocrx_word' id='word_1_771' title='bbox 2874 4847 3185 4912; x_wconf 89' lang='lat' dir='ltr'><strong>nantibus</strong></span> <span class='ocrx_word' id='word_1_772' title='bbox 3221 4847 3529 4928; x_wconf 87' lang='lat' dir='ltr'><strong>improbis</strong></span> <span class='ocrx_word' id='word_1_773' title='bbox 3565 4868 3831 4930; x_wconf 86' lang='lat' dir='ltr'><strong>prorsus</strong></span> <span class='ocrx_word' id='word_1_774' title='bbox 3866 4846 4284 4912; x_wconf 85' lang='lat' dir='ltr'><strong>obmutuisse.</strong></span> <span class='ocrx_word' id='word_1_775' title='bbox 4369 4847 4470 4912; x_wconf 83' lang='lat' dir='ltr'><strong>Et</strong></span> <span class='ocrx_word' id='word_1_776' title='bbox 4490 4839 4782 4928; x_wconf 83' lang='lat' dir='ltr'><strong>singulari</strong></span> 
     </span>
     <span class='ocr_line' id='line_1_112' title="bbox 2873 4928 4780 5016; baseline -0.003 -18"><span class='ocrx_word' id='word_1_777' title='bbox 2873 4932 3324 4998; x_wconf 79' lang='lat' dir='ltr'><strong>observatione</strong></span> <span class='ocrx_word' id='word_1_778' title='bbox 3382 4932 3579 5015; x_wconf 91' lang='lat' dir='ltr'><strong>digna</strong></span> <span class='ocrx_word' id='word_1_779' title='bbox 3639 4945 3738 4998; x_wconf 92' lang='lat' dir='ltr'><strong>est</strong></span> <span class='ocrx_word' id='word_1_780' title='bbox 3795 4933 3954 5000; x_wconf 87' lang='lat' dir='ltr'><strong>haec</strong></span> <span class='ocrx_word' id='word_1_781' title='bbox 4000 4932 4316 5015; x_wconf 87' lang='lat' dir='ltr'><strong>doctrina,</strong></span> <span class='ocrx_word' id='word_1_782' title='bbox 4373 4954 4461 4998; x_wconf 92' lang='lat' dir='ltr'><strong>ex</strong></span> <span class='ocrx_word' id='word_1_783' title='bbox 4509 4953 4634 5016; x_wconf 91' lang='lat' dir='ltr'><strong>qua</strong></span> <span class='ocrx_word' id='word_1_784' title='bbox 4672 4928 4780 4993; x_wconf 86' lang='lat' dir='ltr'><strong>dis·</strong></span> 
     </span>
     <span class='ocr_line' id='line_1_113' title="bbox 2874 5017 4784 5101; baseline -0.004 -17"><span class='ocrx_word' id='word_1_785' title='bbox 2874 5038 3099 5084; x_wconf 84' lang='lat' dir='ltr'><strong>camus</strong></span> <span class='ocrx_word' id='word_1_786' title='bbox 3145 5019 3525 5083; x_wconf 86' lang='lat' dir='ltr'><strong>florentibus</strong></span> <span class='ocrx_word' id='word_1_787' title='bbox 3562 5020 3780 5101; x_wconf 87' lang='lat' dir='ltr'><strong>impiis</strong></span> <span class='ocrx_word' id='word_1_788' title='bbox 3816 5031 3880 5083; x_wconf 93' lang='lat' dir='ltr'><strong>et</strong></span> <span class='ocrx_word' id='word_1_789' title='bbox 3918 5017 4477 5099; x_wconf 84' lang='lat' dir='ltr'><strong>triumphantibus</strong></span> <span class='ocrx_word' id='word_1_790' title='bbox 4516 5027 4784 5101; x_wconf 77' lang='lat' dir='ltr'><strong>oportere</strong></span> 
     </span>
     <span class='ocr_line' id='line_1_114' title="bbox 2876 5102 4784 5188; baseline -0.003 -20"><span class='ocrx_word' id='word_1_791' title='bbox 2876 5126 2996 5169; x_wconf 87' lang='lat' dir='ltr'><strong>nos</strong></span> <span class='ocrx_word' id='word_1_792' title='bbox 3054 5105 3186 5169; x_wconf 88' lang='lat' dir='ltr'><strong>oris</strong></span> <span class='ocrx_word' id='word_1_793' title='bbox 3247 5107 3549 5184; x_wconf 85' lang='lat' dir='ltr'><strong>claustra,</strong></span> <span class='ocrx_word' id='word_1_794' title='bbox 3613 5119 3686 5167; x_wconf 90' lang='lat' dir='ltr'><strong>ut</strong></span> <span class='ocrx_word' id='word_1_795' title='bbox 3729 5105 4015 5187; x_wconf 91' lang='lat' dir='ltr'><strong>loquitur</strong></span> <span class='ocrx_word' id='word_1_796' title='bbox 4059 5103 4395 5188; x_wconf 89' lang='lat' dir='ltr'><strong>propheta,</strong></span> <span class='ocrx_word' id='word_1_797' title='bbox 4463 5102 4784 5176; x_wconf 82' lang='lat' dir='ltr'><strong>custodire,</strong></span> 
     </span>
     <span class='ocr_line' id='line_1_115' title="bbox 2874 5183 4784 5274; baseline -0.003 -19"><span class='ocrx_word' id='word_1_798' title='bbox 2874 5211 2952 5255; x_wconf 91' lang='lat' dir='ltr'><strong>ac</strong></span> <span class='ocrx_word' id='word_1_799' title='bbox 3009 5189 3165 5255; x_wconf 89' lang='lat' dir='ltr'><strong>dum</strong></span> <span class='ocrx_word' id='word_1_800' title='bbox 3227 5191 3410 5257; x_wconf 90' lang='lat' dir='ltr'><strong>nobis</strong></span> <span class='ocrx_word' id='word_1_801' title='bbox 3464 5212 3538 5257; x_wconf 93' lang='lat' dir='ltr'><strong>os</strong></span> <span class='ocrx_word' id='word_1_802' title='bbox 3585 5192 3766 5256; x_wconf 90' lang='lat' dir='ltr'><strong>Deus</strong></span> <span class='ocrx_word' id='word_1_803' title='bbox 3810 5190 4062 5274; x_wconf 85' lang='lat' dir='ltr'><strong>aperiat</strong></span> <span class='ocrx_word' id='word_1_804' title='bbox 4108 5190 4175 5253; x_wconf 90' lang='lat' dir='ltr'><strong>in</strong></span> <span class='ocrx_word' id='word_1_805' title='bbox 4220 5190 4487 5257; x_wconf 86' lang='lat' dir='ltr'><strong>silentio</strong></span> <span class='ocrx_word' id='word_1_806' title='bbox 4532 5199 4599 5257; x_wconf 91' lang='lat' dir='ltr'><strong>et</strong></span> <span class='ocrx_word' id='word_1_807' title='bbox 4637 5183 4784 5273; x_wconf 86' lang='lat' dir='ltr'><strong>pati-</strong></span> 
     </span>
    </p>
   </div>
   <div class='ocr_carea' id='block_1_6' title="bbox 4929 1102 4934 1809">
    <p class='ocr_par' dir='ltr' id='par_1_9' title="bbox 4929 1102 4934 1809">
     <span class='ocr_line' id='line_1_116' title="bbox 4929 1102 4934 1809; baseline 0 0"><span class='ocrx_word' id='word_1_808' title='bbox 4929 1102 4934 1809; x_wconf 95' lang='lat' dir='ltr'><strong> </strong></span> 
     </span>
    </p>
   </div>
   <div class='ocr_carea' id='block_1_7' title="bbox 4937 4602 4938 5263">
    <p class='ocr_par' dir='ltr' id='par_1_10' title="bbox 4937 4602 4938 5263">
     <span class='ocr_line' id='line_1_117' title="bbox 4937 4602 4938 5263; baseline 0 0"><span class='ocrx_word' id='word_1_809' title='bbox 4937 4602 4938 5263; x_wconf 95' lang='lat' dir='ltr'><strong> </strong></span> 
     </span>
    </p>
   </div>
  </div>
 </body>
</html>
