5059 6059
862 322 948 390 35
2482 323 2894 393 HOMILIA
2935 323 3229 391 XLVII.
4690 328 4749 393 36

865 514 1177 581 cedmae:
1237 513 1362 578 hoc
1418 515 1592 579 enim
1638 515 1763 579 erit
1828 513 2092 599 signum
2135 514 2464 582 socordiae
2505 515 2802 598 ipsorum
2905 522 3102 597 atque
3160 512 3323 579 adeo
3380 514 3437 580 si
3494 534 3691 597 quam
3758 514 4079 580 rationem
4148 513 4339 579 nobis
4400 516 4758 597 persuasimus

870 599 1043 683 quod
1102 600 1322 684 egredi
1380 601 1610 666 castris
1663 621 1794 665 uon
1839 599 2146 679 audeant,
2204 606 2260 666 et
2295 601 2408 668 hoc
2447 602 2633 685 siquo
2673 620 2807 686 coy-
2905 620 3275 683 sequamur,
3332 611 3399 665 et
3440 599 3536 665 illi
3590 600 4096 683 acquiescamus,
4157 600 4537 664 tantundem
4570 600 4639 665 ‹le
4669 602 4761 670 Dei

870 705 1188 752 noscemus
1249 685 1459 752 Deum
1522 686 1666 752 illos
1729 686 1802 750 in
1856 706 2083 752 ”tanus
2136 692 2387 753 nostras
2444 686 2804 753 tradidisse.

873 770 997 837 Sed
1038 773 1099 837 si
1138 770 1435 848 dixerint,
1479 771 1790 839 subsistite
1831 771 2514 855 donecpervemrimus
2545 773 2631 839 ad
2662 790 2803 837 vos:

869 864 1003 924 tum
1054 857 1358 922 stabimus
1400 859 1472 922 in
1513 857 1643 923 loeo
1686 863 1918 931 nostro,
1960 862 2020 922 et
2061 878 2187 923 non
2231 859 2676 925 adscendentes
2718 858 2805 923 ad

872 961 1007 1010 eos:
1075 945 1340 1027 signum
1394 943 1568 1008 enim
1637 942 1812 1008 istud
1880 945 2192 1009 audaciae
2251 957 2318 1010 et
2376 943 2802 1009 fortitudinis.

871 1027 1052 1112 Quid
1096 1028 1289 1108 istud,
1346 1049 1583 1111 quaeso
1637 1029 1733 1094 rei
1778 1027 1923 1093 est?
2012 1029 2247 1095 Nonne
2303 1029 2477 1096 dicas
2520 1028 2805 1113 pueriles

869 1116 1062 1185 iocos,
1121 1118 1323 1180 immo
1382 1116 1450 1178 in
1497 1125 1680 1180 tanto
1725 1134 1945 1179 rerum
1991 1114 2363 1180 discrimine
2410 1136 2656 1180 meram
2707 1116 2804 1179 in·

872 1200 1159 1269 saniaml
1221 1200 1361 1264 Nae
1423 1200 1683 1265 videtur
1726 1200 2129 1266 Ionathanus
2187 1221 2320 1266 non
2368 1201 2560 1266 modo
2605 1212 2802 1265 teme-

871 1287 1087 1352 rarius
1122 1297 1188 1350 et
1231 1284 1765 1362 inconsideratus,
1808 1285 1922 1350 sed
1960 1288 2154 1351 etiam
2193 1288 2257 1351 in
2302 1288 2509 1352 Deum
2549 1289 2804 1370 impius,

874 1372 1045 1456 quod
1092 1393 1236 1436 eum
1305 1374 1574 1437 tentarit
1616 1392 1809 1436 omen
1854 1373 2179 1454 accipiens
2240 1394 2321 1438 ex
2368 1394 2437 1437 re
2481 1375 2550 1438 in
2592 1374 2805 1456 specie

874 1458 1062 1523 nulla
1117 1468 1182 1521 et
1238 1458 1437 1522 inani.
1526 1456 1779 1522 Verum
1839 1458 2092 1540 probari
2138 1457 2282 1521 Deo
2339 1460 2584 1524 factum
2630 1457 2802 1523 istud

876 1543 1191 1619 videmus,
1258 1553 1325 1607 et
1390 1543 1530 1627 regi
1596 1541 1678 1607 ab
1735 1544 1874 1624 ipso
1919 1542 2358 1609 Ionathanum
2418 1543 2676 1610 traditis
2734 1544 2804 1608 in

875 1630 1080 1714 ipsius
1123 1650 1392 1693 manum
1439 1628 1759 1707 hostibus,
1802 1650 1961 1711 quos
1996 1640 2148 1694 ante
2193 1630 2393 1713 ipsius
2429 1630 2804 1712 adspectum

876 1715 1353 1792 occumbentes,
1419 1725 1486 1778 et
1539 1715 1724 1796 quasi
1786 1714 1924 1779 sola
1981 1716 2188 1798 ipsius
2245 1714 2476 1779 umbra
2541 1717 2807 1781 territos

875 1802 1162 1885 armiger
1214 1801 1418 1884 ipsius
1475 1799 1657 1865 nullo
1709 1801 1965 1882 negotio
2009 1801 2284 1866 conficit.
2374 1800 2560 1882 Quae
2603 1822 2804 1883 quum

873 1887 1225 1970 intuemur,
1285 1905 1501 1950 nonne
1558 1884 1850 1952 divinum
1909 1906 2070 1969 opus
2114 1889 2444 1969 suspicere
2488 1895 2557 1951 et
2600 1887 2804 1951 admi·

873 1974 1008 2038 rari
1053 1969 1406 2037 debemus?
1489 1970 1660 2036 Nam
1704 1970 2022 2054 quomodo
2067 1973 2398 2056 perterriti
2445 1972 2805 2049 Philistaei,

875 2069 944 2126 et
1001 2067 1185 2123 tanto
1230 2077 1467 2141 pavore
1524 2057 1823 2140 perculsi,
1883 2065 1956 2120 ut
1999 2067 2180 2122 metu
2225 2059 2627 2135 occumbant,
2695 2058 2808 2141 qui

873 2145 1057 2228 prius
1101 2142 1470 2227 triumphos
1513 2144 1695 2224 quasi
1741 2143 2018 2209 victores
2069 2143 2434 2209 canebant?
2490 2143 2808 2226 quomodo

875 2232 1117 2296 factum
1183 2238 1257 2293 ut
1322 2228 1403 2293 ab
1471 2227 1807 2302 Israelitis,
1877 2229 2019 2293 siue
2084 2228 2332 2312 praelio
2388 2231 2575 2296 fracti
2637 2231 2807 2294 caesi

873 2314 1209 2400 fugatique
1264 2314 1420 2391 sint,
1479 2313 1898 2379 caedentibus
1939 2312 2259 2381 Israelitis
2315 2336 2423 2381 eos
2467 2337 2626 2397 quos
2671 2336 2805 2380 me-

875 2414 985 2466 tus
1029 2402 1483 2466 semimortuos
1525 2398 2015 2482 prostraverat?
2120 2400 2261 2465 Nae
2319 2401 2489 2466 istud
2550 2402 2810 2465 intuen-

876 2497 978 2553 tes
1020 2505 1280 2551 necesse
1325 2494 1419 2550 est
1467 2485 1651 2550 fateri
1697 2484 2132 2550 Ionathanum
2191 2486 2356 2550 nihil
2400 2487 2507 2552 hic
2552 2507 2802 2564 ausum,

875 2581 945 2638 et
1003 2571 1162 2636 nihil
1209 2572 1499 2653 coepisse
1539 2572 1682 2635 sine
1727 2570 1949 2635 divino
1995 2570 2194 2637 ductu
2242 2581 2310 2636 et
2351 2572 2673 2657 impulsu:
2739 2582 2805 2637 et

873 2658 1073 2722 fuisse
1122 2657 1317 2721 veluti
1364 2676 1647 2739 caecum,
1692 2656 1840 2721 viae
1884 2678 2076 2739 quam
2123 2657 2580 2742 ingrederetur
2622 2658 2806 2742 igna-

876 2764 1042 2807 rum.
1134 2743 1232 2806 Eu
1304 2743 1537 2825 quibus
1604 2762 1927 2826 quamque
1993 2744 2191 2808 variis
2258 2743 2468 2810 modis
2537 2765 2802 2809 suorum

878 2829 1187 2894 misertus
1231 2829 1411 2893 Deus
1457 2842 1795 2912 operetur:
1839 2829 1895 2893 si
1942 2827 2182 2893 bellum
2229 2829 2525 2894 immittit
2569 2830 2801 2913 quibus

876 2915 1022 2981 illos
1073 2914 1384 2997 exploret,
1442 2934 1599 2979 sana
1643 2914 1912 2980 consilia
1969 2923 2037 2978 et·
2079 2913 2527 2979 fortitudinem
2574 2914 2801 2979 iisdem

878 2999 1351 3065 subministrat.
1456 2999 1646 3079 Quod
1721 3002 1774 3065 si
1851 3021 1982 3064 non
2039 3000 2134 3064 ita
2192 3022 2449 3084 semper
2506 3002 2678 3078 facit,
2738 3012 2807 3065 et

876 3087 1107 3169 inopes
1165 3085 1259 3150 illi
1318 3086 1570 3151 consilii
1630 3095 1697 3149 et
1739 3085 1912 3151 caeci
1971 3084 2124 3168 quid
2170 3088 2377 3151 acturi
2421 3086 2553 3151 sint
2596 3087 2801 3151 nesci-

877 3188 1010 3249 ant,
1071 3184 1138 3236 et
1194 3172 1373 3236 anxii
1428 3171 1500 3236 in
1560 3190 1849 3235 summas
1909 3190 2130 3236 rerum
2190 3172 2481 3236 omnium
2525 3171 2803 3237 difficul-

877 3267 1044 3323 tates
1088 3258 1388 3322 veniant:
1436 3257 1863 3321 nihilominus
1902 3266 2119 3321 tamen
2154 3270 2380 3322 contra
2416 3259 2805 3340 expectatio-

878 3364 1027 3408 nem
1072 3352 1365 3408 nostram
1405 3343 1585 3407 Deus
1621 3340 1714 3406 ita
1751 3341 1990 3425 dirigit,
2036 3342 2200 3407 etin
2246 3344 2569 3427 angustiis
2605 3364 2804 3409 manu

879 3429 1175 3501 sustinet,
1221 3436 1299 3493 ut
1342 3428 1583 3492 nostris
1627 3427 1916 3493 consiliis
1961 3428 2197 3504 faveat,
2245 3428 2625 3512 felicemque
2670 3429 2804 3492 exi-

878 3523 1018 3579 tum
1077 3513 1412 3597 largiatur,
1473 3511 1662 3577 modo
1719 3513 1789 3578 in
1834 3514 2046 3595 ipsum
2092 3513 2304 3578 solum
2351 3515 2804 3580 recumbamus

879 3611 945 3665 et
1011 3599 1266 3684 negotia
1330 3606 1550 3663 nostra
1628 3599 2019 3664 reiiciamus.
2147 3597 2559 3682 Quapropter
2621 3599 2806 3665 Deus

881 3706 1072 3769 saepe
1141 3704 1257 3748 nos
1317 3685 1496 3768 prius
1555 3683 1741 3751 deiici
1801 3693 1868 3750 et
1927 3683 2257 3750 humiliari
2319 3685 2481 3764 vult,
2549 3695 2613 3750 et
2655 3684 2804 3750 fieri

879 3773 1092 3836 instar
1147 3769 1513 3846 infantium,
1574 3777 1649 3835 ut
1702 3769 1958 3836 consilii
2003 3770 2228 3852 inopes
2272 3790 2623 3853 rerumque
2666 3791 2804 3834 om-

881 3857 1066 3921 nium
1125 3855 1334 3936 egeni,
1395 3866 1460 3919 et
1516 3875 1782 3937 prorsus
1838 3857 2011 3920 caeci
2071 3866 2138 3921 et
2194 3856 2408 3939 ignari
2462 3878 2678 3922 rerum
2741 3866 2806 3920 et

881 3941 1084 4005 futuri
1144 3941 1380 4019 exitus,
1438 3952 1655 4004 tamen
1719 3942 1881 4007 bene
1940 3961 2277 4024 speremus
2337 3940 2588 4025 Deique
2651 3962 2803 4025 pro-

881 4025 1298 4091 missionibus
1342 4027 1842 4107 acquiescamus‚
1900 4025 2421 4111 quandoquidem
2481 4050 2550 4092 se
2595 4029 2805 4093 nostri

878 4132 1102 4179 curam
1150 4111 1386 4175 habere
1426 4112 1784 4193 profitetur,
1832 4122 1898 4177 et
1933 4132 2271 4195 nunquam
2309 4134 2651 4196 passurum
2688 4135 2805 4178 nos

879 4201 971 4264 ita
1031 4196 1241 4282 premi
1285 4205 1357 4260 ut
1410 4197 1881 4279 opprimamur:
1939 4197 2049 4263 sed
2096 4199 2163 4262 iu
2208 4199 2481 4263 summis
2527 4199 2804 4265 difficul-

881 4282 1125 4351 tatibus
1182 4280 1363 4346 nobis
1420 4281 1802 4347 adfuturum
1862 4293 1928 4347 et
1979 4284 2059 4347 ad
2107 4284 2360 4349 felicem
2405 4287 2655 4350 exitum
2700 4307 2805 4350 res

881 4380 1139 4437 nostras
1185 4367 1667 4450 perducturum.
1757 4368 2036 4433 Istorum
2094 4369 2467 4451 exemplum
2514 4383 2653 4436 esto
2696 4371 2799 4435 Io-

882 4455 1231 4522 nathanus.
1324 4453 1404 4518 In
1461 4453 1644 4517 libris
1688 4452 1983 4518 Indicum
2045 4454 2340 4519 videmus
2384 4456 2598 4520 Deum
2655 4477 2806 4540 pru-

883 4542 1143 4608 dentiae
1186 4561 1261 4604 ac
1305 4539 1705 4623 fortitudinis
1761 4540 2061 4622 spiritum
2102 4540 2182 4605 iis
2240 4541 2602 4615 immisisse,
2665 4542 2804 4624 qui-

882 4630 1004 4694 bus
1049 4639 1124 4691 ut
1168 4626 1416 4709 gratiae
1474 4645 1628 4688 suae
1676 4624 1998 4689 ministris
2043 4625 2123 4689 ad
2168 4627 2388 4708 populi
2435 4628 2534 4692 sui
2583 4627 2800 4692 defen·

884 4716 1127 4779 sionem
1191 4721 1256 4775 et
1322 4711 1772 4776 liberationem
1839 4733 1919 4775 ex
1988 4711 2275 4775 hostium
2344 4713 2644 4778 manibus
2708 4713 2805 4776 uti

883 4800 1162 4866 volebat.
1252 4795 1382 4864 Sed
1438 4796 1547 4860 hic
1604 4796 1940 4861 diversum
1993 4796 2299 4877 quiddam
2344 4808 2460 4874 est,
2520 4818 2807 4862 summo-

883 4906 1039 4968 pere
1086 4882 1271 4948 nobis
1306 4883 1808 4961 observandum,
1854 4903 1938 4946 ne
1982 4880 2109 4945 Dei
2154 4884 2507 4965 potentiam
2547 4883 2627 4948 ad
2665 4904 2806 4949 nos-

883 4982 1061 5034 trum
1115 4969 1449 5033 modulum
1518 4980 1582 5032 et
1640 4988 2013 5033 mensuram
2081 4967 2547 5050 appendamus.
2636 4969 2803 5034 Nam

883 5056 941 5120 si
988 5056 1236 5138 quoties
1280 5055 1351 5118 in
1395 5052 1644 5137 aliquas
1688 5053 2105 5118 difficultates
2149 5054 2511 5130 incidimus,
2572 5054 2803 5120 libera·

882 5141 1082 5205 tionis
1128 5139 1388 5205 modum
1424 5139 1705 5222 aliquem
1741 5138 1926 5205 nobis
1962 5137 2421 5221 imaginamur,
2470 5140 2608 5204 Deo
2650 5162 2804 5224 quo-

883 5224 1229 5290 dammodo
1287 5225 1463 5289 viam
1522 5235 1744 5289 nostra
1787 5224 2250 5308 imaginatione
2293 5225 2805 5308 praecludimus:

2908 686 3151 751 virtute
3203 696 3269 750 et
3327 688 3619 769 potentia
3676 686 4084 751 detrahimus
4127 698 4446 768 quantum
4488 686 4647 751 nobis
4678 692 4761 754 tn‘-

2907 771 3184 855 buimus,
3242 782 3313 835 ut
3371 771 3673 856 deinceps
3729 793 3857 836 non
3914 773 4001 837 sit
4056 771 4338 854 amplius
4398 791 4439 834 a
4492 771 4617 836 Deo
4659 794 4760 857 sps·

2908 855 3115 921 randa
3159 856 3348 922 nobis
3392 856 3587 937 salus,
3645 869 3915 941 propter
3957 876 4280 921 summam
4324 856 4503 921 illam
4543 872 4763 924 nostram

2905 940 3470 1026 ingratitudinem.
3530 942 3971 1024 Quamobrem
4020 955 4201 1007 tanto
4240 942 4604 1026 diligentius
4638 945 4764 1010 istud

2905 1027 3405 1112 observandum,
3452 1029 3667 1093 Deum
3716 1029 3917 1093 variis
3963 1028 4327 1093 rationibus
4369 1029 4506 1093 suis
4537 1029 4767 1095 laboran-

2906 1114 3083 1179 tibus
3123 1134 3309 1197 opem
3357 1114 3544 1191 ferre,
3605 1125 3680 1178 ut
3722 1115 3916 1179 modo
3970 1115 4128 1197 ipsis
4169 1113 4391 1179 oculos
4434 1118 4675 1198 aperiat,
4718 1139 4768 1182 ne

2907 1200 3325 1283 prudentiam
3384 1200 3455 1264 in
3514 1199 3709 1265 rebus
3763 1199 4069 1285 gerendis
4127 1200 4464 1284 largiatur,
4521 1200 4771 1284 donisque

2908 1288 3207 1350 omnibus
3286 1285 3493 1351 sancti
3569 1286 3673 1352 sui
3740 1287 4008 1368 spiritus
4088 1286 4469 1350 necessariis
4529 1286 4770 1361 instruat,

2908 1372 3165 1453 quando
3231 1371 3357 1454 ipsi
3423 1370 3667 1454 placet:
3748 1371 3938 1436 modo
4002 1371 4197 1435 etiam
4266 1371 4498 1437 anxios
4560 1372 4683 1438 illos
4729 1385 4774 1437 et

2909 1458 3109 1522 animi
3172 1456 3403 1521 dubios
3459 1478 3600 1522 esse
3644 1457 3852 1522 sinat:
3911 1469 3979 1522 et
4032 1467 4250 1521 tamen
4294 1458 4389 1522 sic
4431 1458 4695 1540 impellat
4724 1474 4774 1522 ut

2908 1543 3225 1608 infantem
3282 1544 3390 1624 qui
3452 1544 3740 1608 nondum
3798 1542 4095 1608 incedere
4148 1542 4326 1608 solus
4384 1554 4609 1626 potest,
4657 1557 4707 1606 et
4748 1565 4776 1608 ι

2909 1640 3092 1711 tergo
3147 1629 3524 1707 sustinetur,
3581 1642 3766 1711 pater
3822 1630 4123 1712 ignarum
4187 1629 4332 1693 viae
4375 1640 4588 1693 tamen
4627 1650 4777 1694 manu

2910 1713 3205 1792 deducat,
3265 1726 3333 1778 et
3394 1714 3463 1778 in
3520 1715 3691 1778 viam
3752 1727 3994 1779 rectam
4055 1714 4322 1781 ductum
4384 1736 4512 1778 non
4558 1714 4777 1791 deserat,

2911 1822 2991 1865 ue
3049 1801 3269 1884 lapsus
3325 1799 3446 1865 sibi
3493 1801 3738 1864 malum
3799 1810 4106 1865 accersat.
4196 1798 4299 1863 Ita
4344 1801 4527 1864 Deus
4568 1822 4632 1864 se
4667 1823 4780 1884 erg-s

2916 1906 3033 1950 nos
3077 1886 3268 1970 gerit,
3313 1899 3377 1949 et
3421 1887 3716 1950 labentes
3760 1896 4117 1950 sustentat:
4162 1896 4230 1951 et
4274 1888 4364 1949 ita
4411 1888 4580 1969 regit
4618 1898 4679 1950 ut
4710 1900 4777 1949 ts·

2910 1993 3060 2037 men
3119 1971 3357 2037 clausis
3415 1972 3621 2036 oculis
3666 1982 3733 2035 et
3788 1973 4054 2056 ignaros
4100 1991 4229 2054 quo
4273 1992 4502 2036 eamus
4546 1972 4783 2055 impellat

2908 2067 2972 2123 et
3030 2056 3323 2122 deducat.
3427 2056 3640 2139 Saepe
3698 2057 3916 2140 itaque
3973 2056 4159 2122 Deus
4231 2072 4493 2139 praeter
4550 2068 4781 2122 nostran

2908 2144 3298 2227 opinionem,
3380 2154 3447 2206 et
3509 2143 3774 2226 ignaros
3839 2152 4114 2208 eventus
4180 2141 4393 2209 ducit.-
4477 2154 4545 2207 et
4604 2163 4785 2208 arcana

2909 2228 3185 2312 quadam
3246 2230 3311 2294 vi
3372 2229 3562 2313 regit,
3620 2239 3695 2293 ut
3749 2229 4012 2293 tandem
4073 2228 4154 2293 ad
4213 2238 4518 2311 optatum
4572 2242 4779 2312 portum

2907 2316 3205 2399 ignorata
3285 2323 3506 2378 tamen
3587 2316 3726 2378 viae
3805 2325 4064 2378 nostrae
4142 2314 4397 2379 ratione
4481 2315 4782 2379 veniamus.

2907 2401 3009 2466 Ne
3052 2401 3268 2483 itaque
3314 2399 3752 2465 Ionathanum
3812 2400 4197 2464 temeritatis
4252 2421 4659 2465 accusemus:
4707 2400 4784 2463 sed

2908 2486 3091 2551 illum
3151 2486 3363 2568 potius
3421 2485 3706 2569 impulsu
3754 2486 3877 2550 Dei
3939 2499 4243 2568 tanquam
4287 2487 4709 2550 somniantem
4741 2498 4783 2549 st

2908 2582 3097 2637 extra
3154 2591 3224 2636 se
3282 2571 3559 2653 positum
3632 2570 3977 2637 credamus
4035 2591 4415 2655 aggressum
4480 2593 4637 2655 opus
4688 2593 4785 2636 om·

2910 2658 3066 2722 nino
3150 2656 3449 2721 divinum
3528 2668 3594 2720 et
3672 2656 4282 2721 extraordinarium.
4398 2657 4572 2722 Nam
4632 2678 4783 2739 quum

2910 2742 3102 2808 modo
3148 2742 3276 2807 huc
3319 2741 3505 2807 modo
3561 2741 3720 2807 illuc
3762 2742 4138 2825 impellitur,
4199 2753 4265 2807 et
4308 2743 4584 2827 ignarus
4622 2746 4786 2808 exitus

2911 2828 3332 2893 consiliorum
3394 2829 3637 2908 haeret,
3696 2840 3763 2892 et
3820 2826 4084 2892 tandem
4142 2829 4315 2891 viam
4382 2830 4639 2911 reperit,
4686 2848 4783 2892 om·

2911 2914 3065 2979 uino
3133 2914 3432 2978 divinum
3507 2935 3670 2996 opus
3739 2914 3939 2978 fuisse
3996 2926 4063 2979 et
4117 2912 4200 2977 ad
4258 2913 4425 2978 illud
4484 2917 4785 2980 excitatum

2907 3000 3343 3065 Ionathanum
3399 3012 3647 3067 certum
3707 3009 3836 3064 est:
3902 3019 4115 3082 neque
4172 3001 4349 3064 euim
4407 3001 4464 3066 si
4534 3000 4785 3065 humanis

2906 3086 3193 3152 consiliis
3252 3085 3464 3150 locum
3509 3085 3806 3163 dedisset,
3866 3105 4150 3167 unquam
4195 3087 4609 3169 suscepisset,
4659 3081 4785 3169 quod

2907 3172 3106 3236 nullis
3168 3172 3475 3236 humanis
3533 3171 3779 3236 viribus
3830 3172 4052 3253 perfici
4098 3178 4373 3253 poterat.
4466 3171 4639 3253 Quid
4676 3190 4786 3252 ergo

2906 3257 3082 3322 aliud
3143 3256 3508 3332 dicendum,
3570 3277 3766 3340 quam
3825 3255 3992 3339 quod
4052 3268 4205 3321 ante
4260 3256 4473 3338 docui,
4531 3257 4783 3322 Ionatha-

2906 3364 3061 3408 num
3121 3343 3321 3407 fuisse
3382 3343 3559 3407 velut
3623 3355 3809 3406 extra
3865 3362 3936 3406 se
3980 3355 4255 3426 raptum,
4318 3363 4527 3426 quum
4575 3352 4787 3409 curast

2904 3427 3336 3494 sollicitudine
3396 3430 3648 3512 ingenti
3705 3440 4067 3513 urgeretur,
4134 3427 4394 3511 Deiqne
4462 3451 4659 3493 manu
4711 3426 4784 3490 ds·

2906 3514 3193 3594 ductum,
3251 3524 3318 3578 et
3370 3514 3663 3579 hostibus
3721 3514 4039 3579 obiectum
4086 3514 4289 3578 veluti
4336 3514 4659 3598 quoddam
4699 3524 4785 3576 ter·

2904 3600 3402 3665 riculamentum
3470 3601 3540 3664 in
3607 3598 3818 3666 medio
3884 3601 4163 3683 agmine,
4230 3608 4306 3663 ut
4372 3600 4518 3666 solo
4576 3608 4785 3682 aspectu

2905 3687 3115 3751 territi
3186 3695 3251 3750 et
3306 3684 3577 3751 horrore
3654 3686 3929 3768 perculsi
4006 3684 4427 3768 diffugerent,
4513 3697 4578 3751 et
4650 3684 4788 3750 suala

2905 3773 3330 3837 internecioni
3391 3771 3721 3836 darentur.
3812 3771 3990 3835 Hinc
4054 3773 4274 3854 itaque
4342 3772 4680 3845 discamus,
4731 3767 4787 3833 ad

2906 3858 3120 3922 Deum
3189 3857 3254 3921 in
3322 3857 3598 3923 summis
3677 3858 3997 3941 angustiis
4073 3857 4447 3941 confugere,
4528 3867 4595 3923 et
4648 3856 4786 3921 illum

2906 3943 3157 4027 precari
3202 3952 3276 4007 ut
3320 3953 3542 4007 nostra
3587 3944 3856 4007 consilia
3899 3951 4104 4026 regat,
4161 3963 4410 4026 suoque
4450 3944 4669 4008 favore
4705 3960 4787 4005 nos

2904 4029 3391 4111 complectatur,
3426 4040 3493 4092 et
3527 4049 3613 4093 ex
3648 4029 3969 4114 angustiis
4002 4038 4068 4093 et
4103 4028 4601 4095 difficultatibus
4631 4034 4785 4095 erunt.

2906 4135 3149 4197 suoque
3206 4115 3453 4180 lumine
3507 4114 3807 4194 illustret,
3871 4135 4230 4197 passusque
4303 4124 4571 4180 nostros
4633 4122 4783 4195 regat

2907 4198 3099 4281 Quod
3157 4201 3214 4265 si
3273 4221 3393 4265 nos
3448 4199 3721 4265 deiicere
3765 4209 3830 4265 et
3876 4200 4221 4265 humiliare
4265 4201 4391 4283 ipsi
4436 4203 4650 4266 visum
4688 4199 4783 4261 fue-

2907 4288 3008 4363 rit,
3077 4294 3144 4349 et
3206 4285 3414 4351 veluti
3481 4305 3705 4351 caecos
3770 4286 3838 4350 in
3917 4285 4199 4350 tenebris
4280 4288 4639 4367 continere,
4696 4302 4785 4366 qus

2906 4371 3248 4455 disciplina
3334 4392 3529 4455 saepe
3613 4371 4002 4456 indigemus,
4092 4371 4530 4437 nihilominus
4616 4384 4780 4436 tamen

2905 4467 3205 4541 apertum
3261 4478 3401 4522 esse
3457 4458 3579 4541 ipsi
3635 4459 3883 4523 exitum
3931 4478 4013 4521 ex
4058 4458 4338 4523 miseriis
4385 4461 4626 4523 nostris
4663 4456 4781 4520 scis·

2906 4564 3084 4608 mus:
3143 4551 3210 4608 et
3250 4545 3500 4627 precari
3547 4564 3678 4607 non
3724 4542 4095 4608 desinamus
4139 4552 4214 4608 ut
4258 4544 4511 4608 virtute
4554 4563 4665 4609 sua
4702 4558 4781 4603 nos

2906 4630 3225 4693 sustineat
3281 4629 3353 4692 in
3412 4631 3748 4694 vocatione
3806 4627 4200 4694 incedentes.
4292 4630 4513 4711 Atque
4570 4630 4656 4692 ita
4702 4644 4781 4689 nos

2910 4715 3121 4779 Deum
3187 4714 3440 4797 precari
3507 4714 3714 4791 decet,
3796 4735 3927 4778 non
3994 4722 4251 4779 tantum
4317 4727 4394 4779 ut
4474 4714 4681 4780 oculos
4738 4722 4779 4771 st

2903 4798 3319 4884 prudentiam
3378 4798 3562 4864 nobis
3620 4800 3939 4884 largiatur
3995 4799 4077 4863 ad
4123 4799 4485 4865 videndum
4527 4792 4779 4882 quidquid

2905 4885 3201 4969 expedit:
3260 4885 3373 4950 sed
3435 4886 3630 4950 etiam
3688 4900 3760 4951 ut
3803 4906 4002 4968 quum
4048 4887 4261 4950 omnis
4303 4887 4559 4950 consilii
4600 4901 4779 4965 exper-

2905 4977 3005 5035 tes
3050 4971 3365 5036 fuerimus
3409 4979 3476 5036 et
3518 4981 3831 5055 tanquam
3876 4972 4047 5036 caeci
4094 4973 4558 5051 erraverimus,
4603 4966 4779 5034 nihilo-

2904 5056 3124 5121 minus
3180 5064 3400 5121 tamen
3461 5057 3600 5140 ipse
3659 5078 3778 5122 nos
3836 5057 4081 5122 virtute
4124 5077 4244 5120 sua
4288 5066 4493 5141 regat,
4552 5068 4625 5121 nt
4661 5073 4779 5119 nuu-

2907 5162 3102 5224 quam
3152 5163 3190 5207 a
3234 5142 3405 5207 bono
3451 5141 3848 5219 recedamus,
3894 5151 3959 5208 et
4000 5143 4143 5208 vias
4187 5164 4416 5208 omnes
4464 5156 4699 5207 nostras
4732 5137 4775 5199 in

2908 5227 3115 5309 ipsius
3160 5248 3428 5291 manum
3474 5239 3539 5292 et
3582 5227 4060 5312 providentiam
4108 5230 4502 5294 reiiciamus.
4550 5232 4639 5293 Ac
4674 5226 4776 5288 lieet
