5059 6059
242 299 350 366 481

1507 293 1607 360 IN
1653 294 1706 362 Ι.
1756 294 1933 360 LIB.
1983 292 2364 362 SAMUEL
2405 292 2610 360 OAP.
2657 294 2928 360 XXIII.

4093 302 4227 369 482

239 495 306 554 ut
343 485 457 570 ipsi
499 482 666 550 nihil
707 483 927 550 minus
967 481 1356 569 cogitarint,
1399 489 1469 546 et
1508 482 1701 567 longe
1744 482 1874 547 alia
1915 483 2165 548 fuerint
2270 479 2472 561 tilam,
2514 481 2641 548 etsi
2687 504 2823 548 non
2865 492 3125 550 constat
3164 486 3449 552 fueritne
3487 486 3622 553 illic
3664 486 3898 572 aliquis
3941 495 4225 576 torrens,

236 573 500 658 ipsorum
554 567 859 636 consilia:
924 568 1039 634 sed
1087 568 1268 636 Deus
1335 565 1735 634 admirandis
1798 567 2162 635 rationibus

237 664 536 742 operatur.
583 655 849 734 Quanta
879 655 1085 739 igitur
1119 653 1369 720 laetitia
1400 653 1650 720 occasio
1680 652 1868 719 nobis
1891 654 2164 719 offertur

235 740 752 825 cognoscentibus
809 761 921 808 eos
964 741 1075 824 qui
1116 740 1185 804 in
1229 739 1357 805 Dei
1401 738 1677 804 tutelam
1720 738 1966 822 recepti
2005 746 2163 806 sunt

236 847 551 912 nunquam
595 825 1136 911 derelinquendos
1151 875 1167 903 ,
1226 823 1344 892 sed
1385 845 1471 890 ex
1513 824 1815 890 omnibus
1857 823 2163 907 periculis

235 915 441 980 divina
483 914 753 993 virtute,
813 931 1203 996 quacunque
1247 909 1503 976 ratione
1558 911 1704 988 fiat,
1767 907 2159 978 liberandos.

233 1000 565 1074 Caeterum
617 999 1125 1082 quotiescunque
1166 996 1540 1062 coniuratos
1578 995 1889 1061 ecclesiae
1920 996 2157 1075 hostes,

230 1085 332 1170 qui
373 1085 511 1150 dira
555 1104 852 1170 quaeque
895 1082 1018 1166 ipsi
1054 1081 1477 1148 minabantur
1516 1080 1832 1147 adversus
1872 1101 1942 1148 se
1985 1082 2004 1145 i
2054 1102 2160 1146 sos

227 1171 553 1255 insurgere
620 1169 1054 1253 conspicimus
1073 1219 1089 1247 ,
1154 1167 1438 1234 sciamus
1495 1165 1625 1231 Dei
1683 1166 1931 1232 virtuto
2046 1168 2159 1247 eri,

228 1255 600 1322 Philistaeos
662 1253 746 1321 ad
803 1275 997 1321 suum
1056 1253 1368 1339 populum
1421 1251 1830 1320 liberandum
1875 1272 2156 1319 eommo-

225 1341 439 1420 ventis,
485 1348 554 1407 et
595 1340 904 1407 ecclesiae
946 1339 1229 1408 salutem
1270 1337 1704 1423 procurantis.
1776 1336 1950 1404 Nam
1991 1358 2158 1423 quae

224 1427 449 1495 Davidi
479 1427 919 1512 contigerunt,
954 1425 1026 1492 in
1051 1445 1245 1491 usum
1267 1425 1561 1489 omnium
1583 1423 1879 1489 fidelium
1914 1424 2158 1508 scripta

221 1525 394 1594 sunt,
458 1524 785 1598 quatenus
860 1521 1021 1578 sunt
1085 1511 1353 1577 Domini
1419 1509 1627 1576 nostri
1691 1508 1849 1576 Iesu
1907 1508 2156 1577 Christi

221 1602 513 1680 membra,
561 1599 747 1666 cuius
783 1597 1007 1662 David
1049 1598 1265 1683 figura
1298 1595 1441 1661 fuit.
1507 1595 1607 1661 Ac
1648 1615 1808 1662 sane
1852 1616 1971 1661 nos
2013 1595 2157 1680 ipsa

220 1685 614 1770 experientia
672 1682 862 1750 docet
901 1681 1124 1750 Deum
1164 1702 1356 1764 saepe
1391 1680 1788 1749 Philistaeos
1838 1681 2155 1749 excitasse

218 1771 289 1837 ad
331 1770 536 1837 multa
581 1769 854 1835 consilia
896 1767 1048 1834 fran
1096 1767 1294 1845 enda,
1341 1775 1406 1833 et
1450 1776 1722 1832 conatus
1766 1767 2190 1835 evertendos·

218 1857 433 1941 quibus
476 1855 790 1935 eeclesia,
856 1854 984 1920 nisi
1099 1875 1213 1920 eus
1257 1873 1446 1936 opem
1491 1853 1785 1931 tulisset,
1853 1851 2154 1920 funditus

216 1942 556 2009 evertenda
634 1940 996 2006 videbatur.
1111 1939 1284 2004 Nam
1342 1939 1597 2021 quoties
1661 1936 1894 2003 mundi
1957 1937 2155 2004 huius

215 2050 493 2113 proceres
530 2049 610 2095 ac
645 2027 973 2111 principes
994 2025 1264 2091 consilia
1296 2025 1588 2090 inierunt
1621 2024 1706 2089 ad
1733 2023 1856 2091 Dei
1881 2024 2156 2090 verbum

212 2113 729 2198 exstirpandum,
772 2120 838 2177 et
880 2111 1105 2178 fideles
1147 2130 1374 2175 omnes
1416 2110 1513 2175 illi
1539 2108 1988 2186 ,adhaerentes
2022 2130 2159 2176 una

213 2201 644 2267 internecione
685 2197 1027 2278 tollendos,
1078 2206 1146 2262 et
1173 2197 1349 2262 inter
1391 2217 1463 2262 se
1498 2194 1820 2261 coniurati
1865 2193 2156 2262 fidelium

215 2287 496 2358 omnium
546 2285 890 2352 interitum
933 2291 999 2348 et
1043 2282 1428 2366 sanguinem
1483 2281 1815 2360 sitierunt,
1862 2279 2157 2365 nihilque

215 2372 484 2455 ipsorum
549 2370 820 2437 consilia
877 2371 1196 2435 remorari
1251 2388 1439 2452 posse
1497 2364 1892 2434 videbatur?
1972 2366 2156 2434 Deus

215 2467 419 2524 tamen
463 2453 871 2524 admirandis
913 2453 1124 2521 modis
1170 2462 1238 2519 et
1280 2463 1611 2520 momento
1668 2451 1938 2519 consilia
1981 2453 2154 2536 ipso·

213 2565 349 2608 rum
420 2543 623 2628 fregit
643 2592 664 2622 ,
743 2539 934 2608 modo
1013 2540 1299 2606 excitato
1382 2538 1583 2621 bello,
1661 2537 1854 2604 modo
1930 2538 2153 2605 fractis

212 2627 504 2708 induciis,
593 2625 782 2694 modo
849 2625 1215 2709 proditione
1287 2625 1496 2708 captis
1566 2625 1864 2702 urbibus,
1931 2625 2155 2707 ecquis

211 2723 413 2781 autem
473 2717 610 2781 ista
671 2733 911 2797 quaeso
956 2709 1274 2797 perfecit?
1364 2711 1507 2777 Nae
1552 2719 1829 2794 apparet
1870 2708 2153 2794 quidem,

211 2799 351 2868 hinc
392 2801 754 2866 multorum
801 2798 1088 2877 ambitio,
1148 2795 1302 2882 inde
1345 2797 1623 2862 aliorum
1668 2795 2042 2875 crudelitas,
2089 2805 2156 2861 et

212 2885 478 2970 denique
522 2905 734 2971 prava
776 2884 1117 2950 hominum
1162 2880 1503 2966 cupiditas,
1549 2881 1662 2948 sed
1701 2890 1920 2948 tamen
1956 2881 2152 2948 altius

210 2972 676 3058 assurgendum
703 2979 806 3036 est
839 2977 907 3035 et
939 2969 1068 3036 fide
1102 2967 1606 3052 contemplanda
1645 2967 2000 3051 singularis
2026 2967 2153 3035 Dei

213 3057 457 3124 bonitas
514 3078 636 3142 pro
694 3055 1003 3124 eeclesiae
1060 3075 1218 3120 suae
1265 3054 1477 3120 salute
1522 3063 1590 3119 et
1632 3052 2010 3120 defensione
2054 3054 2151 3121 vi-

214 3144 496 3226 gilantis,
552 3164 631 3210 ac
680 3141 956 3226 proinde
1013 3141 1237 3206 hostes
1300 3139 1610 3207 ecclesiae
1653 3140 1967 3206 adversus
2009 3160 2153 3206 sese

212 3228 480 3300 invicem
526 3228 1014 3298 committentis.
1102 3226 1322 3308 Atque
1381 3224 1676 3292 doctrina
1725 3225 1888 3292 haee
1930 3225 2151 3292 obser·

212 3315 412 3381 vanda
470 3336 558 3381 ex
617 3315 698 3379 iis
742 3333 910 3397 quae
952 3312 1258 3380 dicuntur
1314 3310 1395 3376 de
1438 3310 1715 3377 Davidis
1768 3310 2150 3378 liberatione

209 3421 317 3482 per
359 3400 792 3478 Philistaeos,
852 3399 966 3482 qui
1011 3399 1077 3464 in
1123 3397 1436 3463 Iudaeam
1478 3396 1872 3479 irruperant.
1961 3395 2148 3463 Facti

212 3497 417 3554 autem
474 3487 671 3554 istius
714 3484 1096 3550 memoriam
1158 3492 1540 3570 perpetuam
1585 3482 1785 3548 fuisse
1827 3482 2151 3563 adiicitur,

211 3573 369 3654 quod
391 3593 469 3638 ea
504 3572 843 3640 occasione
863 3571 1046 3637 locus
1082 3568 1194 3634 ille
1217 3576 1490 3634 vocatus
1507 3569 1600 3634 sit
1624 3576 1809 3652 petra
1830 3566 2150 3648 dividens,

209 3677 393 3739 quam
436 3680 667 3728 vocem
714 3655 976 3741 quidam
1021 3653 1544 3739 interpretantur
1587 3654 1667 3719 de
1712 3653 1933 3734 Saule,
1977 3653 2150 3737 quod

208 3764 319 3808 sua
381 3765 499 3829 spe
568 3743 833 3810 delusus
899 3740 1228 3807 discedere
1293 3749 1556 3807 coactus
1618 3739 1707 3805 sit
1762 3759 1835 3804 re
1892 3740 2149 3807 infecta.

209 3828 336 3895 Alii
392 3851 555 3898 vero
619 3828 793 3912 quod
851 3825 1133 3893 Davidis
1210 3823 1453 3891 milites
1516 3823 1849 3908 suspensis
1913 3826 2153 3893 animis

208 3914 462 3983 fuerint.
576 3913 826 3980 Verum
894 3913 1195 3979 existimo
1262 3908 1479 3977 verbis
1543 3910 1676 3977 illis
1739 3910 1958 3994 potius
2019 3909 2153 3978 Dei

210 3998 565 4069 bonitatem
609 4021 770 4085 erga
794 3997 1117 4065 Davidem
1152 3995 1614 4081 commendari,
1657 3997 1769 4081 qui
1813 4016 2150 4080 nunquam

208 4096 528 4170 sperasset
562 4107 635 4151 se
674 4085 799 4152 hac
833 4085 1086 4150 ratione
1129 4083 1561 4164 liberandum,
1605 4091 1681 4149 ut
1715 4102 1949 4165 nempe
1987 4081 2149 4149 Saul

210 4170 429 4239 relicto
473 4171 736 4239 Davide
780 4180 1121 4255 cogeretur
1166 4169 1552 4235 exercitum'
1572 4189 1770 4236 suum
1816 4167 2150 4252 abducere,

209 4254 343 4323 Deo
363 4260 584 4343 ipsum
611 4257 738 4323 alio
762 4263 1118 4340 avertente,
1162 4263 1229 4320 et
1250 4262 1561 4338 tanquam
1593 4255 1816 4320 fraeno
1840 4253 2116 4320 ducente
2131 4277 2149 4336 ;

212 4362 332 4424 qua
396 4342 833 4410 similitudine
895 4341 1288 4426 prophetam
1341 4341 1606 4407 Esaiam
1673 4340 1770 4405 uti
1833 4339 2153 4422 videmus,

205 4447 402 4511 quum
447 4431 614 4496 dicit
641 4428 859 4496 Deum
907 4428 1203 4495 hostibus
1244 4427 1320 4490 in
1361 4446 1557 4492 nares
1597 4425 1830 4492 fibulas
1869 4425 2149 4507 mittere,

208 4523 270 4577 et
310 4514 458 4584 illos
490 4536 612 4600 pro
657 4513 926 4581 arbitrio
969 4512 1473 4580 circumducere.
1536 4511 1690 4578 Non
1733 4511 1927 4577 aliter
1967 4511 2152 4577 Deus

210 4598 308 4664 vel
360 4601 652 4668 invitum
701 4597 975 4666 Saulem
1035 4611 1345 4683 tanquam
1412 4597 1635 4663 fraeno
1703 4608 1879 4663 retro
1936 4607 2149 4666 actutu

207 4687 414 4771 coegit
453 4685 740 4753 invitum
786 4684 988 4750 abire.

369 4772 608 4857 Neque
657 4791 815 4840 vero
871 4779 1093 4835 tamen
1151 4769 1258 4835 hic
1317 4770 1469 4835 finis
1524 4769 1649 4835 fuit
1707 4767 2152 4834 calamitatum

208 4863 272 4920 et
334 4857 764 4926 afflictionum
823 4853 1133 4921 Davidis:
1211 4876 1366 4921 nam
1444 4854 1720 4938 repulsis
1778 4852 2154 4920 Philistaeis

206 4938 366 5008 Saul
409 4944 495 5011 de
540 4966 660 5011 sua
699 4941 1080 5009 erudelitate
1125 4941 1438 5010 adversus
1475 4940 1794 5007 Davidem
1839 4938 2008 5006 nihil
2051 4962 2154 5006 re·

205 5028 410 5110 misit3
475 5029 646 5114 quod
695 5026 918 5096 David
985 5028 1277 5092 sentiens
1334 5038 1404 5092 et
1459 5026 1822 5112 periculum
1867 5025 1934 5090 in
1979 5024 2154 5111 quod

2266 577 2383 630 aut
2431 567 2762 652 scaturigo
2799 567 3122 653 quaedam
3147 590 3313 654 quae
3347 570 3488 636 loco
3521 572 3678 639 huic
3699 594 3937 640 nomen
3961 575 4221 658 swerit3

2265 652 2467 717 fuisse
2503 661 2723 719 tamen
2757 674 2833 720 eo
2865 653 3011 722 loco
3048 676 3317 740 specum
3352 656 3923 740 profundissimam
3967 669 4219 728 eertum

2267 746 2405 802 est:
2464 739 2831 805 cuiusmodi
2884 741 3133 806 multae
3199 762 3429 826 specus
3488 752 3648 810 sunt
3703 744 3775 809 in
3829 743 4217 829 quibusdam

2265 823 2645 908 regionibus
2709 823 3203 904 subterraneae,
3277 828 3358 892 ad
3434 826 3781 895 dimidium
3837 829 4093 898 miliare
4146 854 4218 899 se

2264 908 2750 991 protendentes.
2838 911 3059 977 David
3116 912 3323 996 igitur
3382 914 3457 978 in
3511 914 3626 978 illa
3690 935 3885 1000 specu
3942 937 4013 981 se
4058 937 4215 983 eon·

2266 994 2467 1059 tinuit
2511 1002 2829 1080 tanquam
2872 995 2939 1062 in
2985 997 3204 1083 asylo,
3270 998 3445 1082 quod
3492 1000 3690 1066 sciret
3734 1021 3929 1084 quam
3974 1001 4215 1068 infesto

2265 1079 2485 1145 animo
2542 1079 2707 1147 Saul
2758 1083 2972 1165 ipsum
3033 1099 3549 1168 persequeretur.
3650 1085 3830 1153 Hinc
3888 1085 4216 1155 diseamus

2263 1186 2396 1230 non
2440 1165 2847 1250 despondere
2889 1169 3216 1251 animum,
3275 1190 3488 1252 neque
3544 1192 3741 1256 aegre
3797 1173 3966 1237 ferre
4008 1194 4215 1257 quum

2264 1273 2382 1316 nos
2427 1250 2615 1319 Deus
2670 1253 2743 1319 in
2789 1272 2963 1319 nova
3006 1256 3397 1334 certamina,
3453 1265 3521 1322 et
3568 1277 3775 1324 novas
3830 1258 4215 1327 afflictiones

2262 1336 2543 1404 subinde
2589 1349 2797 1418 vocat,
2858 1360 3071 1424 neque
3114 1340 3213 1406 illi
3255 1339 3533 1424 obloqui,
3584 1342 3698 1407 sed
3742 1344 3965 1426 potius
4008 1363 4215 1413 novas

2265 1425 2435 1487 vires
2459 1444 2806 1491 resumere.
2868 1425 3044 1491 Nota
3077 1427 3253 1491 enim
3282 1437 3383 1493 est
3406 1427 3750 1493 hominum
3775 1429 4217 1498 inconstantia

2262 1519 2330 1573 et
2389 1518 2628 1576 natura
2671 1531 2835 1593 quae
2893 1511 3136 1596 exigua
3181 1532 3253 1578 re
3298 1512 3721 1579 vehementer
3761 1527 4216 1583 commovetur

2262 1608 2330 1658 et
2363 1595 2802 1677 perturbatur,
2850 1606 2916 1662 et
2948 1607 3259 1681 superata
3292 1597 3569 1681 quadam
3609 1601 3968 1666 tentatione
4004 1601 4213 1667 otium

2261 1679 2331 1744 in
2369 1688 2704 1763 posterum
2750 1694 2819 1747 et
2848 1682 3395 1766 tranquillitatum
3436 1685 3688 1767 expetit
3728 1684 3982 1769 sibique
4019 1686 4213 1770 polli-

2262 1778 2448 1832 cetur
2482 1767 2549 1831 in
2589 1767 2906 1852 reliquam
2956 1771 3180 1846 vitam,
3225 1770 3337 1835 sed
3375 1768 3563 1835 Deus
3606 1770 3752 1836 vult
3794 1794 3912 1836 nos
3955 1773 4021 1836 in
4068 1773 4214 1842 istie

2263 1853 2457 1918 terris
2480 1854 2790 1933 exerceri,
2837 1864 2903 1919 et
2938 1874 3111 1920 nova
3152 1855 3427 1921 subinde
3462 1856 3823 1922 certamina
3854 1858 4214 1924 sustinere:

2265 1938 2401 2002 vita
2466 1938 2643 2003 enim
2724 1951 2952 2005 nostra
3028 1939 3266 2005 similis
3330 1951 3430 2005 est
3494 1940 3767 2007 militiae
3838 1943 4213 2024 continuae,

2264 2033 2379 2088 aut
2421 2023 2591 2090 bello
2636 2033 2981 2108 perpetuo,
3028 2046 3180 2092 nam
3226 2026 3349 2091 etsi
3392 2025 3574 2093 Deus
3617 2047 3810 2112 saepe
3852 2028 4040 2094 nobis
4081 2030 4216 2097 otia

2266 2110 2452 2186 facit,
2491 2131 2624 2176 non
2689 2109 2836 2176 ideo
2895 2123 3121 2178 tamen
3177 2125 3492 2195 perpetua
3551 2132 3679 2195 pax
3733 2114 4088 2195 speranda,
4146 2123 4216 2179 et

2261 2196 2537 2260 stultum
2576 2196 2744 2262 soret
2777 2195 3002 2263 fovere
3041 2217 3189 2280 spes
3223 2198 3470 2275 inanes,
3519 2219 3637 2264 nos
3684 2199 3882 2264 nullis
3917 2220 4208 2282 unquam

2260 2281 2724 2347 certaminibus
2797 2281 3212 2349 exercendos.
3316 2282 3757 2364 Quamobrem
3904 2306 4207 2351 rsuasum

2259 2367 2445 2434 nobis
2495 2378 2636 2433 esto
2685 2377 2944 2452 praeter
2992 2388 3406 2435 communem
3450 2389 3601 2436 cum
3656 2371 3837 2434 omni
3884 2391 3961 2436 us
3997 2371 4208 2435 homi·

2261 2452 2450 2518 nibus
2496 2454 2933 2520 conditionem
2989 2475 3155 2538 quae
3198 2455 3441 2522 caduca
3482 2464 3604 2534 est,
3656 2467 3721 2521 et
3765 2456 3991 2522 multis
4036 2457 4209 2522 cala-

2259 2536 2596 2604 mitatibus
2616 2538 2897 2606 obnoxia
2916 2539 3143 2606 fideles
3172 2553 3473 2624 oportere
3505 2541 3696 2607 novis
3730 2541 4008 2607 subinde
4034 2541 4207 2607 cala·

2258 2623 2593 2690 mitatibus
2615 2636 2682 2690 et
2704 2625 3175 2691 tentationibus
3198 2627 3508 2707 exerceri,
3551 2635 3620 2692 et
3641 2647 3674 2691 s
3720 2626 3901 2693 eciali
3927 2626 4207 2711 quadam

2256 2710 2509 2777 ratione
2553 2710 2778 2778 divino
2822 2711 3111 2778 examini
3155 2712 3406 2792 subiici,
3462 2721 3531 2777 et
3572 2731 3612 2776 a
3723 2733 3799 2778 eo
3840 2712 4035 2778 modo
4078 2714 4210 2780 huc

2257 2795 2451 2862 modo
2508 2796 2665 2863 illuc
2707 2796 3087 2878 transferri,
3129 2818 3216 2864 ne
3258 2797 3511 2864 occulta
3562 2797 3842 2881 quadam
3905 2797 4210 2883 rubigine

2259 2883 2612 2962 vitientur,
2668 2882 2918 2969 sibique
2960 2891 3234 2950 veterno
3276 2883 3628 2967 perniciem
3674 2892 4035 2958 accersant,
4092 2885 4206 2949 sed

2256 2967 2475 3051 potius
2518 2969 2699 3036 omni
2744 2969 2983 3050 studio,
3026 2989 3188 3036 cura
3229 2979 3299 3033 et
3326 2967 3678 3052 ‚diligentia
3720 2969 3791 3033 in
3834 2989 4060 3051 preces
4105 2970 4208 3034 in-

2256 3053 2591 3153 cumbant,
2636 3061 2702 3118 et
2735 3054 2818 3120 ad
2840 3055 3059 3121 Deum
3082 3055 3153 3119 in
3176 3054 3449 3121 summis
3471 3054 3789 3137 angustiis
3809 3054 4208 3138 confugiant.

2258 3138 2458 3206 Fides
2481 3160 2659 3206 emm
2686 3147 2915 3208 nostra
2940 3138 3130 3208 facile
3168 3139 3471 3225 rubigine
3500 3149 4044 3222 corrumperetur,
4078 3142 4209 3208 nisi

2255 3225 2457 3292 variis
2519 3224 2732 3292 modis
2795 3235 3210 3292 exerceretur
3232 3274 3251 3309 ,
3316 3238 3383 3290 et
3444 3246 3485 3291 a
3526 3225 3672 3291 Deo
3735 3225 4206 3309 exploraretur.

2256 3311 2480 3378 Rebus
2511 3311 2694 3378 enim
2731 3311 3104 3396 tranquillis
3137 3310 3581 3398 segnescimus
3624 3318 3692 3374 et
3729 3310 3797 3376 in
3842 3311 4209 3379 invocando

2256 3396 2401 3464 Deo
2446 3407 2811 3482 torpemus,
2870 3418 3073 3481 quum
3120 3405 3344 3464 tamen
3384 3396 3801 3480 praecipuam
3842 3395 4058 3463 cultus
4102 3398 4208 3464 sui

2257 3492 2506 3582 partem
2552 3483 3036 3550 invocationem
3080 3481 3266 3550 Deus
3309 3504 3351 3548 a
3390 3481 3580 3547 nobis
3623 3484 3932 3565 requirat.
4012 3482 4208 3552 Hanc

2255 3571 2460 3655 1gitur
2511 3569 2593 3634 ob
2637 3589 2901 3634 causam
2946 3569 3129 3637 Deus
3182 3589 3305 3636 nos
3362 3568 3563 3634 variis
3604 3567 4084 3635 calamitatibus
4140 3582 4208 3634 et

2256 3654 2722 3722 afflictionibus
2749 3656 3009 3735 excitat,
3054 3676 3137 3720 ne
3173 3676 3305 3720 non
3347 3652 3655 3738 modoseg
3680 3674 4041 3733 nescamus,
4084 3654 4203 3721 sed

2255 3741 2451 3808 etiam
2518 3740 2785 3808 tandem
2828 3739 3146 3807 adversus
3202 3741 3418 3826 ipsum
3462 3740 3939 3808 contumaciter
3979 3741 4201 3807 insur-

2256 3848 2509 3912 gamus.
2598 3825 2783 3894 Haec
2838 3827 3045 3913 igitur
3101 3825 3399 3910 exemplo
3456 3824 3733 3892 Davidis
3801 3825 4201 3907 meditanda,

2256 3914 2363 3979 cni
2419 3912 2575 3979 lieet
2830 3933 2871 3978 a
2927 3919 3069 3978 erat
3120 3911 3340 3978 oblata
3380 3911 3673 3978 laetitiae
3718 3914 3988 3993 eccesie,
4033 3913 4205 3996 quod

2256 3999 2338 4066 ab
2416 3998 2793 4064 imminenti
2868 4007 3079 4063 morte
3142 3997 3459 4065 liberatus
3522 3997 3792 4076 fnisset,
3877 4018 4011 4063 non
4078 4000 4207 4064 fuit

2258 4097 2476 4152 tamen
2529 4081 2646 4149 illa
2687 4081 3023 4163 diuturna,
3083 4083 3197 4150 sed
3241 4083 3670 4150 nihilominus
3715 4094 3937 4148 tamen
3981 4081 4206 4149 David

2256 4179 2659 4237 servatorem
2702 4190 2899 4238 suum
2942 4157 3160 4235 Deum
3204 4189 3569 4253 agnoscens
3612 4168 3710 4234 illi
3755 4168 4003 4253 gratias
4047 4170 4205 4253 egit,

2255 4276 2455 4340 seque
2496 4255 2787 4322 vicissim
2833 4255 2916 4321 ad
2961 4275 3138 4324 nova
3180 4256 3565 4332 certamina,
3606 4273 3943 4338 novasque
3986 4255 4205 4320 feren-

2255 4341 2374 4410 das
2408 4340 2807 4407 tentationes
2849 4341 3285 4425 praeparavit.
3351 4340 3447 4408 At
3486 4362 3648 4408 sane
3691 4340 3875 4406 illum
3918 4341 4208 4424 oportuit

2255 4427 2340 4496 ad
2383 4447 2554 4496 nova
2581 4426 2941 4493 certamina
2962 4448 3037 4493 se
3064 4446 3476 4511 praeparare.
3522 4448 3604 4492 ne
3631 4427 3934 4492 incautus
3978 4425 4205 4509 depre-

2258 4511 2677 4580 henderetur.
2724 4511 3169 4593 Quamobrem
3210 4514 3278 4577 in
3314 4513 3637 4580 desertum
3670 4509 4010 4595 Itu-gaddi
4050 4530 4207 4577 con·

2255 4598 2447 4684 fugit,
2491 4609 2560 4663 et
2595 4609 2904 4683 tanquam
2938 4599 3077 4666 fera
3114 4599 3433 4680 quaedam
3469 4599 3537 4662 in
3574 4595 3839 4679 rupium
3874 4595 4206 4681 speluncis

2259 4684 2464 4750 vitam
2519 4703 2707 4750 suam
2768 4684 2941 4752 tueri
2998 4695 3259 4751 coactus
3316 4693 3433 4749 est.
3536 4682 3766 4765 Neque
3825 4684 4001 4748 enim
4058 4683 4204 4750 sine

2257 4791 2455 4837 causa
2475 4769 2586 4835 hic
2620 4769 2860 4838 dicitur
2882 4767 3044 4836 Saul
3083 4770 3267 4836 illum
3304 4777 3740 4852 persequutus
3774 4769 3971 4834 etiam
4004 4789 4206 4852 super

2258 4855 2753 4940 abruptissimas
2772 4865 2997 4942 petras
3061 4876 3184 4924 uae
3216 4855 3371 4922 solis
3406 4853 3683 4920 ibicibus
3706 4855 3972 4938 perviae
4014 4866 4201 4920 sunt:

2258 4943 2499 5009 scimus
2536 4949 2754 5008 autem
2790 4944 2962 5009 feras
3004 4942 3149 5007 ilas
3193 4959 3335 5006 esse
3379 4938 3763 5020 levissimas,
3808 4959 3976 5022 quae
4020 4939 4203 5006 velo-

2255 5028 2518 5095 cissime
2583 5047 2667 5092 ex
2730 5049 2897 5111 rupe
2956 5028 3029 5092 in
3087 5047 3318 5109 rupem
3378 5024 3713 5090 desiliunt.
3810 5025 3917 5092 Ex
3966 5025 4205 5109 quibus

207 5110 530 5182 inciderat
571 5136 736 5200 ‚puae
781 5112 990 5182 oculis
1033 5112 1303 5193 habens,
1340 5113 1553 5179 locum
1596 5110 1910 5191 mutavit,
1952 5112 2154 5178 veuit·
2259 5121 2531 5198 apparet
2593 5112 2659 5178 in
2728 5134 2893 5198 quas
2956 5111 3293 5198 augustias
3357 5110 3576 5176 David
3642 5109 3943 5176 redactus
4007 5121 4205 5195 esset,

205 5217 330 5280 que
372 5202 446 5268 in
491 5201 823 5292 desertum
863 5191 1221 5283 En-gaddi,
1265 5201 1451 5283 quasi
1484 5198 1659 5265 dicas
1703 5197 1919 5264 locum
1962 5218 2159 5284 aquas·
2258 5201 2372 5283 qui
2406 5201 2473 5265 in
2520 5198 2904 5281 speluncam
2948 5199 3128 5264 illam
3175 5196 3414 5264 deserti
3456 5195 3842 5281 confugiens
3884 5197 4015 5264 fnit
4056 5205 4211 5263 tan-

371 5302 599 5360 Oalm’m‘
630 5319 818 5374 opera.
897 5301 1013 5356 Vol.
1041 5300 1236 5356 XXX.

3809 5298 3879 5354 31
