<?xml version="1.0" encoding="UTF-8"?>
<!DOCTYPE html PUBLIC "-//W3C//DTD XHTML 1.0 Transitional//EN"
    "http://www.w3.org/TR/xhtml1/DTD/xhtml1-transitional.dtd">
<html xmlns="http://www.w3.org/1999/xhtml" xml:lang="en" lang="en">
 <head>
  <title>
</title>
<meta http-equiv="Content-Type" content="text/html;charset=utf-8" />
  <meta name='ocr-system' content='tesseract 3.04.00' />
  <meta name='ocr-capabilities' content='ocr_page ocr_carea ocr_par ocr_line ocrx_word'/>
</head>
<body>
  <div class='ocr_page' id='page_1' title='image "./ioanniscalvinio07unkngoog_0745.png"; bbox 0 0 5059 6059; ppageno 0'>
   <div class='ocr_carea' id='block_1_1' title="bbox 269 267 4192 344">
    <p class='ocr_par' dir='ltr' id='par_1_1' title="bbox 269 267 4192 344">
     <span class='ocr_line' id='line_1_1' title="bbox 269 267 4192 344; baseline -0.001 -2"><span class='ocrx_word' id='word_1_1' title='bbox 269 273 375 344; x_wconf 80' lang='lat'><strong>549</strong></span> <span class='ocrx_word' id='word_1_2' title='bbox 1568 270 1665 337; x_wconf 86' lang='lat' dir='ltr'><strong>IN</strong></span> <span class='ocrx_word' id='word_1_3' title='bbox 1705 268 1760 337; x_wconf 92' lang='lat'><strong>1.</strong></span> <span class='ocrx_word' id='word_1_4' title='bbox 1806 270 1990 339; x_wconf 86' lang='lat' dir='ltr'><strong>LIB.</strong></span> <span class='ocrx_word' id='word_1_5' title='bbox 2035 268 2442 341; x_wconf 79' lang='lat' dir='ltr'><strong>SAMUEL.</strong></span> <span class='ocrx_word' id='word_1_6' title='bbox 2483 267 2680 337; x_wconf 84' lang='lat' dir='ltr'><strong>OAP.</strong></span> <span class='ocrx_word' id='word_1_7' title='bbox 2723 269 2950 337; x_wconf 83' lang='lat' dir='ltr'>XXV.</span> <span class='ocrx_word' id='word_1_8' title='bbox 4059 268 4192 337; x_wconf 83' lang='lat'><strong>550</strong></span> 
     </span>
    </p>
   </div>
   <div class='ocr_carea' id='block_1_2' title="bbox 204 454 4191 2492">
    <p class='ocr_par' dir='ltr' id='par_1_2' title="bbox 204 454 4191 2492">
     <span class='ocr_line' id='line_1_2' title="bbox 263 454 4191 545; baseline -0.001 -19"><span class='ocrx_word' id='word_1_9' title='bbox 263 461 474 545; x_wconf 65' lang='lat' dir='ltr'><strong>ncipit,</strong></span> <span class='ocrx_word' id='word_1_10' title='bbox 523 466 833 541; x_wconf 88' lang='lat' dir='ltr'><strong>tanquam</strong></span> <span class='ocrx_word' id='word_1_11' title='bbox 892 459 947 523; x_wconf 90' lang='lat' dir='ltr'><strong>si</strong></span> <span class='ocrx_word' id='word_1_12' title='bbox 993 478 1105 523; x_wconf 89' lang='lat' dir='ltr'><strong>rea</strong></span> <span class='ocrx_word' id='word_1_13' title='bbox 1165 465 1357 524; x_wconf 87' lang='lat' dir='ltr'><strong>esset.</strong></span> <span class='ocrx_word' id='word_1_14' title='bbox 1446 456 1599 540; x_wconf 81' lang='lat' dir='ltr'><strong>Qua</strong></span> <span class='ocrx_word' id='word_1_15' title='bbox 1639 457 1707 523; x_wconf 93' lang='lat' dir='ltr'><strong>in</strong></span> <span class='ocrx_word' id='word_1_16' title='bbox 1752 478 1826 523; x_wconf 89' lang='lat' dir='ltr'><strong>re</strong></span> <span class='ocrx_word' id='word_1_17' title='bbox 1870 456 2149 523; x_wconf 87' lang='lat' dir='ltr'><strong>Davidis</strong></span> <span class='ocrx_word' id='word_1_18' title='bbox 2427 454 2809 540; x_wconf 76' lang='lat' dir='ltr'><strong>Sequuntur</strong></span> <span class='ocrx_word' id='word_1_19' title='bbox 2850 455 3155 544; x_wconf 88' lang='lat' dir='ltr'><strong>deinceps</strong></span> <span class='ocrx_word' id='word_1_20' title='bbox 3198 458 3521 543; x_wconf 81' lang='lat' dir='ltr'><strong>Abigailis</strong></span> <span class='ocrx_word' id='word_1_21' title='bbox 3561 459 3682 525; x_wconf 85' lang='lat' dir='ltr'><strong>illa</strong></span> <span class='ocrx_word' id='word_1_22' title='bbox 3723 457 3966 525; x_wconf 84' lang='lat' dir='ltr'><strong>verba:</strong></span> <span class='ocrx_word' id='word_1_23' title='bbox 4015 454 4191 524; x_wconf 79' lang='lat' dir='ltr'><strong>Nam</strong></span> 
     </span>
     <span class='ocr_line' id='line_1_3' title="bbox 263 540 4185 634; baseline -0.001 -23"><span class='ocrx_word' id='word_1_24' title='bbox 263 547 502 634; x_wconf 78' lang='lat' dir='ltr'><strong>gratiam</strong></span> <span class='ocrx_word' id='word_1_25' title='bbox 557 542 682 609; x_wconf 89' lang='lat' dir='ltr'><strong>sibi</strong></span> <span class='ocrx_word' id='word_1_26' title='bbox 740 542 1152 628; x_wconf 80' lang='lat' dir='ltr'><strong>conciliavit,</strong></span> <span class='ocrx_word' id='word_1_27' title='bbox 1206 555 1276 610; x_wconf 88' lang='lat' dir='ltr'><strong>et</strong></span> <span class='ocrx_word' id='word_1_28' title='bbox 1329 555 1652 609; x_wconf 87' lang='lat' dir='ltr'><strong>armatum</strong></span> <span class='ocrx_word' id='word_1_29' title='bbox 1712 546 2119 629; x_wconf 75' lang='lat' dir='ltr'><strong>expugnavit</strong></span> <span class='ocrx_word' id='word_1_30' title='bbox 2127 565 2146 624; x_wconf 89' lang='lat'>;</span> <span class='ocrx_word' id='word_1_31' title='bbox 2239 541 2442 623; x_wconf 79' lang='lat' dir='ltr'><strong>plane</strong></span> <span class='ocrx_word' id='word_1_32' title='bbox 2487 540 2750 626; x_wconf 76' lang='lat' dir='ltr'><strong>parabit</strong></span> <span class='ocrx_word' id='word_1_33' title='bbox 2806 541 3034 610; x_wconf 75' lang='lat' dir='ltr'><strong>Iehova</strong></span> <span class='ocrx_word' id='word_1_34' title='bbox 3087 546 3339 611; x_wconf 78' lang='lat' dir='ltr'><strong>domino</strong></span> <span class='ocrx_word' id='word_1_35' title='bbox 3409 565 3545 612; x_wconf 79' lang='lat' dir='ltr'><strong>meo</strong></span> <span class='ocrx_word' id='word_1_36' title='bbox 3607 546 3860 612; x_wconf 77' lang='lat' dir='ltr'><strong>domum</strong></span> <span class='ocrx_word' id='word_1_37' title='bbox 3914 543 4185 625; x_wconf 72' lang='lat' dir='ltr'><strong>firmani.</strong></span> 
     </span>
     <span class='ocr_line' id='line_1_4' title="bbox 259 626 4189 729; baseline -0.002 -29"><span class='ocrx_word' id='word_1_38' title='bbox 259 639 392 700; x_wconf 86' lang='lat' dir='ltr'><strong>sunt</strong></span> <span class='ocrx_word' id='word_1_39' title='bbox 428 629 596 696; x_wconf 90' lang='lat' dir='ltr'><strong>enim</strong></span> <span class='ocrx_word' id='word_1_40' title='bbox 639 628 754 694; x_wconf 90' lang='lat' dir='ltr'><strong>illa</strong></span> <span class='ocrx_word' id='word_1_41' title='bbox 798 629 930 694; x_wconf 90' lang='lat' dir='ltr'><strong>tela</strong></span> <span class='ocrx_word' id='word_1_42' title='bbox 964 628 1198 712; x_wconf 87' lang='lat' dir='ltr'><strong>quibus</strong></span> <span class='ocrx_word' id='word_1_43' title='bbox 1232 629 1344 696; x_wconf 77' lang='lat' dir='ltr'><strong>vel</strong></span> <span class='ocrx_word' id='word_1_44' title='bbox 1379 629 1714 695; x_wconf 78' lang='lat' dir='ltr'><strong>fortissimi</strong></span> <span class='ocrx_word' id='word_1_45' title='bbox 1759 649 2146 729; x_wconf 74' lang='lat' dir='ltr'><strong>expugnati·</strong></span> <span class='ocrx_word' id='word_1_46' title='bbox 2253 626 2536 694; x_wconf 79' lang='lat' dir='ltr'><strong>Nomine</strong></span> <span class='ocrx_word' id='word_1_47' title='bbox 2558 649 2713 693; x_wconf 84' lang='lat' dir='ltr'><strong>vero</strong></span> <span class='ocrx_word' id='word_1_48' title='bbox 2729 628 2949 694; x_wconf 76' lang='lat' dir='ltr'><strong>domus</strong></span> <span class='ocrx_word' id='word_1_49' title='bbox 2973 629 3257 696; x_wconf 90' lang='lat' dir='ltr'><strong>hebraea</strong></span> <span class='ocrx_word' id='word_1_50' title='bbox 3278 630 3506 716; x_wconf 81' lang='lat' dir='ltr'><strong>lingua</strong></span> <span class='ocrx_word' id='word_1_51' title='bbox 3526 630 3981 714; x_wconf 90' lang='lat' dir='ltr'><strong>complectitur</strong></span> <span class='ocrx_word' id='word_1_52' title='bbox 3996 648 4189 711; x_wconf 88' lang='lat' dir='ltr'><strong>quae-</strong></span> 
     </span>
     <span class='ocr_line' id='line_1_5' title="bbox 260 712 4186 801; baseline -0.002 -17"><span class='ocrx_word' id='word_1_53' title='bbox 260 729 368 785; x_wconf 86' lang='lat' dir='ltr'><strong>tur.</strong></span> <span class='ocrx_word' id='word_1_54' title='bbox 408 713 936 799; x_wconf 75' lang='lat' dir='ltr'><strong>Quandoquidem</strong></span> <span class='ocrx_word' id='word_1_55' title='bbox 959 715 1264 799; x_wconf 80' lang='lat' dir='ltr'><strong>igiturad</strong></span> <span class='ocrx_word' id='word_1_56' title='bbox 1295 714 1611 801; x_wconf 82' lang='lat' dir='ltr'><strong>Abigailis</strong></span> <span class='ocrx_word' id='word_1_57' title='bbox 1654 715 1915 781; x_wconf 88' lang='lat' dir='ltr'><strong>laudem</strong></span> <span class='ocrx_word' id='word_1_58' title='bbox 1942 714 2148 798; x_wconf 78' lang='lat' dir='ltr'><strong>ipsius</strong></span> <span class='ocrx_word' id='word_1_59' title='bbox 2252 732 2508 797; x_wconf 86' lang='lat' dir='ltr'><strong>cunque</strong></span> <span class='ocrx_word' id='word_1_60' title='bbox 2580 712 2662 778; x_wconf 89' lang='lat' dir='ltr'><strong>ad</strong></span> <span class='ocrx_word' id='word_1_61' title='bbox 2721 714 2896 779; x_wconf 82' lang='lat' dir='ltr'><strong>vitae</strong></span> <span class='ocrx_word' id='word_1_62' title='bbox 2938 714 3137 781; x_wconf 86' lang='lat' dir='ltr'><strong>huius</strong></span> <span class='ocrx_word' id='word_1_63' title='bbox 3179 725 3424 781; x_wconf 82' lang='lat' dir='ltr'><strong>statum</strong></span> <span class='ocrx_word' id='word_1_64' title='bbox 3480 719 3829 800; x_wconf 81' lang='lat' dir='ltr'><strong>pertinent.</strong></span> <span class='ocrx_word' id='word_1_65' title='bbox 3912 712 4025 781; x_wconf 82' lang='lat' dir='ltr'><strong>Sic</strong></span> <span class='ocrx_word' id='word_1_66' title='bbox 4068 713 4186 779; x_wconf 88' lang='lat' dir='ltr'><strong>do·</strong></span> 
     </span>
     <span class='ocr_line' id='line_1_6' title="bbox 257 798 4187 885; baseline -0.001 -16"><span class='ocrx_word' id='word_1_67' title='bbox 257 803 418 869; x_wconf 86' lang='lat' dir='ltr'><strong>nobis</strong></span> <span class='ocrx_word' id='word_1_68' title='bbox 477 805 758 866; x_wconf 81' lang='lat' dir='ltr'><strong>virtutes</strong></span> <span class='ocrx_word' id='word_1_69' title='bbox 821 801 1397 885; x_wconf 73' lang='lat' dir='ltr'><strong>commendantur,</strong></span> <span class='ocrx_word' id='word_1_70' title='bbox 1477 800 1802 867; x_wconf 89' lang='lat' dir='ltr'><strong>discamus</strong></span> <span class='ocrx_word' id='word_1_71' title='bbox 1868 799 2145 865; x_wconf 90' lang='lat' dir='ltr'><strong>aliorum</strong></span> <span class='ocrx_word' id='word_1_72' title='bbox 2253 818 2397 863; x_wconf 85' lang='lat' dir='ltr'><strong>mus</strong></span> <span class='ocrx_word' id='word_1_73' title='bbox 2442 799 2714 865; x_wconf 90' lang='lat' dir='ltr'><strong>alicuius</strong></span> <span class='ocrx_word' id='word_1_74' title='bbox 2758 799 3081 867; x_wconf 86' lang='lat' dir='ltr'><strong>aedificari</strong></span> <span class='ocrx_word' id='word_1_75' title='bbox 3114 799 3369 878; x_wconf 86' lang='lat' dir='ltr'><strong>dicitur,</strong></span> <span class='ocrx_word' id='word_1_76' title='bbox 3414 822 3614 884; x_wconf 90' lang='lat' dir='ltr'><strong>quum</strong></span> <span class='ocrx_word' id='word_1_77' title='bbox 3649 800 3845 866; x_wconf 89' lang='lat' dir='ltr'><strong>rebus</strong></span> <span class='ocrx_word' id='word_1_78' title='bbox 3882 798 4187 866; x_wconf 88' lang='lat' dir='ltr'><strong>secundis</strong></span> 
     </span>
     <span class='ocr_line' id='line_1_7' title="bbox 255 883 4185 973; baseline -0.001 -19"><span class='ocrx_word' id='word_1_79' title='bbox 255 893 486 973; x_wconf 86' lang='lat' dir='ltr'><strong>peccata</strong></span> <span class='ocrx_word' id='word_1_80' title='bbox 526 886 621 953; x_wconf 90' lang='lat' dir='ltr'><strong>sic</strong></span> <span class='ocrx_word' id='word_1_81' title='bbox 665 885 733 951; x_wconf 91' lang='lat' dir='ltr'><strong>in</strong></span> <span class='ocrx_word' id='word_1_82' title='bbox 781 907 901 951; x_wconf 91' lang='lat' dir='ltr'><strong>nos</strong></span> <span class='ocrx_word' id='word_1_83' title='bbox 943 887 1119 969; x_wconf 88' lang='lat' dir='ltr'><strong>ipsos</strong></span> <span class='ocrx_word' id='word_1_84' title='bbox 1164 887 1508 952; x_wconf 73' lang='lat' dir='ltr'><strong>admittere</strong></span> <span class='ocrx_word' id='word_1_85' title='bbox 1549 907 1635 950; x_wconf 91' lang='lat' dir='ltr'><strong>ne</strong></span> <span class='ocrx_word' id='word_1_86' title='bbox 1676 884 1927 951; x_wconf 89' lang='lat' dir='ltr'><strong>malum</strong></span> <span class='ocrx_word' id='word_1_87' title='bbox 1975 886 2147 951; x_wconf 90' lang='lat' dir='ltr'><strong>malo</strong></span> <span class='ocrx_word' id='word_1_88' title='bbox 2252 883 2506 964; x_wconf 80' lang='lat' dir='ltr'><strong>fruitur,</strong></span> <span class='ocrx_word' id='word_1_89' title='bbox 2554 894 2619 951; x_wconf 89' lang='lat' dir='ltr'><strong>et</strong></span> <span class='ocrx_word' id='word_1_90' title='bbox 2664 904 2811 951; x_wconf 87' lang='lat' dir='ltr'><strong>cum</strong></span> <span class='ocrx_word' id='word_1_91' title='bbox 2856 906 3061 952; x_wconf 83' lang='lat' dir='ltr'><strong>uxore</strong></span> <span class='ocrx_word' id='word_1_92' title='bbox 3105 897 3168 952; x_wconf 90' lang='lat' dir='ltr'><strong>et</strong></span> <span class='ocrx_word' id='word_1_93' title='bbox 3212 888 3465 953; x_wconf 82' lang='lat' dir='ltr'><strong>familia</strong></span> <span class='ocrx_word' id='word_1_94' title='bbox 3512 886 3933 970; x_wconf 89' lang='lat' dir='ltr'><strong>tranquillam</strong></span> <span class='ocrx_word' id='word_1_95' title='bbox 3980 885 4185 951; x_wconf 81' lang='lat' dir='ltr'><strong>vitam</strong></span> 
     </span>
     <span class='ocr_line' id='line_1_8' title="bbox 250 967 4185 1055; baseline -0.001 -13"><span class='ocrx_word' id='word_1_96' title='bbox 250 972 646 1052; x_wconf 88' lang='lat' dir='ltr'><strong>cumulemus,</strong></span> <span class='ocrx_word' id='word_1_97' title='bbox 691 970 806 1037; x_wconf 88' lang='lat' dir='ltr'><strong>sed</strong></span> <span class='ocrx_word' id='word_1_98' title='bbox 849 972 905 1037; x_wconf 91' lang='lat' dir='ltr'><strong>si</strong></span> <span class='ocrx_word' id='word_1_99' title='bbox 950 970 1104 1055; x_wconf 91' lang='lat' dir='ltr'><strong>quid</strong></span> <span class='ocrx_word' id='word_1_100' title='bbox 1149 983 1481 1055; x_wconf 88' lang='lat' dir='ltr'><strong>peccatum</strong></span> <span class='ocrx_word' id='word_1_101' title='bbox 1525 981 1644 1051; x_wconf 87' lang='lat' dir='ltr'><strong>est,</strong></span> <span class='ocrx_word' id='word_1_102' title='bbox 1702 992 1913 1055; x_wconf 92' lang='lat' dir='ltr'><strong>neque</strong></span> <span class='ocrx_word' id='word_1_103' title='bbox 1956 969 2145 1036; x_wconf 90' lang='lat' dir='ltr'><strong>dissi-</strong></span> <span class='ocrx_word' id='word_1_104' title='bbox 2251 967 2450 1054; x_wconf 82' lang='lat' dir='ltr'><strong>degit,</strong></span> <span class='ocrx_word' id='word_1_105' title='bbox 2496 983 2563 1036; x_wconf 89' lang='lat' dir='ltr'><strong>et</strong></span> <span class='ocrx_word' id='word_1_106' title='bbox 2606 970 2687 1036; x_wconf 93' lang='lat' dir='ltr'><strong>ab</strong></span> <span class='ocrx_word' id='word_1_107' title='bbox 2733 970 3030 1037; x_wconf 75' lang='lat' dir='ltr'><strong>hostibus</strong></span> <span class='ocrx_word' id='word_1_108' title='bbox 3074 994 3206 1038; x_wconf 91' lang='lat' dir='ltr'><strong>non</strong></span> <span class='ocrx_word' id='word_1_109' title='bbox 3251 972 3620 1050; x_wconf 77' lang='lat' dir='ltr'><strong>infestatur,</strong></span> <span class='ocrx_word' id='word_1_110' title='bbox 3666 970 3779 1038; x_wconf 88' lang='lat' dir='ltr'><strong>sed</strong></span> <span class='ocrx_word' id='word_1_111' title='bbox 3818 971 4011 1036; x_wconf 87' lang='lat' dir='ltr'><strong>rebus</strong></span> <span class='ocrx_word' id='word_1_112' title='bbox 4046 972 4185 1037; x_wconf 87' lang='lat' dir='ltr'><strong>suis</strong></span> 
     </span>
     <span class='ocr_line' id='line_1_9' title="bbox 251 1055 4181 1143; baseline -0.001 -18"><span class='ocrx_word' id='word_1_113' title='bbox 251 1059 575 1136; x_wconf 76' lang='lat' dir='ltr'><strong>molemus,</strong></span> <span class='ocrx_word' id='word_1_114' title='bbox 639 1077 853 1141; x_wconf 89' lang='lat' dir='ltr'><strong>neque</strong></span> <span class='ocrx_word' id='word_1_115' title='bbox 910 1056 1244 1124; x_wconf 84' lang='lat' dir='ltr'><strong>mendacio</strong></span> <span class='ocrx_word' id='word_1_116' title='bbox 1304 1066 1635 1142; x_wconf 84' lang='lat' dir='ltr'><strong>tegamus,</strong></span> <span class='ocrx_word' id='word_1_117' title='bbox 1692 1056 1803 1122; x_wconf 86' lang='lat' dir='ltr'><strong>sed</strong></span> <span class='ocrx_word' id='word_1_118' title='bbox 1863 1057 2147 1142; x_wconf 85' lang='lat' dir='ltr'><strong>ingenue</strong></span> <span class='ocrx_word' id='word_1_119' title='bbox 2250 1056 2476 1123; x_wconf 88' lang='lat' dir='ltr'><strong>utitur.</strong></span> <span class='ocrx_word' id='word_1_120' title='bbox 2568 1056 2674 1122; x_wconf 90' lang='lat' dir='ltr'><strong>Ita</strong></span> <span class='ocrx_word' id='word_1_121' title='bbox 2713 1077 2783 1122; x_wconf 91' lang='lat' dir='ltr'><strong>se</strong></span> <span class='ocrx_word' id='word_1_122' title='bbox 2833 1055 2991 1121; x_wconf 88' lang='lat' dir='ltr'><strong>dicit</strong></span> <span class='ocrx_word' id='word_1_123' title='bbox 3032 1058 3296 1143; x_wconf 84' lang='lat' dir='ltr'><strong>Abigail</strong></span> <span class='ocrx_word' id='word_1_124' title='bbox 3360 1078 3735 1141; x_wconf 88' lang='lat' dir='ltr'><strong>persuasam</strong></span> <span class='ocrx_word' id='word_1_125' title='bbox 3780 1078 3922 1123; x_wconf 88' lang='lat' dir='ltr'><strong>esse</strong></span> <span class='ocrx_word' id='word_1_126' title='bbox 3968 1057 4181 1121; x_wconf 90' lang='lat' dir='ltr'><strong>Deum</strong></span> 
     </span>
     <span class='ocr_line' id='line_1_10' title="bbox 246 1137 4185 1228; baseline -0.001 -17"><span class='ocrx_word' id='word_1_127' title='bbox 246 1146 573 1211; x_wconf 81' lang='lat' dir='ltr'><strong>fateamur:</strong></span> <span class='ocrx_word' id='word_1_128' title='bbox 609 1151 677 1208; x_wconf 90' lang='lat' dir='ltr'><strong>et</strong></span> <span class='ocrx_word' id='word_1_129' title='bbox 718 1144 1216 1208; x_wconf 89' lang='lat' dir='ltr'><strong>intercessorum</strong></span> <span class='ocrx_word' id='word_1_130' title='bbox 1253 1154 1475 1228; x_wconf 86' lang='lat' dir='ltr'><strong>partes</strong></span> <span class='ocrx_word' id='word_1_131' title='bbox 1518 1142 1935 1220; x_wconf 79' lang='lat' dir='ltr'><strong>sustinentes,</strong></span> <span class='ocrx_word' id='word_1_132' title='bbox 1980 1142 2145 1207; x_wconf 88' lang='lat' dir='ltr'><strong>stul·</strong></span> <span class='ocrx_word' id='word_1_133' title='bbox 2251 1137 2494 1205; x_wconf 82' lang='lat' dir='ltr'><strong>Davidi</strong></span> <span class='ocrx_word' id='word_1_134' title='bbox 2542 1140 2803 1208; x_wconf 90' lang='lat' dir='ltr'><strong>domum</strong></span> <span class='ocrx_word' id='word_1_135' title='bbox 2844 1152 3251 1226; x_wconf 87' lang='lat' dir='ltr'><strong>paraturum.</strong></span> <span class='ocrx_word' id='word_1_136' title='bbox 3316 1144 3507 1210; x_wconf 87' lang='lat' dir='ltr'><strong>Unde</strong></span> <span class='ocrx_word' id='word_1_137' title='bbox 3549 1165 3708 1211; x_wconf 82' lang='lat' dir='ltr'><strong>vero</strong></span> <span class='ocrx_word' id='word_1_138' title='bbox 3760 1143 3875 1207; x_wconf 87' lang='lat' dir='ltr'><strong>illa</strong></span> <span class='ocrx_word' id='word_1_139' title='bbox 3919 1161 4185 1225; x_wconf 89' lang='lat' dir='ltr'><strong>persua-</strong></span> 
     </span>
     <span class='ocr_line' id='line_1_11' title="bbox 244 1225 4184 1313; baseline -0.001 -17"><span class='ocrx_word' id='word_1_140' title='bbox 244 1239 435 1296; x_wconf 89' lang='lat' dir='ltr'><strong>torum</strong></span> <span class='ocrx_word' id='word_1_141' title='bbox 493 1229 658 1294; x_wconf 82' lang='lat' dir='ltr'><strong>vitia</strong></span> <span class='ocrx_word' id='word_1_142' title='bbox 718 1227 1246 1294; x_wconf 76' lang='lat' dir='ltr'><strong>condemnemus.</strong></span> <span class='ocrx_word' id='word_1_143' title='bbox 1327 1229 1676 1295; x_wconf 80' lang='lat' dir='ltr'><strong>Caeterum</strong></span> <span class='ocrx_word' id='word_1_144' title='bbox 1740 1225 2149 1294; x_wconf 84' lang='lat' dir='ltr'><strong>observanda</strong></span> <span class='ocrx_word' id='word_1_145' title='bbox 2249 1225 2363 1302; x_wconf 85' lang='lat' dir='ltr'><strong>sio,</strong></span> <span class='ocrx_word' id='word_1_146' title='bbox 2426 1228 2556 1293; x_wconf 89' lang='lat' dir='ltr'><strong>nisi</strong></span> <span class='ocrx_word' id='word_1_147' title='bbox 2603 1248 2685 1293; x_wconf 85' lang='lat' dir='ltr'><strong>ex</strong></span> <span class='ocrx_word' id='word_1_148' title='bbox 2730 1226 2972 1293; x_wconf 80' lang='lat' dir='ltr'><strong>divinis</strong></span> <span class='ocrx_word' id='word_1_149' title='bbox 3031 1230 3584 1311; x_wconf 81' lang='lat' dir='ltr'><strong>promissionibus,</strong></span> <span class='ocrx_word' id='word_1_150' title='bbox 3632 1229 3871 1313; x_wconf 89' lang='lat' dir='ltr'><strong>quibus</strong></span> <span class='ocrx_word' id='word_1_151' title='bbox 3914 1247 4184 1311; x_wconf 86' lang='lat' dir='ltr'><strong>prorsus</strong></span> 
     </span>
     <span class='ocr_line' id='line_1_12' title="bbox 243 1310 4181 1399; baseline -0.001 -18"><span class='ocrx_word' id='word_1_152' title='bbox 243 1316 336 1382; x_wconf 90' lang='lat' dir='ltr'><strong>hic</strong></span> <span class='ocrx_word' id='word_1_153' title='bbox 394 1312 711 1398; x_wconf 83' lang='lat' dir='ltr'><strong>Abigailis</strong></span> <span class='ocrx_word' id='word_1_154' title='bbox 775 1312 1138 1397; x_wconf 88' lang='lat' dir='ltr'><strong>prudentia,</strong></span> <span class='ocrx_word' id='word_1_155' title='bbox 1204 1334 1372 1397; x_wconf 89' lang='lat' dir='ltr'><strong>quae</strong></span> <span class='ocrx_word' id='word_1_156' title='bbox 1434 1314 1516 1378; x_wconf 88' lang='lat' dir='ltr'><strong>de</strong></span> <span class='ocrx_word' id='word_1_157' title='bbox 1582 1312 1799 1379; x_wconf 88' lang='lat' dir='ltr'><strong>mariti</strong></span> <span class='ocrx_word' id='word_1_158' title='bbox 1865 1313 2147 1379; x_wconf 88' lang='lat' dir='ltr'><strong>stultitia</strong></span> <span class='ocrx_word' id='word_1_159' title='bbox 2249 1310 2681 1397; x_wconf 84' lang='lat' dir='ltr'><strong>adhaerebat,</strong></span> <span class='ocrx_word' id='word_1_160' title='bbox 2760 1324 2822 1378; x_wconf 91' lang='lat' dir='ltr'><strong>et</strong></span> <span class='ocrx_word' id='word_1_161' title='bbox 2889 1333 3167 1397; x_wconf 89' lang='lat' dir='ltr'><strong>quarum</strong></span> <span class='ocrx_word' id='word_1_162' title='bbox 3234 1316 3678 1399; x_wconf 87' lang='lat' dir='ltr'><strong>impletionem</strong></span> <span class='ocrx_word' id='word_1_163' title='bbox 3744 1311 4181 1395; x_wconf 76' lang='lat' dir='ltr'><strong>exspectabat,</strong></span> 
     </span>
     <span class='ocr_line' id='line_1_13' title="bbox 239 1394 4183 1485; baseline -0.001 -18"><span class='ocrx_word' id='word_1_164' title='bbox 239 1401 508 1484; x_wconf 88' lang='lat' dir='ltr'><strong>loquens,</strong></span> <span class='ocrx_word' id='word_1_165' title='bbox 554 1420 705 1465; x_wconf 91' lang='lat' dir='ltr'><strong>eum</strong></span> <span class='ocrx_word' id='word_1_166' title='bbox 744 1400 810 1463; x_wconf 91' lang='lat' dir='ltr'><strong>in</strong></span> <span class='ocrx_word' id='word_1_167' title='bbox 849 1398 1167 1464; x_wconf 81' lang='lat' dir='ltr'><strong>invidiam</strong></span> <span class='ocrx_word' id='word_1_168' title='bbox 1191 1420 1267 1466; x_wconf 89' lang='lat' dir='ltr'><strong>ra</strong></span> <span class='ocrx_word' id='word_1_169' title='bbox 1313 1420 1421 1465; x_wconf 90' lang='lat' dir='ltr'><strong>ere</strong></span> <span class='ocrx_word' id='word_1_170' title='bbox 1460 1399 1689 1477; x_wconf 90' lang='lat' dir='ltr'><strong>noluit,</strong></span> <span class='ocrx_word' id='word_1_171' title='bbox 1736 1419 1943 1483; x_wconf 87' lang='lat' dir='ltr'><strong>neque</strong></span> <span class='ocrx_word' id='word_1_172' title='bbox 1967 1400 2146 1483; x_wconf 83' lang='lat' dir='ltr'><strong>igno·</strong></span> <span class='ocrx_word' id='word_1_173' title='bbox 2248 1394 2329 1460; x_wconf 88' lang='lat' dir='ltr'><strong>de</strong></span> <span class='ocrx_word' id='word_1_174' title='bbox 2369 1417 2488 1462; x_wconf 90' lang='lat' dir='ltr'><strong>sua</strong></span> <span class='ocrx_word' id='word_1_175' title='bbox 2530 1401 2772 1481; x_wconf 91' lang='lat' dir='ltr'><strong>pietate</strong></span> <span class='ocrx_word' id='word_1_176' title='bbox 2829 1410 2961 1463; x_wconf 88' lang='lat' dir='ltr'><strong>tam</strong></span> <span class='ocrx_word' id='word_1_177' title='bbox 3023 1410 3250 1484; x_wconf 87' lang='lat' dir='ltr'><strong>aperta</strong></span> <span class='ocrx_word' id='word_1_178' title='bbox 3304 1403 3497 1485; x_wconf 85' lang='lat' dir='ltr'><strong>signa</strong></span> <span class='ocrx_word' id='word_1_179' title='bbox 3546 1401 3761 1480; x_wconf 88' lang='lat' dir='ltr'><strong>dabat,</strong></span> <span class='ocrx_word' id='word_1_180' title='bbox 3822 1399 3932 1465; x_wconf 85' lang='lat' dir='ltr'><strong>isti</strong></span> <span class='ocrx_word' id='word_1_181' title='bbox 3976 1416 4183 1483; x_wconf 82' lang='lat' dir='ltr'><strong>regno</strong></span> 
     </span>
     <span class='ocr_line' id='line_1_14' title="bbox 239 1482 4183 1569; baseline -0.001 -18"><span class='ocrx_word' id='word_1_182' title='bbox 239 1487 424 1551; x_wconf 89' lang='lat' dir='ltr'><strong>minia</strong></span> <span class='ocrx_word' id='word_1_183' title='bbox 443 1493 688 1563; x_wconf 90' lang='lat' dir='ltr'><strong>notare,</strong></span> <span class='ocrx_word' id='word_1_184' title='bbox 725 1494 1033 1567; x_wconf 84' lang='lat' dir='ltr'><strong>tanquam</strong></span> <span class='ocrx_word' id='word_1_185' title='bbox 1058 1485 1239 1568; x_wconf 88' lang='lat' dir='ltr'><strong>impu</strong></span> <span class='ocrx_word' id='word_1_186' title='bbox 1291 1507 1408 1550; x_wconf 91' lang='lat' dir='ltr'><strong>ens</strong></span> <span class='ocrx_word' id='word_1_187' title='bbox 1429 1484 1702 1550; x_wconf 83' lang='lat' dir='ltr'><strong>femina:</strong></span> <span class='ocrx_word' id='word_1_188' title='bbox 1748 1485 1860 1549; x_wconf 89' lang='lat' dir='ltr'><strong>sed</strong></span> <span class='ocrx_word' id='word_1_189' title='bbox 1899 1485 2142 1549; x_wconf 85' lang='lat' dir='ltr'><strong>factum</strong></span> <span class='ocrx_word' id='word_1_190' title='bbox 2247 1503 2389 1548; x_wconf 86' lang='lat' dir='ltr'><strong>sese</strong></span> <span class='ocrx_word' id='word_1_191' title='bbox 2424 1482 2743 1551; x_wconf 87' lang='lat' dir='ltr'><strong>subiicere</strong></span> <span class='ocrx_word' id='word_1_192' title='bbox 2763 1496 3011 1568; x_wconf 89' lang='lat' dir='ltr'><strong>parata,</strong></span> <span class='ocrx_word' id='word_1_193' title='bbox 3058 1486 3227 1569; x_wconf 91' lang='lat' dir='ltr'><strong>quod</strong></span> <span class='ocrx_word' id='word_1_194' title='bbox 3254 1499 3471 1553; x_wconf 91' lang='lat' dir='ltr'><strong>tamen</strong></span> <span class='ocrx_word' id='word_1_195' title='bbox 3504 1486 3842 1552; x_wconf 89' lang='lat' dir='ltr'><strong>hominum</strong></span> <span class='ocrx_word' id='word_1_196' title='bbox 3876 1484 4183 1568; x_wconf 90' lang='lat' dir='ltr'><strong>opinione</strong></span> 
     </span>
     <span class='ocr_line' id='line_1_15' title="bbox 231 1567 4181 1656; baseline 0 -20"><span class='ocrx_word' id='word_1_197' title='bbox 231 1572 419 1655; x_wconf 86' lang='lat' dir='ltr'><strong>ipsius</strong></span> <span class='ocrx_word' id='word_1_198' title='bbox 462 1580 686 1655; x_wconf 74' lang='lat' dir='ltr'><strong>tegere</strong></span> <span class='ocrx_word' id='word_1_199' title='bbox 730 1579 795 1636; x_wconf 88' lang='lat' dir='ltr'><strong>et</strong></span> <span class='ocrx_word' id='word_1_200' title='bbox 837 1571 1050 1653; x_wconf 87' lang='lat' dir='ltr'><strong>ipsum</strong></span> <span class='ocrx_word' id='word_1_201' title='bbox 1095 1571 1190 1635; x_wconf 91' lang='lat' dir='ltr'><strong>ita</strong></span> <span class='ocrx_word' id='word_1_202' title='bbox 1231 1571 1444 1656; x_wconf 80' lang='lat' dir='ltr'><strong>magis</strong></span> <span class='ocrx_word' id='word_1_203' title='bbox 1486 1590 1816 1637; x_wconf 83' lang='lat' dir='ltr'><strong>excusare.</strong></span> <span class='ocrx_word' id='word_1_204' title='bbox 1874 1570 2042 1635; x_wconf 89' lang='lat' dir='ltr'><strong>Nam</strong></span> <span class='ocrx_word' id='word_1_205' title='bbox 2088 1571 2145 1636; x_wconf 90' lang='lat' dir='ltr'><strong>si</strong></span> <span class='ocrx_word' id='word_1_206' title='bbox 2248 1567 2501 1634; x_wconf 88' lang='lat' dir='ltr'><strong>nullum</strong></span> <span class='ocrx_word' id='word_1_207' title='bbox 2548 1569 2734 1635; x_wconf 80' lang='lat' dir='ltr'><strong>erat?</strong></span> <span class='ocrx_word' id='word_1_208' title='bbox 2794 1569 2923 1635; x_wconf 88' lang='lat' dir='ltr'><strong>Illa</strong></span> <span class='ocrx_word' id='word_1_209' title='bbox 2977 1571 3182 1655; x_wconf 84' lang='lat' dir='ltr'><strong>igitur</strong></span> <span class='ocrx_word' id='word_1_210' title='bbox 3222 1571 3367 1637; x_wconf 91' lang='lat' dir='ltr'><strong>Deo</strong></span> <span class='ocrx_word' id='word_1_211' title='bbox 3420 1571 3753 1638; x_wconf 84' lang='lat' dir='ltr'><strong>serviendi</strong></span> <span class='ocrx_word' id='word_1_212' title='bbox 3795 1569 4047 1655; x_wconf 91' lang='lat' dir='ltr'><strong>cupida,</strong></span> <span class='ocrx_word' id='word_1_213' title='bbox 4108 1590 4181 1636; x_wconf 89' lang='lat' dir='ltr'><strong>se</strong></span> 
     </span>
     <span class='ocr_line' id='line_1_16' title="bbox 230 1652 4183 1743; baseline 0 -22"><span class='ocrx_word' id='word_1_214' title='bbox 230 1657 432 1722; x_wconf 88' lang='lat' dir='ltr'><strong>mariti</strong></span> <span class='ocrx_word' id='word_1_215' title='bbox 477 1658 718 1722; x_wconf 85' lang='lat' dir='ltr'><strong>factum</strong></span> <span class='ocrx_word' id='word_1_216' title='bbox 767 1677 901 1721; x_wconf 89' lang='lat' dir='ltr'><strong>non</strong></span> <span class='ocrx_word' id='word_1_217' title='bbox 946 1655 1122 1722; x_wconf 84' lang='lat' dir='ltr'><strong>fassa</strong></span> <span class='ocrx_word' id='word_1_218' title='bbox 1177 1656 1403 1722; x_wconf 83' lang='lat' dir='ltr'><strong>fuisset</strong></span> <span class='ocrx_word' id='word_1_219' title='bbox 1461 1668 1529 1720; x_wconf 90' lang='lat' dir='ltr'><strong>et</strong></span> <span class='ocrx_word' id='word_1_220' title='bbox 1585 1676 1718 1721; x_wconf 93' lang='lat' dir='ltr'><strong>non</strong></span> <span class='ocrx_word' id='word_1_221' title='bbox 1778 1656 1923 1740; x_wconf 88' lang='lat' dir='ltr'><strong>ipsa</strong></span> <span class='ocrx_word' id='word_1_222' title='bbox 1967 1655 2143 1721; x_wconf 90' lang='lat' dir='ltr'><strong>dam·</strong></span> <span class='ocrx_word' id='word_1_223' title='bbox 2247 1652 2421 1719; x_wconf 90' lang='lat' dir='ltr'><strong>ultro</strong></span> <span class='ocrx_word' id='word_1_224' title='bbox 2470 1655 2729 1720; x_wconf 80' lang='lat' dir='ltr'><strong>Davidi&#39;</strong></span> <span class='ocrx_word' id='word_1_225' title='bbox 2752 1656 3070 1722; x_wconf 87' lang='lat' dir='ltr'><strong>subiicere</strong></span> <span class='ocrx_word' id='word_1_226' title='bbox 3114 1657 3372 1723; x_wconf 81' lang='lat' dir='ltr'><strong>divinas</strong></span> <span class='ocrx_word' id='word_1_227' title='bbox 3416 1659 3678 1724; x_wconf 90' lang='lat' dir='ltr'><strong>intuens</strong></span> <span class='ocrx_word' id='word_1_228' title='bbox 3714 1657 4183 1743; x_wconf 87' lang='lat' dir='ltr'><strong>promissiones</strong></span> 
     </span>
     <span class='ocr_line' id='line_1_17' title="bbox 225 1741 4187 1828; baseline 0.001 -19"><span class='ocrx_word' id='word_1_229' title='bbox 225 1753 448 1818; x_wconf 82' lang='lat' dir='ltr'><strong>nasset,</strong></span> <span class='ocrx_word' id='word_1_230' title='bbox 466 1741 750 1808; x_wconf 80' lang='lat' dir='ltr'><strong>Davidis</strong></span> <span class='ocrx_word' id='word_1_231' title='bbox 765 1743 933 1807; x_wconf 91' lang='lat' dir='ltr'><strong>iram</strong></span> <span class='ocrx_word' id='word_1_232' title='bbox 950 1742 1162 1826; x_wconf 79' lang='lat' dir='ltr'><strong>magis</strong></span> <span class='ocrx_word' id='word_1_233' title='bbox 1179 1762 1253 1808; x_wconf 85' lang='lat' dir='ltr'><strong>ac</strong></span> <span class='ocrx_word' id='word_1_234' title='bbox 1268 1741 1479 1828; x_wconf 83' lang='lat' dir='ltr'><strong>magis</strong></span> <span class='ocrx_word' id='word_1_235' title='bbox 1496 1743 1980 1819; x_wconf 86' lang='lat' dir='ltr'><strong>inflammasset,</strong></span> <span class='ocrx_word' id='word_1_236' title='bbox 1994 1753 2059 1806; x_wconf 89' lang='lat' dir='ltr'><strong>et</strong></span> <span class='ocrx_word' id='word_1_237' title='bbox 2073 1743 2139 1806; x_wconf 91' lang='lat' dir='ltr'><strong>in</strong></span> <span class='ocrx_word' id='word_1_238' title='bbox 2248 1760 2380 1804; x_wconf 91' lang='lat' dir='ltr'><strong>non</strong></span> <span class='ocrx_word' id='word_1_239' title='bbox 2416 1742 2767 1822; x_wconf 82' lang='lat' dir='ltr'><strong>recusavit,</strong></span> <span class='ocrx_word' id='word_1_240' title='bbox 2811 1759 2939 1825; x_wconf 89' lang='lat' dir='ltr'><strong>quo</strong></span> <span class='ocrx_word' id='word_1_241' title='bbox 2975 1742 3162 1807; x_wconf 86' lang='lat' dir='ltr'><strong>fieret</strong></span> <span class='ocrx_word' id='word_1_242' title='bbox 3196 1755 3586 1828; x_wconf 88' lang='lat' dir='ltr'><strong>perpetuum</strong></span> <span class='ocrx_word' id='word_1_243' title='bbox 3625 1743 3941 1809; x_wconf 88' lang='lat' dir='ltr'><strong>ecclesiae</strong></span> <span class='ocrx_word' id='word_1_244' title='bbox 3977 1767 4187 1811; x_wconf 89' lang='lat' dir='ltr'><strong>mem-</strong></span> 
     </span>
     <span class='ocr_line' id='line_1_18' title="bbox 225 1823 4185 1914; baseline 0.001 -20"><span class='ocrx_word' id='word_1_245' title='bbox 225 1849 288 1894; x_wconf 87' lang='lat' dir='ltr'><strong>se</strong></span> <span class='ocrx_word' id='word_1_246' title='bbox 326 1830 732 1895; x_wconf 86' lang='lat' dir='ltr'><strong>concitasset.</strong></span> <span class='ocrx_word' id='word_1_247' title='bbox 783 1826 927 1892; x_wconf 88' lang='lat' dir='ltr'><strong>Non</strong></span> <span class='ocrx_word' id='word_1_248' title='bbox 974 1828 1224 1910; x_wconf 89' lang='lat' dir='ltr'><strong>patitur</strong></span> <span class='ocrx_word' id='word_1_249' title='bbox 1265 1828 1440 1893; x_wconf 88' lang='lat' dir='ltr'><strong>enim</strong></span> <span class='ocrx_word' id='word_1_250' title='bbox 1480 1828 1582 1892; x_wconf 85' lang='lat' dir='ltr'><strong>vir</strong></span> <span class='ocrx_word' id='word_1_251' title='bbox 1617 1828 1800 1893; x_wconf 84' lang='lat' dir='ltr'><strong>fortis</strong></span> <span class='ocrx_word' id='word_1_252' title='bbox 1835 1825 2142 1893; x_wconf 84' lang='lat' dir='ltr'><strong>dissimu·</strong></span> <span class='ocrx_word' id='word_1_253' title='bbox 2246 1823 2456 1899; x_wconf 85' lang='lat' dir='ltr'><strong>brum.</strong></span> <span class='ocrx_word' id='word_1_254' title='bbox 2516 1847 2786 1911; x_wconf 86' lang='lat' dir='ltr'><strong>seseque</strong></span> <span class='ocrx_word' id='word_1_255' title='bbox 2829 1839 3059 1910; x_wconf 89' lang='lat' dir='ltr'><strong>sponte</strong></span> <span class='ocrx_word' id='word_1_256' title='bbox 3102 1849 3358 1895; x_wconf 86' lang='lat' dir='ltr'><strong>summo</strong></span> <span class='ocrx_word' id='word_1_257' title='bbox 3402 1827 3498 1894; x_wconf 90' lang='lat' dir='ltr'><strong>illi</strong></span> <span class='ocrx_word' id='word_1_258' title='bbox 3543 1829 3835 1911; x_wconf 89' lang='lat' dir='ltr'><strong>imperio,</strong></span> <span class='ocrx_word' id='word_1_259' title='bbox 3897 1832 4070 1914; x_wconf 91' lang='lat' dir='ltr'><strong>qnod</strong></span> <span class='ocrx_word' id='word_1_260' title='bbox 4115 1831 4185 1898; x_wconf 90' lang='lat' dir='ltr'><strong>in</strong></span> 
     </span>
     <span class='ocr_line' id='line_1_19' title="bbox 222 1911 4184 2001; baseline 0.001 -23"><span class='ocrx_word' id='word_1_261' title='bbox 222 1914 548 1979; x_wconf 86' lang='lat' dir='ltr'><strong>lationem:</strong></span> <span class='ocrx_word' id='word_1_262' title='bbox 616 1912 1035 1997; x_wconf 90' lang='lat' dir='ltr'><strong>quamobrem</strong></span> <span class='ocrx_word' id='word_1_263' title='bbox 1116 1914 1231 1996; x_wconf 89' lang='lat' dir='ltr'><strong>qui</strong></span> <span class='ocrx_word' id='word_1_264' title='bbox 1309 1912 1730 1979; x_wconf 75' lang='lat' dir='ltr'><strong>mendacibus</strong></span> <span class='ocrx_word' id='word_1_265' title='bbox 1809 1911 2143 1978; x_wconf 88' lang='lat' dir='ltr'><strong>blanditiis</strong></span> <span class='ocrx_word' id='word_1_266' title='bbox 2245 1912 2653 1993; x_wconf 85' lang='lat' dir='ltr'><strong>apparitione</strong></span> <span class='ocrx_word' id='word_1_267' title='bbox 2696 1912 2969 1977; x_wconf 91' lang='lat' dir='ltr'><strong>Domini</strong></span> <span class='ocrx_word' id='word_1_268' title='bbox 3028 1916 3234 1980; x_wconf 84' lang='lat' dir='ltr'><strong>nostri</strong></span> <span class='ocrx_word' id='word_1_269' title='bbox 3282 1914 3432 1981; x_wconf 91' lang='lat' dir='ltr'><strong>Iesu</strong></span> <span class='ocrx_word' id='word_1_270' title='bbox 3479 1914 3733 1981; x_wconf 82' lang='lat' dir='ltr'><strong>Christi</strong></span> <span class='ocrx_word' id='word_1_271' title='bbox 3788 1919 4184 2001; x_wconf 85' lang='lat' dir='ltr'><strong>patefactum</strong></span> 
     </span>
     <span class='ocr_line' id='line_1_20' title="bbox 217 1996 2845 2084; baseline -0.001 -19"><span class='ocrx_word' id='word_1_272' title='bbox 217 2007 506 2078; x_wconf 87' lang='lat' dir='ltr'><strong>utuntur,</strong></span> <span class='ocrx_word' id='word_1_273' title='bbox 557 1997 739 2084; x_wconf 80' lang='lat' dir='ltr'><strong>digni</strong></span> <span class='ocrx_word' id='word_1_274' title='bbox 784 2006 940 2065; x_wconf 89' lang='lat' dir='ltr'><strong>sunt</strong></span> <span class='ocrx_word' id='word_1_275' title='bbox 982 1998 1093 2082; x_wconf 90' lang='lat' dir='ltr'><strong>qui</strong></span> <span class='ocrx_word' id='word_1_276' title='bbox 1149 1998 1547 2065; x_wconf 90' lang='lat' dir='ltr'><strong>reiiciantnr.</strong></span> <span class='ocrx_word' id='word_1_277' title='bbox 1637 1998 1983 2065; x_wconf 88' lang='lat' dir='ltr'><strong>Discamus</strong></span> <span class='ocrx_word' id='word_1_278' title='bbox 2025 1997 2143 2062; x_wconf 86' lang='lat' dir='ltr'><strong>ita·</strong></span> <span class='ocrx_word' id='word_1_279' title='bbox 2246 2011 2364 2076; x_wconf 85' lang='lat' dir='ltr'><strong>est,</strong></span> <span class='ocrx_word' id='word_1_280' title='bbox 2411 1996 2845 2063; x_wconf 81' lang='lat' dir='ltr'><strong>submitteret.</strong></span> 
     </span>
     <span class='ocr_line' id='line_1_21' title="bbox 218 2081 3140 2169; baseline 0.001 -20"><span class='ocrx_word' id='word_1_281' title='bbox 218 2106 333 2168; x_wconf 87' lang='lat' dir='ltr'><strong>que</strong></span> <span class='ocrx_word' id='word_1_282' title='bbox 387 2105 606 2169; x_wconf 89' lang='lat' dir='ltr'><strong>neque</strong></span> <span class='ocrx_word' id='word_1_283' title='bbox 663 2105 803 2149; x_wconf 86' lang='lat' dir='ltr'><strong>rem</strong></span> <span class='ocrx_word' id='word_1_284' title='bbox 864 2082 1297 2166; x_wconf 87' lang='lat' dir='ltr'><strong>dissimulare,</strong></span> <span class='ocrx_word' id='word_1_285' title='bbox 1354 2104 1564 2168; x_wconf 89' lang='lat' dir='ltr'><strong>neque</strong></span> <span class='ocrx_word' id='word_1_286' title='bbox 1623 2084 1844 2149; x_wconf 79' lang='lat' dir='ltr'><strong>fucum</strong></span> <span class='ocrx_word' id='word_1_287' title='bbox 1902 2082 2142 2149; x_wconf 88' lang='lat' dir='ltr'><strong>addere</strong></span> <span class='ocrx_word' id='word_1_288' title='bbox 2415 2081 2555 2147; x_wconf 86' lang='lat' dir='ltr'><strong>Iam</strong></span> <span class='ocrx_word' id='word_1_289' title='bbox 2606 2104 2757 2149; x_wconf 86' lang='lat' dir='ltr'><strong>vero</strong></span> <span class='ocrx_word' id='word_1_290' title='bbox 2802 2083 2996 2169; x_wconf 82' lang='lat' dir='ltr'><strong>agite,</strong></span> <span class='ocrx_word' id='word_1_291' title='bbox 3036 2091 3140 2152; x_wconf 80' lang='lat' dir='ltr'><strong>etc.</strong></span> 
     </span>
     <span class='ocr_line' id='line_1_22' title="bbox 211 2168 2141 2254; baseline -0.002 -18"><span class='ocrx_word' id='word_1_292' title='bbox 211 2171 286 2236; x_wconf 89' lang='lat' dir='ltr'><strong>ad</strong></span> <span class='ocrx_word' id='word_1_293' title='bbox 329 2171 555 2236; x_wconf 89' lang='lat' dir='ltr'><strong>oculos</strong></span> <span class='ocrx_word' id='word_1_294' title='bbox 599 2171 888 2254; x_wconf 85' lang='lat' dir='ltr'><strong>perstrin</strong></span> <span class='ocrx_word' id='word_1_295' title='bbox 936 2168 1157 2249; x_wconf 89' lang='lat' dir='ltr'><strong>endos,</strong></span> <span class='ocrx_word' id='word_1_296' title='bbox 1202 2169 1316 2235; x_wconf 88' lang='lat' dir='ltr'><strong>sed</strong></span> <span class='ocrx_word' id='word_1_297' title='bbox 1362 2169 1742 2254; x_wconf 89' lang='lat' dir='ltr'><strong>simpliciter</strong></span> <span class='ocrx_word' id='word_1_298' title='bbox 1784 2168 2141 2234; x_wconf 86' lang='lat' dir='ltr'><strong>admissum</strong></span> 
     </span>
     <span class='ocr_line' id='line_1_23' title="bbox 211 2191 2142 2356; baseline -0.002 -34"><span class='ocrx_word' id='word_1_299' title='bbox 211 2265 548 2356; x_wconf 84' lang='lat' dir='ltr'><strong>peccatum</strong></span> <span class='ocrx_word' id='word_1_300' title='bbox 607 2256 824 2356; x_wconf 70' lang='lat' dir='ltr'><strong>fateri.</strong></span> <span class='ocrx_word' id='word_1_301' title='bbox 884 2191 1134 2355; x_wconf 48' lang='lat' dir='ltr'><strong>{dcirco</strong></span> <span class='ocrx_word' id='word_1_302' title='bbox 1177 2255 1544 2340; x_wconf 81' lang='lat' dir='ltr'><strong>Abigailem</strong></span> <span class='ocrx_word' id='word_1_303' title='bbox 1610 2256 1804 2355; x_wconf 77' lang='lat' dir='ltr'><strong>fateri</strong></span> <span class='ocrx_word' id='word_1_304' title='bbox 1844 2253 2142 2355; x_wconf 67' lang='lat' dir='ltr'><strong>videmus</strong></span> 
     </span>
     <span class='ocr_line' id='line_1_24' title="bbox 204 2338 2142 2492; baseline 0 -1"><span class='ocrx_word' id='word_1_305' title='bbox 204 2363 397 2492; x_wconf 61' lang='lat'><strong>3352?</strong></span> <span class='ocrx_word' id='word_1_306' title='bbox 405 2340 1176 2492; x_wconf 47' lang='lat'><strong>“3233‘222‘2022‘35</strong></span> <span class='ocrx_word' id='word_1_307' title='bbox 1206 2361 1479 2491; x_wconf 52' lang='lat' dir='ltr'><strong>„affl</strong></span> <span class='ocrx_word' id='word_1_308' title='bbox 1481 2338 2142 2492; x_wconf 57' lang='lat'><strong>‘’120300033303332?</strong></span> 
     </span>
    </p>
   </div>
   <div class='ocr_carea' id='block_1_3' title="bbox 196 2511 4188 2766">
    <p class='ocr_par' dir='ltr' id='par_1_3' title="bbox 196 2511 4188 2766">
     <span class='ocr_line' id='line_1_25' title="bbox 199 2511 3596 2598; baseline 0.001 -20"><span class='ocrx_word' id='word_1_309' title='bbox 199 2511 407 2578; x_wconf 87' lang='lat' dir='ltr'><strong>Nabal</strong></span> <span class='ocrx_word' id='word_1_310' title='bbox 476 2513 656 2578; x_wconf 91' lang='lat' dir='ltr'><strong>enim</strong></span> <span class='ocrx_word' id='word_1_311' title='bbox 712 2512 986 2577; x_wconf 83' lang='lat' dir='ltr'><strong>stultum</strong></span> <span class='ocrx_word' id='word_1_312' title='bbox 1047 2521 1115 2577; x_wconf 88' lang='lat' dir='ltr'><strong>et</strong></span> <span class='ocrx_word' id='word_1_313' title='bbox 1171 2513 1421 2578; x_wconf 86' lang='lat' dir='ltr'><strong>fatuum</strong></span> <span class='ocrx_word' id='word_1_314' title='bbox 1480 2512 1821 2597; x_wconf 81' lang='lat' dir='ltr'><strong>significat.</strong></span> <span class='ocrx_word' id='word_1_315' title='bbox 1912 2511 2142 2594; x_wconf 69' lang='lat' dir='ltr'><strong>Neq‘ne</strong></span> <span class='ocrx_word' id='word_1_316' title='bbox 2838 2513 3326 2598; x_wconf 77' lang='lat' dir='ltr'><strong>HOMILIA</strong></span> <span class='ocrx_word' id='word_1_317' title='bbox 3386 2515 3596 2597; x_wconf 70' lang='lat' dir='ltr'><strong>XCI,</strong></span> 
     </span>
     <span class='ocr_line' id='line_1_26' title="bbox 196 2597 2139 2676; baseline -0.002 -12"><span class='ocrx_word' id='word_1_318' title='bbox 196 2619 372 2676; x_wconf 82' lang='lat' dir='ltr'><strong>vero,</strong></span> <span class='ocrx_word' id='word_1_319' title='bbox 421 2607 502 2663; x_wconf 89' lang='lat' dir='ltr'><strong>ut</strong></span> <span class='ocrx_word' id='word_1_320' title='bbox 548 2609 707 2662; x_wconf 85' lang='lat' dir='ltr'><strong>ante</strong></span> <span class='ocrx_word' id='word_1_321' title='bbox 751 2597 993 2674; x_wconf 89' lang='lat' dir='ltr'><strong>monui,</strong></span> <span class='ocrx_word' id='word_1_322' title='bbox 1054 2598 1518 2665; x_wconf 89' lang='lat' dir='ltr'><strong>scommatibus</strong></span> <span class='ocrx_word' id='word_1_323' title='bbox 1560 2608 1627 2662; x_wconf 89' lang='lat' dir='ltr'><strong>et</strong></span> <span class='ocrx_word' id='word_1_324' title='bbox 1671 2597 1960 2663; x_wconf 88' lang='lat' dir='ltr'><strong>dicteriis</strong></span> <span class='ocrx_word' id='word_1_325' title='bbox 2002 2617 2139 2661; x_wconf 90' lang='lat' dir='ltr'><strong>ma-</strong></span> 
     </span>
     <span class='ocr_line' id='line_1_27' title="bbox 197 2680 4188 2766; baseline 0.002 -19"><span class='ocrx_word' id='word_1_326' title='bbox 197 2684 397 2748; x_wconf 84' lang='lat' dir='ltr'><strong>ritum</strong></span> <span class='ocrx_word' id='word_1_327' title='bbox 466 2683 730 2766; x_wconf 89' lang='lat' dir='ltr'><strong>insequi</strong></span> <span class='ocrx_word' id='word_1_328' title='bbox 796 2682 1267 2761; x_wconf 85' lang='lat' dir='ltr'><strong>delectabatur,</strong></span> <span class='ocrx_word' id='word_1_329' title='bbox 1349 2693 1425 2748; x_wconf 91' lang='lat' dir='ltr'><strong>ut</strong></span> <span class='ocrx_word' id='word_1_330' title='bbox 1487 2683 1869 2766; x_wconf 89' lang='lat' dir='ltr'><strong>plerumque</strong></span> <span class='ocrx_word' id='word_1_331' title='bbox 1931 2683 2143 2748; x_wconf 88' lang='lat' dir='ltr'><strong>solent</strong></span> <span class='ocrx_word' id='word_1_332' title='bbox 2417 2681 2521 2748; x_wconf 79' lang='lat'><strong>28.</strong></span> <span class='ocrx_word' id='word_1_333' title='bbox 2570 2680 2845 2748; x_wconf 75' lang='lat' dir='ltr'><strong>Faeiens</strong></span> <span class='ocrx_word' id='word_1_334' title='bbox 2899 2682 3068 2748; x_wconf 78' lang='lat' dir='ltr'><strong>enim</strong></span> <span class='ocrx_word' id='word_1_335' title='bbox 3125 2683 3317 2766; x_wconf 80' lang='lat' dir='ltr'><strong>faciet</strong></span> <span class='ocrx_word' id='word_1_336' title='bbox 3373 2684 3692 2752; x_wconf 70' lang='lat' dir='ltr'><strong>Dominus</strong></span> <span class='ocrx_word' id='word_1_337' title='bbox 3756 2685 3875 2753; x_wconf 81' lang='lat' dir='ltr'><strong>tibi</strong></span> <span class='ocrx_word' id='word_1_338' title='bbox 3934 2688 4188 2755; x_wconf 78' lang='lat' dir='ltr'><strong>domino</strong></span> 
     </span>
    </p>
   </div>
   <div class='ocr_carea' id='block_1_4' title="bbox 128 2766 4194 5259">
    <p class='ocr_par' dir='ltr' id='par_1_4' title="bbox 128 2766 4194 5259">
     <span class='ocr_line' id='line_1_28' title="bbox 193 2766 4184 2856; baseline 0.001 -22"><span class='ocrx_word' id='word_1_339' title='bbox 193 2789 502 2852; x_wconf 88' lang='lat' dir='ltr'><strong>procaces</strong></span> <span class='ocrx_word' id='word_1_340' title='bbox 526 2766 844 2852; x_wconf 86' lang='lat' dir='ltr'><strong>quaedam</strong></span> <span class='ocrx_word' id='word_1_341' title='bbox 873 2769 1179 2836; x_wconf 90' lang='lat' dir='ltr'><strong>mulieres</strong></span> <span class='ocrx_word' id='word_1_342' title='bbox 1199 2769 1568 2834; x_wconf 88' lang='lat' dir='ltr'><strong>istiusmodi</strong></span> <span class='ocrx_word' id='word_1_343' title='bbox 1602 2767 1853 2834; x_wconf 84' lang='lat' dir='ltr'><strong>cavillis</strong></span> <span class='ocrx_word' id='word_1_344' title='bbox 1875 2788 2142 2851; x_wconf 80' lang='lat' dir='ltr'><strong>magno·</strong></span> <span class='ocrx_word' id='word_1_345' title='bbox 2242 2788 2377 2834; x_wconf 84' lang='lat' dir='ltr'><strong>meo</strong></span> <span class='ocrx_word' id='word_1_346' title='bbox 2419 2769 2673 2833; x_wconf 79' lang='lat' dir='ltr'><strong>domum</strong></span> <span class='ocrx_word' id='word_1_347' title='bbox 2702 2767 2976 2850; x_wconf 75' lang='lat' dir='ltr'><strong>fidelem.-</strong></span> <span class='ocrx_word' id='word_1_348' title='bbox 3017 2768 3173 2852; x_wconf 77' lang='lat' dir='ltr'><strong>quia</strong></span> <span class='ocrx_word' id='word_1_349' title='bbox 3202 2769 3446 2853; x_wconf 78' lang='lat' dir='ltr'><strong>proelia</strong></span> <span class='ocrx_word' id='word_1_350' title='bbox 3476 2769 3761 2848; x_wconf 82' lang='lat' dir='ltr'><strong>Domini,</strong></span> <span class='ocrx_word' id='word_1_351' title='bbox 3798 2772 4042 2838; x_wconf 79' lang='lat' dir='ltr'><strong>domine</strong></span> <span class='ocrx_word' id='word_1_352' title='bbox 4072 2775 4184 2856; x_wconf 84' lang='lat' dir='ltr'><strong>mi,</strong></span> 
     </span>
     <span class='ocr_line' id='line_1_29' title="bbox 191 2852 4189 2939; baseline 0.002 -21"><span class='ocrx_word' id='word_1_353' title='bbox 191 2875 347 2937; x_wconf 87' lang='lat' dir='ltr'><strong>pore</strong></span> <span class='ocrx_word' id='word_1_354' title='bbox 370 2854 731 2921; x_wconf 85' lang='lat' dir='ltr'><strong>delectari:</strong></span> <span class='ocrx_word' id='word_1_355' title='bbox 775 2854 886 2919; x_wconf 89' lang='lat' dir='ltr'><strong>sed</strong></span> <span class='ocrx_word' id='word_1_356' title='bbox 926 2863 1261 2938; x_wconf 91' lang='lat' dir='ltr'><strong>peccatum</strong></span> <span class='ocrx_word' id='word_1_357' title='bbox 1296 2873 1656 2938; x_wconf 88' lang='lat' dir='ltr'><strong>agnoscens</strong></span> <span class='ocrx_word' id='word_1_358' title='bbox 1678 2852 1956 2920; x_wconf 81' lang='lat' dir='ltr'><strong>Davidis</strong></span> <span class='ocrx_word' id='word_1_359' title='bbox 1977 2854 2140 2918; x_wconf 87' lang='lat' dir='ltr'><strong>iram</strong></span> <span class='ocrx_word' id='word_1_360' title='bbox 2246 2860 2316 2919; x_wconf 82' lang='lat' dir='ltr'><strong>tu</strong></span> <span class='ocrx_word' id='word_1_361' title='bbox 2327 2854 2723 2936; x_wconf 78' lang='lat' dir='ltr'><strong>proeliaris:</strong></span> <span class='ocrx_word' id='word_1_362' title='bbox 2752 2854 3003 2919; x_wconf 80' lang='lat' dir='ltr'><strong>malitia</strong></span> <span class='ocrx_word' id='word_1_363' title='bbox 3032 2874 3319 2939; x_wconf 75' lang='lat' dir='ltr'><strong>eryonon</strong></span> <span class='ocrx_word' id='word_1_364' title='bbox 3347 2856 3714 2923; x_wconf 77' lang='lat' dir='ltr'><strong>inveniatur</strong></span> <span class='ocrx_word' id='word_1_365' title='bbox 3737 2858 3809 2922; x_wconf 88' lang='lat' dir='ltr'><strong>in</strong></span> <span class='ocrx_word' id='word_1_366' title='bbox 3831 2859 4189 2925; x_wconf 75' lang='lat' dir='ltr'><strong>teomnibus</strong></span> 
     </span>
     <span class='ocr_line' id='line_1_30' title="bbox 188 2939 4187 3027; baseline 0.002 -22"><span class='ocrx_word' id='word_1_367' title='bbox 188 2940 462 3025; x_wconf 85' lang='lat' dir='ltr'><strong>placare</strong></span> <span class='ocrx_word' id='word_1_368' title='bbox 510 2940 770 3020; x_wconf 88' lang='lat' dir='ltr'><strong>nititur,</strong></span> <span class='ocrx_word' id='word_1_369' title='bbox 811 2942 1204 3024; x_wconf 77' lang='lat' dir='ltr'><strong>veniamque</strong></span> <span class='ocrx_word' id='word_1_370' title='bbox 1248 2940 1483 3006; x_wconf 88' lang='lat' dir='ltr'><strong>marito</strong></span> <span class='ocrx_word' id='word_1_371' title='bbox 1526 2940 1895 3024; x_wconf 87' lang='lat' dir='ltr'><strong>impetrare.</strong></span> <span class='ocrx_word' id='word_1_372' title='bbox 2245 2939 2465 3005; x_wconf 76' lang='lat' dir='ltr'><strong>diebus</strong></span> <span class='ocrx_word' id='word_1_373' title='bbox 2506 2940 2671 3005; x_wconf 81' lang='lat' dir='ltr'><strong>vitae</strong></span> <span class='ocrx_word' id='word_1_374' title='bbox 2706 2944 2866 3005; x_wconf 79' lang='lat' dir='ltr'><strong>tuae.</strong></span> <span class='ocrx_word' id='word_1_375' title='bbox 2955 2939 3062 3007; x_wconf 82' lang='lat'><strong>29.</strong></span> <span class='ocrx_word' id='word_1_376' title='bbox 3128 2939 3202 3005; x_wconf 84' lang='lat' dir='ltr'><strong>Si</strong></span> <span class='ocrx_word' id='word_1_377' title='bbox 3242 2941 3408 3006; x_wconf 86' lang='lat' dir='ltr'><strong>enim</strong></span> <span class='ocrx_word' id='word_1_378' title='bbox 3451 2944 3802 3008; x_wconf 72' lang='lat' dir='ltr'><strong>surrexerit</strong></span> <span class='ocrx_word' id='word_1_379' title='bbox 3842 2942 4187 3027; x_wconf 74' lang='lat' dir='ltr'><strong>aliquando</strong></span> 
     </span>
     <span class='ocr_line' id='line_1_31' title="bbox 356 3023 4190 3110; baseline 0.001 -19"><span class='ocrx_word' id='word_1_380' title='bbox 356 3025 572 3108; x_wconf 75' lang='lat' dir='ltr'><strong>Quod</strong></span> <span class='ocrx_word' id='word_1_381' title='bbox 642 3046 796 3091; x_wconf 84' lang='lat' dir='ltr'><strong>vero</strong></span> <span class='ocrx_word' id='word_1_382' title='bbox 862 3026 1078 3110; x_wconf 84' lang='lat' dir='ltr'><strong>ipsum</strong></span> <span class='ocrx_word' id='word_1_383' title='bbox 1144 3023 1568 3109; x_wconf 89' lang='lat' dir='ltr'><strong>compellans,</strong></span> <span class='ocrx_word' id='word_1_384' title='bbox 1637 3027 1760 3106; x_wconf 87' lang='lat' dir='ltr'><strong>ait,</strong></span> <span class='ocrx_word' id='word_1_385' title='bbox 1832 3023 2141 3102; x_wconf 82' lang='lat' dir='ltr'><strong>Gondona,</strong></span> <span class='ocrx_word' id='word_1_386' title='bbox 2245 3025 2422 3090; x_wconf 78' lang='lat' dir='ltr'><strong>homo</strong></span> <span class='ocrx_word' id='word_1_387' title='bbox 2452 3044 2837 3107; x_wconf 76' lang='lat' dir='ltr'><strong>persequens</strong></span> <span class='ocrx_word' id='word_1_388' title='bbox 2879 3029 2956 3105; x_wconf 82' lang='lat' dir='ltr'><strong>te,</strong></span> <span class='ocrx_word' id='word_1_389' title='bbox 3015 3031 3071 3091; x_wconf 85' lang='lat' dir='ltr'><strong>et</strong></span> <span class='ocrx_word' id='word_1_390' title='bbox 3127 3046 3433 3108; x_wconf 71' lang='lat' dir='ltr'><strong>quaerens</strong></span> <span class='ocrx_word' id='word_1_391' title='bbox 3488 3028 3776 3092; x_wconf 64' lang='lat' dir='ltr'><strong>onmem</strong></span> <span class='ocrx_word' id='word_1_392' title='bbox 3817 3033 4010 3110; x_wconf 81' lang='lat' dir='ltr'><strong>tuam,</strong></span> <span class='ocrx_word' id='word_1_393' title='bbox 4069 3031 4190 3096; x_wconf 87' lang='lat' dir='ltr'><strong>erit</strong></span> 
     </span>
     <span class='ocr_line' id='line_1_32' title="bbox 178 3110 4188 3197; baseline 0.001 -20"><span class='ocrx_word' id='word_1_394' title='bbox 178 3132 438 3194; x_wconf 73' lang='lat' dir='ltr'><strong>quaeso,</strong></span> <span class='ocrx_word' id='word_1_395' title='bbox 503 3111 907 3195; x_wconf 75' lang='lat' dir='ltr'><strong>defectionem</strong></span> <span class='ocrx_word' id='word_1_396' title='bbox 950 3112 1216 3177; x_wconf 81' lang='lat' dir='ltr'><strong>ancillae</strong></span> <span class='ocrx_word' id='word_1_397' title='bbox 1271 3117 1432 3192; x_wconf 81' lang='lat' dir='ltr'><strong>tuae,</strong></span> <span class='ocrx_word' id='word_1_398' title='bbox 1492 3119 1763 3194; x_wconf 85' lang='lat' dir='ltr'><strong>apparet</strong></span> <span class='ocrx_word' id='word_1_399' title='bbox 1815 3111 2028 3194; x_wconf 87' lang='lat' dir='ltr'><strong>ipsam</strong></span> <span class='ocrx_word' id='word_1_400' title='bbox 2072 3110 2142 3176; x_wconf 92' lang='lat' dir='ltr'><strong>in</strong></span> <span class='ocrx_word' id='word_1_401' title='bbox 2246 3111 2465 3176; x_wconf 66' lang='lat' dir='ltr'><strong>animi</strong></span> <span class='ocrx_word' id='word_1_402' title='bbox 2502 3110 2745 3176; x_wconf 80' lang='lat' dir='ltr'><strong>domini</strong></span> <span class='ocrx_word' id='word_1_403' title='bbox 2784 3112 2907 3176; x_wconf 85' lang='lat' dir='ltr'><strong>mei</strong></span> <span class='ocrx_word' id='word_1_404' title='bbox 2947 3111 3254 3178; x_wconf 77' lang='lat' dir='ltr'><strong>custodita</strong></span> <span class='ocrx_word' id='word_1_405' title='bbox 3284 3112 3474 3195; x_wconf 76' lang='lat' dir='ltr'><strong>quasi</strong></span> <span class='ocrx_word' id='word_1_406' title='bbox 3516 3114 3586 3176; x_wconf 90' lang='lat' dir='ltr'><strong>in</strong></span> <span class='ocrx_word' id='word_1_407' title='bbox 3628 3114 3936 3197; x_wconf 72' lang='lat' dir='ltr'><strong>fasciculo</strong></span> <span class='ocrx_word' id='word_1_408' title='bbox 3977 3116 4188 3182; x_wconf 63' lang='lat' dir='ltr'><strong>vivent·</strong></span> 
     </span>
     <span class='ocr_line' id='line_1_33' title="bbox 181 3195 4187 3281; baseline 0.002 -19"><span class='ocrx_word' id='word_1_409' title='bbox 181 3218 250 3262; x_wconf 88' lang='lat' dir='ltr'><strong>se</strong></span> <span class='ocrx_word' id='word_1_410' title='bbox 295 3199 579 3281; x_wconf 89' lang='lat' dir='ltr'><strong>culpam</strong></span> <span class='ocrx_word' id='word_1_411' title='bbox 619 3199 712 3262; x_wconf 89' lang='lat' dir='ltr'><strong>sic</strong></span> <span class='ocrx_word' id='word_1_412' title='bbox 734 3198 1072 3281; x_wconf 84' lang='lat' dir='ltr'><strong>recepisse,</strong></span> <span class='ocrx_word' id='word_1_413' title='bbox 1109 3202 1187 3261; x_wconf 89' lang='lat' dir='ltr'><strong>ut</strong></span> <span class='ocrx_word' id='word_1_414' title='bbox 1228 3197 1552 3280; x_wconf 88' lang='lat' dir='ltr'><strong>punitioni</strong></span> <span class='ocrx_word' id='word_1_415' title='bbox 1585 3217 1727 3262; x_wconf 89' lang='lat' dir='ltr'><strong>sese</strong></span> <span class='ocrx_word' id='word_1_416' title='bbox 1749 3196 2143 3263; x_wconf 87' lang='lat' dir='ltr'><strong>submiserit.</strong></span> <span class='ocrx_word' id='word_1_417' title='bbox 2250 3197 2411 3261; x_wconf 85' lang='lat' dir='ltr'><strong>tium</strong></span> <span class='ocrx_word' id='word_1_418' title='bbox 2452 3196 2628 3279; x_wconf 78' lang='lat' dir='ltr'><strong>apud</strong></span> <span class='ocrx_word' id='word_1_419' title='bbox 2671 3195 3016 3264; x_wconf 82' lang='lat' dir='ltr'><strong>Dominum</strong></span> <span class='ocrx_word' id='word_1_420' title='bbox 3059 3196 3267 3264; x_wconf 84' lang='lat' dir='ltr'><strong>Deum</strong></span> <span class='ocrx_word' id='word_1_421' title='bbox 3307 3203 3518 3263; x_wconf 80' lang='lat' dir='ltr'><strong>tuum,-</strong></span> <span class='ocrx_word' id='word_1_422' title='bbox 3558 3219 3752 3280; x_wconf 80' lang='lat' dir='ltr'><strong>porro</strong></span> <span class='ocrx_word' id='word_1_423' title='bbox 3784 3202 4187 3269; x_wconf 76' lang='lat' dir='ltr'><strong>inimieorum</strong></span> 
     </span>
     <span class='ocr_line' id='line_1_34' title="bbox 171 3282 4190 3366; baseline 0.002 -18"><span class='ocrx_word' id='word_1_424' title='bbox 171 3282 324 3349; x_wconf 79' lang='lat' dir='ltr'><strong>Etsi</strong></span> <span class='ocrx_word' id='word_1_425' title='bbox 375 3283 692 3349; x_wconf 77' lang='lat' dir='ltr'><strong>vicissim</strong></span> <span class='ocrx_word' id='word_1_426' title='bbox 740 3303 870 3347; x_wconf 90' lang='lat' dir='ltr'><strong>non</strong></span> <span class='ocrx_word' id='word_1_427' title='bbox 915 3282 1238 3348; x_wconf 81' lang='lat' dir='ltr'><strong>dubitavit</strong></span> <span class='ocrx_word' id='word_1_428' title='bbox 1274 3283 1431 3365; x_wconf 89' lang='lat' dir='ltr'><strong>quin</strong></span> <span class='ocrx_word' id='word_1_429' title='bbox 1479 3283 1617 3347; x_wconf 86' lang='lat' dir='ltr'><strong>sius</strong></span> <span class='ocrx_word' id='word_1_430' title='bbox 1657 3282 1977 3347; x_wconf 84' lang='lat' dir='ltr'><strong>rationem</strong></span> <span class='ocrx_word' id='word_1_431' title='bbox 2024 3282 2145 3346; x_wconf 89' lang='lat' dir='ltr'><strong>ali·</strong></span> <span class='ocrx_word' id='word_1_432' title='bbox 2246 3287 2493 3347; x_wconf 66' lang='lat' dir='ltr'><strong>monim</strong></span> <span class='ocrx_word' id='word_1_433' title='bbox 2549 3282 2771 3349; x_wconf 80' lang='lat' dir='ltr'><strong>anima</strong></span> <span class='ocrx_word' id='word_1_434' title='bbox 2827 3282 3138 3348; x_wconf 74' lang='lat' dir='ltr'><strong>rotabitur</strong></span> <span class='ocrx_word' id='word_1_435' title='bbox 3192 3285 3385 3365; x_wconf 77' lang='lat' dir='ltr'><strong>quasi</strong></span> <span class='ocrx_word' id='word_1_436' title='bbox 3439 3285 3511 3348; x_wconf 86' lang='lat' dir='ltr'><strong>in</strong></span> <span class='ocrx_word' id='word_1_437' title='bbox 3550 3285 3804 3366; x_wconf 77' lang='lat' dir='ltr'><strong>impetu,</strong></span> <span class='ocrx_word' id='word_1_438' title='bbox 3861 3291 3920 3352; x_wconf 83' lang='lat' dir='ltr'><strong>et</strong></span> <span class='ocrx_word' id='word_1_439' title='bbox 3957 3288 4190 3356; x_wconf 78' lang='lat' dir='ltr'><strong>circulo</strong></span> 
     </span>
     <span class='ocr_line' id='line_1_35' title="bbox 174 3365 4191 3452; baseline 0.002 -21"><span class='ocrx_word' id='word_1_440' title='bbox 174 3389 380 3452; x_wconf 84' lang='lat' dir='ltr'><strong>qnam</strong></span> <span class='ocrx_word' id='word_1_441' title='bbox 429 3368 669 3435; x_wconf 83' lang='lat' dir='ltr'><strong>David</strong></span> <span class='ocrx_word' id='word_1_442' title='bbox 714 3367 1005 3446; x_wconf 89' lang='lat' dir='ltr'><strong>haberet,</strong></span> <span class='ocrx_word' id='word_1_443' title='bbox 1066 3379 1131 3432; x_wconf 90' lang='lat' dir='ltr'><strong>et</strong></span> <span class='ocrx_word' id='word_1_444' title='bbox 1172 3368 1251 3433; x_wconf 88' lang='lat' dir='ltr'><strong>ad</strong></span> <span class='ocrx_word' id='word_1_445' title='bbox 1298 3388 1541 3452; x_wconf 89' lang='lat' dir='ltr'><strong>poenas</strong></span> <span class='ocrx_word' id='word_1_446' title='bbox 1584 3389 1715 3433; x_wconf 89' lang='lat' dir='ltr'><strong>non</strong></span> <span class='ocrx_word' id='word_1_447' title='bbox 1752 3377 2142 3452; x_wconf 87' lang='lat' dir='ltr'><strong>reposceret:</strong></span> <span class='ocrx_word' id='word_1_448' title='bbox 2242 3365 2504 3449; x_wconf 77' lang='lat' dir='ltr'><strong>fundae.</strong></span> <span class='ocrx_word' id='word_1_449' title='bbox 2593 3367 2696 3433; x_wconf 83' lang='lat'><strong>30.</strong></span> <span class='ocrx_word' id='word_1_450' title='bbox 2748 3367 2951 3449; x_wconf 73' lang='lat' dir='ltr'><strong>Quum</strong></span> <span class='ocrx_word' id='word_1_451' title='bbox 2994 3387 3135 3452; x_wconf 74' lang='lat' dir='ltr'><strong>erqo</strong></span> <span class='ocrx_word' id='word_1_452' title='bbox 3172 3369 3389 3452; x_wconf 80' lang='lat' dir='ltr'><strong>fecerit</strong></span> <span class='ocrx_word' id='word_1_453' title='bbox 3430 3368 3749 3436; x_wconf 75' lang='lat' dir='ltr'><strong>Dominus</strong></span> <span class='ocrx_word' id='word_1_454' title='bbox 3788 3370 3904 3437; x_wconf 81' lang='lat' dir='ltr'><strong>tibi</strong></span> <span class='ocrx_word' id='word_1_455' title='bbox 3943 3371 4191 3441; x_wconf 81' lang='lat' dir='ltr'><strong>domino</strong></span> 
     </span>
     <span class='ocr_line' id='line_1_36' title="bbox 171 3452 4189 3539; baseline 0.002 -21"><span class='ocrx_word' id='word_1_456' title='bbox 171 3452 729 3539; x_wconf 87' lang='lat' dir='ltr'><strong>qnandoquidem</strong></span> <span class='ocrx_word' id='word_1_457' title='bbox 766 3454 1066 3537; x_wconf 87' lang='lat' dir='ltr'><strong>iniquum</strong></span> <span class='ocrx_word' id='word_1_458' title='bbox 1123 3453 1312 3536; x_wconf 78' lang='lat' dir='ltr'><strong>foret,</strong></span> <span class='ocrx_word' id='word_1_459' title='bbox 1357 3454 1425 3518; x_wconf 91' lang='lat' dir='ltr'><strong>in</strong></span> <span class='ocrx_word' id='word_1_460' title='bbox 1466 3453 1776 3519; x_wconf 85' lang='lat' dir='ltr'><strong>feminam</strong></span> <span class='ocrx_word' id='word_1_461' title='bbox 1820 3455 2143 3519; x_wconf 87' lang='lat' dir='ltr'><strong>insontem</strong></span> <span class='ocrx_word' id='word_1_462' title='bbox 2248 3472 2377 3518; x_wconf 81' lang='lat' dir='ltr'><strong>meo</strong></span> <span class='ocrx_word' id='word_1_463' title='bbox 2422 3454 2636 3518; x_wconf 84' lang='lat' dir='ltr'><strong>omnia</strong></span> <span class='ocrx_word' id='word_1_464' title='bbox 2680 3452 2831 3520; x_wconf 74' lang='lat' dir='ltr'><strong>haee</strong></span> <span class='ocrx_word' id='word_1_465' title='bbox 2872 3474 3035 3536; x_wconf 76' lang='lat' dir='ltr'><strong>quae</strong></span> <span class='ocrx_word' id='word_1_466' title='bbox 3076 3453 3371 3536; x_wconf 69' lang='lat' dir='ltr'><strong>loquutus</strong></span> <span class='ocrx_word' id='word_1_467' title='bbox 3411 3460 3501 3521; x_wconf 75' lang='lat' dir='ltr'><strong>est</strong></span> <span class='ocrx_word' id='word_1_468' title='bbox 3537 3454 3699 3520; x_wconf 81' lang='lat' dir='ltr'><strong>bona</strong></span> <span class='ocrx_word' id='word_1_469' title='bbox 3733 3456 3809 3523; x_wconf 82' lang='lat' dir='ltr'><strong>de</strong></span> <span class='ocrx_word' id='word_1_470' title='bbox 3842 3462 3917 3539; x_wconf 84' lang='lat' dir='ltr'><strong>te,</strong></span> <span class='ocrx_word' id='word_1_471' title='bbox 3960 3463 4014 3523; x_wconf 83' lang='lat' dir='ltr'><strong>et</strong></span> <span class='ocrx_word' id='word_1_472' title='bbox 4047 3479 4189 3526; x_wconf 84' lang='lat' dir='ltr'><strong>oon-</strong></span> 
     </span>
     <span class='ocr_line' id='line_1_37' title="bbox 161 3538 4190 3630; baseline 0.002 -26"><span class='ocrx_word' id='word_1_473' title='bbox 161 3540 461 3607; x_wconf 85' lang='lat' dir='ltr'><strong>alterins</strong></span> <span class='ocrx_word' id='word_1_474' title='bbox 486 3539 759 3622; x_wconf 88' lang='lat' dir='ltr'><strong>culpam</strong></span> <span class='ocrx_word' id='word_1_475' title='bbox 786 3538 1104 3618; x_wconf 81' lang='lat' dir='ltr'><strong>derivare,</strong></span> <span class='ocrx_word' id='word_1_476' title='bbox 1127 3558 1499 3623; x_wconf 84' lang='lat' dir='ltr'><strong>poenasque</strong></span> <span class='ocrx_word' id='word_1_477' title='bbox 1525 3556 1896 3622; x_wconf 86' lang='lat' dir='ltr'><strong>reposcere:</strong></span> <span class='ocrx_word' id='word_1_478' title='bbox 1940 3559 2140 3622; x_wconf 88' lang='lat' dir='ltr'><strong>quum</strong></span> <span class='ocrx_word' id='word_1_479' title='bbox 2247 3538 2523 3603; x_wconf 62' lang='lat' dir='ltr'><strong>stitumt</strong></span> <span class='ocrx_word' id='word_1_480' title='bbox 2565 3543 2621 3604; x_wconf 84' lang='lat' dir='ltr'><strong>te</strong></span> <span class='ocrx_word' id='word_1_481' title='bbox 2660 3538 2896 3621; x_wconf 80' lang='lat' dir='ltr'><strong>ducem,</strong></span> <span class='ocrx_word' id='word_1_482' title='bbox 2940 3539 3049 3605; x_wconf 84' lang='lat'><strong>31.</strong></span> <span class='ocrx_word' id='word_1_483' title='bbox 3097 3538 3387 3606; x_wconf 83' lang='lat' dir='ltr'><strong>Nonerit</strong></span> <span class='ocrx_word' id='word_1_484' title='bbox 3428 3540 3547 3606; x_wconf 85' lang='lat' dir='ltr'><strong>tibi</strong></span> <span class='ocrx_word' id='word_1_485' title='bbox 3587 3540 3701 3609; x_wconf 75' lang='lat' dir='ltr'><strong>hoc</strong></span> <span class='ocrx_word' id='word_1_486' title='bbox 3735 3543 3805 3608; x_wconf 89' lang='lat' dir='ltr'><strong>in</strong></span> <span class='ocrx_word' id='word_1_487' title='bbox 3825 3544 4190 3630; x_wconf 70' lang='lat' dir='ltr'><strong>sinyultum,</strong></span> 
     </span>
     <span class='ocr_line' id='line_1_38' title="bbox 161 3623 4194 3712; baseline 0.002 -22"><span class='ocrx_word' id='word_1_488' title='bbox 161 3626 592 3708; x_wconf 83' lang='lat' dir='ltr'><strong>praesertim</strong></span> <span class='ocrx_word' id='word_1_489' title='bbox 631 3625 829 3690; x_wconf 86' lang='lat' dir='ltr'><strong>etiam</strong></span> <span class='ocrx_word' id='word_1_490' title='bbox 852 3624 1091 3690; x_wconf 85' lang='lat' dir='ltr'><strong>Davidi</strong></span> <span class='ocrx_word' id='word_1_491' title='bbox 1130 3625 1443 3691; x_wconf 85' lang='lat' dir='ltr'><strong>satisfecit</strong></span> <span class='ocrx_word' id='word_1_492' title='bbox 1478 3623 1857 3689; x_wconf 89' lang='lat' dir='ltr'><strong>muneribus</strong></span> <span class='ocrx_word' id='word_1_493' title='bbox 1890 3625 2144 3691; x_wconf 87' lang='lat' dir='ltr'><strong>oblatis.</strong></span> <span class='ocrx_word' id='word_1_494' title='bbox 2246 3629 2302 3688; x_wconf 81' lang='lat' dir='ltr'><strong>et</strong></span> <span class='ocrx_word' id='word_1_495' title='bbox 2359 3623 2427 3689; x_wconf 87' lang='lat' dir='ltr'><strong>in</strong></span> <span class='ocrx_word' id='word_1_496' title='bbox 2481 3623 2853 3705; x_wconf 74' lang='lat' dir='ltr'><strong>scrupulum</strong></span> <span class='ocrx_word' id='word_1_497' title='bbox 2906 3625 3116 3690; x_wconf 78' lang='lat' dir='ltr'><strong>cordis</strong></span> <span class='ocrx_word' id='word_1_498' title='bbox 3170 3625 3420 3692; x_wconf 83' lang='lat' dir='ltr'><strong>domino</strong></span> <span class='ocrx_word' id='word_1_499' title='bbox 3474 3646 3628 3711; x_wconf 75' lang='lat' dir='ltr'><strong>ineo,</strong></span> <span class='ocrx_word' id='word_1_500' title='bbox 3683 3629 3851 3709; x_wconf 75' lang='lat' dir='ltr'><strong>quod</strong></span> <span class='ocrx_word' id='word_1_501' title='bbox 3892 3631 4194 3712; x_wconf 76' lang='lat' dir='ltr'><strong>effuderis</strong></span> 
     </span>
     <span class='ocr_line' id='line_1_39' title="bbox 157 3708 4192 3799; baseline 0.002 -22"><span class='ocrx_word' id='word_1_502' title='bbox 157 3711 271 3777; x_wconf 81' lang='lat' dir='ltr'><strong>Ex</strong></span> <span class='ocrx_word' id='word_1_503' title='bbox 337 3732 489 3796; x_wconf 87' lang='lat' dir='ltr'><strong>qno</strong></span> <span class='ocrx_word' id='word_1_504' title='bbox 555 3722 830 3793; x_wconf 85' lang='lat' dir='ltr'><strong>apparet</strong></span> <span class='ocrx_word' id='word_1_505' title='bbox 873 3714 1132 3775; x_wconf 85' lang='lat' dir='ltr'><strong>veniam</strong></span> <span class='ocrx_word' id='word_1_506' title='bbox 1193 3709 1274 3775; x_wconf 90' lang='lat' dir='ltr'><strong>de</strong></span> <span class='ocrx_word' id='word_1_507' title='bbox 1332 3708 1633 3774; x_wconf 87' lang='lat' dir='ltr'><strong>admissis</strong></span> <span class='ocrx_word' id='word_1_508' title='bbox 1690 3709 1988 3775; x_wconf 87' lang='lat' dir='ltr'><strong>obtinere</strong></span> <span class='ocrx_word' id='word_1_509' title='bbox 2031 3732 2146 3777; x_wconf 90' lang='lat' dir='ltr'><strong>cu·</strong></span> <span class='ocrx_word' id='word_1_510' title='bbox 2247 3710 2615 3793; x_wconf 70' lang='lat' dir='ltr'><strong>sanquinem</strong></span> <span class='ocrx_word' id='word_1_511' title='bbox 2636 3711 2986 3789; x_wconf 75' lang='lat' dir='ltr'><strong>innoxium,</strong></span> <span class='ocrx_word' id='word_1_512' title='bbox 3031 3714 3144 3775; x_wconf 83' lang='lat' dir='ltr'><strong>aut</strong></span> <span class='ocrx_word' id='word_1_513' title='bbox 3177 3711 3315 3793; x_wconf 78' lang='lat' dir='ltr'><strong>ipse</strong></span> <span class='ocrx_word' id='word_1_514' title='bbox 3349 3715 3404 3777; x_wconf 86' lang='lat' dir='ltr'><strong>te</strong></span> <span class='ocrx_word' id='word_1_515' title='bbox 3434 3711 3608 3777; x_wconf 78' lang='lat' dir='ltr'><strong>ultus</strong></span> <span class='ocrx_word' id='word_1_516' title='bbox 3636 3712 3880 3795; x_wconf 77' lang='lat' dir='ltr'><strong>fueris:</strong></span> <span class='ocrx_word' id='word_1_517' title='bbox 3924 3722 4192 3799; x_wconf 54' lang='lat' dir='ltr'><strong>&amp;quum</strong></span> 
     </span>
     <span class='ocr_line' id='line_1_40' title="bbox 157 3793 4186 3881; baseline 0.003 -21"><span class='ocrx_word' id='word_1_518' title='bbox 157 3798 438 3881; x_wconf 83' lang='lat' dir='ltr'><strong>pientes</strong></span> <span class='ocrx_word' id='word_1_519' title='bbox 515 3805 826 3880; x_wconf 86' lang='lat' dir='ltr'><strong>oportere</strong></span> <span class='ocrx_word' id='word_1_520' title='bbox 906 3798 1160 3861; x_wconf 88' lang='lat' dir='ltr'><strong>sincere</strong></span> <span class='ocrx_word' id='word_1_521' title='bbox 1227 3794 1414 3859; x_wconf 79' lang='lat' dir='ltr'><strong>fateri</strong></span> <span class='ocrx_word' id='word_1_522' title='bbox 1479 3794 1771 3878; x_wconf 85' lang='lat' dir='ltr'><strong>culpam,</strong></span> <span class='ocrx_word' id='word_1_523' title='bbox 1852 3808 1921 3860; x_wconf 89' lang='lat' dir='ltr'><strong>et</strong></span> <span class='ocrx_word' id='word_1_524' title='bbox 1978 3796 2144 3860; x_wconf 88' lang='lat' dir='ltr'><strong>nihil</strong></span> <span class='ocrx_word' id='word_1_525' title='bbox 2246 3793 2601 3878; x_wconf 73' lang='lat' dir='ltr'><strong>benefecerit</strong></span> <span class='ocrx_word' id='word_1_526' title='bbox 2634 3795 2948 3862; x_wconf 76' lang='lat' dir='ltr'><strong>Dominus</strong></span> <span class='ocrx_word' id='word_1_527' title='bbox 2984 3797 3233 3862; x_wconf 80' lang='lat' dir='ltr'><strong>domino</strong></span> <span class='ocrx_word' id='word_1_528' title='bbox 3274 3816 3423 3880; x_wconf 77' lang='lat' dir='ltr'><strong>ntea,</strong></span> <span class='ocrx_word' id='word_1_529' title='bbox 3466 3797 3884 3868; x_wconf 70' lang='lat' dir='ltr'><strong>recordaberis</strong></span> <span class='ocrx_word' id='word_1_530' title='bbox 3915 3804 4186 3872; x_wconf 62' lang='lat' dir='ltr'><strong>ammae</strong></span> 
     </span>
     <span class='ocr_line' id='line_1_41' title="bbox 153 3879 4187 3964; baseline 0.002 -17"><span class='ocrx_word' id='word_1_531' title='bbox 153 3883 501 3950; x_wconf 84' lang='lat' dir='ltr'><strong>simulate</strong></span> <span class='ocrx_word' id='word_1_532' title='bbox 529 3894 604 3947; x_wconf 91' lang='lat' dir='ltr'><strong>et</strong></span> <span class='ocrx_word' id='word_1_533' title='bbox 627 3879 1073 3947; x_wconf 85' lang='lat' dir='ltr'><strong>fraudulenter</strong></span> <span class='ocrx_word' id='word_1_534' title='bbox 1095 3901 1309 3964; x_wconf 85' lang='lat' dir='ltr'><strong>agere,</strong></span> <span class='ocrx_word' id='word_1_535' title='bbox 1346 3889 1413 3945; x_wconf 89' lang='lat' dir='ltr'><strong>et</strong></span> <span class='ocrx_word' id='word_1_536' title='bbox 1446 3901 1564 3964; x_wconf 90' lang='lat' dir='ltr'><strong>pro</strong></span> <span class='ocrx_word' id='word_1_537' title='bbox 1586 3881 1836 3945; x_wconf 79' lang='lat' dir='ltr'><strong>viribus</strong></span> <span class='ocrx_word' id='word_1_538' title='bbox 1859 3881 2146 3947; x_wconf 84' lang='lat' dir='ltr'><strong>offensae</strong></span> <span class='ocrx_word' id='word_1_539' title='bbox 2246 3885 2408 3946; x_wconf 84' lang='lat' dir='ltr'><strong>tuae.</strong></span> <span class='ocrx_word' id='word_1_540' title='bbox 2498 3880 2603 3946; x_wconf 81' lang='lat'><strong>32.</strong></span> <span class='ocrx_word' id='word_1_541' title='bbox 2648 3879 2739 3946; x_wconf 78' lang='lat' dir='ltr'><strong>Et</strong></span> <span class='ocrx_word' id='word_1_542' title='bbox 2779 3882 2873 3947; x_wconf 82' lang='lat' dir='ltr'><strong>ait</strong></span> <span class='ocrx_word' id='word_1_543' title='bbox 2912 3880 3134 3948; x_wconf 80' lang='lat' dir='ltr'><strong>David</strong></span> <span class='ocrx_word' id='word_1_544' title='bbox 3174 3882 3262 3948; x_wconf 79' lang='lat' dir='ltr'><strong>ad</strong></span> <span class='ocrx_word' id='word_1_545' title='bbox 3303 3881 3433 3946; x_wconf 83' lang='lat' dir='ltr'><strong>Abi</strong></span> <span class='ocrx_word' id='word_1_546' title='bbox 3472 3882 3594 3948; x_wconf 83' lang='lat' dir='ltr'><strong>ail:</strong></span> <span class='ocrx_word' id='word_1_547' title='bbox 3633 3882 4013 3954; x_wconf 67' lang='lat' dir='ltr'><strong>Benedictus</strong></span> <span class='ocrx_word' id='word_1_548' title='bbox 4052 3889 4187 3956; x_wconf 87' lang='lat' dir='ltr'><strong>Do-</strong></span> 
     </span>
     <span class='ocr_line' id='line_1_42' title="bbox 158 3965 4187 4052; baseline 0.002 -20"><span class='ocrx_word' id='word_1_549' title='bbox 158 3971 384 4052; x_wconf 87' lang='lat' dir='ltr'><strong>partis</strong></span> <span class='ocrx_word' id='word_1_550' title='bbox 475 3966 900 4033; x_wconf 71' lang='lat' dir='ltr'><strong>satisfacere:</strong></span> <span class='ocrx_word' id='word_1_551' title='bbox 993 3965 1538 4051; x_wconf 89' lang='lat' dir='ltr'><strong>quemadmodum</strong></span> <span class='ocrx_word' id='word_1_552' title='bbox 1616 3966 1827 4031; x_wconf 88' lang='lat' dir='ltr'><strong>iustus</strong></span> <span class='ocrx_word' id='word_1_553' title='bbox 1909 3965 2148 4033; x_wconf 89' lang='lat' dir='ltr'><strong>dicitur</strong></span> <span class='ocrx_word' id='word_1_554' title='bbox 2247 3966 2459 4031; x_wconf 78' lang='lat' dir='ltr'><strong>minus</strong></span> <span class='ocrx_word' id='word_1_555' title='bbox 2501 3965 2683 4033; x_wconf 76' lang='lat' dir='ltr'><strong>Deus</strong></span> <span class='ocrx_word' id='word_1_556' title='bbox 2728 3965 2955 4044; x_wconf 65' lang='lat' dir='ltr'><strong>Israel,</strong></span> <span class='ocrx_word' id='word_1_557' title='bbox 3013 3968 3127 4050; x_wconf 75' lang='lat' dir='ltr'><strong>qui</strong></span> <span class='ocrx_word' id='word_1_558' title='bbox 3179 3968 3361 4032; x_wconf 79' lang='lat' dir='ltr'><strong>misit</strong></span> <span class='ocrx_word' id='word_1_559' title='bbox 3537 3970 3598 4033; x_wconf 88' lang='lat' dir='ltr'><strong>ie</strong></span> <span class='ocrx_word' id='word_1_560' title='bbox 3652 3975 3709 4036; x_wconf 85' lang='lat' dir='ltr'><strong>te</strong></span> <span class='ocrx_word' id='word_1_561' title='bbox 3749 3972 3822 4036; x_wconf 89' lang='lat' dir='ltr'><strong>in</strong></span> <span class='ocrx_word' id='word_1_562' title='bbox 3864 3983 4187 4041; x_wconf 65' lang='lat' dir='ltr'><strong>occursum</strong></span> 
     </span>
     <span class='ocr_line' id='line_1_43' title="bbox 151 4050 4188 4139; baseline 0.002 -19"><span class='ocrx_word' id='word_1_563' title='bbox 151 4075 447 4139; x_wconf 84' lang='lat' dir='ltr'><strong>semper</strong></span> <span class='ocrx_word' id='word_1_564' title='bbox 482 4073 698 4119; x_wconf 85' lang='lat' dir='ltr'><strong>suum</strong></span> <span class='ocrx_word' id='word_1_565' title='bbox 741 4053 975 4135; x_wconf 90' lang='lat' dir='ltr'><strong>cuique</strong></span> <span class='ocrx_word' id='word_1_566' title='bbox 1015 4050 1305 4131; x_wconf 87' lang='lat' dir='ltr'><strong>reddere,</strong></span> <span class='ocrx_word' id='word_1_567' title='bbox 1350 4060 1418 4116; x_wconf 90' lang='lat' dir='ltr'><strong>et</strong></span> <span class='ocrx_word' id='word_1_568' title='bbox 1453 4050 1635 4116; x_wconf 88' lang='lat' dir='ltr'><strong>nulla</strong></span> <span class='ocrx_word' id='word_1_569' title='bbox 1670 4051 1911 4136; x_wconf 78' lang='lat' dir='ltr'><strong>effugia</strong></span> <span class='ocrx_word' id='word_1_570' title='bbox 1947 4073 2144 4136; x_wconf 89' lang='lat' dir='ltr'><strong>quae-</strong></span> <span class='ocrx_word' id='word_1_571' title='bbox 2246 4071 2484 4117; x_wconf 83' lang='lat' dir='ltr'><strong>meum:</strong></span> <span class='ocrx_word' id='word_1_572' title='bbox 2525 4052 2630 4117; x_wconf 82' lang='lat'><strong>33.</strong></span> <span class='ocrx_word' id='word_1_573' title='bbox 2668 4051 2757 4117; x_wconf 69' lang='lat' dir='ltr'><strong>Et</strong></span> <span class='ocrx_word' id='word_1_574' title='bbox 2788 4052 3163 4118; x_wconf 74' lang='lat' dir='ltr'><strong>benedictum</strong></span> <span class='ocrx_word' id='word_1_575' title='bbox 3196 4053 3507 4136; x_wconf 76' lang='lat' dir='ltr'><strong>eloquium</strong></span> <span class='ocrx_word' id='word_1_576' title='bbox 3547 4059 3743 4136; x_wconf 78' lang='lat' dir='ltr'><strong>tuum,</strong></span> <span class='ocrx_word' id='word_1_577' title='bbox 3789 4062 3847 4122; x_wconf 87' lang='lat' dir='ltr'><strong>et</strong></span> <span class='ocrx_word' id='word_1_578' title='bbox 3878 4055 4188 4127; x_wconf 80' lang='lat' dir='ltr'><strong>benedicta</strong></span> 
     </span>
     <span class='ocr_line' id='line_1_44' title="bbox 153 4136 4185 4228; baseline 0.001 -22"><span class='ocrx_word' id='word_1_579' title='bbox 153 4162 335 4206; x_wconf 89' lang='lat' dir='ltr'><strong>rere.</strong></span> <span class='ocrx_word' id='word_1_580' title='bbox 389 4137 867 4221; x_wconf 75' lang='lat' dir='ltr'><strong>Quamobrem</strong></span> <span class='ocrx_word' id='word_1_581' title='bbox 907 4158 1036 4202; x_wconf 90' lang='lat' dir='ltr'><strong>non</strong></span> <span class='ocrx_word' id='word_1_582' title='bbox 1075 4148 1329 4203; x_wconf 89' lang='lat' dir='ltr'><strong>tantum</strong></span> <span class='ocrx_word' id='word_1_583' title='bbox 1352 4145 1608 4221; x_wconf 87' lang='lat' dir='ltr'><strong>oportet</strong></span> <span class='ocrx_word' id='word_1_584' title='bbox 1639 4136 1923 4221; x_wconf 81' lang='lat' dir='ltr'><strong>ingenue</strong></span> <span class='ocrx_word' id='word_1_585' title='bbox 1957 4139 2148 4203; x_wconf 84' lang='lat' dir='ltr'><strong>fateri</strong></span> <span class='ocrx_word' id='word_1_586' title='bbox 2246 4142 2318 4202; x_wconf 81' lang='lat' dir='ltr'><strong>tu</strong></span> <span class='ocrx_word' id='word_1_587' title='bbox 2359 4157 2517 4218; x_wconf 69' lang='lat' dir='ltr'><strong>quae</strong></span> <span class='ocrx_word' id='word_1_588' title='bbox 2560 4136 2947 4219; x_wconf 74' lang='lat' dir='ltr'><strong>prohibuisti</strong></span> <span class='ocrx_word' id='word_1_589' title='bbox 2987 4158 3085 4204; x_wconf 83' lang='lat' dir='ltr'><strong>me</strong></span> <span class='ocrx_word' id='word_1_590' title='bbox 3117 4137 3300 4204; x_wconf 73' lang='lat' dir='ltr'><strong>hodie</strong></span> <span class='ocrx_word' id='word_1_591' title='bbox 3338 4159 3419 4204; x_wconf 89' lang='lat' dir='ltr'><strong>ne</strong></span> <span class='ocrx_word' id='word_1_592' title='bbox 3472 4140 3628 4205; x_wconf 78' lang='lat' dir='ltr'><strong>irent</strong></span> <span class='ocrx_word' id='word_1_593' title='bbox 3671 4142 3759 4208; x_wconf 81' lang='lat' dir='ltr'><strong>od</strong></span> <span class='ocrx_word' id='word_1_594' title='bbox 3798 4146 4185 4228; x_wconf 70' lang='lat' dir='ltr'><strong>sanquinem,</strong></span> 
     </span>
     <span class='ocr_line' id='line_1_45' title="bbox 146 4221 4185 4313; baseline 0.001 -22"><span class='ocrx_word' id='word_1_595' title='bbox 146 4235 220 4291; x_wconf 82' lang='lat' dir='ltr'><strong>et</strong></span> <span class='ocrx_word' id='word_1_596' title='bbox 277 4245 682 4313; x_wconf 79' lang='lat' dir='ltr'><strong>agnoscere</strong></span> <span class='ocrx_word' id='word_1_597' title='bbox 785 4239 1017 4300; x_wconf 88' lang='lat' dir='ltr'><strong>eccata,</strong></span> <span class='ocrx_word' id='word_1_598' title='bbox 1076 4221 1191 4289; x_wconf 89' lang='lat' dir='ltr'><strong>sed</strong></span> <span class='ocrx_word' id='word_1_599' title='bbox 1236 4223 1432 4288; x_wconf 91' lang='lat' dir='ltr'><strong>etiam</strong></span> <span class='ocrx_word' id='word_1_600' title='bbox 1494 4223 1716 4288; x_wconf 88' lang='lat' dir='ltr'><strong>conari</strong></span> <span class='ocrx_word' id='word_1_601' title='bbox 1773 4224 2149 4289; x_wconf 74' lang='lat' dir='ltr'><strong>satisfacere</strong></span> <span class='ocrx_word' id='word_1_602' title='bbox 2249 4228 2308 4288; x_wconf 78' lang='lat' dir='ltr'><strong>et</strong></span> <span class='ocrx_word' id='word_1_603' title='bbox 2347 4223 2678 4289; x_wconf 78' lang='lat' dir='ltr'><strong>ulciscerer</strong></span> <span class='ocrx_word' id='word_1_604' title='bbox 2717 4244 2816 4288; x_wconf 82' lang='lat' dir='ltr'><strong>me</strong></span> <span class='ocrx_word' id='word_1_605' title='bbox 2866 4243 3063 4290; x_wconf 77' lang='lat' dir='ltr'><strong>manu</strong></span> <span class='ocrx_word' id='word_1_606' title='bbox 3104 4244 3260 4290; x_wconf 73' lang='lat' dir='ltr'><strong>ntea.</strong></span> <span class='ocrx_word' id='word_1_607' title='bbox 3346 4224 3450 4290; x_wconf 83' lang='lat'><strong>34.</strong></span> <span class='ocrx_word' id='word_1_608' title='bbox 3505 4224 3817 4308; x_wconf 76' lang='lat' dir='ltr'><strong>Alioquin</strong></span> <span class='ocrx_word' id='word_1_609' title='bbox 3857 4229 4010 4296; x_wconf 81' lang='lat' dir='ltr'><strong>vivit</strong></span> <span class='ocrx_word' id='word_1_610' title='bbox 4051 4230 4185 4300; x_wconf 86' lang='lat' dir='ltr'><strong>Do-</strong></span> 
     </span>
     <span class='ocr_line' id='line_1_46' title="bbox 146 4306 4185 4400; baseline 0.001 -21"><span class='ocrx_word' id='word_1_611' title='bbox 146 4332 280 4395; x_wconf 86' lang='lat' dir='ltr'><strong>pro</strong></span> <span class='ocrx_word' id='word_1_612' title='bbox 330 4311 573 4379; x_wconf 79' lang='lat' dir='ltr'><strong>virili.</strong></span> <span class='ocrx_word' id='word_1_613' title='bbox 622 4309 738 4375; x_wconf 78' lang='lat' dir='ltr'><strong>Mu</strong></span> <span class='ocrx_word' id='word_1_614' title='bbox 768 4311 817 4374; x_wconf 91' lang='lat' dir='ltr'><strong>ti</strong></span> <span class='ocrx_word' id='word_1_615' title='bbox 855 4309 1033 4373; x_wconf 90' lang='lat' dir='ltr'><strong>enim</strong></span> <span class='ocrx_word' id='word_1_616' title='bbox 1077 4309 1309 4375; x_wconf 89' lang='lat' dir='ltr'><strong>alienis</strong></span> <span class='ocrx_word' id='word_1_617' title='bbox 1350 4306 1579 4391; x_wconf 90' lang='lat' dir='ltr'><strong>opibus</strong></span> <span class='ocrx_word' id='word_1_618' title='bbox 1621 4316 1687 4373; x_wconf 90' lang='lat' dir='ltr'><strong>et</strong></span> <span class='ocrx_word' id='word_1_619' title='bbox 1731 4307 2150 4375; x_wconf 82' lang='lat' dir='ltr'><strong>facultatibus</strong></span> <span class='ocrx_word' id='word_1_620' title='bbox 2250 4309 2465 4374; x_wconf 78' lang='lat' dir='ltr'><strong>minus</strong></span> <span class='ocrx_word' id='word_1_621' title='bbox 2495 4307 2693 4374; x_wconf 77' lang='lat' dir='ltr'><strong>Deus</strong></span> <span class='ocrx_word' id='word_1_622' title='bbox 2734 4308 2959 4390; x_wconf 73' lang='lat' dir='ltr'><strong>Israel,</strong></span> <span class='ocrx_word' id='word_1_623' title='bbox 3016 4310 3132 4392; x_wconf 77' lang='lat' dir='ltr'><strong>qui</strong></span> <span class='ocrx_word' id='word_1_624' title='bbox 3175 4309 3507 4392; x_wconf 72' lang='lat' dir='ltr'><strong>prohibuit</strong></span> <span class='ocrx_word' id='word_1_625' title='bbox 3546 4330 3644 4376; x_wconf 75' lang='lat' dir='ltr'><strong>nie</strong></span> <span class='ocrx_word' id='word_1_626' title='bbox 3684 4330 3763 4376; x_wconf 89' lang='lat' dir='ltr'><strong>ne</strong></span> <span class='ocrx_word' id='word_1_627' title='bbox 3802 4314 4042 4382; x_wconf 81' lang='lat' dir='ltr'><strong>malum</strong></span> <span class='ocrx_word' id='word_1_628' title='bbox 4080 4317 4185 4400; x_wconf 81' lang='lat' dir='ltr'><strong>fa·</strong></span> 
     </span>
     <span class='ocr_line' id='line_1_47' title="bbox 142 4393 4187 4482; baseline 0.002 -20"><span class='ocrx_word' id='word_1_629' title='bbox 142 4398 535 4464; x_wconf 82' lang='lat' dir='ltr'><strong>inhiantes</strong></span> <span class='ocrx_word' id='word_1_630' title='bbox 587 4393 843 4478; x_wconf 87' lang='lat' dir='ltr'><strong>aliquod</strong></span> <span class='ocrx_word' id='word_1_631' title='bbox 890 4395 1244 4477; x_wconf 88' lang='lat' dir='ltr'><strong>patrabunt</strong></span> <span class='ocrx_word' id='word_1_632' title='bbox 1286 4394 1546 4479; x_wconf 85' lang='lat' dir='ltr'><strong>insigne</strong></span> <span class='ocrx_word' id='word_1_633' title='bbox 1581 4393 1927 4478; x_wconf 79' lang='lat' dir='ltr'><strong>flagitium,</strong></span> <span class='ocrx_word' id='word_1_634' title='bbox 1963 4396 2149 4461; x_wconf 89' lang='lat' dir='ltr'><strong>cuius</strong></span> <span class='ocrx_word' id='word_1_635' title='bbox 2250 4413 2446 4459; x_wconf 82' lang='lat' dir='ltr'><strong>cerem</strong></span> <span class='ocrx_word' id='word_1_636' title='bbox 2488 4394 2635 4459; x_wconf 79' lang='lat' dir='ltr'><strong>tibi.-</strong></span> <span class='ocrx_word' id='word_1_637' title='bbox 2690 4394 2822 4460; x_wconf 76' lang='lat' dir='ltr'><strong>nisi</strong></span> <span class='ocrx_word' id='word_1_638' title='bbox 2865 4396 2984 4461; x_wconf 81' lang='lat' dir='ltr'><strong>cito</strong></span> <span class='ocrx_word' id='word_1_639' title='bbox 3037 4396 3311 4462; x_wconf 77' lang='lat' dir='ltr'><strong>venisses</strong></span> <span class='ocrx_word' id='word_1_640' title='bbox 3352 4397 3423 4461; x_wconf 88' lang='lat' dir='ltr'><strong>in</strong></span> <span class='ocrx_word' id='word_1_641' title='bbox 3467 4415 3787 4461; x_wconf 76' lang='lat' dir='ltr'><strong>occursum</strong></span> <span class='ocrx_word' id='word_1_642' title='bbox 3828 4398 4006 4482; x_wconf 79' lang='lat' dir='ltr'><strong>mihi,</strong></span> <span class='ocrx_word' id='word_1_643' title='bbox 4062 4423 4187 4469; x_wconf 85' lang='lat' dir='ltr'><strong>non</strong></span> 
     </span>
     <span class='ocr_line' id='line_1_48' title="bbox 141 4479 4190 4572; baseline 0.002 -23"><span class='ocrx_word' id='word_1_644' title='bbox 141 4484 418 4549; x_wconf 87' lang='lat' dir='ltr'><strong>deinde</strong></span> <span class='ocrx_word' id='word_1_645' title='bbox 460 4502 551 4547; x_wconf 84' lang='lat' dir='ltr'><strong>se</strong></span> <span class='ocrx_word' id='word_1_646' title='bbox 600 4481 1000 4563; x_wconf 82' lang='lat' dir='ltr'><strong>poenitentia</strong></span> <span class='ocrx_word' id='word_1_647' title='bbox 1045 4479 1193 4546; x_wconf 91' lang='lat' dir='ltr'><strong>duci</strong></span> <span class='ocrx_word' id='word_1_648' title='bbox 1229 4479 1728 4563; x_wconf 82' lang='lat' dir='ltr'><strong>profitebuntur,</strong></span> <span class='ocrx_word' id='word_1_649' title='bbox 1773 4490 1838 4544; x_wconf 90' lang='lat' dir='ltr'><strong>et</strong></span> <span class='ocrx_word' id='word_1_650' title='bbox 1873 4502 2001 4546; x_wconf 91' lang='lat' dir='ltr'><strong>non</strong></span> <span class='ocrx_word' id='word_1_651' title='bbox 2034 4479 2146 4546; x_wconf 87' lang='lat' dir='ltr'><strong>ad·</strong></span> <span class='ocrx_word' id='word_1_652' title='bbox 2251 4480 2653 4545; x_wconf 71' lang='lat' dir='ltr'><strong>remansisset</strong></span> <span class='ocrx_word' id='word_1_653' title='bbox 2677 4479 2889 4545; x_wconf 73' lang='lat' dir='ltr'><strong>Nabal</strong></span> <span class='ocrx_word' id='word_1_654' title='bbox 2928 4501 3125 4562; x_wconf 73' lang='lat' dir='ltr'><strong>usque</strong></span> <span class='ocrx_word' id='word_1_655' title='bbox 3167 4482 3254 4548; x_wconf 81' lang='lat' dir='ltr'><strong>ad</strong></span> <span class='ocrx_word' id='word_1_656' title='bbox 3275 4481 3471 4547; x_wconf 81' lang='lat' dir='ltr'><strong>lucem</strong></span> <span class='ocrx_word' id='word_1_657' title='bbox 3504 4483 3874 4548; x_wconf 83' lang='lat' dir='ltr'><strong>matutinam</strong></span> <span class='ocrx_word' id='word_1_658' title='bbox 3908 4488 4190 4572; x_wconf 74' lang='lat' dir='ltr'><strong>minyens</strong></span> 
     </span>
     <span class='ocr_line' id='line_1_49' title="bbox 141 4564 4191 4650; baseline 0.002 -17"><span class='ocrx_word' id='word_1_659' title='bbox 141 4571 516 4634; x_wconf 85' lang='lat' dir='ltr'><strong>missuros</strong></span> <span class='ocrx_word' id='word_1_660' title='bbox 574 4567 630 4630; x_wconf 89' lang='lat' dir='ltr'><strong>si</strong></span> <span class='ocrx_word' id='word_1_661' title='bbox 676 4587 805 4631; x_wconf 90' lang='lat' dir='ltr'><strong>non</strong></span> <span class='ocrx_word' id='word_1_662' title='bbox 857 4575 1032 4632; x_wconf 88' lang='lat' dir='ltr'><strong>esset</strong></span> <span class='ocrx_word' id='word_1_663' title='bbox 1073 4565 1469 4631; x_wconf 86' lang='lat' dir='ltr'><strong>admissum:</strong></span> <span class='ocrx_word' id='word_1_664' title='bbox 1512 4564 1626 4630; x_wconf 89' lang='lat' dir='ltr'><strong>sed</strong></span> <span class='ocrx_word' id='word_1_665' title='bbox 1663 4564 1925 4630; x_wconf 89' lang='lat' dir='ltr'><strong>interim</strong></span> <span class='ocrx_word' id='word_1_666' title='bbox 1965 4567 2149 4632; x_wconf 90' lang='lat' dir='ltr'><strong>satis-</strong></span> <span class='ocrx_word' id='word_1_667' title='bbox 2252 4565 2340 4631; x_wconf 78' lang='lat' dir='ltr'><strong>ad</strong></span> <span class='ocrx_word' id='word_1_668' title='bbox 2369 4565 2699 4646; x_wconf 79' lang='lat' dir='ltr'><strong>parietem.</strong></span> <span class='ocrx_word' id='word_1_669' title='bbox 2785 4564 2891 4631; x_wconf 84' lang='lat'><strong>35.</strong></span> <span class='ocrx_word' id='word_1_670' title='bbox 2942 4565 3226 4648; x_wconf 75' lang='lat' dir='ltr'><strong>Suscepit</strong></span> <span class='ocrx_word' id='word_1_671' title='bbox 3265 4587 3405 4650; x_wconf 72' lang='lat' dir='ltr'><strong>erqo</strong></span> <span class='ocrx_word' id='word_1_672' title='bbox 3437 4566 3657 4631; x_wconf 80' lang='lat' dir='ltr'><strong>David</strong></span> <span class='ocrx_word' id='word_1_673' title='bbox 3697 4567 3775 4634; x_wconf 81' lang='lat' dir='ltr'><strong>de</strong></span> <span class='ocrx_word' id='word_1_674' title='bbox 3813 4590 4011 4637; x_wconf 81' lang='lat' dir='ltr'><strong>manu</strong></span> <span class='ocrx_word' id='word_1_675' title='bbox 4051 4576 4191 4640; x_wconf 79' lang='lat' dir='ltr'><strong>eius</strong></span> 
     </span>
     <span class='ocr_line' id='line_1_50' title="bbox 133 4648 4190 4742; baseline 0 -22"><span class='ocrx_word' id='word_1_676' title='bbox 133 4653 389 4722; x_wconf 79' lang='lat' dir='ltr'><strong>faeere</strong></span> <span class='ocrx_word' id='word_1_677' title='bbox 442 4652 730 4719; x_wconf 85' lang='lat' dir='ltr'><strong>nolunt.</strong></span> <span class='ocrx_word' id='word_1_678' title='bbox 806 4650 1007 4718; x_wconf 77' lang='lat' dir='ltr'><strong>Multi</strong></span> <span class='ocrx_word' id='word_1_679' title='bbox 1064 4651 1369 4736; x_wconf 89' lang='lat' dir='ltr'><strong>speciosis</strong></span> <span class='ocrx_word' id='word_1_680' title='bbox 1413 4648 1629 4716; x_wconf 83' lang='lat' dir='ltr'><strong>verbis</strong></span> <span class='ocrx_word' id='word_1_681' title='bbox 1684 4650 1862 4716; x_wconf 87' lang='lat' dir='ltr'><strong>aliud</strong></span> <span class='ocrx_word' id='word_1_682' title='bbox 1906 4651 2151 4717; x_wconf 86' lang='lat' dir='ltr'><strong>habent</strong></span> <span class='ocrx_word' id='word_1_683' title='bbox 2251 4651 2464 4716; x_wconf 72' lang='lat' dir='ltr'><strong>mnia</strong></span> <span class='ocrx_word' id='word_1_684' title='bbox 2515 4670 2677 4733; x_wconf 74' lang='lat' dir='ltr'><strong>quae</strong></span> <span class='ocrx_word' id='word_1_685' title='bbox 2730 4651 3024 4718; x_wconf 78' lang='lat' dir='ltr'><strong>attulerat</strong></span> <span class='ocrx_word' id='word_1_686' title='bbox 3069 4653 3162 4731; x_wconf 85' lang='lat' dir='ltr'><strong>ei,</strong></span> <span class='ocrx_word' id='word_1_687' title='bbox 3221 4651 3502 4733; x_wconf 66' lang='lat' dir='ltr'><strong>dixitque</strong></span> <span class='ocrx_word' id='word_1_688' title='bbox 3548 4653 3639 4717; x_wconf 80' lang='lat' dir='ltr'><strong>ei.-</strong></span> <span class='ocrx_word' id='word_1_689' title='bbox 3710 4654 3880 4722; x_wconf 79' lang='lat' dir='ltr'><strong>Vade</strong></span> <span class='ocrx_word' id='word_1_690' title='bbox 3926 4654 4190 4742; x_wconf 69' lang='lat' dir='ltr'><strong>&#39;pacifice</strong></span> 
     </span>
     <span class='ocr_line' id='line_1_51' title="bbox 135 4736 4188 4823; baseline 0.002 -19"><span class='ocrx_word' id='word_1_691' title='bbox 135 4741 214 4804; x_wconf 88' lang='lat' dir='ltr'><strong>in</strong></span> <span class='ocrx_word' id='word_1_692' title='bbox 267 4761 407 4807; x_wconf 83' lang='lat' dir='ltr'><strong>ore</strong></span> <span class='ocrx_word' id='word_1_693' title='bbox 459 4736 671 4804; x_wconf 76' lang='lat' dir='ltr'><strong>aliud</strong></span> <span class='ocrx_word' id='word_1_694' title='bbox 713 4737 782 4802; x_wconf 90' lang='lat' dir='ltr'><strong>in</strong></span> <span class='ocrx_word' id='word_1_695' title='bbox 826 4748 1106 4821; x_wconf 83' lang='lat' dir='ltr'><strong>pectore,</strong></span> <span class='ocrx_word' id='word_1_696' title='bbox 1150 4745 1220 4803; x_wconf 89' lang='lat' dir='ltr'><strong>et</strong></span> <span class='ocrx_word' id='word_1_697' title='bbox 1253 4736 1447 4803; x_wconf 89' lang='lat' dir='ltr'><strong>dictis</strong></span> <span class='ocrx_word' id='word_1_698' title='bbox 1482 4737 1769 4820; x_wconf 86' lang='lat' dir='ltr'><strong>ipsorum</strong></span> <span class='ocrx_word' id='word_1_699' title='bbox 1805 4737 1981 4802; x_wconf 85' lang='lat' dir='ltr'><strong>facta</strong></span> <span class='ocrx_word' id='word_1_700' title='bbox 2019 4758 2147 4802; x_wconf 90' lang='lat' dir='ltr'><strong>non</strong></span> <span class='ocrx_word' id='word_1_701' title='bbox 2254 4736 2325 4801; x_wconf 87' lang='lat' dir='ltr'><strong>in</strong></span> <span class='ocrx_word' id='word_1_702' title='bbox 2365 4737 2618 4801; x_wconf 81' lang='lat' dir='ltr'><strong>domum</strong></span> <span class='ocrx_word' id='word_1_703' title='bbox 2659 4742 2853 4814; x_wconf 81' lang='lat' dir='ltr'><strong>tuam,</strong></span> <span class='ocrx_word' id='word_1_704' title='bbox 2897 4757 3046 4823; x_wconf 78' lang='lat' dir='ltr'><strong>ecce,</strong></span> <span class='ocrx_word' id='word_1_705' title='bbox 3088 4737 3310 4803; x_wconf 81' lang='lat' dir='ltr'><strong>audivi</strong></span> <span class='ocrx_word' id='word_1_706' title='bbox 3330 4757 3529 4804; x_wconf 73' lang='lat' dir='ltr'><strong>vocent</strong></span> <span class='ocrx_word' id='word_1_707' title='bbox 3565 4741 3758 4820; x_wconf 65' lang='lat' dir='ltr'><strong>mam,</strong></span> <span class='ocrx_word' id='word_1_708' title='bbox 3800 4746 3860 4806; x_wconf 86' lang='lat' dir='ltr'><strong>et</strong></span> <span class='ocrx_word' id='word_1_709' title='bbox 3881 4741 4188 4813; x_wconf 67' lang='lat' dir='ltr'><strong>honoram·</strong></span> 
     </span>
     <span class='ocr_line' id='line_1_52' title="bbox 129 4820 2712 4911; baseline -0.002 -18"><span class='ocrx_word' id='word_1_710' title='bbox 129 4824 644 4911; x_wconf 83' lang='lat' dir='ltr'><strong>respondent.</strong></span> <span class='ocrx_word' id='word_1_711' title='bbox 689 4821 1109 4907; x_wconf 81' lang='lat' dir='ltr'><strong>Quapropter</strong></span> <span class='ocrx_word' id='word_1_712' title='bbox 1147 4843 1224 4889; x_wconf 88' lang='lat' dir='ltr'><strong>eo</strong></span> <span class='ocrx_word' id='word_1_713' title='bbox 1259 4820 1641 4907; x_wconf 82' lang='lat' dir='ltr'><strong>diligentius</strong></span> <span class='ocrx_word' id='word_1_714' title='bbox 1675 4821 2151 4888; x_wconf 81' lang='lat' dir='ltr'><strong>observandum</strong></span> <span class='ocrx_word' id='word_1_715' title='bbox 2248 4820 2476 4904; x_wconf 74' lang='lat' dir='ltr'><strong>faciem</strong></span> <span class='ocrx_word' id='word_1_716' title='bbox 2517 4826 2712 4887; x_wconf 82' lang='lat' dir='ltr'><strong>tuam.</strong></span> 
     </span>
     <span class='ocr_line' id='line_1_53' title="bbox 128 4907 2153 4996; baseline -0.003 -18"><span class='ocrx_word' id='word_1_717' title='bbox 128 4913 335 4996; x_wconf 85' lang='lat' dir='ltr'><strong>qnod</strong></span> <span class='ocrx_word' id='word_1_718' title='bbox 391 4913 557 4977; x_wconf 81' lang='lat' dir='ltr'><strong>hoo</strong></span> <span class='ocrx_word' id='word_1_719' title='bbox 603 4908 747 4975; x_wconf 92' lang='lat' dir='ltr'><strong>loco</strong></span> <span class='ocrx_word' id='word_1_720' title='bbox 791 4908 1118 4988; x_wconf 87' lang='lat' dir='ltr'><strong>docemur,</strong></span> <span class='ocrx_word' id='word_1_721' title='bbox 1161 4917 1238 4975; x_wconf 87' lang='lat' dir='ltr'><strong>nt</strong></span> <span class='ocrx_word' id='word_1_722' title='bbox 1279 4909 1334 4973; x_wconf 91' lang='lat' dir='ltr'><strong>si</strong></span> <span class='ocrx_word' id='word_1_723' title='bbox 1372 4907 1653 4973; x_wconf 84' lang='lat' dir='ltr'><strong>offensas</strong></span> <span class='ocrx_word' id='word_1_724' title='bbox 1689 4909 1936 4973; x_wconf 86' lang='lat' dir='ltr'><strong>remitti</strong></span> <span class='ocrx_word' id='word_1_725' title='bbox 1966 4907 2153 4974; x_wconf 89' lang='lat' dir='ltr'><strong>nobis</strong></span> 
     </span>
     <span class='ocr_line' id='line_1_54' title="bbox 128 4990 4193 5163; baseline 0.001 -11"><span class='ocrx_word' id='word_1_726' title='bbox 128 5000 525 5152; x_wconf 55' lang='lat'><strong>33⁵2?</strong></span> <span class='ocrx_word' id='word_1_727' title='bbox 548 4993 1492 5147; x_wconf 53' lang='lat' dir='ltr'><strong>0322‘30202‘2b3222233350‘t</strong></span> <span class='ocrx_word' id='word_1_728' title='bbox 1526 5014 1662 5163; x_wconf 62' lang='lat'>&#39;33¹3</span> <span class='ocrx_word' id='word_1_729' title='bbox 1698 5002 1958 5147; x_wconf 54' lang='lat' dir='ltr'><strong>mi?</strong></span> <span class='ocrx_word' id='word_1_730' title='bbox 1974 5014 2155 5145; x_wconf 62' lang='lat'><strong>5135}</strong></span> <span class='ocrx_word' id='word_1_731' title='bbox 2254 4990 3621 5163; x_wconf 48' lang='lat' dir='ltr'><strong>susuff³52³¹psszz¹gffssmstzffid¹zlssffiffl</strong></span> <span class='ocrx_word' id='word_1_732' title='bbox 3631 4998 4193 5154; x_wconf 53' lang='grc' dir='ltr'><strong>,323335ῃὲιῖἑί</strong></span> 
     </span>
     <span class='ocr_line' id='line_1_55' title="bbox 128 5136 4190 5259; baseline 0.011 -62"><span class='ocrx_word' id='word_1_733' title='bbox 128 5136 719 5239; x_wconf 43' lang='lat' dir='ltr'><strong>sagdaniano&amp;</strong></span> <span class='ocrx_word' id='word_1_734' title='bbox 2257 5164 2388 5228; x_wconf 91' lang='lat' dir='ltr'><strong>lem</strong></span> <span class='ocrx_word' id='word_1_735' title='bbox 2444 5174 2510 5229; x_wconf 86' lang='lat' dir='ltr'><strong>et</strong></span> <span class='ocrx_word' id='word_1_736' title='bbox 2568 5173 2774 5230; x_wconf 87' lang='lat' dir='ltr'><strong>totam</strong></span> <span class='ocrx_word' id='word_1_737' title='bbox 2846 5165 3052 5249; x_wconf 87' lang='lat' dir='ltr'><strong>ipsius</strong></span> <span class='ocrx_word' id='word_1_738' title='bbox 3122 5163 3434 5230; x_wconf 82' lang='lat' dir='ltr'><strong>familiam</strong></span> <span class='ocrx_word' id='word_1_739' title='bbox 3499 5182 3873 5259; x_wconf 83' lang='lat' dir='ltr'><strong>exerceret,</strong></span> <span class='ocrx_word' id='word_1_740' title='bbox 3940 5171 4190 5241; x_wconf 88' lang='lat' dir='ltr'><strong>duabus</strong></span> 
     </span>
    </p>
   </div>
  </div>
 </body>
</html>
