5059 6059
847 296 975 366 631

2455 299 2866 367 HOMILIA
2911 300 3246 368 XXXVI.

4671 303 4765 368 632

860 489 1045 554 iubet
1087 509 1197 555 eos
1253 488 1335 554 ad
1385 490 1599 554 Deum
1649 490 1713 554 in
1761 489 2085 573 angustiis
2129 490 2495 575 confugere,
2551 505 2617 555 et
2661 492 2805 557 eius
2913 500 3134 556 tamen
3194 491 3250 555 si
3307 490 3453 575 quis
3514 489 3819 573 deinceps
3879 489 4258 574 designatus
4314 487 4397 554 ab
4440 489 4544 554 illo
4581 490 4770 569 fumet,

857 575 1188 640 voluntati
1233 578 1656 657 acquiescere,
1713 598 1788 642 ac
1831 574 2143 658 quidquid
2190 577 2416 642 fecerit
2461 577 2650 660 aequi
2695 578 2805 643 bo·

856 662 1056 744 nique
1115 661 1469 727 consulere.
1558 663 1857 746 Denique
1918 662 1988 726 in
2044 662 2370 745 precando
2415 663 2805 729 servandam

828 746 1030 828 ‚hanc
1074 745 1455 812 modestiam
1496 749 1793 825 sciamus,
1835 768 1916 811 ne
1942 747 2084 813 Deo
2126 748 2331 829 legem
2369 751 2809 833 praescribere

858 832 1045 898 nobis
1091 833 1568 915 permittamus,
1625 846 1741 897 aut
1784 854 1935 902 arro
2025 842 2172 899 nter
2215 833 2299 899 ab
2341 834 2483 918 ipso
2526 856 2693 918 quae
2736 836 2806 900 in

857 927 1148 983 mentem
1172 920 1473 984 venerint
1495 921 1847 1004 postulare.
1970 918 2049 983 ed
2087 920 2564 1004 beneplacitum
2604 920 2808 1004 ipsius

859 1004 1295 1084 attendentes,
1340 1006 1480 1071 eius
1528 1005 1849 1072 voluntati
1894 1014 2150 1072 nostras
2195 1026 2424 1072 omnes
2459 1008 2806 1089 petitiones

852 1090 1312 1161 subiiciamus:
1358 1103 1424 1157 et
1468 1091 1611 1157 sine
1655 1112 1991 1158 murmure
2035 1102 2151 1155 aut
2186 1091 2449 1158 fremitu
2485 1092 2566 1157 ab
2603 1093 2806 1176 ipsius

857 1176 1199 1241 voluntate
1245 1177 1665 1260 pendeamus.
1734 1176 1968 1260 Itaque
2004 1178 2301 1260 exemplo
2346 1178 2537 1244 istius
2580 1178 2804 1262 populi

857 1263 1207 1346 sapiamus,
1274 1283 1465 1344 quem
1528 1264 1758 1327 merito
1813 1261 2203 1345 reprehendi
2262 1263 2566 1330 videmus
2632 1265 2800 1348 quod

856 1368 1083 1431 regem
1142 1369 1180 1412 a
1222 1348 1506 1413 Domino
1565 1349 1873 1432 petiisset,
1933 1368 2131 1431 quum
2193 1348 2521 1416 debuisset
2584 1351 2803 1433 potius

851 1433 1225 1515 expendere
1284 1456 1367 1498 an
1426 1436 1650 1500 liceret
1709 1455 1746 1498 a
1803 1435 2088 1502 Domino
2149 1456 2370 1519 regem
2438 1435 2801 1518 postulare3

848 1539 1068 1602 neque
1115 1529 1247 1597 tam
1297 1520 1667 1601 petulanter
1713 1533 1776 1584 et
1821 1530 2126 1603 proterve
2186 1520 2395 1605 legem
2441 1519 2586 1585 Deo
2632 1521 2802 1586 velle

852 1625 1116 1688 ponere.
1206 1604 1652 1672 Nihilominus
1715 1619 1930 1672 tamen
1994 1607 2212 1674 Deum
2274 1606 2380 1671 hic
2446 1606 2633 1673 docet
2679 1606 2800 1674 Sa-

850 1690 1030 1756 muel
1081 1693 1447 1773 praeteritis
1483 1693 1751 1758 offensis
1787 1691 2126 1758 misertum
2165 1691 2369 1759 fuisse
2404 1713 2650 1770 eorum,
2688 1694 2801 1778 qui

850 1787 1072 1842 tamen
1119 1798 1190 1843 se
1234 1778 1444 1843 modis
1492 1779 1791 1843 omnibus
1835 1776 2137 1861 indignos
2184 1778 2309 1843 Dei
2355 1778 2802 1844 misericordia

820 1862 1268 1946 praebebant.
1336 1864 1444 1928 Ex
1483 1864 1719 1946 quibus
1757 1863 2134 1929 discendum
2182 1876 2299 1943 est,
2343 1865 2560 1930 Deum
2608 1885 2800 1949 saepe

824 1993 834 2026 2
849 1962 1112 2015 nostras
1172 1970 1394 2033 preces
1441 1950 1775 2026 exaudire,
1830 1969 2023 2032 quem
2074 1958 2292 2014 tamen
2333 1949 2414 2015 ad
2450 1950 2619 2016 iram
2649 1971 2798 2035 pro-

846 2037 1263 2110 vocavimus;
1299 2046 1364 2098 et
1400 2057 1596 2118 quum
1624 2054 1948 2100 summam
1989 2035 2435 2102 confusionem
2475 2038 2547 2101 in
2579 2046 2799 2102 nostra

849 2123 1064 2203 capita
1110 2121 1563 2194 derivavimus,
1630 2133 1849 2184 tamen
1900 2120 2227 2202 patienter
2269 2121 2573 2188 tolerare.
2665 2120 2794 2189 Sed

849 2205 1173 2289 numquid
1218 2206 1457 2271 idcirco
1500 2206 1898 2289 provocandi
1945 2222 2011 2270 et
2052 2205 2412 2276 lacessendi
2459 2209 2675 2292 ipsum
2723 2209 2800 2274 fit

826 2292 1037 2358 nobis
1097 2291 1406 2358 licentia?
1498 2291 1629 2358 Sed
1691 2302 1918 2357 contra
1960 2301 2038 2356 ut
2081 2293 2279 2359 rebus
2319 2293 2621 2360 secundis
2666 2315 2794 2360 non

849 2379 1073 2444 efferri
1114 2377 1463 2446 discamus.
1552 2378 1723 2443 Nam
1773 2398 1965 2462 saepe
2019 2379 2097 2442 fit
2141 2388 2214 2443 ut
2257 2378 2450 2445 rebus
2495 2378 2796 2450 secundis

848 2463 1209 2530 insolentes
1266 2484 1416 2528 eum
1476 2463 1905 2547 negligamus,
1969 2476 2085 2527 aut
2144 2466 2581 2548 perfunctorie
2624 2465 2793 2532 cola—

850 2570 1022 2629 mus,
1078 2559 1143 2612 et
1198 2569 1314 2614 nos
1375 2549 1456 2615 ab
1514 2549 1625 2614 illo
1671 2546 1965 2618 exaudiri
2008 2570 2141 2615 non
2189 2551 2377 2620 facile
2419 2549 2606 2620 nobis
2649 2573 2794 2635 per·

848 2634 1263 2710 suadeam-us,
1325 2649 1518 2718 atque
1582 2636 1819 2701 idcirco
1866 2655 2206 2718 precemur
2248 2638 2467 2722 ipsum
2511 2637 2793 2701 oscitan-

851 2731 977 2785 ter.
1060 2720 1163 2787 Ac
1215 2720 1269 2785 si
1326 2722 1493 2786 forte
1549 2721 1727 2787 illius
1786 2721 2105 2804 quaedam
2166 2723 2344 2789 subit
2408 2721 2794 2802 recordatio,

849 2828 978 2872 non
1026 2815 1247 2871 tamen
1296 2807 1467 2872 serio
1503 2830 1647 2884 cum
1688 2808 1826 2889 ipso
1863 2827 2154 2891 agamus.
2217 2808 2389 2876 Nam
2421 2819 2793 2893 peccatores

846 2890 1111 2975 quidem
1160 2914 1280 2957 nos
1325 2913 1469 2958 esse
1513 2893 1899 2958 fatebimur:
1942 2891 2059 2958 sed
2102 2897 2409 2977 quoniam
2458 2893 2651 2961 rebus
2696 2914 2793 2960 se·

820 2977 1084 3044 ,cundis
1130 2975 1397 3058 utimur,
1456 2978 1696 3056 idcirco
1745 2990 2004 3045 nostras
2047 3000 2273 3048 omnes
2318 2981 2605 3046 actiones
2650 2979 2792 3050 Deo

846 3065 1106 3147 probari
1165 3062 1353 3129 nobis
1408 3066 1754 3148 fingimus:
1814 3077 2005 3146 atque
2064 3065 2159 3130 ita
2204 3067 2331 3132 Dei
2374 3067 2584 3134 nostri
2630 3059 2790 3131 obli—

847 3150 1185 3226 viscimur,
1232 3150 1544 3233 nobisque
1591 3149 1861 3214 totidem
1901 3147 2073 3216 idola
2117 3153 2494 3232 formamus,
2541 3150 2793 3251 quoties

844 3236 1018 3304 alius
1063 3255 1245 3301 suam
1289 3235 1700 3316 industriam,
1744 3237 1915 3300 alius
1959 3234 2268 3318 laborem,
2311 3236 2479 3303 alius
2516 3235 2794 3321 vigilan·

828 3325 1006 3396 3tiam
1065 3342 1253 3388 suam
1317 3320 1545 3386 laudat
1610 3334 1677 3386 et
1744 3321 2093 3404 praedicat,
2160 3324 2328 3392 alius
2385 3323 2584 3388 etiam
2639 3342 2793 3387 suas

845 3405 1109 3473 fraudes
1154 3408 1369 3473 iactat.
1439 3408 1530 3470 Et
1574 3408 1667 3471 ita
1702 3408 1928 3472 miseri
1964 3429 2094 3476 non
2134 3419 2390 3474 tantum
2438 3406 2795 3474 virtutibus

843 3496 982 3559 suis
1028 3493 1415 3570 efferuntur,
1474 3494 1585 3558 scd
1634 3494 1832 3558 etiam
1882 3494 2059 3561 vitiis
2113 3495 2527 3562 insolescunt.
2620 3493 2791 3558 Nam

845 3581 900 3645 si
965 3578 1179 3643 Deum
1242 3579 1656 3658 offenderint,
1725 3581 1923 3644 etiam
1991 3579 2355 3665 gloriantur
2420 3577 2594 3664 quod
2661 3601 2791 3644 non

846 3675 1118 3746 repente
1185 3684 1427 3745 poenas
1495 3664 1596 3729 sui
1675 3667 1941 3732 sceleris
2004 3667 2205 3733 luant.
2316 3665 2790 3734 Verumtamen

839 3761 1024 3817 certa
1066 3748 1215 3816 illos
1273 3768 1483 3832 poena
1528 3764 1763 3817 manet.
1854 3750 2297 3831 Quamobrem
2360 3773 2436 3818 eo
2480 3751 2794 3816 attentius

845 3844 948 3900 est·
992 3834 1098 3901 hic
1154 3833 1333 3900 locus
1394 3836 1576 3902 nobis
1634 3837 2096 3918 attendendus,
2157 3861 2239 3904 ex
2297 3858 2425 3922 quo
2483 3835 2795 3901 discimus

847 3921 1065 3986 Deum
1091 3935 1286 4001 saepe
1321 3919 1841 3988 dissimulantem
1880 3935 2169 4007 peccata,
2202 3923 2441 4008 quibus
2477 3923 2543 3988 in
2572 3933 2795 3988 nostra

846 4007 1067 4089 capita
1111 4005 1423 4072 iudicium
1468 4008 1676 4091 ipsius
1725 4010 2207 4092 accersivimus,
2252 4009 2332 4075 ad
2380 4019 2640 4091 tempus
2678 4027 2795 4072 nos

844 4092 1150 4160 tolerare.
1232 4090 1309 4157 Si
1355 4091 1541 4158 nobis
1581 4095 1785 4176 igitur
1829 4117 1936 4162 res
1981 4117 2331 4180 prosperae
2377 4092 2794 4194 contigerint,

846 4200 934 4244 ne
992 4177 1117 4242 reti
1180 4187 1404 4244 nostro
1462 4180 1902 4247 sacrificemus
1920 4207 1942 4264 ‚·
2006 4192 2071 4248 et
2135 4202 2401 4249 causam
2463 4179 2795 4246 felicitatis

845 4263 1026 4330 illius
1071 4261 1257 4327 nobis
1304 4262 1701 4330 tribuamus:
1748 4267 1861 4331 sed
1907 4277 2136 4334 contra
2180 4277 2500 4351 quantum
2546 4264 2794 4330 malum

846 4349 1039 4416 nobis
1085 4349 1643 4428 accersiverimus,
1692 4354 1818 4417 nisi
1866 4355 2076 4419 nostri
2120 4352 2307 4420 Deus
2351 4354 2794 4427 misereretur,

845 4434 1076 4502 sedulo
1121 4436 1500 4518 cogitemus,
1539 4437 1724 4502 cuius
1761 4438 2050 4504 bonitate
2075 4440 2347 4525 contigit
2383 4447 2457 4505 ut
2493 4459 2532 4502 a
2555 4436 2795 4502 nostris

844 4521 1213 4588 cervicibus
1258 4521 1506 4586 malum
1551 4523 1720 4604 quod
1769 4525 2152 4591 imminebat
2195 4525 2534 4609 depulsum
2582 4523 2685 4597 sit,
2731 4533 2796 4587 et

841 4606 1089 4672 bonum
1134 4607 1466 4690 assequuti
1506 4608 1730 4675 simus.

1018 4693 1110 4758 Et
1157 4692 1235 4758 de
1275 4694 1422 4758 istis
1460 4694 1808 4775 hactenus;
1855 4694 2162 4780 deinceps
2196 4698 2492 4782 sequitur
2516 4696 2792 4763 Samue-

847 4777 977 4843 lem
1047 4780 1317 4844 iussisse
1386 4788 1460 4844 ut
1526 4779 1829 4864 singulae
1884 4781 2096 4848 tribus
2155 4806 2224 4851 se
2284 4783 2509 4850 ordine
2577 4798 2794 4847 coram

846 4863 1135 4929 Domino
1179 4865 1485 4929 sisterent
1528 4866 1609 4929 ad
1646 4878 1855 4932 sortes
1893 4868 2241 4936 iaciendas.
2309 4871 2487 4936 Hinc
2526 4875 2798 4953 apparet

846 4948 1070 5016 Deum
1098 4948 1320 5016 Saulis
1358 4972 1634 5034 regnum
1676 4952 1964 5019 voluisse
1988 4954 2315 5037 decorare,
2350 4967 2417 5022 et
2453 4951 2798 5040 augustius

848 5035 1140 5101 reddere.
1244 5035 1415 5101 Nam
1489 5037 1609 5102 etsi
1680 5039 1813 5104 iam
1874 5051 2070 5105 antea
2135 5044 2415 5125 populus
2473 5035 2799 5109 Samuelis

848 5123 1211 5204 praeceptis
1255 5123 1709 5205 acquievisset,
1754 5145 1952 5208 seque
1996 5147 2183 5192 suam
2222 5129 2494 5213 quisque
2534 5128 2798 5192 domum

848 5206 1233 5290 recepisset,
1299 5221 1687 5291 exspectans
1754 5211 1910 5276 dum
1976 5231 2095 5279 rex
2163 5234 2375 5281 novus
2441 5223 2798 5286 crearetur,

2912 597 3043 641 non
3102 577 3243 642 sine
3297 598 3637 646 murmure
3690 588 3757 641 et
3809 575 4261 660 indignatione
4315 573 4645 640 multorum
4690 578 4768 641 ad·

2911 664 3150 728 missus
3193 662 3441 730 fuisset.
3531 663 3698 728 Erat
3741 660 3917 730 enim
3964 659 4241 745 populus
4299 661 4410 726 ille
4454 660 4532 726 ad
4571 662 4771 727 seditio-

2909 768 3028 834 nes
3072 747 3397 833 proclivis,
3443 755 3517 813 ut
3551 769 3683 814 non
3708 743 3896 814 facile
3932 746 4131 813 fuerit
4164 746 4519 829 quemlibet
4548 746 4771 812 oblatum

2907 854 3131 982 regem
3177 846 3592 920 accepturus:
3639 833 4183 917 quemadmodum
4218 842 4286 898 et
4318 831 4491 899 infra
4512 833 4639 900 Deo
4667 855 4775 900 con-

2908 941 2981 985 ce
3029 930 3213 998 ente,
3278 941 3506 990 sumus
3569 919 3835 987 illorum
3898 919 4456 984 murmurationes
4531 917 4774 996 audituri,

2908 1026 3109 1087 quum
3154 1001 3318 1072 Saul
3361 1027 3400 1070 a
3444 1007 3585 1074 Deo
3629 1006 4010 1091 designatus
4069 1004 4308 1087 populo
4351 1015 4777 1087 proponeretur,

2906 1090 3059 1157 licet
3102 1113 3235 1158 non
3282 1091 3494 1158 dubiis
3528 1091 3735 1177 signis
3758 1092 3941 1160 Deus
3976 1112 4015 1156 a
4047 1111 4120 1156 se
4167 1111 4296 1156 non
4340 1088 4424 1156 ab
4469 1089 4779 1156 hominibus

2906 1177 3263 1259 profectam
3306 1178 3485 1244 illam
3531 1178 3911 1246 electionem
3958 1176 4385 1259 patefecisset.
4474 1173 4638 1256 Quid
4665 1195 4779 1259 ergo

2905 1262 3195 1348 futurum
3242 1274 3550 1348 putamus
3591 1265 3651 1329 si
3692 1261 4072 1347 simpliciter
4095 1259 4361 1328 Samuel
4408 1262 4490 1327 ad
4534 1262 4780 1344 populum

2905 1349 3257 1429 retulisset,
3312 1371 3382 1416 se
3446 1349 3520 1414 in
3584 1346 3908 1414 mandatis
3973 1370 4056 1414 ex
4122 1347 4526 1414 revelatione
4581 1346 4782 1424 habere,

2907 1431 3174 1500 Saulem
3219 1433 3459 1519 populo
3513 1433 3911 1520 praeficere?
4003 1430 4180 1500 Sane
4237 1432 4511 1500 minime
4574 1432 4781 1499 dubium

2906 1528 3024 1604 est,
3071 1521 3230 1619 quin
3273 1521 3477 1587 variis
3521 1523 3692 1586 inter
3736 1540 3807 1587 se
3851 1519 4373 1588 contentionibus
4421 1519 4652 1586 fuerint
4685 1539 4783 1583 cer-

2905 1614 3130 1684 taturi,
3184 1614 3251 1674 et
3292 1606 3420 1673 Dei
3476 1607 3718 1674 iustam
3777 1607 3845 1672 in
3889 1627 3960 1674 se
4004 1604 4359 1672 vindictam
4405 1605 4783 1689 provocaturi.

2904 1690 3344 1772 Quamobrem
3390 1690 3689 1766 videmus
3741 1690 3980 1776 Deum,
4043 1692 4149 1782 cui
4210 1690 4463 1757 feroces
4527 1699 4592 1755 et
4647 1692 4784 1774 pravi

2903 1778 3197 1861 ipsorum
3240 1778 3444 1844 animi
3485 1779 3642 1845 satis
3687 1787 3877 1846 erant
3919 1778 4077 1857 noti,
4120 1787 4303 1842 tanto
4346 1777 4525 1841 malo
4559 1775 4784 1840 voluisse

2903 1872 3161 1929 mature
3220 1883 3577 1943 occurrere,
3635 1875 3724 1952 et.
3757 1863 4043 1932 voluisse
4102 1861 4186 1929 de
4226 1862 4454 1929 Saulis
4516 1862 4786 1936 electione,

2902 1950 3089 2014 cuius
3132 1950 3269 2032 ipse
3313 1960 3505 2018 autor
3548 1958 3739 2026 esset,
3784 1949 4091 2018 certiores
4136 1950 4364 2016 facere.
4470 1947 4702 2013 Idcirco
4739 1947 4783 2009 in

2901 2034 3201 2119 singulas
3246 2034 3455 2102 tribus
3498 2034 3974 2122 sortes3proiici
4019 2035 4260 2101 voluit:
4304 2044 4373 2099 et
4416 2033 4672 2117 quidem
4701 2031 4785 2097 hoc

2901 2119 3052 2199 fine,
3098 2133 3170 2184 ut
3211 2121 3493 2206 populus
3535 2130 3937 2207 agnosceret,
3981 2142 4053 2187 se
4096 2120 4249 2187 licet
4291 2121 4590 2205 graviter
4619 2119 4784 2184 Deum

2902 2205 3300 2287 offendisset,
3345 2218 3566 2275 tamen
3609 2206 3884 2272 meliora
3926 2227 4008 2272 ex
4032 2206 4161 2274 Dei
4201 2205 4642 2296 misericordia
4676 2223 4782 2268 con·

2900 2303 3351 2375 sequuturum‚
3397 2294 3507 2378 qui
3550 2291 3907 2368 iubenum
3952 2294 4116 2377 ipsis
4159 2292 4381 2360 omnia
4418 2298 4705 2372 verteret,
4737 2301 4784 2352 ut

2900 2396 3118 2443 coram
3165 2377 3308 2445 Deo
3352 2377 3818 2457 deiicerentur‚
3880 2386 3978 2464 et,
4011 2378 4135 2445 sibi
4182 2377 4344 2462 ipsis
4409 2375 4786 2460 displicerent.

2899 2473 3097 2550 atque
3139 2463 3424 2530 oblatam
3469 2464 3749 2549 gratiam
3785 2485 3861 2530 eo
3897 2463 4240 2531 ardentius
4274 2463 4782 2549 amplecterentur

2898 2546 3250 2633 Deumque
3289 2547 3754 2636 glorificarent.
3897 2581 3903 2586 ·

3071 2633 3209 2722 Iam
3255 2656 3413 2703 vero
3458 2636 3654 2722 agite,
3698 2641 3802 2703 etc.

3389 2977 3889 3066 HOMILIA
3929 2976 4328 3089 xxxw.

3067 3149 3170 3220 22.
3241 3142 3653 3232 Quaesierunt
3707 3170 3854 3233 erqo
3911 3169 4071 3232 eum,
4128 3152 4184 3214 a
4236 3168 4360 3214 non
4404 3153 4502 3216 est
4541 3148 4789 3214 inmas.

2898 3233 2989 3302 Et
3030 3237 3468 3303 consuluerunt
3490 3241 3639 3320 post
3669 3234 3821 3302 haec
3852 3234 4233 3302 Dominum:
4294 3233 4662 3304 Utrumnam
4690 3251 4790 3298 ven·

2896 3328 3080 3387 turus
3124 3327 3280 3388 esset
3323 3322 3520 3388 illuc?
3597 3317 4059 3408 Bet-spondaque
4098 3320 4459 3388 Dominus.-
4519 3320 4667 3406 Ecce
4691 3316 4791 3384 abs-

2896 3408 3182 3474 conditus
3225 3412 3315 3474 est
3349 3406 3535 3475 domi.
3604 3403 3708 3474 23.
3749 3403 4173 3474 cucumerum
4214 3406 4451 3489 itaque,
4488 3410 4545 3472 et
4575 3405 4791 3471 tuzmnt

2898 3513 3039 3558 eum
3095 3493 3280 3560 inde.-
3336 3493 3617 3576 stetitque
3671 3494 3744 3557 in
3799 3491 4003 3559 medio
4048 3490 4314 3576 populi,
4371 3501 4432 3557 et
4489 3491 4664 3558 altior
4702 3485 4790 3572 fuit

2894 3581 3189 3730 §tw
3202 3578 3611 3731 03⁰&ssss
3653 3578 3918 3748 m
3928 3688 3941 3702 ·
3975 3583 4424 3736 ⁶&AE?ssss
4460 3577 4633 3747 mm.
4611 3575 4792 3744 Ἥ

2896 3747 3232 3840 Dominus,
3257 3752 3560 3834 quoniam
3594 3686 3716 3818 ἔστι
3750 3752 3835 3816 sit
3866 3715 4104 3818 similis
4139 3747 4243 3816 illi
4277 3747 4348 3815 in
4382 3753 4562 3816 omni
4581 3747 4791 3901 {gp-lo.

2897 3835 2986 3900 Et
3031 3837 3326 3904 clamavit
3369 3838 3575 3902 omnis
3605 3837 3901 3922 populas,
3937 3840 3996 3900 et
4026 3836 4153 3901 ait:
4213 3833 4398 3901 Vivat
4419 3857 4554 3903 rex.
4673 3831 4792 3898 ‚Lo-

2898 3928 3129 4004 quutus
3171 3928 3260 3990 est
3302 3927 3507 3988 autem
3554 3919 3808 3992 Samuel
3850 3922 3936 3987 ad
3968 3922 4274 4005 populum
4318 3921 4517 4005 leqem
4557 3920 4793 4016 remige?

2898 4009 3155 4090 scripsit
3197 4007 3263 4073 in
3312 4007 3488 4088 libro,
3534 4013 3590 4072 et
3627 4009 3909 4089 reposuit
3938 4027 4142 4094 coram
4160 4006 4462 4096 Domino,
4506 4013 4561 4073 et
4597 4007 4790 4074 dimaszt

2901 4091 3163 4160 Samuel
3214 4114 3454 4160 omnem
3495 4091 3500 4096 ’
3500 4091 3812 4176 populum
3866 4091 4150 4177 sinyulos
4214 4093 4286 4160 in
4346 4094 4602 4160 domum
4638 4109 4790 4157 simu.

2897 4178 3002 4245 26.
3054 4177 3177 4245 Sea
3219 4183 3277 4244 et
3321 4177 3484 4248 Saul
3517 4178 3674 4248 abiit
3715 4180 3786 4244 in
3827 4179 4078 4246 domum
4121 4198 4305 4244 suam
4351 4179 4423 4248 in
4481 4178 4713 4245 Gabca:
4754 4176 4792 4235 d

2899 4265 3052 4330 abiit
3106 4285 3247 4332 cum
3305 4286 3376 4331 eo
3420 4286 3589 4347 pars
3642 4266 3945 4338 exercitu-5*
4020 4283 4284 4346 quorum
4339 4264 4622 4349 tetigerat
4659 4260 4792 4328 Dens

2898 4351 3102 4417 corda.
3191 4351 3296 4417 27.
3344 4349 3513 4418 Filii
3553 4371 3697 4417 vero
3740 4349 3887 4416 Bel·
3997 4351 4326 4416 dioeerunt:
4376 4349 4559 4418 Num
4598 4348 4790 4416 salvan

2897 4456 3010 4502 nos
3036 4439 3269 4518 poterit
3296 4437 3465 4503 iste?
3514 4435 3602 4502 Et
3633 4437 4047 4520 despexerunt
4069 4455 4227 4518 eum,
4265 4440 4322 4501 et
4355 4456 4484 4504 non
4509 4432 4790 4502 attam

2897 4522 2957 4588 ei
2997 4543 3277 4603 munera,
3324 4523 3433 4589 ille
3476 4542 3618 4589 vero
3658 4519 4101 4590 dissimulabat
4139 4541 4206 4586 se
4248 4521 4494 4589 audire.

3069 4693 3239 4759 Heri
3285 4693 3532 4760 dictum
3568 4703 3686 4771 est,
3731 4713 3850 4759 cur
3883 4692 4086 4773 Deus,
4131 4692 4284 4759 licet
4324 4691 4458 4760 iam
4505 4691 4790 4775 designato

2904 4777 3104 4845 Saule
3146 4800 3319 4864 rege,
3381 4789 3602 4846 tamen
3647 4788 3855 4845 sortes
3897 4777 4049 4845 duci
4093 4779 4396 4860 voluerit,
4458 4787 4527 4844 et
4568 4790 4786 4860 regnum

2901 4865 2998 4929 illi
3059 4865 3181 4932 hac
3243 4865 3492 4931 ratione
3558 4863 3951 4943 confirmari,
4018 4886 4252 4949 nempe
4320 4874 4393 4929 ut
4450 4864 4653 4930 maior
4686 4860 4789 4923 eius

2903 4960 3076 5016 esset
3178 4951 3352 5035 apud
3441 4951 3754 5036 populum
3835 4950 4174 5017 autoritas.
4296 4944 4786 5039 Quandoquidetn

2903 5037 3104 5103 variis
3148 5037 3769 5104 contradictionibus
3826 5036 4052 5104 fuisset
4110 5036 4450 5116 obnoxius,
4512 5027 4786 5102 Samuehs

2903 5143 3017 5186 ore
3085 5132 3336 5189 tantum
3406 5145 3525 5189 rex
3592 5122 4006 5210 designatus,
4075 5124 4292 5208 itaque
4359 5122 4634 5206 oportuit
4689 5133 4784 5215 pon

2906 5208 3116 5274 dubiis
3161 5210 3366 5295 signis
3409 5210 3706 5294 patefieri
3749 5209 3934 5276 illum
3974 5208 4181 5276 aDeo
4217 5209 4418 5276 fuisse
4463 5207 4545 5274 ad
4587 5217 4784 5289 regum
