5059 6059
899 334 1029 401 355

904 526 1272 593 Ionathano
1339 528 1693 611 plurimum
1756 539 1897 594 erat
1961 527 2327 605 devinctus,
2395 547 2599 611 quum
2666 526 2838 593 ultro

903 614 1110 697 ipsius
1164 614 1515 680 amicitiam
1582 615 2019 697 expetivisset.
2119 613 2288 679 Nam
2347 614 2401 678 si
2463 614 2603 695 ipse
2646 613 2839 678 Iona-

906 700 1183 765 thanum
1230 697 1310 766 de
1353 701 1638 766 amicitia
1679 701 1858 784 prior
1891 699 2386 783 interpellasset,
2432 710 2498 765 et
2532 700 2673 783 ipse
2717 719 2828 765 au·

845 862 850 869 ,
902 786 1176 862 unisset,
1246 807 1310 850 m
1402 787 1468 851 ni
1529 786 1823 852 beneficii
1881 787 2020 852 loco
2064 797 2203 850 erat
2262 784 2666 852 habendum:
2723 784 2837 850 sed

900 890 1105 955 quum
1169 805 1581 937 Ionaeaffianus
1645 873 1825 957 prior
1880 871 2207 937 Davidem
2268 871 2663 953 interpellat,
2728 872 2840 952 qui

902 955 1255 1022 Ionathani
1321 958 1606 1023 amicitia
1672 969 1739 1022 et
1803 957 2026 1024 favore
2091 978 2256 1040 opus
2314 955 2612 1033 habebat,
2679 976 2839 1021 sane

900 1062 1301 1127 magnopere
1344 1041 1672 1109 Davidem
1717 1043 1843 1109 sibi
1901 1043 2304 1109 devinxerat.
2391 1041 2839 1107 Nihilominus

902 1127 1128 1194 David
1190 1129 1335 1195 istis
1413 1129 1630 1196 verbis
1695 1130 1910 1213 ipsum
1975 1128 2058 1194 ad
2138 1127 2690 1214 perseverandum
2765 1127 2831 1193 in

902 1213 1192 1280 amicitia
1256 1222 1487 1298 coepta
1545 1214 1942 1281 cohortatur.
2053 1215 2225 1280 Nam
2290 1214 2434 1280 fieri
2486 1223 2701 1297 potest
2763 1226 2837 1277 ut

945 1300 1014 1363 ui
1080 1320 1229 1366 cum
1294 1301 1503 1367 altero
1567 1300 1926 1368 amicitiam
1993 1300 2325 1366 contraxit
2382 1320 2422 1364 a
2479 1319 2609 1382 qua
2673 1299 2831 1365 velit

901 1321 1254 1464 discedere,
1316 1395 1629 1470 queratur
1672 1408 1744 1452 se
1787 1386 2059 1452 alterius
2103 1387 2491 1470 importunis
2532 1384 2835 1467 precibus

903 1470 1279 1555 adductum,
1343 1482 1414 1538 et
1470 1472 1552 1537 ad
1609 1492 1754 1538 eam
1799 1472 2152 1539 amicitiam
2207 1482 2521 1538 coactum.
2612 1473 2833 1554 Atque

905 1556 1029 1623 hac
1093 1557 1344 1624 ratione
1409 1560 1732 1624 amicitiae
1797 1578 1992 1641 saepe
2050 1557 2515 1623 dissolvuntur.
2621 1559 2714 1621 At
2776 1557 2827 1622 si

901 1644 1049 1725 quis
1096 1643 1274 1726 prior
1316 1642 1595 1709 alterum
1640 1644 2086 1727 interpellavit
2128 1652 2196 1709 et
2238 1643 2337 1709 illi
2380 1665 2451 1709 se
2493 1642 2829 1727 obligavit,

900 1740 1150 1794 certum
1230 1743 1330 1795 est
1409 1730 1912 1795 inexcusabilem
1996 1749 2138 1795 csse
2211 1730 2269 1795 si
2348 1729 2569 1793 datam
2633 1727 2828 1793 fidem

900 1814 1186 1899 frangat.
1274 1814 1493 1882 David
1548 1817 1752 1899 igitur
1794 1816 2233 1880 Ionathanum
2294 1835 2409 1897 per
2451 1814 2690 1879 initum
2749 1811 2830 1877 ab

898 1900 1041 1982 ipso
1103 1900 1335 1966 foedus
1399 1900 1748 1977 obtestans,
1815 1901 1990 1966 idem
2050 1899 2209 1967 facit
2272 1921 2348 1966 ac
2407 1902 2462 1965 si
2531 1900 2831 1965 hortetur

898 1986 1113 2068 ipsum
1196 1997 1269 2052 ut
1322 2008 1449 2052 non
1508 1987 1920 2070 conquiescat
1992 1986 2196 2052 donec
2253 1988 2584 2068 inceptum
2664 2005 2830 2069 opus

898 2073 1209 2155 perficiat.
1312 2072 1489 2138 Hinc
1555 2072 1861 2138 discimus
1928 2092 2050 2137 nos
2116 2074 2171 2137 si
2235 2073 2372 2136 Deo
2436 2071 2829 2137 concedente

899 2157 1066 2223 bene
1123 2159 1432 2234 fecimus,
1502 2157 1583 2222 ad
1645 2158 2191 2240 perseverandum
2256 2158 2552 2241 obligari.
2658 2157 2825 2222 Nam

899 2244 1141 2310 multos
1207 2243 1429 2309 videas
1495 2244 1605 2327 qui
1688 2246 1744 2309 si
1810 2243 2008 2309 semel
2091 2257 2290 2325 atque
2359 2246 2595 2309 iterum
2664 2243 2828 2308 bene

898 2329 1193 2408 fecerint,
1239 2330 1449 2395 officio
1493 2331 1881 2396 satisfecisse
1924 2329 2043 2394 sibi
2106 2328 2469 2412 videantur,
2526 2338 2593 2394 et
2645 2330 2700 2393 si
2743 2326 2827 2393 ad

899 2415 1159 2497 aliquod
1217 2422 1478 2498 tempus
1533 2415 1787 2480 fortiter
1840 2436 1913 2480 se
1969 2418 2312 2499 gesserint,
2371 2413 2606 2479 deinde
2666 2415 2825 2479 resi·

897 2499 1064 2565 liant-
1130 2501 1211 2566 ab
1276 2502 1506 2577 officio,
1575 2514 1793 2566 tamen
1861 2510 2047 2565 extra
2106 2519 2367 2565 omnem
2427 2500 2690 2584 culpam
2757 2521 2826 2565 se

900 2606 1042 2651 esse
1091 2586 1215 2651 sibi
1272 2587 1722 2669 persuadeant.
1827 2585 2076 2657 Contra
2130 2606 2283 2651 vero
2338 2607 2515 2661 sane,
2582 2586 2639 2650 si
2699 2584 2825 2649 Dei

899 2670 1071 2737 dona
1114 2671 1196 2736 ad
1240 2692 1432 2737 suum
1480 2692 1667 2737 usum
1713 2672 1955 2737 referre
2000 2672 2434 2751 didicerimus,
2491 2690 2824 2754 uunquam

899 2757 1357 2823 benefaciendo
1402 2757 1923 2842 defatigabimur,
1979 2756 2092 2824 sed
2136 2780 2212 2822 eo
2258 2757 2613 2822 studiosius
2655 2756 2825 2839 quod

897 2843 1228 2926 coepimus
1303 2863 1786 2927 persequemur,
1869 2864 1950 2909 ne
2027 2845 2097 2908 in
2159 2843 2368 2910 stadio
2434 2841 2824 2908 deficiamus.

898 2932 1118 3011 Atque
1162 2929 1305 2994 istis
1350 2928 1557 2993 veluti
1598 2928 1882 2995 stimulis
1941 2951 2012 2995 se
2055 2929 2278 2994 fideles
2322 2927 2448 2992 Dei
2494 2928 2668 2993 servi
2714 2927 2823 2991 de·

896 3013 1053 3080 bent
1095 3014 1517 3080 exstimulare
1562 3015 1642 3080 ad
1686 3016 1985 3094 officium,
2044 3035 2243 3099 quum
2288 3016 2602 3080 memoria
2643 3035 2827 3096 repe-

895 3110 1045 3166 tunt
1127 3121 1293 3184 quac
1376 3102 1555 3165 Deus
1635 3120 1831 3184 opera
1903 3122 2020 3185 per
2096 3102 2272 3183 ipsos
2357 3100 2677 3177 effecerit,
2757 3110 2830 3165 ut

896 3187 1414 3270 quandoquidem
1463 3187 1642 3252 Deus
1686 3187 2086 3253 occasionem
2147 3186 2277 3252 illis
2332 3185 2512 3252 dedit
2569 3186 2828 3251 benefa-

894 3273 1127 3347 ciendi,
1185 3273 1383 3338 etiam
1445 3272 1525 3337 ad
1572 3274 1767 3338 finem
1813 3292 2018 3356 usque
2062 3281 2342 3357 pergant
2384 3271 2706 3349 alacriter,
2762 3279 2831 3335 et

895 3381 1030 3424 non
1116 3358 1242 3424 nisi
1323 3380 1393 3423 re
1474 3358 1759 3440 perfecta
1839 3359 2317 3442 conquiescant.
2427 3357 2831 3442 Hypocritae

895 3445 1158 3527 quidem
1227 3444 1629 3510 occasionem
1714 3444 2032 3525 gloriandi
2102 3444 2429 3527 accipiunt
2505 3465 2587 3507 ex
2668 3442 2830 3508 bene

894 3537 1113 3613 gestis,
1172 3532 1358 3613 quasi
1415 3530 1540 3595 sibi
1587 3530 1802 3595 Deum
1860 3529 1991 3595 illis
2035 3531 2466 3607 devinxerint,
2526 3541 2592 3595 et
2634 3528 2828 3594 liber-

894 3627 1096 3681 tatem
1174 3614 1490 3698 quidlibet
1531 3637 1684 3697 ·pro
1764 3616 2032 3682 arbitrio
2111 3615 2402 3699 gerendi,
2481 3616 2667 3698 quasi
2746 3615 2826 3679 ab

898 3700 1201 3765 omnibus
1247 3700 1497 3785 legibus
1541 3705 1675 3767 sint
1718 3702 2062 3781 immunes,
2108 3711 2176 3767 et
2218 3702 2339 3768 sibi
2384 3722 2504 3767 sua
2550 3700 2826 3766 liberali·

896 3795 1034 3852 tate
1092 3797 1159 3852 et
1203 3787 1453 3852 fortiter
1511 3788 1698 3853 factis
1754 3808 1979 3854 omnes
2037 3786 2474 3853 devinxerint.
2564 3786 2828 3851 Fideles

894 3882 1124 3938 contra
1189 3871 1314 3936 Dei
1396 3875 1568 3937 servi
1646 3895 1773 3957 quo
1850 3874 2206 3940 maioribus
2282 3873 2470 3939 factis
2537 3871 2827 3956 insignes

889 3958 1154 4034 fuerint,
1223 3978 1297 4021 eo
1338 3958 1696 4025 modestius
1732 3958 1811 4024 de
1844 3980 1916 4026 se
1959 3960 2314 4025 sentientes
2374 3960 2513 4023 Deo
2550 3959 2825 4042 gloriam

894 4064 1157 4109 omnem
1200 4043 1531 4126 praeclare
1589 4054 1925 4129 gestorum
1973 4044 2292 4111 tribuent:
2350 4058 2420 4109 et
2462 4066 2605 4109 sese
2650 4045 2825 4127 ipsos

893 4130 1265 4197 incitabunt
1317 4150 1402 4195 ne
1448 4130 1569 4195 Dei
1616 4150 1782 4214 opus
1825 4130 2154 4214 sepultum
2211 4132 2419 4197 iaceat
2475 4141 2544 4195 et
2589 4130 2827 4212 imper·

893 4216 1137 4282 fectum
1207 4236 1324 4281 sua
1388 4215 1857 4300 ingratitudine
1941 4217 2377 4300 relinquatur:
2448 4215 2605 4280 Inde
2671 4236 2825 4299 ergo

896 4304 1212 4368 maiorem
1254 4301 1335 4365 ad
1377 4323 1519 4367 sese
1563 4303 1820 4367 fortiter
1862 4302 2223 4384 gerendum
2269 4303 2673 4367 occasionem
2719 4321 2823 4367 ac-

896 4390 1158 4472 cipient,
1205 4407 1330 4470 quo
1374 4388 1731 4453 maioribus
1774 4407 1814 4451 a
1857 4388 2000 4454 Deo
2046 4388 2375 4455 beneficiis
2419 4387 2638 4453 affecti
2685 4388 2821 4452 fue·

895 4475 1048 4555 rint,
1095 4486 1160 4538 et
1205 4472 1285 4538 ad
1331 4494 1435 4539 res
1480 4474 1757 4538 maiores
1802 4473 2120 4557 gerendas
2163 4473 2459 4551 adhibiti,
2503 4483 2570 4537 et
2615 4474 2824 4556 magis

895 4581 972 4626 ac
1013 4561 1222 4640 magis
1282 4560 1628 4625 fervebunt
1689 4572 1912 4645 sancto
1970 4559 2288 4625 desiderio
2348 4559 2428 4623 ad
2474 4557 2603 4623 Dei
2662 4579 2824 4642 opus

895 4646 1433 4728 promovendum,
1485 4657 1558 4710 ut
1616 4644 1945 4710 nullorum
2006 4646 2441 4729 periculorum
2500 4656 2683 4709 metu
2743 4642 2823 4709 ab

891 4733 1154 4815 incepta
1238 4732 1711 4809 deterreantur,
1813 4731 1983 4813 quod
2057 4731 2178 4795 Dei
2258 4731 2506 4815 gloriae
2593 4751 2823 4813 propa·

897 4819 1149 4903 gandae
1192 4816 1410 4881 studio
1453 4818 1742 4882 ardeant.
1830 4818 2039 4882 Porro
2096 4838 2293 4899 quum
2339 4838 2409 4884 se
2455 4817 2671 4881 David
2718 4816 2824 4880 Io·

897 4902 1169 4969 nathani
1240 4903 1552 4968 famulum
1622 4902 1798 4979 dicit,
1866 4924 1948 4967 ne
2005 4903 2377 4968 simulatam
2436 4902 2822 4967 modestiam

896 4988 1309 5054 arbitremur.
1398 4988 1569 5053 Nam
1614 4988 1729 5053 ille
1766 4988 2029 5072 quidem
2085 5009 2205 5055 rex
2258 5002 2399 5055 erat
2442 4988 2827 5071 designatus

897 5087 968 5140 et
1002 5073 1331 5140 Samuelis
1353 5076 1718 5140 ministerio
1744 5084 1977 5141 unctus
2000 5082 2070 5138 et
2091 5075 2561 5161 inauguratus:
2594 5094 2822 5140 verum

895 5172 1118 5227 tamen
1161 5170 1423 5243 tempus
1468 5161 1759 5226 nondum
1801 5160 2158 5226 advenerat
2191 5183 2317 5246 quo
2359 5163 2427 5227 in
2473 5160 2820 5243 possessio·

894 5267 1047 5312 nem
1088 5246 1276 5330 regui
1312 5248 1695 5325 mitteretur,
1741 5255 1809 5312 et
1850 5246 2087 5313 idcirco
2131 5269 2203 5315 se
2245 5249 2419 5313 intra
2461 5246 2821 5328 praesentis

2497 334 2912 406 HommA
2952 337 3280 407 LXXIV.
4678 344 4763 409 3⁵6

2940 524 3332 594 conditionis
3390 529 3706 593 terminos
3763 528 4083 604 continet,
4152 526 4324 611 quod
4381 528 4650 613 singulari
4693 534 4768 600 ob-

2940 614 3312 679 servatione
3369 612 3643 697 dignum
3688 622 3807 680 est.
3895 612 4082 679 Idem
4139 614 4210 678 in
4265 612 4494 679 Iwobo
4542 626 4625 681 est
4672 639 4770 686 cnu-

2939 699 3260 782 spicuum,
3316 700 3425 766 oui
3469 699 3990 784 primogenitura
4034 699 4187 765 data
4230 700 4459 777 fuerat,
4512 714 4571 765 et
4604 703 4767 771 nihilo-

2930 784 3162 851 ·minus
3225 804 3297 851 se
3361 794 3674 868 tanquam
3731 785 4049 851 famulum
4115 803 4334 851 coram
4387 785 4582 852 Bsavo
4630 788 4771 856 fratre

2941 870 3132 955 gerit.
3219 870 3320 937 Ac
3384 890 3542 937 sane
3596 870 3724 936 nisi
3775 871 4157 937 firmissima
4209 868 4343 937 fide
4397 869 4627 938 divinas
4674 895 4770 957 pro-

2941 956 3283 1022 missiones
3335 956 3737 1036 retinuisset,
3795 976 3930 1021 non
3989 966 4125 1022 tam
4184 956 4483 1023 alacriter
4532 966 4614 1023 tot
4656 965 4770 1044 peri·

2939 1042 3107 1108 culis
3148 1041 3357 1108 vitam
3402 1042 3761 1109 obiecisset.
3842 1042 4196 1108 Pateruam
4236 1044 4413 1107 euim
4456 1044 4677 1110 domum
4708 1068 4772 1112 rs-

2939 1126 3240 1210 linquere
3293 1128 3546 1206 maluit,
3606 1148 3720 1210 spe
3774 1127 3953 1193 illius
3996 1137 4211 1194 terrae
4252 1127 4621 1210 benedictae,
4662 1150 4772 1214 quse

2937 1214 3062 1296 ipsi
3107 1213 3177 1277 in
3223 1213 3690 1278 haereditatem
3735 1225 3875 1278 erat
3918 1234 4199 1298 cessura,
4243 1233 4439 1296 quam
4476 1214 4774 1300 primogeni-

2938 1308 3125 1364 turae
3183 1300 3285 1365 ius
3342 1298 3529 1364 alteri
3584 1299 3832 1365 cedere.
3936 1299 4121 1381 Quas
4162 1319 4318 1366 vero
4380 1300 4647 1366 miserias
4678 1324 4774 1384 por·

2937 1383 3110 1464 tulit,
3168 1398 3328 1468 quot
3369 1386 3843 1464 afflictionibus,
3899 1395 4061 1468 quot
4119 1385 4487 1451 durissimis
4524 1385 4776 1453 calamita·

2939 1470 3115 1536 tibus
3179 1472 3505 1536 exercitus
3566 1470 3713 1537 est?
3795 1471 4240 1536 Nihilominus
4307 1484 4522 1536 tamen
4578 1471 4776 1538 fratrem
4896 1550 4897 1553 Ἴ

2933 1556 3229 1622 Esavum
3301 1556 3701 1639 compellans
3757 1556 3882 1621 ait:
3951 1558 4122 1623 Ecce
4178 1568 4363 1622 tuum
4432 1577 4693 1624 servum:
4736 1572 4779 1623 st

2931 1641 3217 1707 famulos
3250 1663 3403 1708 suos
3443 1644 3867 1725 praemittens
3901 1642 3984 1707 ad
4017 1642 4317 1707 Esavum
4351 1643 4447 1708 sic
4484 1644 4779 1726 alloquitur:

2932 1725 3036 1792 Ite
3094 1726 3176 1793 ad
3235 1727 3567 1793 dominum
3629 1748 3867 1794 meum.
3969 1727 4165 1795 Unde
4206 1729 4354 1809 ista,
4411 1749 4647 1812 quaeso,
4690 1750 4781 1794 mu·

2932 1812 3139 1878 tatio?
3199 1813 3665 1880 Ducebaturue
3708 1814 3925 1896 aliqua
3958 1814 4362 1898 poenitentia
4397 1814 4783 1881 benedictionis

2931 1898 3278 1981 acceptae?
3357 1903 3464 1964 An
3532 1899 3822 1965 divinam
3883 1900 4377 1983 promissionem
4435 1900 4779 1985 repudiabat?

2930 1985 3208 2049 Minime
3263 1985 3592 2069 gentium:
3651 1987 3765 2051 sed
3823 1985 4071 2051 sciebat
4125 2006 4196 2051 se
4252 2007 4386 2051 non
4443 2008 4619 2070 posse
4666 1986 4783 2070 quod

2932 2069 3015 2134 ad
3060 2081 3398 2136 externam
3443 2071 3725 2154 speciem
3768 2072 4019 2161 venire⁸
4054 2072 4123 2136 in
4168 2073 4624 2154 possessionem
4661 2073 4783 2136 illius

2930 2157 3492 2241 primogeniturae
3551 2177 3716 2239 quae
3759 2156 3973 2222 adhuc
4017 2165 4324 2240 tanquam
4373 2158 4679 2224 terrestris
4711 2179 4786 2241 ps·

2930 2241 3188 2307 radisus
3231 2242 3497 2322 latebat,
3554 2253 3622 2308 et
3662 2243 3852 2308 cuius
3893 2243 4219 2309 fruitionis
4266 2254 4523 2329 tempus
4564 2244 4785 2310 nondum

2930 2326 3302 2394 advenerat.
3392 2326 3532 2393 Sua
3572 2328 3778 2412 igitur
3833 2348 3947 2411 spe
3991 2337 4355 2409 contentus,
4416 2331 4598 2398 cuius
4632 2349 4690 2396 se
4720 2330 4788 2393 iu-

2929 2413 3202 2498 dignum
3243 2415 3502 2494 fatetur,
3544 2432 3762 2479 coram
3799 2414 4174 2480 hominibus
4208 2418 4509 2499 agnoscit
4540 2437 4604 2481 se
4632 2416 4791 2481 Eum

2929 2498 3133 2563 fratre
3172 2499 3368 2584 longe
3410 2499 3802 2565 inferiorem.
3883 2499 3997 2567 Sic
4038 2502 4235 2565 etiam
4278 2500 4404 2569 hoc
4450 2501 4580 2568 loco
4610 2499 4791 2578 David,

2930 2585 3039 2667 qui
3103 2585 3257 2650 licet
3321 2606 3361 2649 a
3418 2584 3562 2650 Deo
3628 2607 3747 2650 rex
3809 2586 4044 2652 fuisset
4107 2585 4508 2671 designatus,
4569 2586 4790 2652 noudum

2930 2679 3151 2736 tamen
3216 2680 3358 2736 erat
3423 2671 3492 2735 in
3550 2671 3772 2756 regiae
3836 2670 4007 2737 sedis
4070 2674 4546 2754 possessionem
4598 2674 4790 2747 missus,

2930 2776 3145 2839 neque
3225 2755 3442 2822 adhuc
3525 2759 3771 2841 regiam
3848 2757 4262 2823 autoritatem
4330 2771 4399 2824 et
4476 2770 4793 2843 potestatem

2930 2857 3298 2925 acceperat:
3359 2842 3474 2908 sed
3531 2843 3612 2908 ad
3658 2854 3916 2925 tempus
3958 2843 4273 2909 occultam
4334 2866 4483 2913 esse
4524 2843 4792 2928 oportebat

2931 2948 3007 2994 ac
3072 2928 3278 2992 veluti
3343 2928 3685 3012 sepultam.
3785 2927 4037 2995 Idcirco
4092 2929 4315 3013 itaque
4381 2951 4456 2998 se
4512 2928 4794 2996 Ionathsni

2931 3014 3105 3097 regis
3150 3014 3271 3078 filii
3317 3014 3634 3078 famulum
3679 3014 3859 3081 dicit:
3908 3014 4061 3081 licet
4103 3035 4252 3081 eum
4293 3018 4497 3083 sciret
4530 3038 4649 3083 non
4684 3036 4795 3080 ven·

2931 3108 3154 3164 turum
3201 3100 3268 3163 in
3311 3108 3564 3182 partem
3625 3100 3829 3197 regni,
3889 3121 4100 3183 neque
4140 3102 4311 3185 patri
4374 3118 4796 3169 successurum:

2930 3185 3043 3251 sed
3103 3186 3230 3250 sibi
3289 3186 3502 3266 potius
3557 3185 4051 3263 subiiciendum,
4116 3208 4317 3270 quum
4376 3188 4447 3254 in
4508 3189 4676 3271 regni
4720 3208 4795 3268 po-

2930 3281 3231 3337 testatem
3281 3271 3583 3336 venisset.
3672 3270 3956 3354 Ideoque
3999 3271 4126 3337 Dei
4174 3275 4409 3339 bonam
4462 3275 4797 3341 voluntatem
4898 3348 4899 3353 ἵ

2930 3357 3221 3440 agnitam
3299 3355 3706 3422 Ionathanus
3786 3356 4031 3440 adorat,
4112 3368 4179 3423 et
4257 3358 4579 3426 admittit:
4649 3358 4797 3423 Davi·

2930 3443 3204 3525 demque
3269 3454 3458 3528 rogat
3538 3453 3610 3508 ut
3689 3443 3839 3508 licet
3917 3455 4106 3526 pater
4169 3447 4479 3529 ingratus
4552 3449 4635 3511 sit
4686 3462 4798 3526 erg*

2928 3529 3173 3613 ipsum,
3254 3530 3484 3611 suique
3549 3549 3947 3611 suorumque
4014 3530 4422 3597 misereatur.
4536 3530 4797 3597 Davidem

2928 3616 3145 3698 itaque
3193 3615 3486 3679 videmus
3550 3635 3679 3679 non
3725 3634 3961 3680 vocare
4024 3636 4095 3681 se
4137 3616 4498 3683 Ionathani
4542 3616 4797 3683 famulum

2924 3703 3077 3767 ficta
3121 3700 3399 3782 quadam
3444 3712 3512 3765 et
3556 3700 3849 3766 mendaci
3892 3701 4209 3768 modestia
4251 3704 4455 3781 civili,
4518 3704 4625 3769 sed
4664 3724 4720 3768 se
4750 3719 4799 3762 ro

2926 3787 3066 3869 ipsa
3112 3786 3309 3851 talem
3354 3805 3723 3869 agnoscere.
3803 3784 4052 3852 Foedus
4095 3802 4313 3855 autem
4357 3788 4625 3856 Domini
4662 3794 4797 3853 vocnt
4902 3864 4903 3875 χ

2927 3873 3277 3938 amicitiam
3323 3891 3517 3954 quam
3554 3872 3836 3936 invicem
3879 3873 4182 3939 invocato
4227 3875 4353 3942 Dei
4399 3876 4657 3941 nomine
4691 3893 4797 3937 eon·

2927 3963 3286 4023 traxerant.
3388 3956 3651 4022 Foedus
3717 3960 3935 4040 itaque
3994 3958 4289 4026 divinum
4351 3961 4458 4027 vel
4521 3958 4796 4045 promissio

2928 4054 3212 4122 vocatur,
3274 4062 3440 4125 quae
3498 4062 3646 4107 cum
3693 4045 4059 4109 iuramento
4100 4049 4455 4114 coniuncta
4496 4060 4626 4114 est:
4676 4039 4797 4126 qnod

2924 4128 3378 4196 observatione
3443 4129 3711 4212 dignum
3770 4145 3886 4195 est.
3977 4129 4147 4197 Nam
4205 4133 4261 4198 si
4330 4135 4574 4198 animis
4614 4129 4796 4195 nostris

2926 4215 3125 4281 altius
3191 4215 3350 4280 haec
3427 4214 3743 4280 insederit
3805 4216 4020 4296 opinio
4080 4216 4296 4283 Deum
4366 4217 4725 4286 advocatum
4770 4230 4798 4273 ι

2926 4301 3112 4367 nobis
3157 4299 3575 4365 iureiurando
3621 4310 3867 4379 testem,
3915 4301 4276 4383 praefuisse
4318 4305 4532 4388 pactis
4585 4314 4643 4367 et
4686 4319 4796 4363 con·

2928 4386 3173 4463 ventis,
3238 4385 3347 4453 vel
3411 4384 3616 4451 latum
3683 4407 3967 4471 unguem
4036 4411 4075 4452 a
4144 4391 4490 4477 promissis
4558 4386 4796 4455 recederfl

2927 4471 3366 4539 horrebimus:
3435 4493 3521 4537 ne
3588 4473 3729 4537 Deo
3792 4473 3985 4539 fidem
4042 4471 4263 4541 datam
4321 4477 4628 4560 &augere
4676 4470 4798 4537 vello

2928 4558 3284 4625 videamur.
3373 4556 3506 4625 Sed
3553 4558 3702 4623 inde
3747 4560 3820 4623 fit
3857 4571 3932 4624 nt
3966 4560 4343 4642 saepissime
4378 4561 4669 4627 homines
4703 4573 4797 4621 tem

2927 4644 3113 4711 facilc
3168 4665 3285 4727 per
3319 4642 3447 4709 Dei
3495 4665 3729 4709 nomen
3791 4646 4099 4725 deierent‚
4158 4646 4326 4729 quod
4376 4648 4558 4713 leves
4596 4662 4723 4711 suut
4754 4650 4797 4705 et

2928 4733 3392 4806 inconstantes,
3452 4745 3521 4793 et
3576 4730 3762 4796 facile
3821 4752 3901 4796 ex
3946 4733 4233 4815 ipsorum
4277 4736 4523 4799 animis
4562 4732 4796 4823 elabetur
4902 4770 4903 4773 =

2927 4817 3138 4881 omnis
3198 4817 3317 4880 Dei
3377 4818 3721 4881 memoria:
3777 4818 3937 4883 adeo
3994 4830 4069 4882 ut
4120 4820 4369 4885 centies
4432 4820 4622 4885 iurati
4658 4834 4795 4901 pam

2926 4903 3169 4968 faciant
3212 4902 3672 4980 iuramentum,
3732 4923 3859 4985 quo
3915 4902 4056 4969 sola
4111 4903 4343 4969 charta
4387 4906 4641 4971 videtur
4683 4918 4794 4966 oue-

2928 5000 3072 5054 rata
3115 4999 3182 5051 et
3224 4987 3712 5054 commaculata.
3800 4988 3971 5055 Nam
4018 4988 4300 5066 obsecro,
4349 4997 4502 5075 quie
4546 5009 4665 5057 non
4701 4986 4793 5049 foo-

2929 5074 3077 5138 dam
3145 5074 3321 5141 dicat
3385 5074 3700 5140 maculam
3771 5096 3970 5159 quum
4044 5076 4341 5142 veritatis
4408 5076 4789 5144 oesu‘moniun

2926 5159 3342 5226 iureiurando
3388 5160 3809 5245 praetexitur,
3851 5174 3917 5227 et
3960 5162 4225 5229 iuterim
4269 5165 4393 5229 sub
4438 5161 4552 5228 illc
4590 5158 4791 5225 {nuda

2925 5246 3324 5329 proditiones
3386 5245 3841 5313 occultantur?
3912 5245 4064 5327 Sed,
4099 5249 4264 5332 proh
4310 5247 4533 5316 dolor!
4576 5246 4786 5310 nimium
