5059 6059
749 246 882 315 275

750 437 900 536 ipsa
953 445 1205 521 patrem
1266 443 1641 520 agnoscant,
1696 435 2064 519 sobolisque
2108 442 2402 500 autorem
2447 456 2524 501 ac
2567 435 2695 500 lar-

754 524 1034 608 gitorem
1096 522 1542 622 profiteantur,
1602 543 1762 605 quos
1819 532 2004 587 tanto
2066 521 2374 605 dignatus
2430 532 2529 588 est
2575 521 2695 586 ho-

761 630 938 689 nore,
998 619 1071 672 ut
1105 609 1173 672 in
1218 619 1473 691 partem
1516 609 1817 691 propriae
1863 608 1988 673 sibi
2034 607 2154 672 soli
2201 607 2539 691 dignitatis
2584 627 2694 672 eos

758 696 1161 759 assumserit.
1267 692 1399 759 Sed
1492 695 1561 757 in
1649 697 1849 759 Anna
1935 692 2279 777 specialem
2364 692 2694 775 quandam

758 780 959 846 etiam
1020 781 1216 845 fuisse
1274 779 1594 845 rationem
1655 789 1942 862 apparet.
2031 780 2201 844 Nam
2260 779 2483 844 statim
2548 788 2697 862 post

755 866 1006 931 oblatas
1044 867 1187 931 Deo
1212 886 1436 950 preces
1474 867 1781 948 concepit,
1842 875 1917 930 ut
1940 865 2035 929 illi
2062 866 2244 929 Deus
2267 865 2407 929 eius
2430 865 2598 947 apud
2626 885 2695 929 se

755 971 982 1036 proces
1030 974 1158 1015 non
1206 951 1430 1016 irritas
1475 951 1673 1016 fuisse
1716 962 2030 1016 testatum
2076 951 2332 1033 faceret,
2376 972 2573 1033 quum
2614 972 2695 1014 ex

754 1039 939 1138 prius
997 1038 1204 1103 sterili
1263 1038 1680 1120 concepisset,
1737 1058 1812 1103 ac
1868 1037 2075 1101 filium
2121 1037 2474 1135 genuisset.
2563 1035 2697 1100 Hic

757 1123 963 1208 igitur
1022 1123 1370 1206 singularis
1429 1122 1556 1187 Dei
1613 1124 1825 1187 virtus
1871 1144 1951 1187 ex
1999 1121 2309 1204 temporis
2353 1120 2693 1186 collatione

759 1229 900 1274 sese
956 1209 1288 1292 patefacit:
1349 1209 1517 1273 Nam
1580 1210 1634 1273 si
1682 1209 1920 1274 liberos
1964 1228 2046 1272 ex
2092 1208 2341 1273 Elcana
2383 1206 2557 1273 sicut
2600 1207 2693 1271 al·

758 1305 903 1361 tera
938 1294 1325 1375 sustulisset,
1364 1315 1490 1359 non
1530 1294 1689 1359 adeo
1726 1294 1997 1359 celebris
2032 1294 2161 1358 Dei
2201 1294 2412 1376 gratia
2444 1293 2693 1357 fuisset.

758 1382 854 1446 At
892 1403 1090 1464 quum
1128 1401 1208 1444 ex
1246 1380 1474 1459 sterili,
1531 1402 1605 1446 ac
1627 1380 1896 1462 proinde
1922 1400 2253 1461 nunquam
2282 1391 2694 1462 conceptura,

758 1476 1028 1549 repente
1103 1468 1403 1549 concipit,
1494 1487 1567 1530 ac
1634 1477 1842 1530 mater
1906 1466 2202 1540 efficitur,
2271 1465 2500 1528 merito
2568 1465 2694 1528 Dei

760 1554 970 1617 virtus
1036 1553 1429 1637 agnoscitur,
1507 1551 1878 1633 donumque
1943 1551 2066 1614 Dei
2135 1571 2209 1616 ac
2276 1550 2693 1635 privilegium

765 1637 1045 1721 speciale
1090 1638 1520 1720 praedicatur,
1565 1637 1734 1720 quod
1782 1635 2204 1701 mulierculae
2249 1657 2471 1719 preces
2516 1636 2699 1701 Deus

758 1724 902 1806 ipse
938 1722 1244 1807 dignatus
1280 1723 1366 1787 sit
1402 1723 1728 1786 exaudire.
1816 1722 1994 1788 Hinc
2018 1724 2436 1804 conspicuum
2461 1743 2694 1804 quous-

765 1830 890 1893 que
952 1830 1022 1874 se
1078 1810 1258 1874 Deus
1320 1809 1387 1872 in
1449 1808 1787 1873 hominum
1848 1809 2128 1891 gratiam
2175 1807 2450 1884 deiiciat,
2495 1828 2694 1890 quum

759 1915 1006 1979 preces,
1072 1915 1233 1976 quas
1284 1915 1403 1978 pro
1449 1898 1619 1958 vitae
1664 1895 2025 1976 praesentis
2068 1892 2421 1958 commodis
2464 1893 2557 1956 illi
2602 1892 2699 1957 of-

762 1984 1001 2058 ferunt,
1061 1978 1373 2045 exaudire
1431 2001 1561 2043 non
1622 1979 2033 2063 dedignatur.
2122 1979 2281 2044 Tale
2340 1989 2437 2043 est
2497 1999 2701 2061 supra

761 2075 1197 2132 memoratum
1243 2065 1455 2131 Isaaci
1499 2065 1909 2147 exemplum:
1957 2064 2083 2129 tale
2130 2065 2328 2129 etiam
2376 2086 2457 2129 ex
2505 2085 2702 2147 oppo-

763 2153 891 2217 sito
934 2151 1172 2228 Iacobi,
1218 2151 1450 2234 quibus
1487 2151 1658 2216 istud
1698 2151 1892 2216 etiam
1929 2149 2385 2216 adiiciendum.
2477 2149 2699 2230 Quare

762 2258 967 2321 quum
1047 2238 1230 2301 Deus
1311 2235 1679 2301 istiusmodi
1746 2258 1971 2321 preces
2039 2235 2365 2316 exaudiat,
2440 2236 2701 2334 insigne

761 2324 1143 2391 clementiae
1186 2323 1447 2406 signum
1494 2332 1592 2387 est
1632 2324 1856 2405 ipsius,
1931 2321 2130 2386 veluti
2176 2342 2444 2386 manum
2489 2320 2697 2405 porri-

766 2410 978 2494 gentis
1022 2407 1229 2481 nobis,
1271 2419 1462 2490 atque
1506 2408 1905 2473 cohortantis
1949 2430 2031 2474 ne
2077 2408 2303 2473 faciem
2350 2406 2489 2472 eius
2535 2408 2700 2472 refu-

767 2496 1021 2580 giamus
1081 2497 1147 2558 in
1206 2494 1347 2558 eius
1399 2494 1612 2559 sinum
1676 2495 2060 2559 afflictiones
2104 2504 2361 2558 nostras
2406 2494 2697 2570 effusuri,

768 2590 832 2645 ct
895 2579 998 2644 vel
1059 2579 1326 2644 minima
1383 2600 1675 2664 quaeque
1736 2580 1817 2644 ad
1872 2579 2040 2645 hanc
2089 2580 2289 2644 vitam
2337 2579 2700 2644 necessaria

763 2666 1141 2750 flagitaturi.
1231 2666 1421 2730 Absit
1481 2686 1633 2730 vero
1694 2666 1910 2729 Deum
1957 2665 2164 2731 dicam
2214 2675 2395 2729 tanta
2439 2664 2704 2730 licentia

764 2749 1333 2833 interpellandum,
1379 2762 1448 2815 ut
1491 2772 1911 2852 quaecunque
1954 2750 2152 2816 libido
2196 2752 2474 2817 suaserit
2509 2751 2591 2816 ab
2627 2770 2701 2815 eo

764 2837 1189 2923 postulemus.
1280 2836 1448 2901 Nam
1517 2839 1583 2900 in
1654 2837 1878 2919 primis
1944 2836 2169 2901 divina
2235 2837 2540 2901 voluntas
2605 2843 2706 2901 est

766 2922 1084 2989 intuenda
1151 2921 1231 2986 ad
1276 2943 1469 3005 quam
1517 2934 1670 2987 vota
1725 2934 1947 2988 nostra
1998 2932 2505 3005 componantur,
2574 2942 2701 3005 qua

766 3030 872 3074 res
922 3007 1407 3085 abiectissimas,
1463 3019 1620 3091 puta
1674 3008 1939 3088 calceos,
2001 3008 2098 3073 vel
2143 3007 2569 3091 subligacula‚
2636 3017 2701 3072 et

767 3096 895 3161 alia
951 3094 1318 3159 istiusmodi
1382 3103 1599 3177 petere
1653 3116 1783 3159 non
1825 3093 2315 3160 erubescamus:
2373 3115 2572 3177 quum
2622 3116 2703 3158 ne

765 3181 1244 3248 levissimarum
1303 3179 1563 3262 quidem
1608 3201 1824 3245 rerum
1871 3201 2033 3263 quas
2079 3180 2262 3245 nobis
2307 3201 2345 3244 a
2387 3200 2459 3244 se
2503 3179 2702 3263 adop·

766 3268 921 3332 tatis
977 3266 1128 3332 filiis
1186 3267 1583 3331 necessarias
1639 3288 1778 3332 esse
1826 3267 2026 3340 novit,
2085 3287 2304 3331 curam
2354 3284 2426 3330 ac
2470 3265 2705 3331 sollici-

768 3352 1059 3418 tudinem
1107 3350 1385 3417 abiiciat.
1474 3352 1563 3416 Et
1606 3351 1728 3417 hoc
1772 3372 1930 3417 sane
1974 3354 2173 3417 Anna
2218 3352 2455 3417 dicitur
2499 3371 2703 3435 agno-

769 3440 973 3517 visse;
1018 3460 1169 3503 nam
1216 3445 1561 3521 postquam
1606 3457 1852 3501 marem
1900 3440 2170 3522 peperit,
2234 3439 2373 3503 Deo
2418 3437 2701 3502 eundem

769 3537 836 3590 et
880 3523 1019 3589 eius
1062 3524 1269 3589 cultui
1313 3521 1493 3588 dedit
1535 3543 1609 3587 ac
1655 3522 1925 3588 dicavit.
1990 3522 2487 3623 Samuelemque
2535 3545 2703 3587 nun·

770 3610 1052 3691 cupavit,
1115 3607 1304 3693 quod,
1363 3609 1595 3691 inquit,
1655 3630 1806 3675 enm
1866 3631 1906 3674 a
1948 3611 2235 3674 Domino
2279 3610 2455 3692 petii,
2511 3620 2706 3691 atque

772 3694 854 3760 ad
901 3714 1077 3759 meas
1122 3695 1230 3758 ille
1274 3715 1496 3778 preces
1540 3697 1789 3760 annuit.
1878 3694 2305 3761 Observanda
2339 3715 2497 3759 vero
2536 3693 2704 3759 ratio

770 3780 888 3845 illa
942 3780 1314 3845 firmissima
1356 3800 1484 3862 qua
1527 3782 1781 3857 nititur,
1843 3802 2043 3864 quum
2091 3802 2163 3845 se
2208 3791 2281 3845 ut
2325 3783 2707 3863 impetraret

772 3867 981 3932 filium
1029 3866 1242 3930 Deum
1289 3867 1624 3964 invocasse
1670 3832 1843 3932 dio'it.
1935 3867 2103 3931 Nam
2149 3868 2240 3930 ita
2276 3867 2474 3931 fidem
2519 3887 2705 3931 suam

770 3952 985 4034 magis
1051 3972 1127 4016 ac
1190 3950 1399 4034 magis
1469 3952 1825 4022 confirmat.
1894 3952 2014 4018 sibi
2075 3951 2287 4018 Deum
2347 3973 2707 4036 agnoscens

774 4035 1186 4102 benedixisse
1223 4057 1347 4101 non
1389 4048 1640 4101 tantum
1678 4038 2012 4122 largiendo
2049 4038 2173 4103 sibi
2208 4039 2705 4104 foecunditatem

774 4143 852 4188 ex
903 4124 1228 4187 humanae
1272 4122 1756 4189 consuetudinis
1800 4145 1996 4202 more,
2042 4124 2153 4189 sed
2191 4124 2710 4189 extraordinaria

773 4208 1051 4293 quadam
1113 4209 1397 4273 ratione:
1458 4211 1639 4290 quasi
1695 4210 1875 4274 Deus
1935 4220 2284 4275 testaretur
2327 4210 2544 4293 palam
2589 4209 2711 4275 hoc

776 4294 1128 4371 miracu10,
1202 4294 1377 4359 coelo
1451 4296 1667 4377 potius
1724 4295 2062 4379 delapsum
2134 4296 2319 4361 illum
2386 4295 2706 4360 infantem

775 4403 970 4464 quam
1028 4380 1359 4446 ordinaria
1415 4380 1665 4446 ratione
1724 4393 1972 4446 natum.
2074 4382 2308 4465 Itaque
2367 4382 2528 4447 haec
2587 4381 2711 4446 fuit

779 4472 1014 4532 Annae
1057 4485 1277 4531 mens:
1323 4487 1476 4531 narn
1522 4469 1645 4532 etsi
1692 4489 1773 4532 ex
1820 4489 2017 4551 supra
2062 4467 2272 4542 dictis,
2313 4469 2547 4551 quibus
2593 4487 2708 4531 au-

779 4553 1062 4618 divimus
1105 4553 1286 4617 illam
1334 4551 1703 4634 postulandi
1748 4552 1943 4617 finem
1992 4575 2118 4619 non
2179 4555 2439 4632 fecisse,
2500 4553 2713 4618 videri

779 4639 983 4723 possit
1028 4640 1107 4703 de
1144 4637 1561 4704 exauditione
1603 4641 1850 4704 incerta
1893 4639 2112 4717 fuisse,
2160 4652 2377 4704 tamen
2426 4661 2556 4705 non
2596 4637 2713 4702 du-

778 4725 957 4790 bium
1006 4737 1107 4790 est
1150 4725 1306 4807 quin
1354 4724 1545 4808 plena
1588 4725 1793 4790 bonae
1829 4726 1966 4807 spei
2012 4726 2205 4790 fuerit
2242 4747 2316 4790 ac
2351 4725 2711 4792 secundum

777 4810 974 4875 fidem
1019 4810 1329 4875 exaudita
1373 4812 1477 4876 sit.
1566 4810 1794 4893 Neque
1854 4831 2007 4876 vero
2068 4823 2411 4895 propterea
2456 4823 2712 4876 tantum

778 4898 966 4960 nobis
1009 4896 1554 4979 permittendum,
1613 4909 1690 4961 ut
1733 4896 2042 4980 quidquid
2090 4898 2154 4962 in
2203 4899 2469 4964 buccam
2517 4917 2711 4962 vene·

780 4983 899 5057 rit
950 5004 990 5048 a
1030 4984 1173 5048 Deo
1215 4993 1547 5067 petamus,
1604 4994 1942 5065 sperantes
2001 5004 2120 5049 nos
2164 4984 2547 5049 exauditum
2592 4983 2712 5047 iri:

780 5067 891 5132 sed
938 5067 1090 5134 hinc
1134 5068 1509 5137 discendum
1557 5070 1788 5153 potius,
1831 5070 1954 5135 etsi
1999 5091 2035 5134 a
2076 5071 2215 5136 Deo
2252 5091 2369 5135 nos
2417 5069 2712 5135 exaudiri

776 5152 1151 5234 credamus,
1214 5172 1431 5222 tamen
1479 5160 1543 5221 in
1592 5155 1915 5240 precando
1975 5156 2268 5223 assiduos
2329 5178 2468 5224 esse
2524 5176 2711 5241 opor·

1218 5267 1271 5308 ³1

2453 242 2869 311 HOMILIA
2911 241 3035 309 IV.

4578 234 4687 300 276

2799 439 2977 512 tere,
3037 441 3104 498 et
3163 431 3244 498 ab
3298 432 3439 514 ipso
3494 429 3922 515 quodcunque
3966 429 4406 530 necessarium
4450 430 4568 494 erit
4605 450 4697 492 ex-

2799 484 3112 602 spect’are.
3200 518 3491 584 Multum
3559 515 3825 600 quidem
3890 524 3991 581 est
4057 517 4224 582 scire
4289 536 4364 583 ac
4430 515 4695 617 profiteri

2799 604 2927 669 Dei
2970 604 3189 670 oculos
3230 604 3389 670 ferri
3434 604 3503 667 in
3548 624 3658 669 eos
3701 623 3927 667 omnes
3987 602 4098 686 qui
4154 602 4370 686 ipsum
4436 604 4504 667 in
4547 601 4697 666 veri-

2798 700 2933 755 tate
2976 691 3305 768 invocant,
3352 711 3579 755 verum
3623 698 3703 753 ut
3744 688 3986 772 singuli
4030 686 4256 754 fideles
4298 710 4440 754 sese
4474 687 4699 752 discant

2798 797 3016 842 coram
3060 777 3202 860 ipso
3247 775 3559 857 abiicere,
3616 789 3682 839 et
3740 774 3865 841 hoc
3920 774 4307 840 sacrificium
4355 774 4562 839 sciant
4598 773 4701 855 ipsi

2800 863 2912 928 uni
2949 861 3095 928 Deo
3140 861 3378 939 deberi,
3426 862 3550 928 hoc
3596 860 3982 928 nominatim
4029 860 4110 926 ab
4152 860 4317 945 ipsis
4361 860 4701 960 requiritur,

2799 956 2873 1013 ut
2928 950 2984 1013 si
3030 948 3247 1013 Deum
3292 948 3666 1033 proximum
3725 948 3803 1012 ad
3873 968 4026 1012 suos
4083 947 4151 1011 in
4210 946 4405 1012 rebus
4465 946 4702 1012 incertis

2796 1032 3117 1101 invandos
3153 1034 3436 1118 experiri
3475 1033 3723 1114 volunt,
3761 1031 4058 1115 precibus
4080 1032 4265 1097 illum
4289 1031 4699 1115 interpellent,

2796 1131 2864 1185 et
2923 1119 3099 1184 velut
3156 1121 3357 1187 oculis
3415 1141 3599 1185 suam
3660 1128 4014 1218 egestatem
4077 1127 4145 1182 et
4198 1119 4483 1201 inopiam
4528 1118 4702 1183 subii·

2796 1207 2991 1271 ciant.
3080 1206 3356 1271 Minime
3421 1205 3676 1289 quidem
3724 1204 3907 1289 quasi
3955 1225 4171 1269 rerum
4219 1213 4584 1270 nostrarum
4623 1206 4706 1288 ig-

2796 1312 2957 1356 naro
3012 1301 3078 1356 et
3135 1294 3366 1372 nescio,
3426 1292 3537 1356 sed
3598 1299 3673 1355 ut
3727 1298 3949 1375 aperte
4009 1291 4431 1373 profiteamur
4489 1312 4599 1355 nos
4638 1290 4704 1354 ab

2798 1379 2939 1442 eius
2996 1378 3191 1443 unius
3247 1376 3535 1442 bonitate
3574 1377 3876 1461 pendere,
3940 1375 4081 1441 sine
4127 1397 4252 1459 qua
4296 1377 4584 1441 futurum
4623 1386 4706 1441 est

2797 1474 2872 1529 ut
2935 1465 3227 1528 omnium
3293 1465 3480 1548 egeni
3548 1462 3909 1528 iaceamus·
3990 1472 4184 1545 atque
4245 1462 4443 1527 etiam
4511 1482 4588 1527 ne
4644 1469 4708 1526 ut

2799 1549 3018 1616 solent
3076 1551 3326 1632 profani
3386 1549 3714 1629 homines,
3780 1570 3928 1613 eum
3987 1549 4395 1614 invocemus.
4501 1547 4709 1631 Itaque

2799 1636 3063 1700 Annam
3120 1634 3315 1700 simul
3376 1633 3489 1699 illa
3547 1634 3673 1699 duo
3716 1633 4115 1717 coniungere
4159 1655 4382 1717 preces
4428 1645 4495 1698 et
4535 1654 4706 1698 exau·

2801 1722 3114 1786 ditionem
3177 1721 3489 1799 videmus,
3547 1742 3743 1802 quum
3806 1721 3917 1800 ait,
3989 1720 4175 1784 Deus
4233 1718 4567 1785 exaudivit
4605 1741 4708 1801 me,

2801 1828 2955 1872 nam
3037 1828 3160 1891 ego
3235 1806 3425 1871 illum
3494 1806 3814 1872 invocavi.
3925 1805 4259 1872 Potuisset
4322 1826 4484 1871 sane
4552 1806 4708 1871 Deus

2801 1896 2996 1958 etiam
3061 1893 3160 1958 illi
3226 1913 3357 1957 non
3429 1894 3675 1975 petenti
3735 1891 3959 1975 largiri
4016 1913 4179 1973 quae
4236 1893 4378 1957 eius
4439 1891 4712 1974 precibus

2803 1979 3013 2044 dedit·
3081 1979 3173 2044 sic
3238 1979 3413 2042 enim
3475 1977 3858 2061 plerumque
3923 1978 4088 2043 solet
4150 1998 4338 2042 suam
4399 1999 4554 2063 erga
4613 1996 4711 2042 nos

2801 2064 3314 2130 munificentiam
3362 2075 3553 2146 atque
3601 2065 3955 2129 bonitatem
4002 2063 4393 2147 patefacere,
4439 2075 4512 2127 ut
4553 2061 4715 2127 nobis

2802 2151 2996 2215 etiam
3066 2148 3220 2233 quid
3279 2149 3442 2214 utile
3498 2149 3585 2214 sit
3634 2171 3709 2215 ac
3766 2150 4200 2215 necessarium
4259 2149 4713 2233 ignorantibus,

2803 2247 3022 2300 tamen
3089 2245 3317 2318 sponte
3384 2245 3452 2300 et
3515 2234 3872 2300 liberaliter
3938 2234 4150 2313 donet,
4219 2243 4416 2319 atque
4483 2233 4714 2301 abunde

2802 2322 3267 2387 subministret.
3355 2321 3608 2386 Verum
3652 2322 3719 2386 in
3765 2321 3886 2387 hac
3921 2341 3993 2385 re
4032 2330 4328 2386 nostrum
4366 2341 4560 2386 omne
4593 2334 4708 2385 stu·

2802 2407 2984 2472 dium
3028 2423 3127 2473 est
3169 2406 3636 2491 collocandum,
3681 2417 3755 2472 ut
3797 2408 4015 2472 Deum
4061 2404 4286 2473 sedulo
4327 2408 4402 2471 in
4446 2407 4712 2491 qualibet

2801 2494 3022 2576 inopia
3075 2493 3408 2559 constituti
3466 2513 3824 2578 precemur,
3884 2515 4010 2577 quo
4067 2513 4196 2557 non
4256 2492 4482 2559 irritas
4538 2492 4711 2559 fuisse

2806 2591 3062 2646 nostras
3132 2600 3353 2662 preces
3412 2578 3714 2663 deinceps
3773 2579 4205 2662 experiamur.
4298 2577 4523 2663 Digna
4577 2601 4712 2643 sane

2803 2667 3254 2732 observatione
3300 2663 3614 2745 doctrina,
3673 2686 3801 2748 qua
3846 2665 4150 2730 nimirum
4199 2685 4330 2729 non
4381 2664 4572 2730 modo
4611 2684 4712 2729 nos

2804 2750 2884 2817 ad
2964 2753 3105 2817 Deo
3186 2752 3433 2851 gratias
3513 2772 3633 2834 pro
3706 2752 3984 2834 acceptis
4051 2751 4132 2816 ab
4195 2750 4336 2834 ipso
4412 2750 4713 2817 beneficiis

2804 2838 3112 2922 agendas,
3155 2835 3269 2903 sed
3313 2836 3508 2902 etiam
3555 2835 3633 2901 ad
3686 2856 3947 2921 precum
3995 2835 4448 2902 assiduitatem
4485 2835 4715 2903 incitari

2805 2944 2921 3006 par
2963 2934 3082 2989 est.
3171 2923 3377 2988 Porro
3420 2943 3621 3006 quum
3665 2943 3703 2987 a
3744 2921 3888 2987 Deo
3934 2943 4049 2989 nos
4093 2922 4443 2989 exauditos
4485 2923 4715 3021 scimus,

2804 3018 3086 3093 quantae
3132 3007 3622 3092 ingratitudinis
3667 3008 3762 3073 rei
3800 3009 4001 3074 futuri
4040 3028 4285 3087 sumus,
4330 3008 4465 3075 nisi
4495 3010 4716 3093 gratias

2806 3097 2902 3160 illi
2946 3095 3232 3161 studiose
3277 3093 3596 3178 agamus?
3642 3093 3852 3178 Adde,
3900 3094 4081 3159 nobis
4126 3093 4328 3158 etiam
4378 3093 4446 3159 id
4492 3116 4623 3160 esse
4660 3095 4716 3159 in

2810 3192 3143 3264 posterum
3175 3181 3609 3247 certissimum
3656 3180 4126 3258 testimonium,
4173 3200 4382 3264 quum
4421 3201 4548 3246 non
4576 3182 4717 3245 frus·

2807 3282 2911 3332 tra
2955 3267 3156 3332 fuisse
3200 3265 3416 3331 Deum
3466 3289 3505 3330 a
3541 3266 3727 3333 nobis
3786 3267 4162 3333 invocatum
4199 3287 4274 3329 re
4307 3266 4459 3349 ipsa
4494 3265 4719 3350 experti

2806 3373 3051 3431 sumus,
3125 3361 3202 3416 ut
3266 3352 3407 3416 sine
3463 3363 3640 3418 metu
3700 3352 3853 3417 freti
3911 3354 4051 3417 eius
4096 3350 4390 3417 bonitate
4435 3352 4516 3418 ad
4560 3352 4720 3418 illum

2809 3439 3171 3521 veniamus,
3242 3446 3309 3502 et
3384 3437 3894 3522 quotiescunque
3967 3437 4322 3503 necessitas
4402 3436 4718 3522 postularit

2806 3523 3279 3625 confugiamus.
3383 3523 3659 3588 Davidis
3711 3524 3871 3590 satis
3929 3534 4119 3589 notae
4177 3543 4424 3606 preces,
4482 3534 4547 3590 et
4585 3522 4718 3589 fides

2809 3633 2936 3695 qua
2993 3632 3063 3674 se
3122 3610 3192 3673 in
3252 3608 3382 3674 Dei
3427 3627 3848 3694 conspectum
3894 3619 4269 3688 venturum,
4314 3607 4602 3675 bonitate
4639 3609 4716 3692 ip·

2808 3697 2943 3763 sius
3001 3695 3264 3773 fretum,
3323 3696 3662 3780 gloriatur.
3751 3696 3842 3760 Et
3900 3716 4056 3760 sane
4116 3717 4248 3760 non
4292 3694 4424 3761 nisi
4453 3696 4719 3796 gratiam

2809 3781 3097 3847 divinam
3140 3782 3428 3865 expertis
3470 3791 3650 3864 patet
3692 3781 3771 3846 ad
3821 3782 4035 3846 Deum
4081 3781 4317 3861 aditus,
4360 3782 4549 3847 cuius
4588 3781 4718 3846 alio·

2811 3869 2966 3953 quin
3027 3877 3410 3950 conspectus
3472 3869 3704 3933 terrori
3749 3868 3966 3953 potius
4010 3889 4202 3952 quam
4249 3866 4485 3934 solatio
4522 3869 4602 3933 sit
4637 3865 4720 3931 fu-

2811 3965 3017 4020 turus.
3119 3954 3343 4035 Quum
3414 3974 3573 4018 vero
3641 3955 3825 4020 Deus
3882 3955 4286 4048 experientia
4342 3954 4499 4019 fecit
4561 3951 4719 4018 nobis

2811 4050 3118 4106 testatum
3201 4061 3424 4123 preces
3493 4049 3746 4105 nostras
3814 4062 3955 4105 esse
4007 4036 4167 4107 fidei
4231 4040 4504 4121 fructus,
4589 4048 4718 4104 tuno

2810 4126 3169 4192 maximum
3250 4127 3317 4189 in
3385 4145 3642 4190 omnem
3711 4127 3908 4190 vitam
3975 4125 4159 4192 illum
4224 4125 4586 4206 invocandi,
4654 4143 4716 4189 ao

2811 4211 3111 4296 precibus
3183 4211 3426 4276 nostris
3483 4211 3871 4276 sollicitandi
3930 4231 4078 4276 cum
4139 4234 4252 4297 spe
4310 4209 4718 4279 exauditionis

2813 4305 3274 4382 argumentum
3361 4297 3696 4363 habemus.
3787 4298 3878 4362 Et
3958 4297 4276 4363 hactenus
4341 4300 4595 4382 quidem
4651 4294 4716 4359 de

2813 4385 2935 4449 hac
2995 4384 3281 4448 nominis
3335 4382 3754 4465 impositione
3816 4382 3899 4448 ab
3962 4386 4157 4449 Anna
4201 4385 4391 4464 facta,
4449 4395 4515 4449 et
4553 4400 4716 4450 causa

2814 4470 2991 4535 illius
3038 4468 3282 4534 dictum
3329 4479 3483 4533 esto.

2987 4554 3236 4620 Multos
3318 4575 3469 4619 vero
3547 4554 3768 4621 videas
3831 4554 4197 4622 istiusmodi
4264 4557 4532 4620 nomina
4589 4549 4716 4619 filiis

2812 4643 3162 4724 imponere,
3224 4640 3335 4706 sed
3383 4642 3830 4725 incogitantes,
3886 4650 3969 4722 et,
4027 4651 4100 4705 ut
4143 4641 4312 4726 quod
4359 4663 4465 4707 res
4508 4648 4600 4705 est
4637 4635 4715 4701 di·

2815 4748 2979 4808 cam,
3038 4727 3153 4791 illa
3211 4728 3427 4827 potius
3487 4728 3921 4809 profanantes.
4008 4665 4232 4809 Quare
4291 4728 4507 4793 danda
4559 4721 4716 4790 nobis

2816 4835 3032 4897 opera,
3079 4823 3152 4879 ut
3195 4812 3247 4878 si
3293 4814 3405 4896 qui
3451 4814 3622 4878 natis
3664 4814 3787 4879 sibi
3823 4813 4045 4878 liberis
4083 4813 4448 4881 istiusmodi
4487 4810 4715 4877 nomina

2816 4899 3024 4964 velint
3082 4901 3438 4983 imponere,
3514 4900 3730 4963 Deum
3787 4908 4158 4984 precentur,
4231 4911 4305 4966 ut
4363 4898 4542 4965 liberi
4582 4895 4713 4961 olim

2815 5007 2923 5051 eos
3001 4985 3340 5050 imitentur
3405 5005 3682 5069 quorum
3748 4988 4011 5051 nomine
4076 4986 4536 5070 insigniuntur,
4607 4999 4713 5064 quo

2816 5092 2957 5138 sese
3026 5081 3195 5137 totos
3240 5071 3365 5137 Dei
3411 5071 3618 5138 cultui
3664 5078 3797 5136 toto
3844 5073 4015 5138 vitae
4060 5073 4381 5140 curriculo
4427 5068 4709 5137 dedicent.

2814 5158 3201 5225 Praeterera
3269 5159 3594 5244 supplices
3661 5180 3698 5223 a
3764 5158 3906 5224 Deo
3979 5158 4149 5227 hanc
4216 5159 4494 5245 gratiam
4556 5152 4708 5220 effla-
