5059 6059
141 288 346 355 -529

112 39 354 48 ‚—‚—.-.-

226 500 339 546 nec
389 485 608 542 tamen
669 473 989 543 occiditur
1042 485 1166 543 etc.
1267 475 1710 558 Quamobrem
1769 478 2023 560 quoties
2081 481 2152 544 in
2257 473 2653 540 malitiosum
2698 485 2765 541 et

225 583 505 632 summas
563 562 900 643 angustias
971 571 1040 627 et
1100 560 1520 629 difficultates
1580 563 2002 630 inciderimus
2065 585 2153 630 ne
2255 560 2551 641 praedito
2597 560 2819 628 nullus
2861 562 3215 628 amicitiam
3274 561 3485 627 colere

1514 288 1615 355 IN
1657 289 1715 357 I.
1757 288 1940 356 ΠΒ.
1984 283 2388 358 SAMUEL.
2433 284 2636 353 OAP.
2678 285 2904 354 XXV.

4074 285 4209 355 53⁰

2807 476 3185 560 pessimum,
3228 496 3379 542 eum
3423 496 3553 559 quo
3574 474 3872 543 barbaris
3910 476 4208 543 moribus

3542 563 3851 645 potuerit.
3942 562 4206 629 Rustici

226 669 505 732 unquam
550 648 844 713 animum
887 647 1286 729 abiiciamus,
1330 649 1445 714 sed
1481 650 1699 715 Deum
1736 649 2154 715 liberatorem
2252 645 2458 729 igitur
2521 658 2589 712 et
2653 646 2913 713 barbari
2978 646 3265 713 hominis
3329 646 3604 714 divitiae
3667 649 4047 727 recitantur,
4118 647 4204 714 ad

226 736 538 820 patienter
594 732 1095 817 praestolemur,
1153 743 1220 798 et
1276 735 1821 817 quemadmodum
1881 737 2157 819 ipsemet

226 819 543 906 pollicitus
606 829 741 899 est,
806 820 862 884 si
929 819 1164 885 deiecti
1230 820 1547 886 fuerimus
1606 818 1764 887 dum
1830 821 1970 906 ipse
2035 842 2156 887 nos

228 905 476 972 attollat
527 915 1009 989 exspectemus,
1064 914 1134 969 et
1185 905 1243 970 si
1299 906 1368 971 in
1427 927 1753 973 summam
1796 918 2156 992 egestatem

229 991 617 1071 venerimus,
664 1012 743 1055 ne
789 1001 1157 1056 metuamus
1201 1012 1319 1057 nos
1359 993 1440 1058 ab
1487 992 1598 1058 illo
1641 1014 1931 1077 unquam
1978 993 2159 1058 dere·

226 1078 444 1144 lictum
489 1076 592 1155 iri,
637 1075 828 1142 modo
860 1074 1172 1142 fiduciam
1194 1096 1454 1143 omnem
1501 1087 1792 1144 nostram
1838 1080 1908 1143 in
1951 1080 2157 1162 ipsius

228 1162 632 1249 providentia
695 1174 762 1226 et
839 1162 1133 1227 bonitate
1211 1182 1624 1245 reponamus.
1737 1165 1915 1230 Deus
1979 1164 2156 1230 enim

228 1250 382 1316 satis
447 1248 633 1314 dives
697 1257 797 1314 est
877 1256 945 1313 et
1029 1247 1318 1313 liberalis
1397 1248 1480 1315 ad
1555 1270 1679 1315 nos
1757 1250 2159 1333 quibuslibet

229 1333 714 1402 difficultatibus
735 1331 1081 1414 eruendos,
1123 1343 1192 1399 et
1211 1334 1514 1400 omnibus
1536 1337 1920 1402 necessariis
1962 1335 2159 1401 rebus

228 1419 644 1488 adiuvandos.
732 1418 880 1485 Hac
924 1419 1126 1502 igitur
1170 1420 1417 1485 ratione
1465 1419 1685 1486 David
1742 1422 1816 1486 in
1867 1442 2159 1488 summas

229 1505 637 1572 difficultates
683 1504 966 1571 incidere
1011 1505 1236 1587 potuit,
1293 1526 1486 1589 quem
1546 1527 1678 1572 non
1737 1506 1881 1573 ideo
1938 1518 2158 1573 tamen

230 1593 404 1658 Deus
446 1590 764 1657 oblivioni
809 1590 1094 1667 tradidit,
1141 1590 1477 1674 multoque
1522 1591 1741 1658 minus
1782 1614 1864 1658 ex
1888 1613 2157 1659 suorum

231 1698 494 1745 numero
538 1675 801 1755 delevit,
848 1697 1059 1759 neque
1096 1677 1590 1759 promissionem
1636 1679 1762 1761 ipsi
1795 1679 2033 1744 factam
2077 1678 2161 1744 de

228 1762 635 1847 adipiscendo
710 1781 914 1846 regno
981 1762 1122 1828 fieri
1195 1763 1403 1828 voluit
1472 1763 1764 1829 irritam:
1838 1763 2159 1848 siquidem

228 1849 404 1915 Deus
463 1860 831 1932 opportuno
889 1857 1179 1930 tempore
1233 1850 1570 1933 suppetias
1626 1849 1723 1915 illi
1782 1850 1971 1927 tulit,
2030 1849 2159 1915 etsi

231 1957 355 2002 non
396 1936 612 2017 primo
654 1954 909 2018 quoque
954 1945 1248 2015 tempore
1288 1956 1372 2000 ex
1415 1935 1715 2001 omnibus
1762 1935 2160 2002 difficultati-

230 2020 344 2086 bus
385 2019 714 2087 liberavit.
802 2019 972 2085 Nam
1018 2040 1221 2102 quum
1268 2020 1521 2086 misisse
1566 2023 1780 2104 ipsum
1825 2022 1908 2087 ad
1944 2021 2158 2087 Naba-

229 2106 350 2172 lem
394 2126 628 2172 servos
672 2103 969 2172 videmus
1009 2104 1121 2187 qui
1165 2105 1411 2187 aliquid
1455 2107 1526 2171 in
1565 2108 1804 2173 victum
1843 2118 2159 2192 peterent,

229 2213 308 2258 ex
368 2213 446 2257 eo
515 2203 785 2276 apparet
852 2190 1180 2256 Davidem
1263 2192 1328 2256 in
1409 2191 1541 2258 illis
1621 2192 1892 2259 desertis
1969 2213 2162 2276 saepe

227 2279 457 2344 famem
509 2298 770 2360 passum
817 2284 887 2342 et
929 2276 1058 2341 alia
1101 2276 1468 2343 istiusmodi
1515 2277 1946 2359 incommoda,
1987 2281 2159 2362 quod

229 2363 424 2429 veluti
467 2384 622 2430 cum
668 2363 828 2446 ipsis
888 2361 1043 2427 feris
1084 2362 1167 2427 ab
1224 2362 1565 2430 hominum
1609 2364 1956 2450 expulsum
2013 2385 2163 2430 con-

226 2450 419 2517 sortio
486 2449 695 2514 vitam
774 2468 969 2532 agere
1033 2457 1405 2531 cogeretur,
1469 2458 1536 2515 et
1601 2453 1891 2534 precario
1957 2452 2157 2516 vitam

227 2556 404 2601 suam
480 2554 883 2616 suorumque
961 2535 1151 2599 tueri.
1273 2532 1462 2615 Quae
1540 2556 1744 2619 quum
1837 2536 2160 2617 audimus,

227 2622 455 2687 samem
517 2633 583 2686 et
643 2619 822 2686 sitim
883 2617 1211 2685 discamus
1267 2621 1554 2705 perpeti,
1610 2631 1677 2687 et
1732 2642 2160 2705 quaecunque

226 2706 347 2771 alia
385 2706 580 2772 Deus
623 2704 1034 2771 incommoda
1077 2705 1342 2783 miserit,
1402 2717 1471 2772 et
1511 2707 1568 2771 si
1614 2709 1921 2773 maiorem
1968 2708 2159 2774 uber-

225 2801 420 2858 tatem
462 2801 537 2857 et
577 2791 828 2873 copiam
877 2792 1196 2857 bonorum
1241 2791 1511 2870 miserit,
1569 2791 1702 2858 illis
1757 2795 1971 2861 sobrie
2014 2805 2158 2859 uta-

225 2899 384 2942 mur.
457 2877 711 2961 Magna
733 2878 908 2942 enim
932 2878 1146 2943 virtus
1188 2887 1288 2944 est
1310 2876 1394 2942 ab
1435 2879 1615 2943 omni
1658 2879 2161 2963 intemperantia

224 2962 571 3043 abstinere,
608 2972 674 3027 et
718 2962 889 3029 bona
919 2982 1090 3044 quae
1132 2963 1386 3027 affatim
1419 2964 1600 3029 Deus
1645 2964 1925 3050 largitur
1945 2965 2162 3032 distri-

224 3048 430 3127 buere,
474 3061 548 3114 et
594 3048 714 3114 hoc
757 3069 874 3114 nos
899 3047 1143 3113 Paulus
1188 3047 1369 3113 docet
1394 3047 1752 3116 admonens
1794 3051 1864 3115 in
1888 3050 2158 3117 Domini

222 3134 434 3200 schola
497 3132 960 3217 proficiendum
979 3184 994 3209 ,
1049 3154 1169 3199 nec
1233 3133 1363 3199 Dei
1407 3135 1595 3201 bonis
1643 3137 2160 3220 intemperanter

225 3235 505 3300 utamur,
567 3240 735 3285 neve
792 3219 1259 3303 cupiditatibus
1334 3223 1575 3287 nostris
1632 3232 1700 3287 et
1763 3222 2156 3289 inordinatis

228 3305 566 3373 affectibus
608 3304 899 3370 habenas
944 3304 1421 3388 permittamus,
1463 3305 1817 3391 sedpotius
1841 3310 1909 3373 in
1932 3310 2153 3391 proxi·

227 3413 475 3457 morum
503 3391 924 3457 necessitates
954 3389 1083 3456 Dei
1118 3390 1289 3456 dona
1325 3391 1683 3459 liberaliter
1725 3394 2155 3460 insumamus.

386 3477 613 3543 Verba
676 3476 878 3560 igitur
943 3478 1150 3542 nostri
1227 3485 1576 3544 contextus
1654 3479 1897 3546 habent
1956 3481 2162 3563 fuisse

221 3563 425 3628 virum
479 3562 835 3646 quempiam
891 3562 964 3627 in
1017 3563 1354 3629 solitudine
1408 3563 1667 3630 Malaca.
1769 3565 1931 3631 Fuit
1986 3565 2159 3632 istud

226 3669 452 3716 nomen
477 3647 739 3724 deserti,
785 3647 958 3731 quod
992 3666 1126 3712 non
1145 3659 1289 3713 erat
1309 3649 1544 3715 incolis
1562 3661 1630 3715 et
1652 3650 2162 3717 habitationibus

225 3731 546 3818 frequens,
606 3753 818 3816 neque
875 3744 1093 3798 tamen
1150 3735 1417 3800 omnino
1467 3735 1711 3814 sterile,
1770 3736 1884 3802 sed
1929 3737 2157 3803 Iudaei

227 3817 481 3887 deserta
526 3829 770 3884 vocant
838 3818 984 3884 loca
1048 3839 1306 3902 pascua,
1364 3819 1436 3884 in
1500 3820 1735 3903 quibus
1792 3844 1953 3888 arva
2024 3844 2156 3887 non

228 3918 425 3986 erant,
483 3925 603 3989 per
660 3903 989 3970 desertum
1049 3905 1256 3987 igitur
1300 3905 1474 3971 istud
1537 3928 1666 3973 non
1722 3907 2157 3993 intelligimus

226 3988 433 4057 locum
478 3991 765 4074 aliquem
811 3989 1148 4056 horridum
1192 4003 1259 4055 et
1290 3992 1626 4072 incultum,
1670 3992 1783 4059 sed
1822 4013 2157 4076 pascuum,

225 4076 288 4140 in
330 4098 457 4160 quo
501 4077 559 4144 si
604 4095 737 4141 non
780 4087 973 4141 erant
1007 4077 1216 4141 multa
1258 4077 1512 4160 oppida.
1555 4078 1717 4145 satis
1760 4088 1981 4145 tamen
2023 4079 2156 4146 fre-

224 4182 425 4244 quens
480 4171 626 4227 erat
682 4161 948 4239 incolis,
1008 4162 1378 4245 pastoribus
1437 4164 1750 4230 nimirum
1807 4186 1955 4230 cum
2014 4166 2154 4231 suis

221 4247 521 4332 tuguriis,
561 4248 629 4312 in
675 4248 914 4331 quibus
959 4257 1256 4312 armenta
1298 4257 1368 4315 et
1424 4270 1657 4333 greges
1713 4250 2154 4318 continebant.

222 4332 360 4398 Etsi
417 4342 641 4400 tamen
709 4332 1021 4416 oppidum
1099 4346 1240 4398 erat
1317 4335 1388 4399 in
1460 4334 1609 4402 istis
1672 4335 1830 4402 locis
1896 4337 2157 4405 nomine

227 4417 457 4504 Maon,
536 4427 605 4484 et
679 4419 879 4484 etiam
959 4418 1135 4484 aliud
1214 4422 1476 4486 nomine
1551 4421 1836 4488 Carmel.
1945 4422 2155 4504 Quid·

222 4504 370 4587 quid
437 4506 557 4585 sit,
638 4504 849 4571 Nabal
931 4502 1170 4572 dicitur
1248 4506 1320 4570 in
1398 4506 1596 4572 Maon
1675 4508 2003 4574 habitasse
2089 4517 2158 4575 et

224 4588 291 4654 in
333 4589 637 4657 Carmelo
693 4591 1168 4673 possessionem
1220 4590 1543 4671 habuisse,
1594 4602 1663 4658 et
1704 4603 1935 4677 quater
1978 4594 2157 4661 mille

228 4673 500 4756 pecudes
525 4725 544 4759 ,
635 4697 790 4743 oves
871 4676 1183 4742 nimirum
1289 4679 1417 4743 tria
1514 4678 1721 4745 millia
1822 4689 1892 4745 et
1974 4681 2157 4746 mille

229 4781 452 4844 capras
509 4761 854 4841 habuisse,
914 4782 1080 4844 quae
1133 4784 1292 4828 sane
1349 4764 1615 4830 fuerunt
1672 4786 1948 4850 maguae
1992 4765 2157 4833 divi-

231 4845 356 4913 tiae
418 4849 643 4915 rustici
709 4847 1017 4926 hominis,
1082 4847 1141 4914 si
1205 4850 1585 4931 praesertim
1650 4872 1875 4936 agros,
1944 4851 2156 4936 villas,

229 4949 498 5013 pascua,
537 4928 643 4999 ‘et
716 4933 1154 5018 possessiones
1218 4934 1500 5018 reliquas
1562 4935 1713 5003 istis
1776 4937 2152 5023 coniungas.

229 5018 447 5102 Atque
492 5018 702 5086 dictae
745 5019 1011 5086 Nabalia
1056 5017 1325 5085 divitiae
1383 5043 1518 5087 non
1559 5023 1640 5087 ad
1701 5020 1979 5101 laudem,
2038 5025 2156 5092 sed

230 5107 441 5185 potius
499 5105 579 5171 ad
627 5104 1021 5189 vituperium
1077 5118 1690 5189 commemorantur,
1750 5109 2153 5194 quandoqui-

159 5185 164 5252 ’,ι
229 5187 373 5255 dem
430 5190 777 5258 subiicitur
833 5191 1037 5257 fuisse
1096 5191 1427 5258 hominem
1485 5199 1833 5276 rusticum,
1889 5193 2148 5277 durum,

436 5293 655 5350 Caluini
677 5310 860 5365 opera.
907 5296 1007 5352 Vol
1018 5336 1032 5352 .
1054 5294 1251 5353 XXX.

2255 729 2462 814 ipsius
2558 733 2879 798 malitiam
2957 743 3026 799 et
3100 731 3556 798 crudelitatem
3655 734 3976 800 adversus
4064 735 4203 799 Da-

2258 816 2474 883 videm
2555 818 3099 903 amplificandam.
3220 818 3395 884 Nam
3474 820 3533 885 si
3607 820 3822 886 tenuis
3902 820 4205 886 fortunae

2258 911 2326 967 et
2381 903 2668 970 abiectae
2726 904 3118 970 conditionis
3187 905 3451 982 fuisset,
3517 927 3588 970 se
3647 905 3868 990 aliqua
3928 926 4205 972 excusa·

2259 990 2435 1056 tione
2512 990 2834 1074 potuisset
2917 992 3095 1076 apud
3168 991 3385 1073 ipsum
3464 991 3654 1057 tueri.
3794 992 3885 1057 Et
3957 990 4204 1057 Davidi

2262 1077 2507 1142 victum
2567 1076 2818 1160 petenti
2871 1075 3345 1160 respondisset,
3399 1097 3469 1142 se
3528 1097 3662 1142 non
3723 1076 3969 1143 habere
4026 1075 4203 1143 uude

2258 1161 2587 1229 sexcentis
2661 1161 2819 1228 viris
2889 1162 3107 1227 cibum
3168 1161 3645 1245 suppeditaret:
3717 1183 3914 1247 seque
3979 1163 4207 1247 inopia

2259 1266 2379 1312 sua
2415 1259 2480 1312 et
2524 1249 2708 1313 tenui
2751 1245 3122 1315 conditione
3177 1258 3434 1313 tutatus
3487 1248 3736 1328 fuisset,
3795 1268 3960 1333 quae
4020 1269 4204 1333 pere-

2259 1335 2450 1418 grino
2493 1332 2696 1400 alicui
2741 1333 3055 1398 viaticum
3100 1332 3367 1416 quidem
3412 1333 3841 1412 ministraret,
3905 1332 4021 1401 sed
4064 1356 4202 1400 non

2260 1430 2718 1485 sexcentorum
2788 1417 3130 1484 hominum
3202 1418 3541 1486 exercitui.
3656 1419 3909 1486 Verum
3999 1440 4200 1504 quum

2260 1504 2492 1588 opibus
2536 1503 2921 1586 abundaret,-
2976 1516 3043 1570 et
3086 1504 3289 1570 tantis
3334 1505 3581 1571 divitiis
3623 1506 3956 1590 praeditus
4012 1519 4203 1587 esset,

2261 1601 2338 1655 ut
2393 1590 2538 1657 sine
2594 1610 2714 1656 suo
2766 1590 3175 1658 incommodo
3237 1592 3587 1657 munificus
3659 1611 3816 1675 erga
3873 1591 4204 1659 Davidem

2261 1696 2404 1741 esse
2447 1686 2687 1760 posset,
2751 1676 2820 1741 in
2879 1697 2956 1742 eo
2999 1676 3350 1750 crudelitas
3410 1676 3619 1759 ipsius
3678 1693 3967 1762 apparet,
4029 1678 4198 1761 quod

2261 1761 2348 1827 ali
2394 1783 2478 1827 ua
2511 1773 2698 1846 parte
2733 1761 3055 1829 bonorum
3080 1754 3395 1827 adiuvare
3418 1761 3740 1828 Davidem
3779 1763 4201 1846 recusaverit,
4310 1835 4327 1852 .

2261 1856 2330 1913 et
2460 1869 2543 1913 no
2587 1847 2669 1913 ob
2690 1868 2953 1914 causam
2998 1848 3385 1913 nominatim
3432 1848 3539 1914 hic
3563 1850 3809 1914 mentio
3851 1852 3928 1916 fit
3958 1871 4205 1934 pravae

2260 1933 2467 2016 ipsius
2520 1944 2816 2014 naturae,
2873 1946 2941 1998 et
2993 1934 3455 2000 beneficiorum
3523 1954 3691 2017 quae
3748 1956 3787 2000 a
3832 1935 4087 2002 Davide
4137 1946 4203 2002 et

2259 2019 2468 2102 ipsius
2512 2019 2853 2085 militibus·
2898 2028 3094 2084 antea
3136 2030 3509 2105 acceperat:
3565 2021 3679 2103 qui
3723 2030 4021 2105 pastores
4063 2022 4207 2089 eius

2263 2103 2450 2169 nulla
2504 2105 2804 2171 molestia
2861 2105 3170 2171 affecerat
3238 2104 3550 2189 quamdiu
3611 2106 3677 2170 in
3738 2106 3993 2173 deserto
4047 2128 4200 2175 cum

2259 2190 2421 2275 ipsis
2464 2191 2743 2268 fuerant,
2799 2190 2915 2257 sed
2973 2191 3187 2275 potius
3229 2192 3424 2256 rebus
3470 2191 3608 2256 suis
3665 2191 4074 2271 adiuverant,
4132 2207 4201 2260 et

2262 2277 2461 2341 tutati
2524 2277 2790 2343 fuerant
2814 2326 2831 2355 ,
2912 2289 2989 2342 ut
3061 2297 3192 2342 uon
3259 2277 3460 2342 fuerit
3524 2276 3765 2342 donum
3834 2280 4199 2363 gratuitum

2261 2361 2588 2446 futurum,
2644 2363 2701 2427 si
2745 2359 3068 2428 Davidem
3114 2373 3302 2447 parte
3343 2362 3563 2445 aliqua
3604 2361 3921 2429 bonorum
3982 2365 4198 2432 suble-

2263 2459 2504 2527 vasset,
2544 2447 2658 2514 sed
2705 2449 2878 2514 iusta
2918 2448 3134 2531 potius
3191 2450 3687 2531 praeteritorum
3734 2449 4197 2518 beneficiorum

2264 2534 2707 2617 compensatio
2753 2547 2821 2600 et
2862 2534 3315 2600 remuneratio.
3407 2534 3497 2599 Et
3538 2534 3779 2601 idcirco
3815 2536 4034 2602 David
4080 2557 4200 2622 per

2262 2620 2541 2685 famulos
2597 2620 2783 2685 iubet
2837 2640 2989 2685 eum
3048 2620 3383 2703 inquirere
3442 2631 3574 2684 tam
3644 2640 3727 2685 ex
3784 2623 3996 2688 servis
4063 2623 4200 2690 suis

2261 2726 2456 2787 quam
2499 2725 2588 2771 ex
2631 2705 3016 2789 pastoribus,
3075 2715 3145 2769 et
3201 2704 3348 2771 aliis
3405 2704 3583 2771 illius
3642 2706 3764 2773 loci
3821 2708 4052 2774 incolis
4111 2730 4201 2774 an

2261 2789 2540 2856 Davidis
2583 2791 2826 2857 milites
2869 2792 3044 2874 ipsos
3088 2790 3225 2856 ulla
3275 2791 3518 2855 iniuria
3573 2792 3932 2873 affecerint,
3987 2802 4056 2858 et
4111 2815 4198 2859 an

2261 2897 2393 2941 non
2461 2875 2678 2961 potius
2741 2888 2970 2945 contra
3032 2876 3333 2946 custodes
3398 2887 3842 2942 armentorum
3905 2878 4197 2946 hominis

2261 2961 2453 3028 istius
2495 2963 2755 3029 fuerint.
2843 2961 2997 3044 Qua
3040 2961 3292 3027 ratione
3337 2959 3579 3027 Davidi
3640 2963 3864 3029 multis
3921 2965 4203 3030 nomini·

2263 3047 2385 3114 bus
2428 3048 2773 3116 devinctus
2816 3061 2989 3114 erat:
3049 3069 3124 3115 ao
3166 3045 3474 3132 proinde,
3528 3057 3606 3112 ut
3647 3058 3801 3114 ante
3845 3049 4003 3134 dixi,
4048 3045 4196 3115 'non

2261 3131 2648 3200 beneficium
2715 3133 2831 3199 sed
2910 3134 3156 3200 iustum
3223 3133 3586 3217 praemium
3666 3133 3933 3200 fuisset:
4012 3145 4198 3202 tanto

2259 3219 2462 3303 igitur
2504 3221 2715 3304 magis
2769 3228 3043 3305 apparet
3098 3219 3305 3304 ipsius
3360 3217 3612 3284 malitia
3668 3230 3735 3284 et
3789 3220 4197 3306 ingratitudo

2259 3326 2389 3387 quo
2434 3305 2734 3388 pluribus
2776 3305 3022 3372 divitiis
3065 3304 3457 3371 abundavit:
3503 3325 3712 3389 neque
3754 3307 3931 3371 enim
3976 3306 4195 3375 David

2261 3388 2549 3473 quotidie
2591 3392 2962 3475 importune
3006 3391 3255 3456 victum
3315 3391 3397 3457 ab
3455 3389 3571 3456 illo
3614 3390 3918 3475 cupiebat
3974 3404 4197 3462 extor-

2260 3497 2494 3559 quere,
2573 3476 2687 3543 sed
2754 3477 3144 3544 nominatim
3222 3477 3474 3543 occasio
3559 3478 3958 3561 exprimitur
4032 3502 4202 3566 quae

2260 3561 2587 3629 Davidem
2635 3561 2718 3628 ad
2761 3583 2989 3630 servos
3031 3583 3189 3629 suos
3228 3561 3310 3627 ad
3348 3562 3567 3647 ipsum
3609 3560 3694 3628 ad
3716 3562 3960 3647 aliquid
4104 3579 4203 3635 tu-

2260 3646 2530 3713 landum
2575 3647 2875 3715 mittendi
2916 3648 3265 3733 impulerit,
3310 3667 3547 3748 nempe
3586 3647 3758 3748 quod
3793 3587 4199 3749 {Vabai'oteon-

2262 3732 2446 3800 deret
2524 3754 2682 3801 oves
2708 3785 2725 3816 ,
2803 3745 2866 3800 et
2943 3755 3257 3818 magnum
3337 3754 3718 3800 convivium
3797 3737 4196 3810 institueret.

2260 3818 2806 3904 Quandoquidem
2885 3819 3091 3900 igitur
3156 3818 3424 3884 Nabalia
3501 3839 3655 3902 opes
3732 3819 3802 3885 in
3880 3825 4197 3909 gregibus

2257 3905 3376 4058 Q³Xsstss⁸tssffl5.1ffi⁰⁸.itssz¹ztztz.
3400 3915 3658 4057 ‘'3120‘1'320
3680 3914 4195 4080 ‘32⁰¹'ssssssssss

2570 4041 2587 4071 2

2257 4075 2480 4142 David
2544 4078 3097 4161 opportunitatem
3176 4075 3498 4160 arripiens
3575 4077 3822 4161 aliquot
3898 4100 3981 4146 ex
4055 4085 4195 4152 suis

2257 4161 2577 4228 militibus
2615 4164 2794 4229 misit
2826 4164 3026 4247 quiin
3051 4171 3304 4245 partem
3340 4162 3537 4228 huius
3562 4163 3847 4229 laetitiae
3870 4166 4193 4250 venirent,

2259 4259 2328 4311 et
2382 4268 2423 4313 a
2474 4247 2730 4315 Nabale
2786 4258 3257 4315 recrearentur.
3345 4247 3553 4314 Cuius
3609 4246 4064 4317 liberalitatem
4123 4265 4194 4321 et

2259 4333 2739 4400 humanitatem
2764 4334 2982 4400 David
3026 4335 3227 4400 semel
3263 4345 3577 4418 expertus
3599 4334 3914 4400 noluisset
3950 4336 4192 4407 iterum

2257 4418 2697 4503 interpellare,
2755 4441 2841 4487 ne
2882 4421 3064 4487 abuti
3108 4420 3275 4487 velle
3320 4420 3668 4487 videretur.
3755 4419 3927 4485 Item
3986 4423 4193 4492 disca·

2258 4526 2408 4572 mus
2472 4507 2773 4591 exemplo
2838 4505 3109 4572 Nabalia
3187 4505 3272 4573 ad
3335 4506 3520 4573 cuius
3584 4503 4189 4579 condemnationem

2256 4610 2454 4674 opum
2499 4591 2854 4659 abundatia
2897 4601 3443 4658 commemoratur
3485 4603 3785 4674 oportere
3825 4599 3902 4657 ut
3945 4594 4192 4680 singuli

2258 4697 2376 4758 pro
2418 4698 2542 4743 sua
2584 4678 2893 4745 facultate
2949 4678 3222 4745 miseros
3280 4685 3348 4742 et
3401 4697 3642 4761 egenos
3700 4677 4064 4761 sublevent,
4124 4693 4193 4750 et

2259 4776 2565 4846 tanquam
2614 4765 2680 4829 in
2725 4765 2988 4848 speculo
3021 4762 3207 4830 Deus
3249 4761 3398 4829 vult
3438 4783 3558 4827 nos
3600 4764 4026 4849 contemplari
4072 4789 4190 4852 pro

2255 4849 2509 4915 ratione
2552 4849 2933 4916 facultatum
2980 4849 3291 4932 cuiusque
3345 4849 3719 4930 proximum
3779 4872 3921 4917 esse
3960 4852 4190 4919 iuvan-

2257 4934 2432 5014 dum,
2491 4955 2569 5001 ac
2611 4936 2885 5019 proinde
2927 4937 3077 5002 licet
3119 4936 3215 5000 uti
3262 4933 3587 5019 possimus
3643 4935 3728 5001 iis
3773 4936 4196 5007 facultatibus

2256 5040 2419 5103 quas
2483 5041 2524 5086 a
2579 5020 2726 5086 Deo
2791 5022 3176 5106 accepimus,
3243 5033 3308 5085 et
3373 5020 3648 5103 quisque
3713 5044 3919 5098 suum
3989 5021 4203 5089 dicere

2255 5106 2490 5173 merito
2531 5109 2736 5192 possit
2779 5109 2947 5193 quod
2974 5105 3074 5173 vel
3111 5118 3457 5190 parentum
3480 5104 3914 5194 haereditate
3945 5107 4223 5187 accepit,

2255 5191 2359 5257 vel
2404 5214 2526 5260 sua
2568 5191 2892 5260 industria
2934 5192 3284 5278 quaesivit:
3343 5212 3476 5258 non
3519 5193 3669 5261 ideo
3716 5211 3995 5295 tamen
4029 5186 4235 5248 fmu-

3753 5317 3877 5405 Q
