5059 6059
254 354 359 417 381

251 542 411 608 Sane
485 536 635 601 licet
697 533 1107 600 Ionathanus
1173 533 1474 598 videatur
1552 531 1715 597 illud
1799 530 2164 614 periculum

251 622 659 710 praevidisse,
723 628 945 685 tamen
1005 619 1171 684 dura
1226 617 1342 710 illa
1401 619 1522 682 fuit
1582 619 1885 694 tentatio,
1966 637 2166 699 quum

249 721 480 795 patrem
522 727 598 771 eo
640 704 1018 770 iracundiae
1082 717 1148 769 et
1207 703 1451 768 furoris
1513 702 1678 769 vidit
1732 703 2041 768 devenire
2096 711 2170 766 ut

249 799 520 862 lanceam
564 791 634 855 in
679 811 750 855 se
790 790 1001 855 filium
1048 787 1367 854 direxerit
1409 809 1527 854 sua
1584 809 1783 853 manu
1840 787 2168 853 trucidan-

250 883 406 958 dum,
451 878 574 943 nisi
617 876 800 941 Deus
845 876 1049 941 ictum
1106 877 1467 951 avertisset,
1528 874 2056 957 quandoquidem
2102 875 2167 937 in

248 967 450 1033 animo
503 962 710 1027 filium
757 960 1085 1026 trucidare
1131 959 1293 1026 Saul
1341 959 1640 1025 habebat.
1729 960 1905 1026 Hinc
1966 958 2169 1025 disca-

250 1073 379 1117 mus
420 1069 533 1114 nos
576 1048 635 1113 si
679 1048 841 1111 bene
886 1045 1178 1111 faciendo
1220 1048 1292 1110 in
1337 1046 1678 1111 hominum
1724 1054 2167 1125 contemptum

247 1152 306 1203 et
343 1135 554 1200 odium
603 1133 976 1199 venerimus
1021 1152 1149 1196 non
1196 1140 1495 1215 oportere
1555 1142 1772 1196 tamen
1835 1132 2169 1214 poeniten-

245 1224 326 1286 tia
371 1219 854 1286 benefactorum
910 1215 1084 1286 duci.
1173 1217 1345 1282 Nam
1406 1216 1810 1283 Ionathanus
1869 1215 2169 1298 exemplo

244 1308 416 1374 nobie
459 1313 574 1384 est,
621 1323 812 1387 quem
835 1312 1086 1369 certum
1126 1317 1224 1368 est
1247 1303 1531 1385 potuisse
1554 1304 1842 1385 graviter
1887 1321 2167 1365 commo·

245 1393 387 1471 veri,
427 1411 629 1473 quum
676 1400 927 1471 patrem
973 1387 1323 1453 adversum
1369 1409 1440 1453 se
1486 1398 1670 1453 tanto
1731 1389 1953 1452 furore
2010 1386 2167 1451 ferri

243 1477 647 1560 conspiceret,
693 1495 767 1541 ac
813 1472 1085 1555 proinde
1131 1494 1262 1537 non
1307 1473 1477 1537 nihil
1533 1475 1613 1537 ab
1673 1473 1889 1538 officio
1935 1472 2167 1537 deflec-

239 1576 381 1628 tere.
451 1558 1018 1642 Quemadmodum
1064 1579 1256 1640 saepe
1280 1558 1582 1623 videmus
1627 1578 1733 1623 eos
1779 1559 1890 1640 qui
1913 1556 2167 1641 magni·

236 1652 416 1715 ficum
463 1645 725 1729 aliquod
773 1645 1022 1709 facinus
1059 1642 1426 1725 ediderunt,
1471 1644 1526 1709 si
1573 1645 1768 1708 minis
1797 1654 2169 1708 terreantur

238 1743 342 1799 aut
380 1733 837 1797 imminentem
882 1728 1165 1812 aliquam
1212 1731 1595 1794 seditionem
1639 1740 1755 1794 aut
1788 1729 2167 1794 violentiam

240 1820 494 1884 videant
529 1819 870 1895 fluctuare,
915 1826 980 1879 et
1005 1816 1217 1881 ventis
1241 1817 1404 1891 vela,
1453 1824 1526 1880 ut
1548 1814 1754 1895 aiunt,
1777 1814 2168 1899 permittere,

238 1926 305 1970 ac
347 1905 492 1970 licet
538 1924 671 1967 non
718 1903 1062 1966 immutata
1119 1902 1206 1967 sit
1249 1902 1535 1983 ipsorum
1587 1901 1889 1967 voluntas
1936 1899 2167 1964 nihilo·

236 1990 441 2054 minus
478 1999 702 2054 tamen
741 1985 1179 2069 improborum
1202 1985 1540 2051 hominum
1576 1985 1809 2051 iramet
1876 1987 2165 2050 furorem

238 2073 525 2158 placandi
574 2075 860 2138 rationes
905 2091 1236 2153 quaerere,
1280 2085 1346 2136 et
1388 2072 1470 2136 ad
1514 2083 1775 2156 tempus
1835 2073 2167 2153 quiescere

232 2181 544 2244 suumque
591 2158 879 2225 studium
903 2156 1246 2223 occultare.
1312 2157 1499 2223 Istud
1548 2160 1817 2240 inquam
1863 2158 2160 2239 frequen·

233 2264 324 2311 ter
365 2246 751 2329 contingere
796 2252 861 2307 et
905 2241 1163 2325 quidem
1209 2245 1384 2307 inter
1438 2264 1546 2307 eos
1603 2244 1713 2326 qui
1768 2243 1836 2308 in
1883 2244 2168 2307 maximo

233 2334 469 2397 honore
535 2340 696 2396 sunt
762 2327 1087 2393 videmus:
1157 2328 1269 2393 sed
1338 2328 1746 2393 Ionathanus
1812 2328 1999 2393 nobis
2062 2328 2170 2394 hic

229 2419 486 2483 maioris
545 2414 952 2481 constantiae
1020 2426 1085 2478 et
1151 2415 1709 2497 magnanimitatis
1783 2415 2170 2497 proponitur

228 2505 596 2586 exemplum
676 2498 1084 2564 imitandum.
1190 2499 1362 2565 Nam
1439 2503 1555 2564 etsi
1615 2510 1798 2582 pater
1856 2499 2168 2565 adversus

225 2590 429 2670 ipsum
475 2598 793 2670 tanquam
839 2585 1146 2650 immanis
1192 2584 1507 2667 quaedam
1556 2584 1769 2649 bellua
1826 2595 1891 2650 et
1949 2585 2167 2652 verbis

226 2685 286 2737 et
328 2675 517 2739 factis
560 2674 867 2749 ferretur,
911 2671 1339 2736 nihilominus
1376 2683 1592 2735 tamen
1639 2670 1750 2735 ille
1793 2670 2050 2736 fortiter
2094 2672 2164 2736 in

227 2760 496 2826 Davidis
540 2756 672 2823 fide
716 2758 1091 2842 permansit,
1141 2761 1208 2818 et
1252 2757 1392 2821 eius
1436 2756 1875 2821 innocentiam
1922 2776 2042 2840 pro
2067 2757 2166 2821 vi-

224 2845 323 2909 rili
367 2854 629 2910 tutatus
673 2855 791 2908 est.
872 2841 1122 2907 Idcirco
1168 2842 1409 2906 dicitur
1451 2843 1812 2907 surrexisse
1856 2862 1895 2905 a
1939 2863 2166 2907 mensa

221 2931 284 2994 in
327 2931 427 2995 ira
471 2929 744 3012 furoris,
806 2941 872 2993 et
915 2949 1045 2992 non
1063 2920 1439 2992 ‘comedisse
1482 2928 1550 2991 in
1599 2926 1705 2992 die
1739 2926 2164 2993 calendarum

221 3016 505 3082 secunda
550 3036 788 3099 panem
841 3026 906 3078 et
943 3014 1364 3078 vehementer
1409 3013 1741 3078 tristatum
1784 3033 1924 3079 esse
1970 3035 2166 3098 super

227 3100 493 3179 Davide,
544 3121 624 3165 eo
668 3101 837 3183 quod
861 3099 1262 3165 confudisset
1306 3109 1663 3183 cumpater
1707 3101 1776 3163 in
1822 3099 2162 3164 hominum

220 3196 422 3252 coetu.
516 3187 673 3252 Non
720 3187 937 3268 itaque
981 3185 1274 3250 animum
1336 3183 1699 3268 despondit,
1759 3206 1890 3250 non
1935 3184 2080 3251 ideo
2125 3207 2164 3250 a

226 3271 495 3338 Davidis
540 3272 833 3337 amicitia
879 3272 1162 3349 recessit,
1220 3293 1348 3336 non
1408 3292 1480 3336 se
1538 3271 1754 3354 aliqua
1798 3274 2009 3354 specie
2052 3271 2163 3337 de-

216 3360 418 3425 functi
463 3358 671 3423 officii
717 3359 899 3433 texit,
946 3356 1098 3421 licet
1140 3354 1483 3421 horrendis
1539 3357 1826 3440 agitatus
1881 3356 2163 3422 difficul-

219 3445 498 3523 tatibus,
583 3443 698 3507 sed
768 3463 960 3526 quam
1026 3441 1267 3507 Davidi
1348 3442 1580 3523 fidem,
1658 3442 1971 3507 advocato
2036 3443 2163 3508 Dei

220 3532 500 3605 nomine,
551 3528 842 3607 dederat,
887 3528 1159 3593 eandem
1206 3527 1420 3592 officio
1465 3528 1617 3593 boni
1662 3529 1853 3593 amici
1898 3526 2163 3595 defunc·

217 3628 316 3679 tus
358 3616 666 3680 retinuit.

363 3701 635 3766 Idcirco
679 3701 993 3783 sequitur,
1053 3721 1251 3782 quum
1295 3719 1488 3764 mane
1533 3697 1860 3763 illuxisset
1902 3700 2164 3764 venisse

204 3785 662 3851 Ionathanum
708 3787 774 3849 in
822 3807 1051 3869 agrum
1091 3784 1504 3868 designatum
1551 3796 1615 3849 et
1642 3783 1880 3849 Davidi
1917 3785 2162 3849 indica-

206 3884 365 3949 tum,
414 3884 484 3938 et
531 3874 815 3953 sagittas
853 3871 1208 3937 iaculatum
1254 3891 1414 3946 esse,
1462 3891 1860 3955 puerumque
1896 3870 2163 3934 iussisse

209 3960 488 4041 sagittas
535 3957 845 4040 colligere
889 3967 955 4021 et
1000 3958 1308 4021 festinare
1333 3957 1639 4021 velociter
1684 3978 1817 4020 non
1854 3964 2162 4021 cunctan-

207 4056 357 4107 tem.
427 4045 661 4125 Atque
687 4043 845 4108 haec
890 4042 1017 4108 duo
1053 4043 1320 4107 fuerunt
1364 4042 1648 4124 insignia
1690 4043 1863 4106 inter
1910 4051 2161 4106 utrum-

206 4150 350 4209 que,
390 4128 850 4194 Ionatbanum
875 4140 938 4192 et
964 4128 1308 4211 Davidem,
1335 4127 1708 4207 constituta,
1735 4148 1932 4209 quum
1958 4148 2164 4211 puero

205 4214 406 4283 dixit:
453 4215 739 4279 Festina
771 4214 1093 4289 velociter,
1141 4216 1381 4297 sagitta
1416 4223 1515 4278 est
1551 4232 1741 4294 porro
1763 4212 1939 4278 ultra
1962 4225 2046 4289 te,
2080 4234 2162 4277 ne

206 4302 494 4381 steteris,
544 4300 734 4381 quasi
782 4299 1111 4364 Davidem
1157 4301 1252 4363 sic
1295 4299 1767 4380 alloqueretur:
1815 4299 1958 4365 Tibi
2004 4299 2163 4382 fuga

206 4385 694 4453 consulendum
742 4392 858 4457 est,
922 4406 1074 4449 nam
1120 4404 1239 4467 ego
1281 4404 1429 4450 cum
1490 4385 1901 4449 contumeliis
1945 4385 2159 4467 repul-

207 4492 316 4538 sus
360 4494 538 4538 sum.
613 4470 788 4537 Hinc
832 4472 1070 4536 iterum
1117 4469 1463 4551 discamus,
1489 4468 1631 4533 Deo
1674 4488 1791 4533 nos
1828 4470 2161 4553 affligente

207 4569 270 4620 et
323 4567 708 4635 exercente,
769 4577 896 4621 non
956 4556 1102 4622 ideo
1161 4557 1450 4621 animum
1509 4553 2034 4635 despondendum
2096 4565 2163 4619 et

207 4643 283 4707 ab
327 4644 559 4710 officio
609 4642 1049 4719 resiliendum,
1098 4642 1210 4707 sed
1256 4648 1635 4706 constanter
1678 4660 1796 4723 per
1839 4661 2161 4723 quaecun-

207 4749 326 4809 que
374 4727 772 4794 discrimina
816 4727 1371 4810 perseverandum
1409 4726 1614 4790 donec
1656 4725 1977 4809 integram
2023 4726 2160 4791 vic-

208 4815 443 4879 toriam
509 4814 1094 4896 reportaverimus.
1186 4814 1400 4879 Deum
1461 4811 1719 4893 quidem
1781 4814 1987 4877 fateor
2042 4832 2162 4877 nos

207 4920 392 4979 posse
433 4898 750 4964 omnibus
808 4899 1119 4964 molestiis
1175 4908 1240 4963 et
1297 4897 1785 4963 difficultatibus
1840 4917 2163 4978 exercere,

204 5004 407 5067 quum
455 4986 544 5050 ad
596 4986 804 5066 ipsius
849 4986 1095 5051 cultum
1143 5001 1489 5049 vocamur:
1536 4992 1602 5047 et
1636 4981 2159 5066 quandoquidem

205 5093 427 5137 rerum
475 5083 853 5137 creatarum
898 5070 1092 5137 corda
1126 5070 1320 5135 habet
1365 5071 1434 5132 in
1458 5089 1677 5149 manu,
1721 5078 1934 5151 posset
1980 5069 2161 5133 nobis

203 5157 374 5238 apud
437 5177 679 5223 omnes
740 5157 1017 5240 gratiam
1076 5155 1452 5230 conciliare,
1528 5155 1636 5220 sed
1699 5164 1914 5219 tamen
1975 5154 2161 5219 Deus

201 5254 459 5324 contra,
507 5264 601 5307 ne
646 5252 936 5308 nostram
980 5243 1049 5305 in
1085 5240 1208 5306 hoc
1234 5239 1480 5306 mundo
1504 5240 1867 5306 mercedem
1892 5260 2159 5322 exspec-

1560 345 1657 409 ΙΝ
1706 346 1757 409 Ι.
1806 343 1986 408 ΙιΙΒ.
2036 343 2433 410 ὃΑΜΠΕΙι.
2480 344 2679 408 GAP.
2726 342 2883 409 XX.

4082 342 4208 407 382

2274 539 2505 609 temus,
2570 552 2655 595 ne
2721 530 2903 595 inani
2970 531 3180 616 gloria
3240 532 3656 609 inebriemur,
3721 552 3804 596 ne
3868 529 4205 595 hominnm

2273 614 2571 680 laudibus
2616 618 2708 682 sic
2767 614 3157 681 deliniamur
3215 625 3289 682 ut
3330 616 3458 682 Dei
3518 615 3998 693 obliviscamur,
4058 635 4207 699 per·

2272 701 2477 765 mittit
2523 702 2823 766 homines
2888 702 3154 767 malitiis
3214 712 3280 768 et
3338 703 3687 785 iniquitate
3760 700 4071 779 laborare,
4144 711 4208 765 et

2273 807 2381 851 eos
2425 807 2589 868 quos
2637 786 2986 852 benefactis
3022 788 3359 853 cumulare
3405 810 3534 852 non
3580 787 3945 854 destitimus
3988 807 4064 852 eo
4107 787 4207 851 in-

2257 872 2693 956 'gratitudinis
2758 874 2978 937 venire
3038 882 3110 937 ut
3170 874 3408 951 oculos,
3469 884 3542 938 ut
3595 875 3690 938 ita
3734 873 3961 949 dicam,
4021 873 4208 938 nobis

2272 956 2625 1022 effodiant:
2707 959 2829 1023 hoc
2908 954 3175 1041 inquam
3251 960 3344 1024 ita
3408 957 3591 1025 Deus
3660 957 3963 1023 decrevit.
4074 957 4206 1023 Sed

2273 1043 2634 1125 quorsum?
2693 1044 2945 1126 Nempe
3003 1053 3075 1108 ut
3178 1046 3536 1123 raemonui,
3594 1065 3679 1109 ne
3733 1043 3929 1108 huius
3980 1043 4206 1108 mundi

2274 1128 2517 1193 deliciis
2565 1128 2988 1210 pelliciamur,
3047 1150 3117 1194 se
3206 1129 3352 1193 Deo
3411 1139 3641 1214 sponte
3699 1130 4083 1206 serviamus,
4144 1142 4211 1193 et

2275 1235 2611 1295 nunquam
2658 1215 2947 1280 adversis
2984 1215 3382 1291 deiiciamur,
3428 1215 3541 1280 sed
3585 1214 3691 1280 vel
3729 1216 3955 1279 invitis
3998 1216 4206 1280 omni-

2273 1300 2392 1364 bus
2441 1300 2811 1365 hominibus
2836 1299 3096 1365 fortiter
3129 1304 3195 1365 in
3235 1302 3437 1385 ipsius
3472 1300 3657 1367 cultu
3694 1320 4203 1385 perseveremus.

2271 1385 2626 1450 Praeterea
2650 1384 2835 1451 Deus
2878 1386 2972 1450 ita
2994 1385 3395 1451 demonstrat
3441 1408 3508 1451 se
3552 1387 3610 1452 si
3652 1385 3806 1469 quid
3829 1385 4205 1450 simulatum

2270 1472 2339 1535 in
2399 1471 2585 1536 nobis
2645 1471 2843 1536 fuerit
2898 1492 3123 1536 severe
3178 1473 3683 1556 castigaturum,
3739 1482 3805 1536 et
3864 1472 3919 1537 si
3980 1484 4208 1537 contra

2272 1577 2512 1641 magno
2556 1556 2773 1621 studio
2817 1556 2885 1621 in
2931 1558 3137 1641 ipsius
3186 1558 3366 1624 cultu
3415 1560 3895 1641 perrexerimus
3952 1556 4206 1623 felicem

2272 1643 2518 1709 exitum
2594 1642 2778 1708 nobis
2836 1664 3324 1722 concessurum,
3399 1645 3885 1726 quibuscunque
3945 1642 4208 1707 tandem

2272 1727 2531 1793 iniuriis
2593 1727 2809 1794 affecti
2864 1730 3095 1808 simus,
3163 1739 3227 1794 et
3301 1750 3633 1812 nunquam
3713 1749 4061 1812 passurum
4136 1742 4209 1792 ut

2271 1814 2634 1898 impunitus
2699 1815 2783 1880 sit
2863 1823 3089 1879 noster
3155 1826 3566 1897 contemptus
3585 1866 3613 1893 ,.
3682 1811 4203 1897 quandoquidem

2272 1920 2506 1965 causae
2549 1910 2814 1965 nostrae
2872 1899 3309 1965 defensionem
3372 1902 3675 1983 suscepit.
3764 1898 4204 1980 Quamobrem

2269 1987 2326 2051 si
2371 1985 2710 2050 hominum
2771 1985 2936 2050 odiis
2992 1987 3280 2051 exerceri
3336 2006 3556 2051 servos
3614 2006 3765 2051 suos
3817 1984 4001 2050 Deus
4059 2005 4206 2067 per·

2270 2071 2492 2146 mittit,
2538 2072 2607 2135 in
2652 2092 2872 2137 amore
2916 2071 3043 2135 Dei
3089 2072 3326 2137 debent
3373 2072 3854 2155 conquiescere:
3916 2070 4205 2153 quando-

2270 2156 2531 2240 quidem
2578 2155 2755 2222 solus
2796 2156 2909 2221 ille
2952 2164 3165 2238 potest
3206 2158 3379 2239 ipsos
3424 2156 3740 2223 adversus
3785 2176 4207 2240 quaecunque

2271 2242 2560 2327 pericula
2616 2242 2852 2322 tutari,
2919 2253 2985 2307 et
3040 2263 3123 2307 ex
3182 2242 3412 2308 iisdem
3479 2263 3725 2308 eruere.
3817 2244 4031 2325 Atque
4095 2241 4207 2305 ille

2272 2328 2455 2394 nobis
2501 2326 2761 2410 quidem
2807 2327 3154 2410 aliquando
3190 2328 3661 2393 relaxationem
3717 2348 3756 2392 a
3811 2329 4001 2393 malis
4057 2348 4208 2393 con-

2270 2413 2460 2492 cedit,
2507 2414 2598 2479 sic
2630 2421 2704 2477 ut
2725 2415 2897 2478 servi
2943 2414 3045 2478 sui
3091 2413 3227 2478 sint
3269 2413 3439 2497 apud
3463 2414 3762 2479 homines
3806 2414 3875 2477 in
3922 2413 4204 2477 honore:

2272 2500 2383 2567 sed
2443 2519 2576 2564 non
2636 2509 2734 2563 est
2776 2499 2891 2563 illa
2934 2497 3216 2564 conditio
3277 2499 3604 2576 diuturna,
3664 2520 3745 2564 ne
3803 2499 4203 2565 occasionem

2271 2587 2353 2651 ab
2407 2585 2521 2650 illo
2582 2584 2923 2652 recedendi
2985 2604 3406 2670 quaeramus,
3466 2584 3986 2669 quandoquidem
4047 2586 4206 2648 adeo

2270 2674 2714 2737 inconstantes
2767 2691 3023 2748 sumus,
3089 2678 3167 2736 ut
3223 2672 3329 2737 vel
3402 2672 3675 2736 minima
3733 2671 4065 2736 occasione
4127 2668 4210 2734 ab

2270 2757 2481 2823 officio
2526 2756 2988 2822 deterreamur.
3034 2756 3165 2838 Qui
3212 2778 3367 2842 ergo
3412 2758 3614 2821 vitam
3654 2776 3837 2821 suam
3886 2777 3966 2819 ex
3992 2758 4209 2820 animo

2269 2844 2414 2908 Deo
2457 2854 2809 2919 consecrat,
2855 2851 2922 2908 et
2963 2842 3036 2906 in
3082 2846 3419 2908 vocatione
3463 2853 3597 2907 tam
3655 2841 3955 2905 secundis
4013 2861 4207 2923 quam

2269 2929 2563 2995 adversis
2625 2929 2818 2994 rebus
2886 2929 3121 3012 pergit,
3182 2929 3270 3004 is,
3330 2929 3627 3010 inquam,
3700 2934 3948 2993 certum
4008 2925 4209 2990 habet

2270 3014 2718 3080 testimonium
2792 3035 2861 3079 se
2917 3013 3061 3078 Deo
3136 3035 3295 3095 pure
3374 3013 3711 3078 inservire.
3810 3012 3901 3076 Et
3968 3010 4206 3076 idcirco

2268 3101 2394 3166 Dei
2441 3101 2609 3166 filios
2645 3101 2844 3165 variis
2880 3099 3172 3164 exerceri
3213 3097 3690 3164 calamitatibus
3734 3104 3800 3161 et
3835 3096 4207 3161 tentationi-

2270 3187 2386 3253 bus
2433 3198 2707 3268 oportet,
2752 3196 2825 3251 ut
2866 3185 2999 3250 illis
3022 3182 3392 3250 excitentur
3429 3184 3506 3248 ad
3533 3204 3758 3267 preces
3780 3181 4201 3247 ardentiores.

2269 3272 2489 3354 Quare
2548 3269 2903 3350 discamus,
2963 3279 3035 3335 ut
3093 3269 3264 3350 dixi,
3330 3270 3472 3334 Deo
3544 3290 3660 3333 nos
3732 3268 3937 3335 variis
3997 3266 4206 3331 modis

2268 3357 2673 3440 explorante,
2720 3364 2789 3421 et
2831 3358 3252 3441 permittente
3295 3375 3412 3420 nos
3458 3356 3537 3420 ab
3566 3354 3937 3419 hominibus
3982 3352 4202 3432 affligi,

2266 3464 2543 3527 quorum
2591 3448 2812 3508 tamen
2859 3441 3213 3507 commodis
3271 3439 3736 3521 studuerimus,
3796 3461 3926 3504 non
3985 3452 4204 3503 tamen

2266 3529 2348 3593 ab
2392 3529 2608 3594 officio
2654 3527 3000 3603 discedere,
3061 3526 3175 3591 sed
3222 3528 3364 3592 Deo
3410 3547 3525 3591 nos
3586 3535 3651 3591 et
3717 3547 3856 3590 rem
3912 3533 4204 3589 nostram

2266 3617 2672 3682 committere
2718 3622 2784 3676 et
2826 3614 3039 3695 ipsum
3084 3614 3354 3695 precari,
3402 3621 3477 3677 ut
3524 3633 3639 3676 nos
3683 3632 3801 3695 pro
3846 3632 3966 3676 sua
4025 3610 4204 3674 boni-

2268 3708 2399 3766 tate
2424 3700 2517 3765 sic
2541 3698 2791 3777 toleret,
2839 3711 2912 3762 ut
2934 3698 3271 3781 quibusvis
3299 3697 3786 3781 impedimentis
3814 3705 3881 3761 et
3925 3695 4202 3761 difficul-

2267 3785 2510 3851 tatibus
2576 3784 2935 3850 resistendo
3015 3803 3205 3866 pares
3275 3783 3522 3858 simus,
3603 3783 3833 3866 quibus
3912 3781 4200 3865 alioquin

2267 3872 2477 3936 territi
2540 3892 2578 3937 a
2621 3871 2766 3935 Deo
2823 3869 3288 3936 recederemus.
3379 3869 3563 3934 Haec
3623 3869 3825 3953 igitur
3881 3868 4205 3933 discamus

2267 3978 2348 4021 ex
2392 3957 2781 4035 Ionatbano,
2827 3956 2950 4020 nisi
2995 3956 3301 4019 malimus
3346 3954 3537 4019 illum
3581 3956 3813 4020 ultimo
3873 3953 3976 4018 die
4036 3953 4204 4017 iudi-

2264 4062 2404 4107 cem
2449 4042 2752 4125 experiri.

2439 4127 2754 4209 Sequitur
2820 4125 3082 4191 tandem
3157 4124 3482 4190 Davidem
3544 4126 3857 4204 exivisse,
3925 4136 3988 4190 et
4057 4146 4201 4190 cum

2263 4213 2633 4277 Ionathano
2715 4211 3136 4277 vehementer
3214 4211 3508 4291 flevisse,
3588 4210 3905 4277 Davidem
3987 4220 4201 4273 autem

2266 4299 2580 4381 amplius:
2637 4306 2703 4364 et
2745 4298 2814 4361 in
2858 4316 3015 4380 pace
3061 4295 3400 4362 dimissum
3446 4319 3485 4361 a
3529 4295 3908 4362 Ionatbano.
3996 4295 4202 4359 Porro

2265 4383 2807 4468 quemadmodum
2854 4382 3103 4448 invicta
3148 4383 3272 4447 fuit
3313 4382 3665 4449 Ionathani
3710 4380 4089 4456 constantia,
4136 4391 4202 4444 et

2265 4470 2420 4535 data
2467 4469 2709 4535 Davidi
2753 4469 2931 4550 fides,
2975 4469 3058 4533 iis
3102 4469 3268 4534 fulta
3303 4467 3747 4534 fundamentis
3792 4487 3956 4548 quae
4016 4466 4201 4529 initio

2266 4556 2652 4633 audivimus,
2699 4575 2918 4619 amore
2962 4555 3268 4619 nimirum
3314 4555 3580 4621 virtutis
3626 4562 3692 4616 et
3742 4550 4198 4617 excellentium

2266 4641 2579 4706 donorum
2641 4641 2875 4723 quibus
2933 4647 3076 4705 erat
3120 4639 3341 4705 David
3398 4648 3694 4705 ornatus:
3758 4637 3854 4701 ita
3912 4638 4195 4702 vicissim

2265 4726 2592 4792 Davidem
2639 4747 2879 4810 magna
2902 4728 3262 4791 tentatione
3307 4726 3504 4789 fuisse
3548 4724 3904 4788 exercitum
3930 4723 4198 4786 minime

2265 4812 2535 4878 dubium
2579 4822 2711 4878 est:
2758 4832 2955 4894 quum
2999 4832 3068 4875 se
3115 4810 3346 4876 nullibi
3370 4820 3585 4893 tutum
3628 4807 3981 4874 israelitica
4023 4815 4200 4872 terra

2266 4898 2567 4964 exsulare
2611 4899 2752 4981 cogi
2798 4897 3015 4964 Saulis
3059 4896 3456 4963 truculentia
3480 4895 3742 4959 videret.
3810 4893 3982 4958 Nam
4021 4893 4201 4958 nulla

2266 4992 2419 5049 tunc
2464 4983 2776 5067 temporis
2821 4983 2946 5048 alia
2991 4992 3130 5046 erat
3188 4984 3259 5046 in
3318 4992 3451 5045 toto
3496 4981 3738 5044 mundo
3783 4988 3958 5044 terra
4000 4999 4195 5062 quam

2266 5070 2333 5133 in
2355 5068 2624 5146 Israele‚
2671 5070 2742 5132 in
2788 5087 2916 5152 qua
2942 5067 3066 5132 Dei
3108 5067 3324 5132 cultus
3346 5086 3549 5148 purus
3595 5074 3661 5130 et
3692 5065 3950 5149 integer
3994 5074 4193 5131 esset:

2265 5175 2394 5219 non
2440 5164 2700 5239 poterat
2744 5154 2960 5235 itaque
3016 5151 3169 5219 alibi
3217 5173 3410 5234 quam
3468 5149 3639 5235 apud
3686 5150 4060 5216 idololatras
4134 5162 4199 5216 et

2265 5240 2765 5323 capitalissimos
2809 5239 3026 5303 hostes
3070 5237 3374 5305 ecclesiae
3433 5236 3840 5302 commorari.
3911 5236 4195 5318 Quinam
