5059 6059
833 296 922 364 91
2529 289 2944 359 Romus
2984 291 3139 359 LII.
4660 297 4720 364 92

846 482 1091 561 tollere,
1137 503 1220 549 ne
1261 479 1542 565 populus
1585 481 1717 547 suis
1761 478 2016 546 viribus
2058 485 2123 545 et
2166 478 2590 546 multitudine
2630 479 2770 563 glo·-

840 569 1156 636 riaretur:
1214 575 1328 632 aut
1383 585 1569 650 reges
1619 566 1818 631 etiam
1858 584 2203 632 numeroso
2270 562 2422 631 freti
2484 566 2772 631 exercitu

844 654 1042 740 nimis
1086 654 1490 730 efferrentur,
1537 660 1604 716 et
1645 648 1853 716 multa
1887 659 2130 716 temere
2165 650 2575 718 molirentur.
2660 650 2770 715 Id-

838 741 1011 808 circo
1071 751 1203 804 tam
1267 757 1498 804 severe
1538 737 1836 820 punitam
1882 755 1921 802 a
1965 735 2108 801 Deo
2152 733 2449 802 videmus
2493 734 2771 802 Davidis

840 825 1112 892 stultam
1157 822 1518 901 audaciam,
1573 843 1773 908 quum
1945 820 2124 886 ulum
2170 821 2504 887 numerari
2547 822 2768 887 iussit:

840 908 1018 992 Quin
1090 909 1288 975 etiam
1360 908 1745 975 nominatim
1844 907 2036 972 icitur
2088 906 2383 972 diabolus
2443 905 2769 972 Davidem

837 994 1176 1079 impulisse
1217 993 1299 1060 ad
1342 992 1708 1061 faciendum
1748 1000 1976 1060 contra
2016 991 2148 1058 Dei
2190 992 2600 1058 mandatum:
2660 1013 2771 1060 va-

838 1082 1051 1148 nitate
1110 1087 1328 1148 autem
1382 1086 1448 1144 et
1501 1077 1876 1163 arrogantia
1919 1077 2118 1143 fuisse
2162 1077 2254 1143 im
2301 1077 2516 1144 ulsum
2561 1077 2769 1144 Davi-

838 1166 986 1234 dem
1032 1175 1284 1235 eertum
1326 1173 1445 1232 est.
1535 1164 1883 1231 Caeterum
1927 1162 2185 1230 licuisse
2273 1162 2500 1230 ucibus
2544 1171 2610 1229 et
2652 1163 2769 1229 im-

837 1251 1247 1337 peratoribus
1291 1271 1640 1317 numerum
1683 1249 1970 1315 militum
2011 1269 2173 1332 quos
2216 1249 2286 1314 in
2332 1249 2574 1315 bellum
2619 1248 2770 1314 edu-

839 1336 1075 1406 cebant
1118 1336 1284 1405 scire
1326 1343 1575 1404 certum
1621 1343 1753 1402 est:
1800 1332 1974 1418 quod
2015 1333 2104 1400 ali
2188 1334 2257 1400 ui
2300 1334 2601 1399 militaris
2645 1333 2770 1399 dis-

839 1423 1085 1508 ciplina
1141 1432 1207 1488 et
1255 1421 1415 1488 ordo
1457 1420 1708 1488 servari
1750 1421 2068 1504 nequiret.
2222 1440 2371 1484 uam
2417 1420 2505 1484 sit
2547 1429 2767 1484 autem

840 1530 1121 1587 necesse,
1184 1506 1292 1574 vel
1335 1505 1664 1574 invasuris
1706 1505 1946 1582 hostes,
2007 1504 2110 1571 vel
2152 1527 2223 1571 se
2267 1503 2583 1571 adversus
2624 1504 2771 1570 illos

837 1592 1221 1673 defensuris,
1281 1612 1628 1659 numerum
1682 1591 1967 1658 militum
2021 1590 2186 1658 scire
2242 1596 2315 1654 ut
2357 1589 2429 1655 in
2474 1588 2771 1654 ordinem

839 1677 1291 1764 disponantur,
1335 1677 1496 1744 satis
1539 1683 1765 1743 notum
1809 1684 1949 1744 est:
2008 1696 2084 1742 ac
2127 1674 2401 1759 proinde
2450 1675 2554 1741 vel
2600 1675 2773 1740 hanc

837 1765 923 1832 ob
989 1785 1254 1834 causam
1315 1763 1646 1830 numerari
1704 1761 2018 1847 populum
2078 1760 2163 1826 ad
2219 1759 2465 1826 bellum
2505 1770 2769 1826 euntem

835 1849 1201 1936 oportuisse
1245 1857 1534 1932 apparet.

1007 1937 1372 2020 Pergamus
1426 1933 1509 1998 ad
1555 1933 1838 2016 reliqua:
1903 1933 2200 2015 sequitur
2245 1930 2512 1998 Saulem
2557 1940 2770 1997 castra

835 2028 1152 2088 metatum
1187 2019 1393 2086 fuisse
1428 2039 1629 2103 prope
1664 2019 1964 2086 civitates
1998 2016 2542 2084 Amalecitarum:
2581 2016 2772 2081 nimi-

837 2128 989 2174 rum
1025 2114 1099 2173 ut
1133 2103 1467 2172 obsidione
1501 2105 1810 2189 cingeret,
1846 2112 1914 2170 et
1947 2103 2113 2170 nulli
2152 2102 2418 2168 daretur
2452 2099 2771 2168 evadendi

837 2191 1135 2259 facultas.
1226 2188 1444 2272 Quam
1491 2187 1689 2256 etiam
1732 2191 1812 2257 ob
1856 2208 2120 2256 causam
2165 2187 2246 2254 ad
2290 2187 2613 2268 Kenaeos,
2657 2187 2771 2271 qni

836 2278 908 2343 in
970 2276 1179 2343 medio
1237 2276 1745 2342 Amalecitarum
1803 2274 2206 2353 habitabant,
2267 2273 2539 2340 nuncios
2583 2294 2771 2356 prae-

837 2364 1126 2441 miserat,
1186 2364 1293 2445 qui
1354 2369 1697 2427 monerent
1751 2363 1846 2427 uti
1905 2361 1986 2427 ab
2044 2359 2177 2427 illis
2233 2358 2628 2438 recederent,
2686 2378 2771 2424 ne

835 2469 973 2515 nna
1027 2469 1180 2515 cum
1238 2447 1369 2514 illis
1422 2445 1824 2523 tollerentur,
1889 2453 1954 2511 et
1995 2467 2130 2512 una
2172 2445 2616 2512 internecione
2659 2466 2771 2528 pe-

838 2533 1068 2602 rirent.
1159 2534 1372 2600 Erant
1426 2539 1645 2598 autem
1703 2531 1959 2598 Kenaei
2016 2551 2057 2596 a
2099 2530 2394 2598 lithrone
2452 2553 2490 2597 e
2531 2530 2771 2597 Midia-

838 2619 998 2686 nitis
1061 2617 1356 2685 oriundi:
1422 2626 1490 2683 et
1553 2618 1782 2684 Mosen
1827 2617 1900 2684 in
1945 2616 2201 2684 deserto
2244 2617 2519 2701 sequuti,
2588 2617 2769 2682 viam

835 2711 1279 2778 monstrantes
1339 2724 1533 2788 quam
1592 2702 1955 2787 ignorabat,
2014 2713 2081 2769 et
2134 2702 2371 2771 idcirco
2429 2703 2501 2768 in
2559 2710 2773 2768 terrae

884 2790 1308 2862 ossessionem
1354 2809 1502 2856 cum
1547 2788 1866 2856 Israelitis
1899 2789 2184 2857 admissi.
2271 2789 2480 2855 Porro
2514 2793 2772 2854 constat

886 2897 1008 2943 anc
1094 2884 1359 2960 gentem
1441 2875 1640 2943 vitam
1706 2883 2037 2942 austeram
2099 2873 2398 2942 duxisse:
2481 2872 2770 2956 quando·-

835 2961 1099 3046 quidem
1157 2960 1383 3030 domos
1439 2983 1570 3026 non
1617 2960 2064 3044 aedificabant,
2123 2958 2237 3026 sed
2295 2959 2414 3025 sub
2473 2958 2772 3026 tentoriis

836 3047 1184 3115 vivebant:
1242 3067 1410 3132 quae
1464 3067 1657 3114 causa
1714 3046 1837 3112 fuit
1879 3067 1999 3113 eur
2041 3065 2178 3110 non
2219 3044 2566 3112 habuerint
2608 3046 2774 3111 fixas

831 3132 1042 3214 sedes,
1084 3133 1200 3200 sed
1242 3134 1311 3200 in
1360 3135 1553 3198 variis
1598 3132 1758 3200 locis
1800 3131 2122 3198 errarint:
2169 3140 2243 3196 ut
2280 3130 2492 3213 siquo
2525 3130 2596 3195 in
2633 3130 2772 3197 loco

834 3240 971 3286 non
1017 3228 1394 3303 suppeteret
1434 3219 1621 3300 copia
1659 3217 1892 3298 victus,
1934 3217 2002 3282 in
2040 3215 2168 3282 alia
2202 3218 2578 3300 migrarent.
2665 3214 2768 3280 Id-

831 3305 1008 3371 circo
1089 3303 1389 3370 videmus
1452 3302 1601 3370 illos
1666 3301 2029 3387 peregrinis
2095 3302 2350 3385 populis
2412 3300 2773 3384 permixtos

839 3390 1062 3457 fuisse.
1151 3389 1372 3471 Quare
1441 3388 1793 3454 verisimile
1859 3397 1959 3454 cst
2024 3387 2193 3454 hane
2250 3395 2526 3472 gentem·
2573 3406 2773 3470 quum

838 3475 1070 3542 Iudaei
1111 3476 1354 3542 crebris
1395 3474 1584 3541 bellis
1630 3483 2043 3559 urgerentur,
2084 3494 2160 3540 ac
2197 3472 2466 3556 proinde
2487 3473 2773 3539 hostium

839 3560 1121 3644 praedae
1164 3560 1458 3644 exposita
1500 3569 1689 3640 esset,
1735 3559 2073 3626 reoessisse
2117 3580 2158 3624 a
2188 3559 2450 3625 Iudaeis
2492 3569 2560 3623 et
2601 3558 2774 3624 inter

840 3643 1237 3714 Atualecitas
1314 3644 1533 3712 sedem
1615 3644 1950 3729 delegisse.
2042 3644 2206 3712 Saul
2278 3645 2541 3710 interim
2613 3643 2773 3728 ipsis

841 3730 1087 3813 parcit:
1149 3730 1320 3813 quod
1387 3753 1515 3797 non
1573 3731 1839 3816 proprio
1895 3740 2074 3795 motu
2118 3730 2344 3798 fecisse
2387 3730 2594 3808 illum,
2661 3728 2779 3795 sed

843 3814 974 3882 Dei
1016 3814 1331 3882 instinctu
1371 3815 1726 3884 verisimile
1759 3824 1891 3883 est:
1936 3817 2044 3900 qui
2080 3837 2266 3881 suam
2302 3814 2773 3900 benignitatem

846 3906 916 3967 et
957 3899 1365 3966 clementiam
1423 3923 1577 3986 erga
1619 3901 1802 3968 illum
1849 3901 2160 3986 populum
2205 3922 2505 3968 exserere
2553 3902 2774 3982 voluit,

845 3982 1216 4068 separando
1268 3987 1476 4067 ipsum
1535 3987 1618 4053 ab
1672 3988 1760 4054 iis
1816 3988 1928 4071 qui
1985 3988 2409 4054 internecioni
2468 3987 2777 4053 destinati

846 4078 1056 4136 erant.
1146 4070 1250 4134 Ex
1325 4088 1447 4151 quo
1508 4081 1775 4157 apparet
1834 4093 1954 4139 nos
2012 4073 2164 4140 licet
2220 4072 2569 4157 aliquando
2624 4092 2773 4138 eum

845 4154 1142 4239 reprobis
1269 4153 1477 4234 rituri,
1521 4166 1586 4222 et
1626 4158 1851 4224 eodem
1896 4179 2042 4225 cum
2088 4159 2245 4242 ipsis
2284 4157 2521 4225 iudicio
2564 4158 2771 4224 invol-

845 4239 1044 4310 vendi
1104 4175 1464 4322 vii’gamur,
1544 4242 1760 4308 Deum
1805 4251 2024 4310 tamen
2068 4243 2262 4311 facile
2303 4246 2474 4310 viam
2542 4244 2772 4312 inven-

844 4336 1066 4394 turum
1110 4347 1242 4410 qua
1273 4325 1629 4409 periculum
1665 4328 2071 4413 effugiamus,
2117 4339 2184 4394 et
2217 4331 2545 4413 praesenti
2582 4330 2772 4396 morti

843 4414 1222 4499 eripiamur.
1311 4410 1542 4494 Neque
1607 4419 1823 4478 tamen
1887 4414 2109 4480 eadem
2175 4436 2436 4499 semper
2497 4414 2561 4479 id
2631 4416 2777 4481 fieri

842 4501 1100 4568 ratione
1156 4507 1476 4580 putemus.
1566 4497 1736 4562 Nam
1794 4520 1983 4582 saepe
2041 4501 2195 4566 boni
2238 4502 2424 4567 malis
2467 4502 2771 4584 permixti

843 4604 1087 4669 poenas
1143 4581 1403 4650 easdem
1461 4602 1609 4651 cum
1669 4581 1797 4648 illis
1851 4586 2197 4666 sustinent,
2255 4596 2320 4653 et
2363 4588 2504 4653 sine
2548 4586 2771 4654 discri-

844 4673 1027 4736 mine
1104 4669 1490 4753 puniuntur.
1578 4667 2011 4751 Conspicuam
2092 4671 2250 4737 illud
2337 4674 2414 4739 fit
2476 4672 2774 4756 exemplo

848 4754 1169 4836 Danielis,
1230 4753 1342 4838 qui
1402 4774 1550 4820 cum
1609 4753 1799 4819 sociis
1857 4758 1996 4822 suis
2057 4758 2124 4823 in
2168 4758 2617 4841 captivitatem
2660 4758 2773 4824 ab·

849 4841 1083 4908 duetus
1142 4851 1261 4922 est,
1317 4840 1489 4906 inter
1547 4861 1656 4905 eos
1715 4842 1828 4922 qui
1884 4840 2210 4908 manifesti
2267 4844 2394 4908 Dei
2436 4853 2773 4926 contemp-

849 4933 1023 4993 tores
1066 4934 1273 5005 erant,
1320 4933 1385 4996 ot
1427 4924 1781 5009 prophetas
1823 4926 2104 4994 ludibrio
2143 4927 2522 5007 habuerant,
2581 4938 2646 4995 et
2692 4928 2773 4993 ad

849 5013 1118 5094 quaevis
1177 5011 1425 5097 flagitia
1494 5008 1946 5078 occalluerant.
2037 5010 2260 5093 Quare
2329 5015 2506 5080 Deus
2580 5035 2772 5098 saepe

849 5097 1019 5163 filios
1097 5117 1246 5164 suos
1325 5096 1650 5180 permittit
1727 5098 1949 5164 multis
2013 5097 2484 5166 calamitatibus
2547 5100 2771 5185 affligi,

851 5202 1052 5267 quum
1108 5182 1278 5248 inter
1321 5183 1578 5267 iniwos
1620 5181 2091 5253 habitaverint:
2157 5184 2272 5251 sed
2316 5192 2530 5253 tamen
2574 5186 2771 5253 etiam

2876 479 3123 546 malum
3179 481 3248 545 in
3308 478 3546 546 bonum
3601 491 3981 562 convertere
4022 480 4105 545 ad
4146 481 4457 548 ecclesiae
4492 502 4623 547 suae
4655 505 4727 551 ss-

2876 566 3079 633 lutem
3123 564 3326 632 novit.
3413 565 3623 650 Saepe
3667 568 3867 633 etiam
3910 587 4020 632 eos
4065 566 4407 651 distinguit
4440 577 4502 632 et
4532 579 4729 652 κρατή

2875 651 2959 717 ab
3030 650 3338 734 improbis
3408 652 3523 736 qui
3576 653 3646 718 in
3705 653 3912 736 ipsius
3973 654 4205 718 timore
4260 651 4595 729 ambulant.
4650 667 4729 722 nt

2875 757 3039 820 quos
3078 735 3398 836 singulari
3439 738 3657 820 aliqua
3690 739 3903 822 gratia
3936 738 4173 818 affecit,
4214 748 4288 803 ut
4327 738 4613 821 periculis
4636 740 4731 808 illis

2874 822 3126 908 eripiat,
3185 844 3260 888 in
3312 843 3480 906 quae
3525 824 3837 907 reprobos
3878 824 4159 904 coniicit,
4212 845 4377 907 quos
4419 844 4461 888 a
4499 823 4733 893 fidelibus

2873 920 3205 992 separatos
3259 907 3509 975 ultimis
3564 909 3903 993 suppliciis
3942 907 4167 976 afficit.
4239 907 4567 975 Davidem
4602 911 4732 975 vide·

2874 1015 3021 1061 mus
3066 992 3243 1077 apud
3285 993 3502 1059 Deum
3548 1005 3921 1079 querentem
3963 997 4234 1079 precari,
4298 1016 4378 1059 ne
4422 993 4595 1061 Deus
4625 1016 4735 1062 cun

2873 1078 3229 1147 incredulis
3286 1079 3499 1161 ipsum
3552 1080 4080 1165 comprehendat,
4140 1102 4224 1146 ne
4266 1079 4334 1145 in
4378 1077 4617 1148 illorum
4651 1103 4738 1146 nu·

2872 1185 3053 1230 mero
3117 1162 3647 1248 deprehendatur
3709 1187 3873 1249 quos
3932 1164 4260 1231 horrenda
4322 1164 4453 1230 Dei
4511 1165 4739 1232 viudin

2872 1259 3131 1317 manet:
3196 1249 3313 1315 sed
3374 1251 3439 1314 in
3506 1251 3720 1334 ipsum
3788 1270 3975 1316 suam
4030 1251 4248 1334 potius
4291 1250 4739 1316 misericordium

2873 1345 3147 1401 exserat.
3234 1333 3556 1401 Davidem
3602 1334 3893 1419 prfflcto
3947 1335 4071 1401 has
4134 1355 4361 1418 preces
4420 1335 4741 1401 fundentem

2874 1421 3108 1487 nixum
3153 1419 3357 1484 fuisse
3399 1419 3641 1485 divinis
3685 1420 4226 1504 promissionibus
4267 1429 4515 1486 certum
4552 1431 4653 1498 est,
4695 1430 4742 1485 st

2874 1504 2998 1572 hoc
3061 1504 3379 1588 principio
3443 1506 3705 1584 fultum,
3781 1504 3999 1570 Deum
4064 1525 4295 1588 nempe
4358 1505 4471 1588 qui
4530 1525 4743 1571 suorum

2872 1610 3095 1657 euram
3160 1590 3350 1674 gerit,
3415 1599 3480 1656 et
3536 1590 3928 1657 iustissimus
3982 1610 4206 1656 rerum
4248 1590 4539 1655 omnium
4577 1588 4743 1656 mode-

2873 1681 3056 1740 rator
3098 1685 3218 1751 est,
3266 1695 3399 1740 non
3441 1676 3829 1757 puniturum
3871 1676 4089 1760 ipsum
4129 1683 4395 1756 temere,
4441 1677 4615 1760 qussi
4650 1695 4746 1740 non

2873 1759 3271 1825 discerneret
3313 1758 3585 1825 rebelles
3627 1769 3695 1827 et
3735 1768 4214 1845 contemptores
4247 1781 4402 1827 suae
4441 1763 4746 1827 maiesntin

2873 1865 2914 1910 a
2976 1843 3307 1911 fidelibus:
3366 1843 3483 1912 sed
3538 1866 3742 1929 quum
3797 1866 3951 1912 suos
3992 1847 4196 1930 probe
4238 1855 4484 1926 noscat,
4538 1847 4744 1912 eosdem

2873 1929 3074 1996 etiam
3115 1931 3237 1997 sub
3280 1930 3532 1997 alarum
3577 1952 3844 1998 suarum
3888 1933 4124 1999 umbra
4166 1939 4419 2016 tegere:
4462 1942 4531 1997 et
4560 1930 4632 1997 ab
4658 1932 4746 1998 im-

2873 2016 3095 2099 probis
3156 2017 3252 2086 ita
3316 2014 3703 2097 discernere,
3794 2025 3873 2083 ut
3946 2018 4105 2084 satis
4167 2018 4455 2102 amplam
4516 2016 4750 2082 habeant

2872 2102 3078 2186 ipsius
3132 2102 3614 2169 misericordiae
3672 2110 3741 2168 et
3796 2104 4105 2169 bonitatis
4160 2102 4603 2188 agnoeeendae
4650 2122 4751 2168 ms·

2873 2187 3126 2253 teriam.
3230 2187 3465 2253 Nonne
3544 2188 3715 2254 istud
3796 2207 3952 2255 vero
4024 2189 4310 2254 maxime
4376 2209 4537 2254 cons
4575 2188 4747 2254 icum

2872 2282 2973 2339 est
3020 2273 3471 2339 Israelitarum
3527 2275 3850 2359 exemplo,
3905 2274 4144 2358 quibus
4199 2274 4478 2359 angelus
4594 2271 4750 2339 omini

2872 2360 3345 2424 exterminator
3400 2360 3710 2443 pepercit,
3762 2360 3971 2427 eaesis
4026 2360 4481 2444 primogenitis
4534 2360 4603 2424 in
4650 2367 4748 2426 tou

2871 2442 2974 2510 Ae
3067 2451 3195 2527 pto,
3256 2453 3391 2510 tam
3448 2444 3787 2512 bominum
3829 2465 4026 2530 qnam
4070 2444 4546 2511 animantium?
4620 2443 4747 2509 Nam

2874 2550 3000 2615 quo
3087 2531 3379 2613 ipsorum
3424 2529 3656 2596 domus
3689 2532 4011 2614 sanguine
4031 2530 4187 2614 agni
4222 2540 4445 2598 emen:
4481 2549 4749 2614 asperus,

2873 2615 3149 2715 angelus
3204 2615 3480 2682 intactas
3538 2615 3684 2683 illas
3740 2617 4098 2702 praeteriit.
4184 2616 4277 2683 Et
4336 2614 4596 2700 quidem
4643 2634 4749 2679 sss·

2873 2701 3095 2786 guinis
3136 2702 3527 2787 aspersionis
3570 2703 3954 2769 nominatim
3990 2703 4069 2767 fit
4102 2703 4370 2780 mentio,
4408 2711 4488 2767 ut
4523 2703 4751 2768 sciamm

2875 2787 3233 2866 ecclesiam,
3290 2787 3443 2854 lieet
3496 2788 3571 2854 in
3622 2787 3865 2855 mundo
3928 2788 4203 2854 caeteris
4255 2788 4656 2871 permixtam,
4705 2793 4752 2848 st

2874 2872 3055 2938 nullo
3101 2888 3373 2940 externo
3415 2873 3758 2957 splendore
3792 2874 4139 2957 insignem,
4179 2894 4395 2957 neque
4431 2873 4750 2940 distinotm

2874 2957 3074 3024 ullam
3120 2961 3452 3044 regionem
3499 2959 3849 3026 habentem
3903 2960 3975 3026 in
4015 2981 4146 3043 qua
4201 2969 4515 3043 tanquam
4556 2958 4623 3023 in
4656 2969 4750 3021 ter·

2872 3044 3065 3110 restri
3111 3044 3411 3127 parad‘no
3453 3057 3787 3113 versetur:
3832 3045 3946 3114 sed
3992 3047 4208 3129 potius
4250 3046 4480 3113 multis
4521 3043 4753 3127 undique

2874 3130 3155 3196 cinctam
3223 3131 3515 3199 veritatis
3579 3132 3890 3213 hostibus,
3956 3131 4031 3196 in
4093 3151 4289 3215 quam
4354 3131 4557 3196 etiam
4608 3126 4752 3194 multi

2877 3215 3258 3301 hypocritae
3302 3215 3609 3286 fidelibus
3646 3219 4141 3302 permiscentur,
4186 3224 4419 3281 tamen.
4452 3236 4497 3281 a
4516 3214 4647 3281 Deo
4678 3232 4753 3279 eo·

2877 3301 3118 3401 gnossi,
3165 3302 3279 3385 qui
3303 3323 3463 3404 ‘suos
3501 3305 3582 3370 ab
3618 3302 3997 3370 infidelibus
4023 3302 4211 3370 facile
4242 3301 4576 3404 discernit,
4608 3296 4753 3366 mode

2877 3408 3031 3539 ἓξὲξ
3073 3388 4755 3558 ffiffiffleffiffitffltfflffl

2877 3578 3215 3627 servemus
3259 3560 3331 3626 in
3372 3581 3614 3645 genere
3639 3562 3858 3626 Deum
3896 3580 4025 3626 sua
4062 3558 4301 3626 iudicia
4345 3561 4449 3627 sic
4484 3575 4753 3632 exercere,

2877 3654 2955 3710 ut
2996 3654 3215 3712 sontes
3256 3647 3507 3731 puniat,
3568 3655 3635 3712 et
3692 3667 3857 3731 quos
3912 3646 4113 3712 semel
4171 3644 4645 3728 reprobaverit
4674 3662 4751 3705 sx-

2878 3739 3086 3795 tremo
3131 3731 3450 3816 supplicio
3492 3733 3768 3800 afficiat:
3831 3742 3895 3798 et
3940 3730 4369 3798 nihilominus
4413 3730 4679 3796 bonitate
4706 3734 4753 3789 et

2877 3817 3225 3884 clementia
3284 3826 3507 3884 utatur
3562 3820 3633 3885 in
3696 3839 3809 3884 eos
3865 3817 4096 3903 quibus
4141 3817 4281 3883 vult
4322 3835 4511 3884 suam
4554 3815 4751 3881 missu·

2878 3902 3165 3969 cordiam
3210 3905 3593 3987 patefacere.
3662 3904 3871 3972 Porro
3915 3905 3968 3972 si
4012 3901 4362 3987 contigisse
4407 3900 4579 3967 istud
4618 3897 4755 3965 vide-

2878 4009 3027 4055 mus
3069 3989 3377 4068 Kenaeis,
3420 3998 3497 4056 ut
3538 3989 3848 4056 nimirum
3893 3986 4401 4058 misericordiam
4450 4009 4491 4053 a
4522 3985 4751 4052 Domino

2878 4076 3014 4140 sint
3053 4076 3457 4159 consequuti,
3501 4075 3709 4142 multo
3751 4077 3971 4143 minus
4014 4073 4447 4141 dubitandum
4490 4080 4601 4150 est,
4637 4068 4750 4154 quin

2877 4159 3159 4226 eundem
3202 4180 3361 4245 erga
3394 4182 3516 4228 nos
3538 4160 3666 4227 Dei
3709 4162 3999 4227 favomm
4039 4161 4397 4228 sentiamus
4440 4160 4513 4225 in
4553 4159 4749 4224 dom*

2879 4247 3152 4312 ticorum
3213 4266 3558 4314 numerum
3616 4247 3881 4323 adsciti,
3941 4261 4011 4314 et
4062 4248 4135 4311 in
4190 4247 4399 4330 ipsius
4466 4246 4675 4310 timore
4704 4247 4753 4305 et

2877 4330 3244 4398 obedientia
3298 4331 3727 4399 ambulantes.
3814 4332 3985 4399 Nam
4039 4331 4346 4398 Kmeos
4412 4331 4573 4397 istos
4623 4320 4749 4422 qud·

2878 4417 3129 4495 attinet,
3193 4440 3299 4485 eos
3357 4429 3631 4503 apparet
3686 4428 4029 4503 postquam
4082 4415 4467 4518 admiranda
4518 4415 4626 4481 illa
4660 4412 4751 4478 Da

2877 4520 3307 4656 ἓὲιῗιῗᾶὶεεοηι
3331 4502 4565 4674 ᾎἻὲἒτθᾷθὲῗεᾟΐῆὓοῃίξὲοα
4600 4581 4746 4682 idolo·

2878 4674 3112 4739 maniis
3158 4676 3665 4754 renunciassent,
3732 4675 4155 4741 nihilominus
4211 4685 4434 4740 tamen
4492 4671 4659 4738 valde
4694 4687 4744 4731 m

2877 4759 3193 4843 religione
3238 4760 3436 4828 fuisse
3479 4761 3941 4829 inconstantes.
4028 4760 4219 4838 Nam,
4261 4770 4339 4825 ut
4465 4765 4651 4843 paret,
4680 4754 4743 4818 ib

2878 4856 3033 4911 sunt
3075 4867 3115 4910 a
3159 4848 3517 4913 tentatione
3577 4847 3893 4929 superati,
3946 4854 4021 4913 ut
4072 4857 4318 4911 terram
4373 4847 4421 4911 il
4449 4865 4551 4911 am
4598 4843 4741 4908 hmo·

2877 4930 3115 4996 dictam
3132 4982 3147 5012 ,
3215 4930 3441 4998 divino
3506 4932 3712 4998 cultui
3778 4933 4057 4999 dicatam
4123 4932 4553 5009 deseruerint,
4618 4919 4743 5010 quod

2876 5015 3149 5082 subinde
3192 5015 3485 5084 hostium
3527 5018 3750 5103 populi
3773 5017 4039 5086 Israelis
4080 5017 4559 5084 incursionibus
4591 5013 4739 5079 infm-

2876 5111 3193 5168 tarentur.
3285 5102 3462 5172 Sane
3506 5103 3777 5170 mollitie
3822 5126 3951 5171 non
3992 5115 4149 5170 sunt
4191 5124 4275 5170 eo
4315 5101 4583 5178 adducti.
4621 5113 4741 5183 (μ’

2876 5187 3105 5256 duram
3160 5190 3370 5275 egisse
3426 5190 3638 5258 vitam
3691 5190 3814 5257 sub
3858 5190 4153 5258 tentoriis
4196 5200 4389 5259 antea
4430 5187 4737 5255 munus:
