5059 6059
286 364 385 434 357

1592 358 1692 424 IN
1731 358 1786 425 1.
1834 358 2014 425 LIB.
2061 354 2465 425 SAMUEL.
2511 354 2712 423 OAP.
2760 358 2852 423 11.

4084 348 4213 419 358

281 550 611 638 patefacere.
700 548 1000 633 Namque
1057 549 1238 615 Deus
1293 546 1591 613 homines
1648 546 1785 613 suis
1840 545 2170 615 beneficiis
2269 546 2589 614 ordinatis
2654 547 3045 632 pastoribus,
3113 568 3273 631 quos
3333 545 3459 614 etsi
3525 545 3737 612 audiri
3801 544 4013 628 iussit,
4082 562 4216 608 non

280 647 580 706 exornatos
622 634 733 718 qui
775 635 1087 718 qualesve
1128 633 1265 700 sint
1305 634 1638 717 explorat:
1685 643 1882 717 atque
1923 632 2169 716 ingrati

280 724 447 791 animi
537 722 874 787 convictos
960 722 1319 806 ignominia
1401 731 1470 785 et
1553 719 1865 787 dedecore
1951 719 2168 786 afficit.

279 810 490 891 Nempe
546 805 672 872 Dei
732 807 1046 874 beneficia
1101 807 1239 872 suis
1293 805 1475 872 vitiis
1530 805 1865 872 foedantes
1920 805 2170 890 gravis-

277 898 443 962 simas
494 913 731 975 poenas
786 904 1139 971 merentur,
1197 903 1264 958 et
1320 891 1390 956 in
1445 912 1588 957 sese
1631 891 1950 968 derivant,
1998 888 2169 974 quod

280 984 457 1047 Deum
502 978 701 1043 veluti
746 976 1026 1044 ludibrio
1071 979 1384 1045 habentes
1429 977 1612 1063 digni
1656 978 1789 1043 sint
1829 997 1995 1060 quos
2031 979 2171 1060 ipse

277 1068 523 1132 vicissim
571 1064 855 1130 abiectos
896 1086 1116 1130 rerum
1161 1065 1454 1130 omnium
1489 1074 1854 1131 creatarum
1890 1061 2173 1127 ludibrio

277 1159 541 1236 exponat.
628 1150 737 1215 En
773 1151 917 1232 quis
950 1151 1222 1216 istorum
1262 1151 1608 1216 verborum
1644 1170 1893 1227 senem,
1938 1149 2175 1231 quibus

275 1241 351 1303 ait
398 1236 738 1313 Dominus,
797 1257 871 1302 se
929 1236 1265 1320 loquutum
1322 1257 1464 1302 esse
1507 1235 1728 1301 domui
1770 1234 2054 1300 Aaronis
2098 1242 2177 1299 ut

273 1325 330 1389 iu
385 1329 724 1404 conspectu
768 1341 887 1387 suo
931 1324 1336 1390 ministraret
1376 1323 1446 1387 in
1492 1322 1991 1405 sempiternum:
2059 1317 2174 1384 sed

272 1410 382 1474 iam
435 1407 656 1472 abesse
717 1408 943 1490 procul
1002 1429 1072 1474 se
1127 1410 1208 1475 ab
1263 1409 1387 1474 hac
1443 1408 1801 1475 sententia:
1858 1406 1972 1473 sed
2032 1406 2178 1488 qui-

272 1514 497 1577 cunque
576 1515 645 1559 se
731 1493 1274 1572 honorificaverit,
1352 1494 1632 1560 eundem
1699 1514 1736 1558 a
1797 1514 1866 1558 se
1931 1492 2176 1575 glorifi-

275 1594 461 1646 catum
524 1580 641 1645 iri:
710 1589 778 1644 et
833 1591 1060 1645 contra
1117 1582 1227 1663 qui
1284 1581 1766 1662 contempserit,
1824 1577 2177 1662 ignobilem

271 1668 551 1731 futurum.
646 1665 946 1747 Namque
1008 1668 1190 1731 Deus
1253 1665 1500 1732 indicat
1559 1686 1635 1730 ea
1691 1664 1835 1748 lege
1877 1684 1948 1730 se
1993 1663 2180 1728 sami·

271 1753 404 1818 liam
456 1752 739 1817 Aarcnis
797 1752 1181 1818 sacerdotali
1243 1752 1490 1818 honore
1547 1750 1909 1835 dignatum,
1968 1760 2045 1814 ut
2084 1748 2180 1814 of-

272 1839 397 1904 ficio
449 1838 853 1920 fungeretur,
919 1848 1116 1922 atque
1160 1837 1286 1904 Dei
1331 1837 1583 1904 cultum
1627 1837 1930 1920 religiose
1973 1833 2181 1900 admi·

272 1926 573 1990 nistraret.
668 1921 923 2004 Quibus
965 1932 1032 1990 et
1074 1923 1266 1990 hodie
1311 1922 1525 1990 verbis
1569 1921 1943 2005 compellari
1978 1920 2184 1987 scien-

206 2067 215 2073 .
270 2011 402 2075 dum
444 2023 536 2075 est
591 2029 703 2076 eos
748 2010 861 2092 qui
906 2011 977 2074 in
1023 2009 1297 2077 ecclesia
1340 2009 1584 2092 primas
1623 2009 1811 2074 sedes
1845 2013 2184 2090 occupant,

268 2117 473 2178 nempe
512 2095 615 2161 sic
656 2114 696 2158 a
741 2095 1024 2160 Domino
1067 2105 1333 2163 vocatos
1374 2094 1456 2159 ad
1501 2105 1749 2160 tantam
1794 2093 2180 2177 dignitatem

270 2192 333 2245 ut
382 2181 698 2248 vocationi
759 2181 931 2246 vitae
991 2183 1278 2265 ipsorum
1321 2181 1627 2248 continua
1671 2181 1871 2246 series
1913 2198 2184 2261 respon-

272 2266 418 2333 deat.
500 2267 734 2349 Neque
798 2268 973 2332 enim
1035 2268 1216 2334 verbi
1263 2266 1747 2351 praedicatione
1790 2265 1930 2331 sola
1972 2263 2183 2329 officio

272 2353 678 2432 satisfaciunt,
714 2351 840 2418 nisi
875 2354 1055 2419 vitae
1091 2373 1472 2435 morumque
1512 2351 1802 2435 probitas
1822 2350 2183 2429 accesserit,

272 2457 383 2521 qua
420 2438 741 2521 proximis
786 2437 954 2504 bono
998 2439 1298 2523 exemplo
1342 2446 1671 2523 praeeant,
1732 2444 1800 2502 et
1842 2437 2019 2504 vitae
2063 2455 2184 2520 pu·

271 2526 440 2589 ritate
492 2535 558 2589 et
615 2525 999 2607 integritate
1052 2526 1328 2591 verbum
1369 2523 1539 2608 quod
1583 2523 1981 2589 annuntiant
2009 2540 2186 2587 com·

267 2609 583 2675 mandent:
655 2619 851 2693 atquo
907 2631 1321 2696 summopere
1364 2617 1659 2688 caveant,
1705 2630 1787 2675 ne
1829 2629 1952 2673 sua
1993 2606 2187 2689 culpa

268 2693 415 2777 apud
457 2694 792 2762 auditores
834 2696 999 2762 illud
1045 2697 1331 2764 vilescat.
1422 2693 1557 2763 Sed
1602 2696 1988 2779 plerumque
2022 2692 2186 2758 alios

264 2780 611 2858 ambitione,
669 2781 830 2847 alios
887 2802 1086 2867 opum
1144 2781 1503 2867 cupiditate
1557 2791 1625 2848 et
1667 2780 1967 2860 avaritia,
2025 2779 2187 2843 alios

264 2866 603 2947 petulantia
651 2876 722 2932 et
764 2867 845 2933 ad
892 2869 1163 2951 quaevis
1205 2869 1454 2952 flagitia
1499 2867 1927 2950 proclivitate,
1976 2872 2187 2930 trans-

266 2972 460 3018 versos
539 2953 650 3037 agi
742 2952 1003 3032 videas,
1071 2955 1327 3037 Deique
1413 2953 1728 3019 beneficia
1790 2951 2183 3035 proculcare.

264 3035 418 3116 Quid
478 3038 586 3104 hic
645 3038 861 3123 igitur
917 3061 1079 3123 opus
1137 3040 1308 3105 facto
1367 3039 1512 3104 est?
1575 3039 1826 3122 Nempe
1871 3036 1951 3102 ad
1993 3057 2187 3102 usum

263 3133 349 3187 est
399 3123 705 3191 divinum
758 3124 933 3190 istud
992 3126 1239 3192 dictum
1298 3124 1756 3201 revocandum,
1817 3134 1890 3188 ut
1948 3124 2059 3206 qui
2104 3119 2188 3186 ad

264 3208 512 3275 verbum
558 3210 1077 3293 praedicandum
1122 3211 1306 3277 missi
1350 3219 1521 3288 sunt,
1582 3210 1635 3276 si
1678 3231 1795 3294 pro
1841 3209 2023 3274 verbi
2065 3228 2187 3290 pu-

264 3294 434 3360 ritate
488 3305 556 3361 et
615 3297 790 3362 bono
848 3298 1148 3380 exemplo
1209 3297 1512 3380 vitaeque
1569 3295 2004 3362 sanctimonia
2046 3314 2190 3359 sese

259 3378 603 3462 impuritati
674 3392 742 3447 et
797 3383 1156 3468 flagitiosae
1213 3384 1391 3448 vitae
1449 3382 1850 3466 permittant,
1918 3402 1959 3446 a
2001 3379 2191 3445 nobis

262 3474 547 3548 tanquam
588 3467 824 3551 putida
858 3470 1167 3546 membra,
1210 3469 1345 3535 imo
1378 3475 1691 3552 tanquam
1715 3467 1841 3532 Dei
1863 3485 2193 3548 sanaeque

262 3548 577 3618 doctrinae
623 3554 851 3620 hostes
874 3554 1257 3621 habeantur.
1343 3553 1524 3621 Hinc
1547 3554 1745 3619 etiam
1769 3552 2190 3636 conspicuum

260 3647 360 3715 est,
399 3659 596 3721 quam
646 3639 890 3706 stolida
932 3661 1137 3723 papae
1177 3640 1504 3723 totiusque
1541 3639 1720 3705 illius
1757 3638 2010 3704 romani
2032 3636 2191 3703 cleri

256 3722 331 3786 sit
381 3724 696 3802 ambitio,
752 3726 862 3809 qui
920 3725 1041 3792 sibi
1096 3725 1491 3810 persuadent
1549 3747 1619 3792 se
1660 3724 1732 3790 in
1758 3725 1940 3790 illam
1976 3722 2193 3807 digni-

261 3819 438 3874 tatem
483 3812 581 3876 ita
628 3822 894 3879 evectos
931 3811 1138 3878 veluti
1174 3832 1511 3895 nunquam
1548 3832 1631 3876 ex
1667 3831 1745 3876 ea
1780 3809 2191 3876 deiiciendos.

258 3889 356 3959 Sic
433 3917 731 3981 namque
815 3896 1042 3970 rideas
1124 3898 1228 3964 his
1309 3896 1709 3981 temporibus
1775 3893 2192 3976 tyrannidem

258 3978 419 4045 illam
483 3983 906 4067 papisticam,
973 3985 1125 4052 licet
1188 3984 1379 4050 toties
1442 3984 1831 4058 convictam,
1898 3980 1982 4047 ab
2048 3982 2194 4065 ipsa

264 4084 465 4133 veram
510 4068 894 4135 doctrinam
939 4068 1365 4155 depravatam
1407 4069 1609 4135 fuisse
1650 4078 1718 4134 et
1760 4089 1877 4153 pro
1920 4087 2084 4133 sana
2126 4075 2195 4131 et

260 4150 503 4236 integra
563 4154 958 4221 diabolicam
1013 4159 1362 4234 invectam,
1420 4178 1497 4222 ac
1541 4156 1739 4221 meris
1784 4153 2194 4219 illusionibus

262 4235 549 4304 miseram
598 4240 1007 4323 plebeculam
1054 4243 1136 4308 ab
1179 4241 1295 4308 illa
1338 4240 1565 4325 decipi,
1611 4261 1841 4306 verum
1885 4240 2012 4305 Dei
2056 4238 2193 4306 cul·

262 4331 388 4387 tum
447 4325 893 4409 depravatum
951 4350 1094 4395 esse
1152 4341 1220 4393 et
1275 4327 1345 4391 in
1388 4327 1850 4392 idolomaniam
1896 4345 1972 4392 ac
2006 4346 2193 4391 men·

263 4405 500 4476 dacium
565 4412 1132 4495 transformatum,
1191 4422 1258 4478 et
1308 4433 1563 4479 veneno
1606 4412 1954 4478 infectum:
2013 4411 2195 4476 deni·

261 4511 373 4573 que
418 4496 694 4563 sublata
742 4498 873 4566 illis
906 4500 1096 4566 larva
1128 4498 1260 4578 illa,
1302 4519 1501 4582 quam
1534 4498 1862 4564 immerito
1895 4498 2197 4563 iactitant

262 4580 593 4648 sacerdotii
658 4593 729 4649 et
769 4585 1186 4670 apostolatus,
1246 4592 1323 4650 ut
1364 4584 1577 4650 omnis
1620 4584 1751 4649 illis
1794 4583 2195 4669 exceptionis

259 4668 493 4734 occasio
579 4670 1068 4755 praecludatur,
1147 4669 1573 4736 nihilominus
1637 4679 1862 4736 tamen
1926 4669 2010 4734 ad
2074 4668 2198 4734 hoc

262 4751 498 4833 asylum
547 4754 931 4841 confugere,
975 4757 1094 4823 sibi
1133 4779 1263 4823 non
1299 4776 1488 4839 posse
1522 4755 1688 4839 eripi
1723 4755 2193 4821 sucoessionem

2268 633 2413 699 ideo
2460 643 2683 699 tamen
2729 634 2809 700 de
2851 654 2974 701 sua
3016 635 3355 700 maiestate
3399 630 3754 717 quidquam
3802 631 4057 699 detrahi
4106 625 4222 694 vel

2267 719 2571 785 imminui
2638 720 2866 796 voluit,
2936 720 3019 785 ad
3088 721 3261 804 ipsos
3320 718 3867 787 transferendum.
3958 722 4211 789 Morta·

2271 805 2451 869 lesne
2509 826 2668 871 vero
2728 806 3216 885 homunciones,
3274 805 3514 871 misera
3568 806 3787 888 potius
3841 816 3907 872 et
3949 808 4216 891 putrida

2271 890 2613 970 cadavera,
2659 913 2735 958 eo
2779 891 3084 958 devenire
3127 892 3424 957 insaniae
3466 893 3771 975 potuisse,
3817 901 3894 959 ιιι
3928 915 4046 979 pro
4069 893 4213 963 Deo

2271 996 2342 1040 se
2385 975 2597 1042 audiri
2642 987 2710 1043 et
2741 978 2865 1045 coli
2901 976 3156 1044 velint?
3202 976 3347 1042 Imo
3382 978 3600 1062 potius
3632 977 3717 1044 ad
3751 979 3968 1047 Deum
4005 1003 4213 1049 unum

2273 1061 2688 1214 adfiucengos
2743 1063 3083 1130 hominum
3129 1063 3494 1130 ministerio
3529 1064 3832 1146 sciamus,
3891 1069 4046 1133 etin
4069 1069 4215 1154 ipso

2274 1168 2349 1214 co
2402 1169 2552 1232 igen
2600 1171 2691 1233 os,

2276 1255 2571 1301 summus
2612 1243 2830 1319 pastor
2874 1245 2940 1301 et
2981 1235 3319 1320 propheta,
3365 1235 3627 1319 qualem
3672 1258 3822 1302 eum
3867 1237 4052 1306 Deus
4092 1262 4212 1325 pa·

2779 1159 2855 1216 ut
2939 1149 3263 1215 Dominus
3339 1159 3562 1215 noster
3639 1151 3827 1217 Iesus
3909 1152 4213 1223 Christus

2278 1328 2379 1385 ter
2436 1322 2792 1400 constituit,
2860 1320 3153 1387 adhibito
3211 1320 3468 1387 solenni
3526 1322 3944 1391 iureiurando
3989 1345 4218 1411 perpe-
4327 1319 4332 1326 ’

2278 1407 2553 1487 tuitatis,
2588 1416 2984 1491 agnoscatur.
3011 1418 3080 1472 et
3112 1407 3384 1474 colatur.
3473 1406 3660 1488 Quae
3693 1429 3895 1492 quum
3931 1412 4023 1477 ita
4059 1413 4214 1490 sint,

2278 1494 2500 1576 ecquis
2575 1496 2899 1576 patienter
2956 1494 3123 1558 ferat
3178 1493 3618 1575 praelatorum
3677 1496 3901 1562 titulos
3961 1507 4030 1563 et
4086 1499 4214 1565 alia

2279 1577 2568 1662 insignia
2625 1580 2893 1645 nomina
2945 1600 3103 1680 prae
3144 1600 3215 1645 se
3257 1579 3560 1657 ferentes,
3628 1589 3742 1646 aut
3784 1581 3931 1649 aliis
3985 1586 4218 1671 imagi-

2279 1664 2483 1730 nariis
2540 1665 3013 1750 praerogativis
3071 1663 3454 1750 gaudentes,
3509 1665 3761 1732 interea
3817 1679 4039 1735 tamen
4097 1672 4218 1736 im·

2282 1751 2422 1833 pios
2466 1749 2781 1829 homines,
2824 1758 3305 1832 contemptores
3340 1748 3602 1817 divinae
3645 1753 4022 1836 maiestatis,
4067 1775 4218 1839 pro·

2281 1836 2490 1920 fanos,
2541 1843 2611 1900 et
2653 1838 2867 1902 omnis
2911 1836 3160 1903 ordinis
3205 1836 3424 1901 hostes
3466 1837 3865 1918 manifestos,
3915 1849 4053 1906 tam
4098 1861 4218 1908 au·

2284 1921 2505 1989 dacter
2538 1929 2607 1987 et
2649 1923 3085 2005 impudenter,
3127 1923 3415 2007 specioso
3458 1922 3650 1987 titulo
3696 1923 4056 2010 dignitatis,
4100 1929 4217 1992 im·

2284 2007 2507 2091 pedire
2551 2009 2898 2091 quominus
2931 2007 3116 2074 Deus
3152 2008 3277 2073 rite
3312 2007 3592 2075 colatur:
3640 2021 3836 2093 atque
3870 2012 3940 2076 in
3976 2014 4230 2080 animas

2287 2094 2708 2179 tyrannidem
2744 2114 3066 2171 exercere,
3113 2094 3183 2158 in
3220 2114 3384 2177 quas
3423 2115 3598 2159 unus
3632 2095 3940 2163 Christus
3975 2098 4226 2183 regiam

2286 2179 2560 2263 adeptus
2617 2190 2718 2246 est
2776 2188 3185 2263 potestatem,
3246 2188 3313 2244 et
3369 2199 3588 2246 coram
3643 2200 3772 2264 quo
3816 2203 3988 2267 genu
4035 2205 4232 2252 omne

2283 2267 2585 2331 flectatur
2637 2265 2936 2350 oportet?
2991 2264 3178 2347 Quis,
3223 2266 3509 2349 inquam,
3570 2273 3635 2332 et
3678 2268 3891 2350 qualis
3932 2270 4058 2337 iste
4100 2280 4234 2338 stu·

2288 2372 2407 2435 por
2451 2359 2570 2431 est,
2615 2350 2697 2417 de
2740 2351 3047 2435 praelatis
3091 2351 3488 2435 praedicare,
3550 2360 3807 2418 tantum
3853 2353 3984 2421 illis
4026 2355 4233 2422 hono-

2298 2458 2461 2514 rem,
2530 2445 2912 2521 tantamque
2965 2438 3400 2502 reverentiam
3456 2436 3697 2518 deberi,
3769 2448 3848 2504 ιιι
3900 2462 4092 2506 nemo
4132 2442 4234 2527 ip·

2290 2524 2400 2604 sis,
2456 2522 2610 2589 licet
2654 2531 2867 2589 terrae
2908 2525 3160 2590 coelum
3207 2522 3649 2604 miscentibus,
3694 2523 3936 2591 audeat
3974 2537 4234 2593 contra·

2290 2607 2545 2675 dicere?
2609 2608 2769 2688 Nae,
2826 2610 2883 2676 si
2939 2609 3407 2693 praescriptam
3454 2609 3559 2675 hic
3598 2630 3639 2674 a
3681 2609 3970 2676 Domino
4014 2612 4235 2679 condi-

2290 2694 2537 2761 tionem
2572 2696 3006 2773 observarint,
3051 2695 3233 2760 omni
3268 2695 3653 2780 exceptione
3689 2696 3970 2764 maiores
4005 2709 4232 2764 sunto:

2292 2801 2505 2863 neque
2570 2781 2742 2847 enim
2811 2781 3079 2846 Domini
3143 2780 3421 2846 verbum
3489 2801 3608 2864 pro
3673 2781 3908 2847 fabulis
3951 2784 4236 2853 anilibus

2294 2866 2666 2933 habendum
2734 2865 2922 2932 Deus
2987 2867 3129 2951 ipse
3195 2866 3303 2933 hic
3348 2865 3664 2949 loquitur:
3735 2867 3940 2951 Absit,
3998 2870 4231 2953 inquit.

2294 2952 2515 3033 Quare
2582 2973 2782 3036 quum
2837 2953 3078 3018 misera
3121 2951 3455 3036 plebecula
3500 2952 3815 3036 papistica
3859 2953 4237 3022 dementata

2296 3037 2738 3122 praelatorum
2794 3046 2864 3104 et
2905 3039 3312 3121 superiorum
3358 3037 3792 3103 obedientiam
3836 3039 4103 3119 iactitat,
4172 3053 4237 3106 et

2296 3124 2748 3207 superstitiose
2803 3123 2991 3202 colat,
3055 3145 3131 3189 ea
3173 3124 3587 3208 simplicitate
3630 3123 3762 3207 tegi
3809 3126 4234 3207 pertinaciam

2297 3209 2489 3276 facile
2547 3208 3152 3290 animadvertimus,
3226 3231 3356 3293 qua
3408 3208 3540 3274 Dei
3599 3211 4004 3276 maiestatem
4064 3211 4237 3280 blas-

2294 3297 2529 3380 pheme
2587 3304 2656 3360 et
2713 3296 3185 3362 contumaciter
3227 3294 3519 3371 laedunt,
3579 3306 3646 3360 et
3688 3304 3998 3379 tanquam
4042 3298 4238 3364 bruta

2294 3382 2655 3446 animantia
2711 3382 3055 3465 impetunt.
3146 3380 3326 3463 Quid
3371 3379 3510 3447 ita?
3571 3380 3825 3464 Nempe
3867 3383 4050 3449 Deus
4093 3385 4239 3469 ipsc

2295 3477 2570 3533 testatus
2635 3474 2753 3546 est,
2824 3467 2927 3534 his
2985 3467 3237 3534 verbis:
3305 3465 3512 3547 Absit,
3580 3465 3815 3550 inquit,
3880 3474 3951 3533 ut
3990 3471 4105 3552 qm·
4142 3489 4240 3536 me

2291 3557 2684 3620 contemnunt
2745 3573 2957 3620 coram
3014 3573 3116 3619 me
3155 3558 3314 3619 stent
3351 3554 3423 3617 in
3448 3553 3894 3634 perpetuum!
3932 3554 4072 3621 Nos
4113 3556 4240 3621 ita-

2293 3661 2417 3724 que
2475 3638 2600 3704 hoc
2660 3639 2959 3723 exemplo
3013 3638 3341 3705 discamus
3398 3637 3630 3722 edocti,
3687 3649 3871 3704 tanto
3913 3641 4230 3707 maiorem

2291 3723 2728 3791 obedientiam
2772 3733 2841 3790 et
2883 3745 3168 3791 amorem
3210 3723 3336 3790 Dei
3373 3745 3414 3789 a
3449 3723 3639 3790 nobis
3674 3725 3940 3808 requiri,
3986 3738 4230 3810 quanto

2294 3812 2381 3878 ibi
2441 3831 2560 3876 nos
2618 3810 2971 3877 maioribus
3029 3810 3220 3876 donis
3280 3810 3593 3876 devinxit.
3686 3809 3818 3876 Sed
3878 3822 3943 3877 et
3986 3812 4233 3896 aliquid

2295 3896 2576 3980 amplius
2630 3896 3020 3976 addendum,
3085 3917 3206 3962 nos
3271 3916 3352 3960 ex
3397 3896 3609 3961 officio
3655 3895 3884 3981 teneri,
3943 3898 4000 3963 si
4044 3899 4235 3964 modo

2296 3984 2667 4048 facultatem
2706 3981 3035 4049 Dominus
3071 3980 3341 4058 dederit,
3385 3981 3881 4064 insurgentibus
3915 3983 4232 4050 adversus

2293 4068 2501 4151 ipsius
2568 4069 2972 4133 maiestatem
3048 4065 3414 4134 istiusmodi
3490 4068 3828 4132 hominum
3898 4070 4230 4148 monstris,

2296 4176 2414 4238 pro
2460 4153 2716 4220 viribus
2758 4156 3079 4230 resistere,
3127 4173 3203 4219 ac
3246 4151 3570 4219 scandalis
3614 4173 3972 4233 occurrere,
4017 4163 4091 4221 ut
4133 4154 4236 4220 di·

2297 4240 2454 4306 vina
2490 4239 2653 4305 haec
2687 4242 3012 4306 sententia
3047 4240 3259 4306 locum
3284 4240 3609 4306 obtineat:
3646 4239 3976 4324 Ignobiles
3998 4240 4230 4307 faciam

2296 4346 2407 4392 eos
2448 4326 2561 4409 qui
2606 4346 2711 4391 me
2753 4333 3200 4391 contemnunt.

2467 4413 2786 4494 Superest
2822 4421 2897 4476 ut
2963 4411 3228 4495 propius
3296 4411 3527 4477 horum
3573 4412 3920 4478 verborum
3965 4432 4232 4478 sensum

2295 4497 2771 4581 expendamus:
2843 4497 3221 4579 Glorificabo
3284 4517 3381 4563 me
3436 4497 3856 4574 honorantem,
3923 4502 3991 4563 at
4048 4498 4228 4582 ἐρησ-

2297 4583 2479 4649 bilem
2514 4584 2757 4666 faciam
2797 4603 2893 4650 me
2934 4588 3418 4662 contemnentem,
3465 4603 3633 4665 quae
3676 4584 4004 4667 insignem
4047 4583 4117 4648 in
4163 4603 4233 4649 se

2297 4667 2662 4734 doctrinam
2721 4668 3262 4753 complectuntur.
3349 4669 3523 4735 Nam
3580 4680 3760 4734 certa
3817 4668 3992 4733 vitae
4035 4667 4236 4735 totius

2297 4755 2680 4831 benedictio,
2747 4769 2942 4839 atque
3007 4755 3165 4821 felix
3231 4756 3446 4820 exitus
3511 4775 3551 4819 a
3615 4754 3898 4820 Domino
3953 4754 4232 4837 singulis

263 4838 704 4920 apostolicam,
762 4853 833 4908 et
883 4844 1273 4928 dignitatem
1330 4841 1511 4908 illam
1556 4863 1686 4925 qua
1727 4842 1845 4906 toti
1890 4840 2199 4907 ecclesiae
2300 4841 2502 4905 vitam
2545 4860 2731 4906 suam
2777 4842 2859 4906 ad
2901 4840 3029 4908 Dei
3075 4841 3349 4926 gloriam
3394 4860 3561 4923 pura
3603 4850 3671 4905 et
3713 4840 3973 4923 integra
4015 4849 4236 4905 mente

262 4925 741 5000 praeferuntur.
786 4928 1038 4996 Verum
1082 4931 1254 4995 enim
1302 4948 1456 4994 vero
1500 4926 2027 5011 respondendum
2067 4926 2199 4993 illis
2244 4939 2253 5017 1
2299 4926 2795 4994 instituentibus
2875 4936 3073 5012 atque
3139 4927 3221 4994 ad
3288 4945 3557 5008 scopum
3625 4925 4026 5010 propositum
4082 4933 4230 4991 tan-

265 5015 373 5087 est,
445 5011 626 5094 quod
696 5012 803 5082 hic
856 5015 997 5099 ipse
1055 5015 1380 5082 Dominus
1435 5015 1797 5098 profitetur,
1878 5033 2013 5079 non
2071 5013 2202 5078 alia

2302 5012 2640 5077 tummodo
2715 5011 3196 5080 collimantibus
3271 5012 3694 5096 promittitur.
3785 5009 3971 5091 Quae
4033 5032 4234 5096 quum

263 5094 629 5163 conditione
697 5099 1053 5167 Dominum
1104 5100 1252 5166 illos
1305 5099 1376 5166 in
1432 5099 1601 5166 hano
1643 5100 1941 5167 evexisse
1985 5098 2200 5183 digni·
2301 5118 2484 5197 spem
2524 5098 2773 5165 faciant
2813 5099 3023 5167 divini
3079 5099 3323 5164 favoris
3365 5104 3560 5179 atque
3602 5095 4094 5178 benedictionis,
4136 5119 4238 5164 ec-

266 5185 478 5259 tatem,
552 5203 761 5266 quam
829 5207 965 5270 qua
1017 5184 1331 5252 familiam
1389 5185 1651 5252 Aronis.
1740 5185 1969 5268 Neque
2021 5186 2200 5251 enim

269 5263 583 5335 Dominus
638 5291 718 5336 se
776 5274 1124 5339 autoritate
1168 5293 1291 5338 sua
1328 5270 1670 5348 abdicavit,
1723 5272 2095 5338 constitutis
2137 5279 2205 5336 et

2301 5205 2451 5268 quis
2508 5204 2637 5249 non
2699 5186 3003 5252 alacriter
3058 5184 3126 5249 in
3172 5185 3297 5249 hoc
3337 5182 3660 5248 curriculo
3706 5179 4026 5261 decurrat,
4086 5204 4242 5269 pro-

2305 5268 2715 5355 positamque
2793 5289 3098 5340 coronam
3178 5268 3434 5352 assequi
3512 5267 3912 5336 contendat?
4010 5268 4248 5354 Neque

3739 5370 3842 5425 230
