5059 6059
849 341 976 408 367

859 551 1001 598 cum
1032 533 1220 614 patre
1259 548 1412 593 meo.
1498 525 1752 608 Quibus
1797 528 2082 611 primum
2129 527 2324 595 Pacis
2366 529 2603 609 verbis,
2660 531 2797 597 Da-

860 616 1001 683 vidi
1044 617 1256 680 fausta
1298 613 1518 678 omnia
1560 625 1884 696 precatur,
1931 615 2083 679 licet
2124 615 2249 681 sibi
2276 617 2399 699 ipsi
2443 615 2798 683 detrimen·

857 713 1001 769 tosa
1045 701 1396 766 videantur
1451 698 1794 763 hominum
1836 701 2160 782 opinione.
2244 700 2336 765 Et
2390 702 2651 786 quidem
2696 724 2798 769 se·

856 786 1125 872 quentia
1166 783 1399 851 verba:
1443 781 1531 849 Et
1573 784 1658 850 sit
1678 781 1997 851 Dominus
2039 790 2251 869 tecum,
2296 789 2458 854 sicut
2496 788 2630 871 fuit
2659 809 2798 854 cum

844 878 1034 956 patre
1074 890 1229 951 mov,
1273 871 1485 956 magis
1531 868 1743 934 adhuc
1785 869 1947 935 illud
1992 872 2389 955 exprimunt.
2455 874 2628 939 Nam
2666 874 2799 941 illis

855 958 1117 1026 videtur
1169 958 1436 1021 omnino
1492 955 1738 1021 Davidi
1795 955 2025 1022 cedere
2083 956 2466 1042 dignitatem
2525 960 2794 1043 regiam,

858 1066 990 1109 non
1034 1052 1327 1110 coactus:
1388 1039 1500 1107 sed
1546 1041 1735 1118 ultro,
1796 1043 2104 1125 quoniam
2148 1063 2294 1109 eam
2338 1065 2479 1110 esse
2522 1044 2797 1111 Domini

857 1131 1264 1195 voluntatem
1310 1147 1691 1211 persuasum
1738 1126 1952 1193 habet.
2042 1127 2283 1195 Davidi
2343 1130 2516 1196 cedit
2576 1132 2795 1214 regiae

857 1215 1200 1302 dignitatis
1259 1232 1454 1279 omne
1509 1212 1633 1290 ius,
1701 1212 1872 1295 quod
1919 1212 2137 1280 Saulis
2193 1214 2441 1281 familia
2500 1232 2795 1299 repetere

854 1321 1049 1387 posse
1083 1299 1459 1367 videbatur:
1506 1299 1688 1381 quasi
1725 1296 2000 1365 diceret:
2048 1300 2228 1367 Deus
2264 1321 2382 1384 per
2416 1300 2791 1368 Samuelem

855 1386 1163 1473 patefecit
1225 1406 1295 1452 se
1357 1386 1528 1467 patri
1596 1404 1741 1449 meo
1808 1405 2088 1468 regnum
2150 1386 2643 1471 abrogaturum,
2709 1410 2794 1452 en

857 1493 982 1558 ego
1036 1471 1265 1537 volens
1322 1470 1589 1536 Domini
1655 1471 1985 1536 decretum
2052 1470 2343 1550 admitto,
2412 1475 2582 1556 patri
2648 1495 2792 1539 meo

858 1561 1204 1643 abrogetur
1267 1556 1636 1639 imperium,
1719 1555 1884 1620 mihi
1949 1557 2154 1640 ipsius
2215 1559 2594 1639 successori,
2671 1561 2789 1623 toti

857 1644 1138 1727 denique
1202 1641 1523 1707 familiae:
1589 1652 1663 1707 tu
1727 1640 1949 1708 David
2017 1655 2306 1727 regnato,
2375 1654 2447 1709 tu
2512 1644 2792 1728 gratiam

854 1730 1129 1795 Domini
1187 1729 1254 1793 in
1300 1727 1616 1792 familiam
1677 1734 1968 1792 nostram
2013 1738 2209 1793 antea
2251 1728 2555 1795 collatam
2616 1729 2794 1796 solus

859 1816 1168 1883 obtineto.
1257 1813 1365 1878 Ex
1409 1812 1643 1896 quibus
1687 1812 1846 1878 satis
1891 1824 2161 1896 apparet
2215 1815 2558 1881 manifeste
2616 1815 2789 1899 quod

857 1901 1055 1987 paulo
1098 1907 1249 1965 ante
1294 1898 1500 1984 attigi,
1544 1919 1781 1982 nempe
1823 1899 2265 1965 Ionathanum
2302 1921 2371 1966 se
2406 1901 2426 1965 i
2513 1922 2621 1964 um
2661 1920 2791 1965 non

859 1987 1256 2071 respexisse:
1322 1984 1437 2050 sed
1493 2006 1531 2049 a
1576 1983 1704 2049 Dei
1759 1983 2100 2051 voluntate
2157 1996 2366 2051 totum
2412 1923 2794 2069 ‹fsependisse

857 2072 1198 2156 eidemque
1240 2070 1614 2156 permisisse
1658 2091 1747 2148 se,
1808 2079 1883 2135 ut
1941 2069 2020 2136 de
2064 2072 2204 2153 ipso
2253 2073 2432 2137 Deus
2474 2080 2792 2137 statueret

857 2158 1028 2244 quod
1072 2176 1352 2241 aequum
1417 2166 1484 2220 et
1537 2155 1786 2222 iustum
1840 2154 2180 2222 iudicaret.
2270 2156 2450 2239 Quin
2513 2167 2580 2223 et
2622 2158 2790 2223 ulte·

858 2248 1001 2312 rius
1044 2242 1432 2329 ingreditur,
1476 2262 1678 2324 quum
1714 2242 1824 2321 ait,
1868 2242 2000 2307 sive
2040 2262 2145 2327 eqo
2178 2244 2411 2327 vixere,
2455 2243 2588 2309 sive
2628 2263 2793 2308 mor-

857 2338 1009 2399 tuus
1045 2330 1244 2413 fuero,
1302 2327 1735 2393 misericordia
1791 2331 1960 2393 utere
2015 2348 2164 2412 crya
2209 2349 2411 2395 meam
2449 2329 2791 2412 familiam.

861 2415 1119 2500 Quibus
1153 2412 1370 2481 verbis
1412 2412 1818 2479 Ionathanus
1862 2414 2143 2497 primum
2189 2413 2519 2481 Davidem
2563 2435 2789 2498 preca-

861 2513 988 2579 tur,
1032 2510 1108 2567 ut
1148 2502 1207 2566 si
1250 2507 1578 2582 superstes
1621 2499 1820 2564 fuerit
1862 2500 2018 2582 ipse,
2076 2499 2300 2566 David
2355 2501 2563 2584 ipsius
2605 2501 2796 2566 mise-

861 2600 1112 2656 reatur:
1174 2585 1278 2651 sin
1322 2605 1479 2649 vero
1526 2581 1711 2650 Deus
1753 2584 1968 2667 ipsum
2024 2606 2061 2651 e
2104 2586 2276 2652 vivis
2320 2585 2635 2653 excedere
2677 2606 2791 2653 vo·

860 2674 1080 2752 luerit,
1134 2670 1333 2736 fidem
1391 2679 1614 2735 tamen
1678 2690 1837 2754 erga
1893 2679 2093 2734 totam
2159 2692 2348 2737 suam
2405 2671 2672 2737 domum
2727 2682 2795 2738 et

858 2760 1174 2828 familiam
1217 2756 1511 2823 retineat.
1602 2757 1820 2840 Atque
1878 2756 2021 2821 istis
2077 2754 2556 2823 conditionibus
2597 2756 2793 2823 Iona·

860 2846 1104 2911 thanus
1166 2852 1233 2909 et
1277 2839 1494 2908 David
1549 2841 1904 2909 amicitiam
1954 2842 2131 2908 inter
2186 2863 2258 2908 se
2299 2844 2621 2909 iurarunt.
2709 2841 2792 2906 In

859 2930 1099 3016 quibus
1156 2928 1364 3013 ipsius
1420 2925 1570 2993 fidei
1629 2928 2055 2994 manifestum
2099 2930 2549 2995 testimonium
2591 2948 2790 3012 appa-

859 3026 978 3096 ret,
1037 3036 1243 3100 quum
1284 3011 1612 3078 Davidem
1672 3024 1860 3098 rogat
1916 3024 1990 3079 ut
2032 3014 2137 3079 sui
2179 3024 2246 3080 et
2288 3035 2557 3081 suorum
2604 3015 2792 3080 mise·

857 3111 1114 3170 reatur:
1170 3097 1697 3185 quandoquidem
1758 3108 1914 3167 tunc
1972 3099 2227 3165 nullum
2287 3110 2427 3166 erat
2471 3121 2793 3183 apparens

857 3188 1174 3255 indicium
1220 3185 1544 3252 Davidem
1588 3193 2036 3270 regnaturum.
2122 3185 2595 3252 Verumtamen
2641 3186 2794 3250 licet

855 3274 1270 3341 Ionathanus
1350 3271 1571 3336 omnia
1639 3270 1865 3336 videat
1926 3272 2284 3350 contraria,
2364 3271 2793 3337 nihilominus

858 3379 1239 3444 persuasum
1297 3356 1495 3422 habet
1548 3357 1688 3421 fore
1746 3365 1821 3422 nt
1874 3357 2055 3423 Deus
2118 3367 2246 3423 stet
2304 3358 2659 3441 promissis,
2725 3367 2794 3422 et

903 3453 1118 3512 raeter
1181 3443 1474 3509 omnium
1542 3443 2097 3525 exspectationem
2177 3444 2463 3528 impleat.
2575 3444 2792 3525 Atque

907 3550 1020 3596 aec
1075 3531 1143 3596 in
1204 3529 1439 3595 animis
1494 3527 1736 3592 nostris
1794 3528 2024 3612 regula
2067 3529 2395 3613 generalis
2454 3527 2645 3594 debet
2687 3528 2790 3593 in·

859 3617 1149 3695 haerere,
1195 3634 1318 3681 nos
1362 3624 1681 3697 oportere,
1727 3621 1804 3678 ut
1844 3613 2048 3679 verbo
2093 3615 2218 3681 Dei
2262 3613 2559 3691 fidamus,
2606 3623 2675 3678 et
2717 3615 2790 3679 in

859 3723 937 3768 eo
996 3700 1547 3785 conquiescamus,
1612 3699 1833 3764 oculos
1882 3700 1962 3765 ab
2020 3701 2099 3766 iis
2144 3701 2450 3766 omnibus
2491 3711 2791 3766 avertere

857 3808 1024 3872 quae
1090 3786 1496 3853 extrinsecus
1562 3795 1895 3869 apparent.
1985 3786 2155 3851 Nam
2222 3789 2276 3853 si
2340 3787 2464 3852 Dei
2522 3786 2792 3869 promis·

860 3875 1075 3939 aiones
1119 3893 1202 3939 ex
1245 3872 1327 3938 iis
1368 3870 1588 3937 metiri
1631 3870 1947 3938 vellemus
1988 3892 2157 3955 quae
2200 3873 2269 3937 in
2312 3871 2531 3938 oculos
2573 3872 2791 3937 ineur-

859 3968 1049 4024 runt:
1108 3963 1361 4025 certum
1417 3965 1517 4023 est
1573 3977 1703 4021 non
1762 3956 1958 4022 modo
2013 3978 2146 4022 non
2205 3959 2667 4024 confirmatum
2708 3957 2791 4021 iri

858 4043 1054 4110 fidem
1107 4050 1419 4119 nostram,
1476 4042 1589 4108 sed
1648 4043 1863 4124 potius
1920 4041 2439 4111 labefactandam
2492 4051 2560 4108 et
2603 4061 2789 4108 aver·

858 4129 1128 4195 tendam
1191 4148 1233 4193 a
1298 4127 1541 4195 divinis
1595 4128 1947 4211 promissis.
2058 4127 2499 4210 Quamobrem
2557 4128 2794 4194 animis

857 4214 1192 4300 infigenda
1234 4213 1399 4279 haec
1441 4211 1735 4279 doctrina
1779 4222 1895 4293 est,
1959 4235 2193 4298 nempe
2237 4234 2648 4298 summopere
2693 4234 2795 4278 ca-

858 4301 1148 4370 vendum
1209 4320 1292 4365 ne
1348 4299 1512 4365 fides
1554 4308 1776 4364 nostra
1833 4300 2114 4379 vacillet,
2173 4320 2374 4384 quum
2434 4299 2796 4366 videbimur

860 4406 1127 4471 operam
1183 4384 1417 4451 lusisse
1477 4384 1547 4449 in
1591 4383 1735 4449 Deo
1780 4395 2132 4468 sperantes,
2191 4385 2366 4469 quod
2408 4406 2482 4451 re
2524 4387 2666 4469 ipsa
2710 4385 2798 4450 sit

856 4474 1302 4559 patefacturus
1367 4491 1480 4537 eos
1546 4472 1655 4555 qui
1721 4471 1936 4553 ipsum
2003 4474 2074 4536 in
2141 4472 2419 4537 veritate
2481 4472 2798 4537 invocant

858 4577 1198 4640 nunquam
1276 4577 1395 4621 sua
1459 4577 1575 4640 spe
1653 4556 1976 4623 frustrari.
2086 4557 2382 4624 Maxime
2445 4578 2603 4624 vero
2666 4556 2798 4622 ista

861 4644 1193 4729 pertinent
1258 4641 1338 4705 ad
1402 4642 1665 4707 Domini
1727 4644 1930 4707 nostri
1990 4643 2140 4709 Iesu
2201 4641 2451 4709 Christi
2516 4663 2795 4726 regnum

862 4732 1046 4795 cuius
1079 4727 1299 4792 David
1346 4728 1469 4791 fuit
1512 4729 1743 4812 figura.
1827 4727 2392 4809 Quemadmodum
2439 4728 2613 4793 enim
2662 4729 2794 4792 Da-

865 4815 973 4879 vid
1038 4812 1192 4878 licet
1257 4814 1506 4896 regiam
1589 4814 1976 4898 dignitatem
2055 4815 2347 4899 adeptus,
2432 4813 2662 4879 multis
2729 4825 2796 4878 et

864 4899 1067 4966 variis
1108 4897 1587 4964 calamitatibus
1630 4899 1757 4963 fuit
1799 4899 2094 4980 afflictus,
2151 4909 2218 4966 et
2262 4901 2484 4965 multis
2528 4919 2792 4983 oppres—

865 4983 1155 5050 sionibus
1198 4994 1266 5050 et
1307 4984 1706 5069 ignominiae
1750 4986 2104 5070 expositus,
2165 4994 2237 5050 ut
2280 4986 2577 5069 pluribus
2620 4984 2796 5050 dein-

866 5091 1016 5152 ceps
1073 5068 1469 5135 videbimus:
1531 5071 1623 5135 ita
1680 5070 1951 5147 Domini
2009 5071 2163 5138 Iesu
2205 5070 2453 5138 Christi
2517 5091 2797 5154 regnum

866 5174 1057 5238 saepe
1099 5154 1397 5221 videmus
1439 5156 1775 5221 hominum
1819 5155 2091 5240 pedibus
2150 5157 2355 5223 veluti
2413 5157 2798 5240 conculcari,

864 5250 930 5306 et
972 5241 1041 5305 in
1086 5261 1235 5306 eum
1280 5241 1506 5308 venire
1560 5252 2029 5326 contemptum,
2089 5250 2162 5308 ut
2205 5263 2469 5327 prorsus
2529 5242 2793 5308 abolen-

2479 341 2888 411 HOMILIA
2934 342 3223 410 LXXV.
4676 353 4762 421 368

2904 532 3059 597 dum
3127 531 3451 608 videatur,
3518 542 3584 596 et
3648 540 3967 614 perpetua
4029 532 4357 600 oblivione
4414 536 4768 606 obruendum.

2904 615 3085 684 Sane
3143 616 3449 683 Christus
3513 618 3653 700 ipse
3715 618 3787 683 in
3852 637 4135 700 persona
4198 639 4317 685 sua
4383 641 4514 688 non
4573 627 4771 706 patitur,

2898 702 3442 785 quemadmodum
3498 723 3701 784 quum
3757 702 3829 768 in
3874 703 4068 770 terris
4109 719 4516 772 versaretur:
4573 729 4770 778 verum-

2901 799 3118 853 tamen
3174 787 3331 854 licet
3383 787 3454 853 in
3499 787 3629 853 Dei
3685 787 3893 871 patris
3949 787 4223 873 gloriam
4281 802 4564 870 evectus,
4621 806 4677 861 et
4722 800 4772 864 in

2899 885 3202 940 aeternas
3245 873 3433 939 sedes
3476 883 3775 957 receptus
3817 873 3923 949 sit,
3984 895 4258 959 regnum
4302 878 4513 960 ipsius
4555 880 4697 962 quod
4727 886 4771 949 in

2898 957 3003 1024 bis
3046 959 3242 1025 terris
3285 959 3534 1043 colligit
3577 970 3713 1024 tam
3756 958 3967 1025 debile
4011 971 4079 1025 et
4113 970 4244 1025 tam
4281 961 4613 1030 infirmum
4645 969 4771 1034 vids·

2899 1055 3028 1124 tur,
3070 1055 3147 1110 ut
3170 1045 3289 1110 vix
3332 1044 3520 1111 nobis
3564 1044 3856 1128 polliceri
3899 1044 4256 1112 audeamus
4298 1058 4478 1114 certo
4519 1052 4696 1134 ipsius
4727 1057 4773 1119 in

2897 1131 3166 1198 incertis
3223 1131 3419 1196 rebus
3462 1130 3811 1197 auxilium:
3875 1131 4004 1197 nisi
4060 1132 4132 1196 in
4175 1132 4305 1197 Dei
4362 1138 4770 1219 promissiones

2897 1216 3344 1301 respiciamus,
3402 1226 3470 1282 et
3521 1216 3719 1282 fidem
3758 1230 4046 1283 nostram
4105 1219 4173 1282 in
4217 1218 4378 1302 ipsis
4420 1241 4775 1304 reponamus.

2898 1302 3044 1369 Hoc
3109 1302 3168 1367 si
3234 1302 3470 1367 animis
3534 1302 3775 1368 nostris
3840 1301 4037 1369 altius
4101 1303 4434 1383 insederit,
4517 1307 4775 1375 latronem

2896 1387 3080 1453 illum
3127 1408 3514 1454 conversum
3559 1389 3983 1468 imitabimur,
4040 1389 4153 1472 qui
4213 1400 4347 1456 tam
4404 1393 4777 1460 excellentem

2898 1473 3367 1540 confessionem
3411 1472 3636 1550 edidit,
3694 1481 3771 1539 ut
3811 1474 4170 1540 multorum
4214 1486 4582 1563 martyrum
4632 1480 4776 1546 fidem

2896 1559 3089 1643 longe
3145 1567 3421 1643 superet.
3524 1559 3752 1644 Neque
3809 1580 3968 1625 vero
4027 1559 4274 1645 pudere
4327 1584 4449 1630 nos
4508 1563 4684 1631 debet
4712 1566 4781 1632 la-

2898 1645 3068 1710 troni
3126 1644 3222 1709 illi
3280 1642 3570 1730 adiungi,
3628 1644 3743 1727 qui
3802 1666 3938 1710 non
3996 1645 4189 1712 modo
4233 1647 4510 1714 Petrum
4572 1662 4631 1715 et
4667 1652 4778 1717 reli·

2897 1751 3059 1813 quos
3102 1730 3446 1812 apostolos,
3504 1728 3618 1796 sed
3673 1750 3904 1797 omnes
3947 1740 4279 1798 creaturas
4322 1737 4665 1819 superavit.
4733 1738 4780 1803 Ιι

2896 1817 3072 1881 enim
3117 1815 3483 1880 Dominum
3542 1825 3837 1882 nostrum
3882 1817 4101 1883 Iesum
4147 1817 4489 1885 Christum
4537 1822 4601 1887 in
4638 1843 4785 1889 cruos

2896 1900 3289 1985 pendentem
3367 1901 3764 1981 intuebatur,
3840 1903 3951 1968 cui
4031 1915 4295 1970 tantum
4355 1918 4686 1990 supererat
4734 1922 4783 1972 ut

2896 1987 3202 2052 ultimum
3247 1987 3546 2070 spiritum
3584 1986 3870 2066 duceret,
3914 1999 3985 2054 et
4018 2008 4343 2056 summam
4381 1990 4641 2058 videbat
4669 2016 4786 2059 non·

2899 2073 3089 2138 modo
3164 2072 3596 2157 ignominiam
3674 2074 3882 2156 ipsius
3946 2094 4165 2141 coram
4245 2076 4645 2155 hominibus,
4708 2078 4791 2145 sed

2898 2160 3093 2223 etiam
3138 2158 3660 2224 maledictionem
3719 2180 3937 2225 eoram
3996 2158 4164 2243 Deo,
4221 2163 4327 2228 cui
4386 2164 4699 2230 obnoxius
4742 2168 4791 2230 in

2898 2244 3077 2329 ligno
3132 2244 3426 2327 pendens
3486 2243 3629 2329 lege
3672 2243 3800 2310 Dei
3845 2245 4317 2326 declarabatur,
4378 2261 4451 2314 et
4494 2260 4695 2316 tamen
4729 2251 4787 2315 ad

2896 2330 3110 2414 ipsum
3153 2350 3511 2397 conversus
3552 2330 3679 2396 ait:
3745 2328 4006 2399 Obsecro
4047 2352 4279 2398 memor
4313 2340 4446 2402 esto
4486 2337 4607 2402 nusi
4638 2356 4787 2419 qm

2895 2417 2965 2482 in
3004 2436 3261 2500 reynum
3299 2421 3478 2481 tuum
3515 2417 3776 2483 veneris.
3862 2416 3993 2485 Ubi
4053 2439 4208 2483 vero
4252 2419 4509 2486 Christi
4562 2442 4789 2507 regnum

2897 2502 3269 2585 investigat,
3314 2504 3500 2567 cuius
3544 2501 3803 2568 nullum
3847 2515 3988 2569 erat
4028 2503 4393 2571 indicium?
4468 2507 4608 2573 Nae
4646 2509 4695 2573 si
4728 2529 4789 2573 ex

2897 2606 3016 2653 suo
3060 2607 3256 2654 sensu
3314 2585 3478 2652 illud
3523 2589 3951 2669 aestimasset,
4007 2589 4160 2656 licet
4216 2591 4282 2655 in
4329 2591 4480 2676 ipsa
4524 2592 4649 2659 Dei
4682 2593 4791 2676 lege

2897 2680 3101 2738 totam
3167 2681 3442 2739 aetatem
3508 2675 4050 2757 consumpsisset,
4115 2695 4244 2741 non
4312 2679 4636 2760 potuisset
4690 2687 4788 2743 tam

2896 2758 3243 2825 excellenti
3286 2758 3414 2824 fide
3456 2758 3819 2824 Dominum
3862 2762 4174 2845 profiteri.
4245 2763 4342 2828 At
4374 2764 4682 2832 miseram
4709 2763 4791 2829 ille

2896 2845 3102 2911 vitam
3146 2854 3388 2928 egerat,
3448 2852 3515 2908 et
3567 2844 3779 2910 instar
3821 2845 3980 2911 ferri
4023 2859 4360 2932 grassatus
4404 2851 4637 2931 fuerat,
4688 2871 4791 2915 mo-

2898 2939 3115 2995 mento
3179 2950 3338 2997 vero
3399 2930 3755 2995 Dominum
3838 2942 4136 2999 nostrum
4199 2932 4428 3001 Iesum
4498 2935 4792 3004 Christum

2893 3015 3189 3101 agnoscit
3244 3036 3467 3100 regem
3525 3025 3593 3080 et
3650 3031 4070 3097 servatorem,
4135 3022 4323 3102 qnasi
4378 3022 4604 3087 coelos
4653 3024 4791 3105 ipsos

2893 3110 3297 3184 penetrasset
3359 3101 3627 3185 eiusque
3692 3103 4151 3185 perfectionem
4216 3107 4284 3170 in
4341 3106 4428 3172 iis
4490 3106 4793 3182 didicisset.

2891 3186 3045 3253 licet
3086 3207 3237 3253 eum
3281 3206 3320 3252 e
3358 3186 3542 3271 ligno
3576 3188 3989 3271 pendentem,
4034 3199 4103 3256 et
4142 3189 4475 3257 infelicem
4516 3214 4593 3260 ac
4634 3192 4793 3258 male-

2894 3272 3163 3338 dictioni
3206 3272 3561 3338 obnoxium
3607 3275 3935 3357 corporeis
3979 3274 4184 3341 oculis
4226 3277 4621 3345 intueretur.
4690 3277 4792 3343 Nos

2893 3359 3113 3442 itaque
3154 3359 3680 3426 conformitatem
3724 3369 3793 3425 et
3833 3360 4332 3427 similitudinem
4365 3363 4571 3429 istam
4612 3363 4793 3431 sedulo

2892 3446 3266 3511 intueamur
3308 3457 3375 3509 et
3417 3444 3809 3511 meditemur
3849 3446 4035 3530 regni
4093 3446 4400 3529 davidici,
4460 3460 4531 3515 et
4573 3449 4793 3515 Domini

2894 3531 3099 3596 nostri
3145 3529 3296 3596 Iesu
3340 3530 3612 3609 Ohristi,
3672 3531 3739 3595 in
3800 3552 3928 3615 quo
3986 3542 4086 3598 est
4128 3533 4504 3617 figurarum
4548 3535 4794 3602 omnium

2893 3615 3190 3698 impletio
3251 3625 3320 3681 et
3360 3636 3501 3682 com
3551 3616 3932 3681 lamentum.
4018 3617 4119 3685 Ac
4176 3619 4234 3684 si
4276 3619 4686 3688 Ionathanus
4724 3619 4794 3683 af·

2893 3702 3068 3766 flicto
3112 3713 3177 3766 et
3219 3701 3453 3767 iacenti
3565 3700 3737 3767 avidi
3783 3702 4057 3786 supplex
4117 3706 4327 3771 factus
4368 3718 4495 3786 eat,
4552 3706 4795 3792 rog-avit·

2893 3807 3020 3869 que
3064 3795 3139 3852 ut
3173 3784 3681 3853 misericordiam
3720 3799 4054 3854 exerceret
4087 3811 4247 3874 erga
4278 3811 4351 3857 se
4395 3802 4469 3858 et
4505 3791 4794 3865 familiam,

2894 3892 3098 3956 quum
3164 3873 3234 3937 in
3301 3874 3550 3957 regiam
3614 3871 4005 3958 dignitatem
4071 3878 4376 3957 venisset,
4446 3900 4576 3946 nos
4636 3877 4791 3945 eonfi-

2896 3959 3125 4023 denter
3168 3957 3252 4023 ad
3295 3957 3634 4023 Christum
3683 3959 3808 4025 Dei
3867 3959 4078 4026 filium
4121 3962 4482 4030 Dominum
4545 3973 4792 4030 nosti-mn

2895 4044 2967 4109 in
3012 4042 3290 4128 gloriam
3348 4062 3535 4108 suam
3598 4056 3925 4129 receptum
3989 4046 4390 4128 accedamus,
4444 4060 4517 4116 et
4572 4051 4638 4116 in
4687 4051 4792 4131 ipso

2896 4127 3201 4195 fiduciam
3244 4150 3502 4194 omnem
3546 4141 3837 4196 nostram
3874 4132 4280 4213 collocemus,
4326 4135 4607 4202 minime
4644 4133 4792 4200 dubi·

2900 4225 3113 4280 tantes
3155 4215 3311 4298 quin
3359 4236 3475 4280 nos
3517 4214 3585 4280 in
3633 4236 3818 4281 suam
3865 4219 4138 4284 tutelam
4199 4234 4264 4285 et
4310 4221 4683 4288 clientelam
4719 4239 4792 4283 re-

2898 4310 3138 4384 ceptos,
3198 4301 3338 4384 ipse
3381 4300 3491 4384 qui
3539 4311 3833 4367 nostram
3877 4303 4153 4370 salutem
4199 4306 4498 4389 perfecit,
4558 4307 4791 4389 benigne

2898 4386 3221 4469 respiciat,
3266 4387 3602 4469 nostrique
3646 4389 4056 4471 misereatur,
4114 4392 4168 4455 si
4214 4392 4283 4455 in
4327 4393 4477 4476 ipso
4522 4390 4788 4477 gaudium

2897 4493 3089 4537 omne
3145 4487 3436 4537 nostrum
3496 4472 4053 4542 collocaverimus:
4118 4486 4185 4540 et
4240 4477 4309 4541 in
4368 4499 4573 4544 sunm
4612 4475 4791 4543 foedus

2898 4566 3190 4640 receptos
3234 4565 3512 4639 tueatur,
3569 4570 3636 4623 et
3692 4560 3763 4624 in
3805 4560 4005 4626 finem
4052 4581 4258 4644 usque
4299 4562 4436 4629 Dei
4481 4564 4683 4649 patris
4715 4557 4790 4625 sui

2899 4664 3054 4727 erga
3100 4664 3216 4708 nos
3262 4642 3744 4710 misericordias
3787 4648 4140 4712 continuet.
4728 4658 4737 4675 '

3070 4729 3161 4793 Et
3182 4729 3263 4793 de
3286 4728 3636 4794 Ionathani
3658 4728 4109 4813 deprecatione
4131 4731 4474 4815 hactenns,
4498 4737 4567 4800 in
4587 4754 4703 4817 qua
4720 4746 4787 4793 ta-

2899 4834 3049 4879 men
3073 4813 3286 4880 adhuc
3308 4815 3718 4881 observanda
3740 4835 3871 4881 vox
3894 4817 4037 4882 illa:
4076 4817 4535 4887 Misericordia
4554 4816 4787 4891 Domiti,

2897 4901 3084 4965 ouius
3121 4900 3228 4965 hie
3262 4921 3491 4967 sensus
3527 4921 3672 4966 esse
3706 4912 3935 4984 potest,
3973 4906 4157 4986 quasi
4186 4904 4591 4973 Ionathanus
4618 4907 4785 4971 Deum

2898 4996 3294 5069 precaretur,
3356 4998 3426 5051 ut
3484 4987 3836 5052 bonitatem
3894 5009 4078 5054 suam
4133 5010 4291 5074 erga
4342 5012 4416 5056 se
4473 5000 4785 5058 exerceret:

2899 5070 3014 5136 sed
3078 5072 3257 5136 illam
3323 5081 3612 5156 praestat
3678 5072 3758 5136 ad
3825 5074 4277 5140 iusiurandum
4319 5078 4589 5161 referre,
4648 5072 4786 5160 quasi

2899 5158 3222 5222 Davidem
3267 5158 3646 5235 obtestetur,
3691 5169 3757 5224 et
3801 5159 3884 5225 ad
3919 5160 4427 5232 misericordiam
4468 5165 4675 5229 flectat
4702 5178 4783 5244 per

2899 5243 3337 5309 iuramentum
3376 5244 3502 5310 Dei
3539 5244 3803 5310 nomine
3835 5257 4258 5331 conceptum:
4291 5257 4365 5313 ut
4393 5258 4625 5333 pergat
4640 5247 4781 5313 illum
