5059 6059
914 333 1038 400 14⁷

911 523 1263 673 {roborum
1309 524 1516 590 vicem
1560 530 1629 589 et
1650 522 1922 623 exitium
1958 522 2342 624 impendens
2376 520 2855 623 miserentibus.
2963 518 3489 619 :tc-misereatur,
3543 539 3756 620 neque
3810 540 4097 620 unquam
4153 540 4268 604 spe
4324 541 4444 587 sua
4501 521 4792 628 humanm
4892 567 4893 594 ι

981 628 1238 676 ominus
1277 616 1500 675 noster
1539 607 1725 674 Iesus
1759 608 2067 675 Christus
2111 608 2278 674 dunt
2312 608 2561 675 Noachi
2608 615 2856 690 tempo-
2961 624 3073 686 qm
3115 625 3188 669 ιιι
3232 623 3374 687 ipso
3415 605 3720 671 fiduciam
3763 605 4164 683 collocarint,
4210 607 4385 690 quod
4419 606 4586 674 Deus
4616 630 4716 676 nou
4742 623 4796 679 ut

910 693 1092 760 ribus
1128 694 1239 760 illa
1280 695 1478 761 fuisse
1516 695 1854 760 hominum
1894 693 2126 772 studia,
2173 703 2248 759 ut
2289 694 2514 759 domos
2564 690 2849 776 splendi-

909 779 1026 846 das
1071 780 1506 860 aedificarent,
1553 782 1747 864 genio
1790 780 2227 865 indulgerent,
2273 781 2434 846 luxu
2468 780 2858 858 diffluerent,

907 864 1160 932 interea
1182 865 1337 931 dum
1360 866 1671 932 Noachus
1714 885 1954 950 magno
2000 865 2220 931 labore
2263 885 2479 931 arcam
2526 863 2855 930 struebat:

907 961 975 1016 et
1016 952 1244 1018 mundi
1288 952 1692 1036 praedictum
1751 953 2027 1017 exitium
2083 952 2432 1017 imminens
2474 950 2617 1032 sine
2662 948 2857 1015 dubio

905 1035 1188 1122 lugebat.
1233 1037 1458 1121 Quare
1500 1037 1824 1103 Davidem
1867 1057 1990 1103 nos
2030 1046 2283 1121 oportet
2326 1036 2594 1112 imitari,
2640 1034 2855 1100 dicen-

904 1130 1040 1188 tem
1107 1144 1179 1189 se
1244 1144 1435 1205 saepe
1500 1125 1570 1187 in
1629 1123 1952 1208 lacrymas
2010 1142 2129 1206 pro
2169 1122 2589 1188 inimicorum
2645 1121 2854 1187 salute

903 1208 1203 1287 effusum,
1269 1229 1469 1292 quum
1537 1209 1922 1291 praesertim
1988 1209 2136 1274 illos
2190 1207 2410 1274 Deum
2477 1204 2851 1274 offendendi

903 1295 1104 1359 finem
1129 1294 1384 1361 nullum
1426 1293 1641 1362 facere
1683 1294 2118 1378 conspiceret:
2164 1303 2231 1359 et
2273 1314 2476 1377 quum
2519 1294 2851 1376 improbos

903 1378 1205 1446 homines
1261 1380 1471 1446 veluti
1526 1390 1821 1446 amentes
1876 1379 2350 1463 conspiciemus
2404 1379 2529 1445 sibi
2587 1376 2850 1444 delicias

901 1464 1116 1532 facere
1178 1465 1490 1533 adversus
1534 1464 1749 1531 Deum
1816 1465 2259 1549 insurgentes,
2324 1465 2581 1530 nullum
2645 1465 2846 1529 finem

899 1550 1210 1617 faciamus
1251 1551 1454 1617 flendi
1495 1562 1565 1617 et
1598 1551 2046 1617 imminentem
2089 1550 2222 1618 illis
2242 1549 2846 1616 condemnationem

901 1634 1204 1721 lugendi:
1248 1659 1382 1703 non
1429 1646 1684 1703 tantum
1729 1635 1900 1719 quod
1944 1638 2082 1703 suis
2126 1637 2407 1719 peccatis
2444 1638 2660 1702 Deum
2703 1655 2846 1718 pro—

901 1734 1164 1789 vocent:
1211 1724 1325 1789 sed
1368 1723 1537 1805 quod
1582 1733 1915 1790 creaturas
1957 1723 2039 1787 ad
2085 1723 2437 1807 imaginem
2474 1721 2606 1786 Dei
2642 1719 2846 1787 factas

896 1826 975 1873 eo
1018 1810 1342 1876 amentiae
1386 1809 1691 1874 devenire
1735 1809 2233 1893 conspiciamus,
2278 1817 2345 1874 et
2388 1829 2510 1874 sua
2550 1808 2843 1891 pervica-

890 1894 993 1959 cia
1051 1906 1306 1960 tantum
1366 1895 1638 1960 exitium
1700 1892 1772 1958 in
1817 1913 1889 1959 se
1933 1913 2266 1960 accersere
2308 1894 2477 1979 quod
2523 1912 2644 1959 nos
2690 1892 2843 1957 hor-

889 1997 1035 2045 rere
1077 1988 1392 2064 oporteat,
1434 2000 1632 2064 quum
1681 1980 1746 2044 in
1792 1979 2012 2045 oculos
2055 1980 2353 2047 incurrit.

1063 2063 1384 2149 Superest
1427 2085 1588 2132 vero
1626 2071 1732 2131 etc.

1480 2356 1977 2442 HOMILIA
2019 2356 2278 2439 LVII.

1644 2492 1840 2560 oAP.
1887 2492 2084 2559 xv1.

1065 2668 1118 2730 1.
1161 2665 1475 2749 Dixitque
1516 2664 1829 2732 Dominus
1885 2666 1971 2731 ad
2016 2664 2399 2733 Samuelem.-
2471 2664 2678 2748 Usque
2714 2686 2834 2749 quo

890 2756 961 2817 tu
1002 2750 1177 2835 luyee
1233 2751 1411 2826 Saul.
1467 2770 1661 2834 quum
1719 2771 1824 2835 eqo
1867 2751 2248 2832 proiecta-im
2303 2771 2444 2816 enm
2497 2771 2575 2817 nc
2626 2758 2834 2836 reynd

886 2856 1078 2920 super
1119 2837 1376 2904 Israel?
1421 2837 1627 2918 Impze
1666 2856 1859 2903 coma
1899 2841 2077 2902 tuum
2120 2835 2265 2910 oleo,
2310 2842 2368 2902 ct
2403 2838 2546 2903 veni
2584 2843 2656 2902 ut
2693 2840 2833 2903 onit-

849 2997 858 3006 ,
886 2926 1017 2989 tam
1057 2926 1116 2988 te
1162 2925 1247 2990 od
1291 2922 1434 2989 1εαῖ
1474 2921 2011 2989 Bethkhmitem:
2043 2923 2306 3003 providi
2348 2923 2515 2988 enim
2547 2924 2619 2987 in
2670 2923 2832 3004 filiis

886 3010 1026 3076 eius
1063 3008 1224 3074 mihi
1263 3028 1481 3094 reyem.
1526 3009 1587 3075 2.
1625 3008 1715 3073 Et
1745 3009 1839 3074 ait
1862 3007 2147 3074 Samuel:
2199 3007 2507 3089 Quomodo
2547 3009 2829 3075 vadam?

885 3096 1099 3163 audiet
1140 3096 1305 3161 enim
1343 3092 1522 3171 Saul,
1592 3100 1650 3160 et
1681 3095 2001 3176 interficiet
2039 3113 2159 3158 me.
2236 3093 2326 3158 Et
2358 3096 2451 3158 ait
2482 3093 2826 3161 Dominus:

899 3179 1180 3248 Vibulano
1220 3182 1301 3246 de
1343 3186 1620 3246 armento
1660 3181 1836 3246 tolles
1877 3182 1950 3246 in
1982 3198 2179 3245 manu
2212 3184 2342 3257 tua,
2377 3185 2434 3245 et
2463 3181 2664 3247 dices.-
2718 3181 2829 3246 Ad

882 3266 1333 3334 immolandum
1375 3266 1651 3331 Domino
1692 3265 1852 3331 veni.

1053 3437 1365 3503 Nondum
1430 3436 1512 3502 ad
1580 3437 1767 3521 regni
1833 3434 2055 3503 Saulis
2120 3437 2320 3501 finem
2388 3438 2825 3519 pervenimus,

885 3531 952 3588 et
996 3523 1424 3588 nihilominus
1482 3533 1698 3588 tamen
1759 3520 1867 3588 hic
1922 3522 2223 3588 videmus
2266 3520 2485 3587 Deum
2552 3524 2633 3589 de
2678 3543 2824 3589 suo-

884 3628 1132 3674 cessore
1189 3609 1427 3693 populo
1482 3630 1600 3674 suo
1657 3607 2037 3691 providisse,
2098 3606 2247 3673 licet
2299 3606 2589 3673 nondum
2634 3608 2823 3673 illum

882 3693 951 3758 in
992 3694 1176 3777 regni
1221 3696 1689 3778 possessionem
1734 3705 1906 3759 esset
1947 3694 2288 3759 missurus.
2360 3693 2454 3758 Et
2497 3714 2695 3777 supra
2728 3695 2823 3759 vi-

885 3779 1105 3844 dimus
1168 3782 1363 3846 etiam
1429 3778 1655 3843 eadem
1724 3781 1972 3844 ratione
2041 3777 2340 3859 Saulem,
2405 3800 2537 3844 non
2601 3783 2821 3845 statim

880 3869 1222 3949 postquam
1282 3887 1320 3930 a
1365 3866 1506 3930 Deo
1563 3886 1678 3947 per
1723 3864 2093 3932 Samuelem
2155 3875 2324 3930 esset
2364 3886 2477 3930 rex
2518 3865 2821 3949 designa·

881 3960 988 4016 tus
1032 3952 1098 4014 in
1144 3949 1358 4015 sedem
1418 3952 1663 4035 regiam
1710 3959 2006 4017 evectum
2055 3951 2281 4015 fuisse:
2344 3947 2461 4015 sed
2504 3951 2820 4034 aliquam·

880 4035 991 4101 diu
1037 4035 1105 4099 in
1153 4035 1399 4101 abiecta
1444 4037 1554 4101 illa
1610 4047 1674 4101 et
1718 4037 1952 4101 humili
1993 4036 2361 4101 conditione
2404 4036 2472 4099 in
2519 4056 2648 4118 qua
2691 4039 2821 4120 pri-

875 4134 1067 4188 vatus
1111 4120 1176 4185 in
1225 4121 1490 4188 aedibus
1531 4123 1823 4204 paternis
1868 4123 2121 4187 vixerat
2163 4122 2591 4202 remansisse,
2637 4137 2705 4186 et
2747 4133 2822 4188 ut

878 4207 1224 4274 bubulcum
1285 4219 1352 4270 et
1403 4207 1754 4291 agricolam
1814 4217 2058 4272 terram
2114 4207 2411 4273 coluisse.
2499 4207 2685 4273 Idem
2751 4220 2820 4274 et

875 4291 1122 4359 Davidi
1184 4294 1305 4358 hoc
1362 4292 1498 4358 loco
1554 4293 1902 4376 contigisse
1945 4292 2268 4359 docemur.
2344 4292 2574 4376 Neque
2639 4294 2815 4359 enim

874 4381 1090 4463 primo
1134 4399 1388 4463 quoque
1431 4389 1721 4461 tempore
1766 4380 1983 4444 unctio
2026 4379 2231 4461 ipsius
2270 4399 2465 4444 suum
2512 4379 2812 4446 effectum

874 4467 1108 4532 sortita
1152 4475 1282 4531 est:
1341 4463 1455 4529 sed
1512 4484 1700 4529 servo
1744 4463 1916 4529 fideli
1981 4485 2102 4529 suo
2149 4462 2439 4530 Samueli
2487 4465 2669 4531 Deus
2711 4469 2811 4530 in·

875 4552 1091 4617 dicare
1150 4551 1371 4624 voluit,
1432 4571 1502 4615 se
1561 4569 1694 4614 non
1756 4550 1903 4615 ideo
1962 4550 2130 4634 quod
2177 4548 2442 4617 Saulem
2502 4552 2814 4617 reiecerat

871 4637 1097 4721 populi
1139 4636 1243 4701 sui
1287 4654 1509 4701 curam
1554 4655 1811 4699 omnem
1855 4637 2183 4716 abiecisse,
2246 4656 2456 4718 neque
2496 4635 2808 4703 oblivioni

871 4722 1238 4798 tradidisse,
1293 4742 1370 4787 ac
1425 4723 1699 4805 proinde
1765 4742 1975 4805 neque
2017 4732 2359 4805 propterea
2403 4723 2542 4787 fore
2585 4723 2810 4789 condi-

870 4810 1112 4874 tionem
1157 4807 1466 4874 ecclesiae
1508 4807 1914 4873 deteriorem.
2003 4812 2215 4889 Atque
2274 4808 2381 4873 bic
2435 4817 2535 4875 est
2579 4808 2804 4874 verbo·

870 4912 1018 4958 rum
1075 4892 1335 4959 illorum
1393 4914 1654 4972 sensus,
1709 4892 1925 4959 Deum
1987 4893 2250 4959 Israelis
2307 4913 2438 4958 non
2498 4897 2803 4960 mentitu-

871 4996 1044 5059 rum,
1105 4999 1314 5061 neque
1369 4980 1565 5045 etiam
1632 4980 2027 5062 poenitentia
2083 4978 2350 5045 ductum
2394 4979 2498 5045 iri.
2587 4977 2806 5060 Quae·

873 5080 1144 5148 cumque
1208 5065 1408 5149 igitur
1469 5067 1931 5131 conversiones
1984 5065 2645 5148 commutationesque
2700 5086 2804 5132 re-

870 5167 1019 5215 rum
1063 5150 1376 5230 accidant,
1418 5161 1635 5216 tamen
1681 5170 1905 5216 earum
1950 5158 2258 5217 eventum
2301 5150 2393 5215 ita
2436 5150 2807 5217 moderatu·

861 5251 1016 5301 rum
1061 5236 1276 5302 Deum
1318 5237 1633 5311 sciamus,
1698 5243 1772 5302 ut
1812 5255 2076 5301 suorum
2120 5255 2376 5319 semper
2431 5236 2806 5304 recordetur

2585 329 2998 399 ΗΟΜΠιῙΔ
3040 328 3263 395 LVII.
4707 339 4788 407 14ss

4891 597 4893 638 l

2960 690 3166 756 instar
3209 688 3549 755 hominum
3592 711 3800 757 vanus
3842 702 3913 756 et
3952 692 4268 757 mendax:
4326 693 4447 758 sed
4486 696 4660 777 ipsius
4688 703 4795 763 veri-

2961 785 3060 840 tas
3123 776 3193 839 in
3259 784 3601 841 aeternum
3665 786 3965 856 maneat,
4028 787 4096 842 et
4157 777 4311 844 licet
4371 780 4604 845 coelum
4655 795 4795 851 terra
4892 805 4893 836 ι

2957 861 3333 939 misceatur,
3377 872 3444 926 et
3472 881 3587 927 sus
3629 862 3837 946 deque
3878 864 4103 928 omnia
4143 862 4466 943 ferantur,
4506 885 4714 950 semper
4738 875 4796 936 in·

2958 948 3230 1013 columis
3273 958 3599 1030 appareat.
3687 948 4067 1014 Notandum
4122 948 4331 1033 igitur
4387 949 4581 1029 nobis,
4627 974 4682 1017 ιιι
4720 955 4796 1023 lm
4892 983 4893 1014 ι

2955 1029 3239 1097 Davidis
3281 1035 3592 1098 unctione
3631 1032 3850 1099 Deum
3894 1034 4297 1118 patefecisse,
4340 1034 4540 1102 Saule
4576 1038 4699 1103 licet
4729 1063 4798 1107 ex·

2956 1128 3289 1183 auctorato
3342 1133 3409 1183 et
3627 1139 3667 1185 o
3726 1121 3934 1204 pulso,
3998 1123 4387 1204 promissam
4448 1137 4641 1188 tamen
4674 1146 4797 1192 sum

2953 1204 3236 1287 gratiam
3279 1215 3349 1269 et
3405 1215 3537 1269 tam
3591 1206 3654 1270 'u
3714 1213 4177 1288 exspectatam,
4241 1208 4512 1272 minime
4547 1208 4799 1277 abolitam:
4892 1273 4893 1284 ,

2953 1290 3283 1366 nimirum,
3343 1290 3479 1354 fore
3523 1303 3602 1355 ut
3642 1303 3845 1374 caput
3884 1292 4127 1375 populo
4171 1294 4646 1379 praeficeretur,
4686 1299 4799 1380 quod

2951 1374 3242 1439 divinam
3297 1376 3705 1441 maiestatem
3760 1388 4302 1460 repraesentaret,
4355 1393 4426 1444 et
4479 1381 4547 1444 in
4593 1386 4801 1448 omnium

2944 1460 3227 1611 {glutem
3270 1458 3548 1541 cederet,
3590 1482 3794 1544 usque
3835 1461 3919 1528 ad
3940 1462 4213 1528 Domini
4234 1465 4442 1529 nostri
4463 1464 4603 1531 lesu
4628 1469 4800 1533 Christi
4892 1505 4893 1520 κ

3033 1558 3319 1612 ventum.
4892 1553 4893 1596 ³

3119 1629 3252 1698 Sed
3316 1633 3842 1717 quandoquidem
3907 1634 4167 1715 singula
4224 1655 4356 1700 non
4422 1653 4673 1721 possunt
4727 1639 4803 1704 hot
4892 1643 4893 1678 ¹

2945 1729 3279 1783 momento
3344 1719 3680 1804 sigillatim
3746 1718 4093 1803 explicari,
4172 1723 4348 1806 agite
4412 1743 4599 1805 quem
4653 1739 4801 1790 textu

2947 1802 3234 1868 ostendit
3274 1804 3573 1870 ordinem
3615 1825 3983 1888 sequamur.
4074 1804 4161 1871 In
4203 1808 4438 1898 primis
4479 1807 4803 1893 obiurgatus

2945 1908 2987 1952 a
3028 1888 3172 1954 Deo
3216 1886 3594 1955 Samuelem
3636 1889 3940 1955 videmus
3984 1893 4157 1975 quod
4202 1892 4473 1959 Saulem
4514 1894 4803 1961 indesinen-

2945 1986 3044 2038 ter
3086 1973 3361 2058 lugeret.
3446 1975 3580 2041 Hic
3623 1996 3778 2042 vero
3822 1977 4056 2056 luctus,
4118 1990 4196 2042 ut
4236 1977 4382 2044 heri
4428 1980 4741 2062 docuimus,
4781 2003 4806 2046 ι

2942 2059 3264 2144 singulari
3308 2061 3554 2127 virtute
3596 2061 3922 2128 manabat.
4006 2062 4182 2128 Nam
4228 2062 4522 2145 Samuel,
4573 2082 4643 2130 ut
4677 2069 4805 2132 homo

2942 2161 3103 2225 erat,
3146 2151 3311 2227 etnut
3352 2159 3509 2212 suut
3549 2145 3895 2214 hominum
3938 2169 4171 2227 mores,
4216 2153 4538 2233 potuisset
4557 2153 4716 2217 Sauli
4745 2176 4806 2219 ro·

2940 2232 3117 2316 giam
3159 2232 3545 2315 dignitatem
3590 2233 3920 2301 invidere:
3964 2236 4102 2311 sed,
4163 2249 4238 2301 ut
4287 2250 4578 2320 apparet.
4627 2260 4687 2304 se
4718 2262 4803 2303 non

2941 2319 3251 2399 respexit,
3296 2338 3503 2401 neque
3548 2320 3650 2384 sui
3693 2339 3920 2386 curam
3954 2321 4156 2386 ullam
4192 2321 4449 2398 habuit,
4494 2325 4640 2407 quin
4657 2329 4805 2408 potius

2941 2407 3140 2468 totius
3183 2403 3440 2486 populis
3481 2406 3840 2471 commodis
3882 2421 3946 2472 et
3988 2407 4260 2472 utilitati
4302 2407 4573 2474 studuit.
4650 2411 4806 2491 Qum

2941 2503 3238 2554 metuens
3294 2509 3379 2554 ne
3434 2509 3562 2572 qua
3616 2489 3871 2557 sublato
3912 2490 4116 2559 Saule
4158 2494 4455 2559 confusio
4498 2496 4563 2559 in
4604 2516 4805 2580 reguum

2937 2573 3273 2652 incideret,
3332 2575 3530 2641 flebat
3578 2589 3647 2641 et
3701 2578 4220 2644 lamentabatur:
4286 2582 4400 2662 qui
4458 2602 4611 2646 eane
4663 2584 4805 2648 bonus

2938 2674 3331 2743 sanctusque
3372 2662 3552 2727 zelus
3596 2663 3752 2742 fuit,
3817 2675 3886 2729 et
3927 2666 4070 2729 Deo
4127 2668 4353 2747 procul
4412 2667 4604 2732 dubio
4642 2669 4804 2751 prohn-

2939 2757 3080 2811 tus:
3134 2748 3248 2811 sed
3304 2767 3611 2813 excessus
3664 2753 3735 2814 in
3792 2768 3871 2814 eo
3922 2751 4402 2834 vituperabilis,
4469 2752 4632 2836 quod
4669 2754 4804 2818 flendi

2934 2834 3200 2897 modum
3283 2852 3412 2897 non
3477 2835 3719 2900 fecerit.
3826 2836 4145 2902 Peccasse
4211 2853 4433 2902 tamen
4505 2838 4802 2905 Samuelem

2936 2920 3132 2982 etiam
3179 2919 3412 2983 merito
3457 2920 3602 3003 quis
3646 2919 3902 2998 dixerit,
3947 2922 4102 2987 licet
4142 2942 4276 2988 uon
4312 2924 4650 2992 immodico
4686 2929 4804 2990 luctu

2934 3002 3156 3069 Saulis
3202 3003 3528 3087 repulsam
3575 3005 3947 3091 lugentem:
4002 3010 4174 3090 quod
4217 3010 4444 3076 divino
4500 3010 4727 3076 decreto
4755 3012 4804 3073 do

2934 3086 3155 3155 Saulis
3196 3092 3546 3155 reiectione
3602 3094 3744 3157 sine
3801 3097 4315 3161 contradictione
4374 3108 4445 3161 et
4500 3097 4803 3180 simplicite

2933 3178 3341 3258 acquiescere
3407 3177 3623 3259 ipsum
3689 3193 4037 3262 oporteret,
4113 3193 4182 3245 et
4241 3201 4377 3246 non
4448 3195 4689 3247 tantum
4736 3203 4803 3247 ιο-

2929 3264 3259 3344 quiescere
3297 3259 3431 3326 Dei
3473 3265 3815 3344 voluntati,
3882 3267 3993 3330 sed
4054 3266 4285 3331 eadem
4349 3270 4550 3333 etiam
4606 3271 4801 3334 lactan:

2928 3346 3252 3430 quomodo
3317 3367 3438 3412 nos
3501 3351 3698 3414 etiam
3764 3350 4036 3418 Domini
4103 3373 4339 3418 nomen
4424 3357 4497 3419 in
4574 3357 4805 3420 omnibu

2926 3433 3135 3517 ipsius
3177 3432 3482 3516 operibus
3541 3436 3727 3501 decet
3774 3437 4167 3504 benedicere.
4258 3438 4467 3505 Flens
4518 3441 4710 3523 itaque
4742 3441 4803 3501 lu·

2928 3539 3217 3668 gtensqute
3259 3517 3532 3669 gamuel
3576 3522 3841 3671 vlildetur
3882 3526 4100 3606 aliquo
4142 3524 4336 3589 modo
4378 3524 4530 3591 Deo
4572 3525 4803 3675 religasti

2925 3626 2960 3668 e
3034 3626 3255 3670 conra
3327 3626 3362 3671 c
3402 3626 3475 3670 re
3536 3626 3616 3671 ve
3668 3628 3737 3673 e:
3798 3629 4011 3691 neque
4062 3630 4140 3675 eo
4199 3631 4414 3694 usque
4460 3633 4638 3696 posse
4706 3629 4800 3675 eae

2925 3706 2992 3754 et
3058 3689 3412 3770 humiliari,
3480 3705 3550 3756 ut
3611 3694 3782 3776 quod
3823 3696 4009 3762 Deus
4072 3696 4223 3761 fecit
4287 3699 4618 3781 approbet.
4674 3700 4801 3778 eiqm

2924 3778 3308 3842 consentiat.
3355 3776 3547 3857 Quod
3593 3781 3874 3862 primum
3921 3783 4071 3846 fidei
4116 3782 4518 3850 christianae
4552 3795 4799 3867 repugnat

2924 3883 3005 3927 ex
3051 3862 3401 3927 diametro:
3445 3862 3679 3931 deinde
3725 3869 4156 3933 miserrimam
4201 3869 4347 3934 eius
4391 3870 4666 3936 hominis
4698 3888 4800 3934 con·

2923 3947 3232 4013 ditionem
3277 3968 3420 4014 esse
3463 3970 3727 4017 necesse
3783 3963 3902 4029 est,
3958 3954 4129 4037 quod
4187 3957 4490 4021 mortalis
4539 3954 4796 4021 aumriuti

2920 4032 3051 4098 Dei
3094 4034 3327 4101 subiici
3372 4056 3499 4099 non
3547 4041 3766 4119 possit.
3811 4059 4024 4121 neque
4065 4041 4339 4122 probare
4384 4041 4563 4124 quod
4602 4043 4709 4125 ipsi
4740 4037 4795 4101 ri·

2919 4140 3066 4185 sum
3127 4134 3246 4200 est,
3305 4141 3423 4186 nec
3481 4123 3623 4187 eius
3682 4122 4015 4190 decretum
4075 4139 4145 4191 ut
4202 4127 4453 4191 bonum
4510 4139 4577 4192 et
4613 4129 4793 4192 iustum

2921 4225 3271 4289 agnoscere
3314 4219 3382 4271 et
3423 4206 3786 4276 admittere.
3875 4211 3980 4276 En
4027 4226 4102 4277 ut
4142 4214 4355 4295 prima
4402 4215 4611 4278 fronte
4648 4207 4793 4274 videri

2918 4293 3123 4376 possit
3188 4292 3459 4358 Samuel
3523 4293 3760 4379 lugens
3827 4295 4042 4362 Deum
4109 4296 4483 4363 offendisse.
4563 4297 4680 4365 Sed
4724 4295 4793 4358 hi:

2919 4375 3418 4452 observandum.
3478 4400 3665 4462 posse
3721 4383 3983 4464 quidem
4043 4403 4521 4467 nonnunquam
4564 4383 4789 4449 homine

2916 4463 3324 4546 passionibus
3369 4464 3609 4548 abripi,
3671 4488 3799 4531 non
3858 4467 4117 4549 quidem
4162 4470 4287 4534 Dei
4331 4470 4653 4536 voluntati
4685 4488 4787 4533 eon·

2914 4550 3137 4615 trariis
3201 4560 3265 4612 et
3322 4553 3856 4635 repugnantibus,
3921 4553 4036 4618 sed
4104 4575 4231 4619 non
4301 4567 4527 4621 tamen
4588 4554 4785 4620 omnino

2911 4636 3478 4703 consentientibus.
3530 4637 3855 4721 Exempla
3887 4644 4048 4704 satis
4084 4642 4453 4723 frequentia
4490 4642 4651 4707 vitae
4681 4656 4784 4703 not·

2912 4732 3053 4786 trac
3106 4721 3502 4788 curriculum
3566 4722 3749 4789 nobis
3809 4724 4198 4808 suppeditat.
4289 4725 4537 4804 Veluti,
4589 4727 4637 4791 si
4683 4723 4783 4805 quit

2913 4828 3218 4885 uxorem,
3276 4809 3378 4872 vel
3439 4809 3705 4882 liberos,
3769 4812 3872 4875 vel
3932 4827 4236 4893 parentes
4291 4811 4562 4893 habeat,
4608 4809 4781 4894 quibu

2909 4895 3265 4976 longiorem
3301 4893 3503 4958 vitam
3541 4905 3738 4977 optet,
3786 4895 4073 4962 naturali
4104 4898 4319 4979 στοργῇ
4346 4899 4435 4964 ad
4457 4894 4779 4963 huncaffeo·

2907 4991 3049 5046 tum
3091 4978 3482 5063 impellitur,
3540 4993 3608 5044 et
3647 4980 3861 5047 officio
3904 5003 4024 5048 suo
4065 4984 4398 5067 fungitur,
4456 5004 4531 5051 ac
4570 4977 4777 5069 proinde

2906 5077 3085 5132 reeta
3140 5081 3207 5130 et
3265 5066 3580 5131 naturalis
3638 5067 3751 5131 illa
3807 5068 4062 5134 affectio
4119 5068 4470 5136 laudabilis
4510 5085 4619 5136 est.
4692 5065 4775 5126 Vv-

2905 5173 3051 5217 rum
3106 5167 3321 5217 tamen
3383 5151 3524 5217 Deo
3591 5151 3782 5218 aliter
3852 5153 4205 5232 videbitur,
4264 5167 4334 5221 et
4396 5157 4500 5220 vel
4555 5163 4773 5239 parent&

2903 5237 3011 5304 vel
3070 5257 3289 5315 uxore,
3352 5237 3457 5304 vel
3508 5236 3729 5305 liberis
3785 5239 4014 5306 orbare
4053 5239 4245 5307 illum
4299 5241 4517 5307 volet.-
4560 5254 4769 5324 quemn
