5059 6059
788 356 912 420 707

791 560 1022 615 tamen
1080 567 1215 611 non
1274 555 1374 610 est
1432 564 1623 610 mens
1677 545 1962 611 sincera.
2037 548 2566 631 quandoquidem
2627 550 2737 614 alii

795 633 1151 699 ambitione
1195 630 1499 715 quadam,
1547 631 1664 696 alii
1710 652 1863 697 vero
1907 631 2163 697 fervore
2208 634 2428 715 aliquo
2491 635 2736 701 ducan-

795 729 939 786 tur:
1003 740 1209 802 quum
1256 729 1475 783 tamen
1519 717 1740 783 nullae
1783 717 1917 782 sint
1961 719 2030 782 in
2075 720 2236 801 ipsis
2279 721 2475 785 vivae
2519 723 2739 805 cogni·

792 806 996 872 tionis
1041 805 1302 871 divinae
1348 801 1619 870 radices.
1666 802 1857 868 Istud
1903 814 2215 869 testatum
2265 806 2422 872 facit
2460 808 2740 872 aliorum

790 892 1091 969 avaritia,
1117 891 1393 956 aliorum
1419 890 1709 966 ambitio,
1733 890 2007 954 aliorum
2046 890 2374 956 vindictae
2395 893 2740 975 cupiditas,

788 977 969 1044 unde
1030 979 1267 1043 merito
1326 987 1619 1041 metuere
1664 996 2012 1059 possumus
2070 976 2466 1042 horrendam
2512 979 2738 1043 confu-

790 1065 1045 1131 sionem
1067 1065 1123 1128 si
1159 1082 1418 1128 summo
1453 1064 1593 1126 iure
1618 1062 1955 1126 nobiscum
1978 1062 2163 1126 Deus
2193 1076 2439 1146 ageret.
2487 1064 2736 1143 Quam·

790 1151 1018 1217 obrem
1041 1169 1242 1232 quum
1266 1148 1429 1213 haec
1463 1149 1556 1212 ita
1578 1148 1729 1221 sint,
1774 1147 2150 1213 ardentibus
2195 1149 2494 1231 precibus
2516 1150 2737 1215 Deum

790 1238 1195 1319 invocemus,
1256 1244 1328 1298 ut
1384 1255 1501 1317 pro
1560 1254 1682 1299 sua
1727 1232 2076 1298 clementia
2133 1233 2418 1301 defectus
2478 1244 2737 1301 nostros

789 1331 857 1388 et
915 1329 1179 1405 peccata
1234 1320 1509 1402 sepeliat
1580 1322 2069 1401 rationemque,
2145 1319 2330 1386 nobis
2388 1322 2740 1404 patefaciat

790 1407 1159 1475 istiusmodi
1206 1405 1591 1490 pollutiones
1639 1404 1929 1485 tollendi,
1974 1414 2047 1470 ut
2069 1427 2286 1472 coram
2332 1408 2538 1490 ipsius
2571 1408 2738 1474 facie

794 1494 947 1577 puri
991 1501 1057 1557 et
1100 1493 1502 1557 immaculati
1546 1493 1971 1572 reperiamus,
2031 1502 2096 1556 et
2154 1490 2467 1575 quidquid
2515 1494 2601 1558 sit
2644 1494 2738 1559 ita

793 1580 1078 1664 benigne
1125 1580 1293 1643 ferat
1336 1587 1591 1643 nostras
1638 1576 2061 1643 infirmitates
2098 1600 2181 1642 ne
2224 1578 2736 1644 istiusmodiho·

793 1667 1045 1731 minum
1088 1665 1282 1748 culpa
1325 1662 1650 1746 evangelii
1695 1682 1891 1727 causa
1936 1664 2362 1744 periclitetur.

966 1751 1317 1816 Caeterum
1366 1747 1582 1814 David
1637 1750 1794 1812 istos
1849 1749 2090 1815 milites
2147 1751 2306 1817 satis
2364 1750 2597 1815 leviter
2644 1770 2742 1815 re·

793 1836 1164 1922 prehendit,
1224 1835 1393 1917 quod
1455 1856 1588 1899 non
1639 1845 1896 1898 tantum
1957 1836 2233 1902 istorum
2279 1836 2736 1901 seditiosorum

794 1925 1116 1989 rationem
1166 1921 1435 1986 haberet
1477 1923 1611 2002 qui·
1636 1920 1940 2002 praedam
1986 1921 2176 1986 sociis
2222 1925 2474 2004 eripere
2519 1922 2740 2006 cupie-

794 2010 972 2089 bant,
1019 2008 1133 2074 sed
1178 2008 1377 2072 etiam
1423 2006 1696 2071 aliorum
1737 2026 1897 2087 quos
1941 2005 2276 2073 lacessitos
2320 2008 2581 2091 placare
2626 2030 2737 2073 vo-

791 2095 940 2161 luit.
1008 2094 1179 2160 Nam
1227 2094 1348 2158 etsi
1394 2114 1546 2176 pars
1593 2102 1846 2156 tantum
1894 2093 2221 2158 exercitus
2266 2093 2434 2158 hanc
2477 2113 2739 2159 causam

791 2191 1036 2267 ageret,
1082 2179 1443 2245 verendum
1469 2190 1688 2243 tamen
1713 2186 1857 2243 erat
1880 2200 1962 2242 ne
1987 2180 2096 2244 alii
2132 2191 2739 2278 corrumperentur:

791 2265 1337 2349 quemadmodum
1384 2286 1577 2348 saepe
1623 2264 1966 2346 contingit,
2012 2274 2087 2329 ut
2129 2265 2195 2329 in
2241 2285 2483 2349 magna
2528 2265 2740 2330 homi·

792 2373 954 2417 num
1009 2351 1433 2417 multitudine
1488 2349 1880 2414 labefactata
1951 2349 2230 2450 quadam
2295 2362 2479 2433 parte
2538 2360 2604 2416 et
2659 2351 2741 2416 ab

792 2438 1118 2522 aequitate
1177 2436 1519 2502 recedente
1577 2435 1765 2499 multi
1827 2445 2070 2501 temere
2128 2438 2195 2501 in
2259 2436 2430 2502 hanc
2487 2444 2742 2519 partem

792 2531 1167 2601 transeant,
1243 2531 1311 2586 et
1366 2522 1538 2586 idem
1597 2520 1730 2584 illis
1787 2523 2127 2607 contingat
2190 2522 2359 2605 quod
2420 2523 2510 2587 lui
2575 2543 2740 2607 quae

790 2609 988 2693 longe
1050 2608 1309 2690 lateque
1368 2615 1700 2672 momento
1759 2608 1982 2689 serpit.
2083 2609 2303 2675 David
2347 2608 2551 2693 igitur
2608 2631 2736 2674 non

793 2703 1057 2761 tantum
1103 2693 1496 2792 redarguere
1554 2711 1667 2757 eos
1711 2692 1822 2774 qui
1864 2693 2144 2777 improbi
2205 2696 2473 2761 fuerunt
2517 2694 2738 2773 voluit,

791 2780 908 2847 sed
951 2780 1188 2845 metuit
1225 2800 1307 2844 ne
1347 2777 1495 2843 alii
1480 2800 1549 2841 ιιι
1586 2779 1874 2860 ipsorum
1914 2782 2313 2845 sententiam
2340 2780 2737 2845 transirent.

791 2875 861 2932 et
904 2866 1028 2932 hac
1072 2866 1328 2929 ratione
1373 2865 1597 2928 miseri
1654 2864 1770 2941 illi,
1831 2867 1946 2947 qui
2003 2888 2084 2931 ex
2147 2867 2615 2969 defatigatione
2657 2865 2740 2930 ad

787 2963 1151 3019 torrentem
1174 2950 1644 3016 substiterant
1627 2972 1695 3013 ιιι
1720 2949 2226 3053 impedimentis,
2274 2954 2415 3018 iure
2451 2973 2570 3018 suo
2605 2954 2737 3035 pri-

792 3045 1133 3116 varentur,
1180 3037 1312 3102 illis
1356 3056 1544 3101 suam
1590 3037 1962 3119 opinionem
2008 3040 2076 3105 vi
2107 3039 2462 3104 tuentibus.
2544 3038 2740 3103 Hanc

790 3126 995 3227 igitur
1037 3125 1120 3189 ob
1165 3143 1425 3189 causam
1471 3121 1692 3186 David
1755 3142 1865 3188 eos
1924 3133 2058 3189 tam
2108 3123 2343 3190 blande
2385 3124 2738 3208 compella-

790 3213 921 3276 vit.
984 3219 1443 3293 praeterquam
1501 3207 1675 3290 quod
1722 3229 1852 3273 non
1898 3209 2241 3276 habebat
2221 3232 2291 3274 ιιι
2337 3209 2512 3292 ipsos
2558 3220 2740 3294 pote-

790 3305 1051 3372 statem,
1113 3295 1240 3361 nisi
1286 3302 1613 3376 quatenus
1657 3305 1888 3377 sponte
1934 3317 2075 3362 sese
2119 3297 2242 3378 ipsi
2288 3295 2740 3361 subiiciebant.

789 3383 965 3448 Nam
1010 3388 1153 3446 erat
1197 3380 1463 3463 quidem
1487 3378 1709 3444 David
1748 3390 1822 3444 ut
1866 3391 2020 3446 ante
2056 3381 2194 3446 dixi
2232 3403 2349 3447 rex
2384 3374 2740 3466 legitimus,

794 3468 907 3533 sed
953 3478 1174 3532 tamen
1237 3474 1391 3531 ante
1436 3463 1661 3530 Saulis
1723 3464 1977 3532 obitum
2036 3469 2286 3552 regiam
2347 3478 2741 3550 potestatem

791 3576 926 3619 ιιοιι
973 3552 1326 3631 obtinebat,
1368 3549 1647 3652 ideoque
1694 3551 1959 3617 iubendi
2007 3562 2396 3636 potestatem
2442 3574 2573 3618 non
2625 3555 2742 3619 ha-

793 3638 1009 3704 bebat.
1097 3637 1351 3705 Amicis
1407 3637 1615 3720 igitur
1674 3647 1743 3701 et
1801 3637 2059 3704 blandis
2121 3638 2340 3704 verbis
2398 3640 2468 3704 in
2528 3639 2744 3705 officio

796 3724 1081 3790 retinere
1127 3722 1348 3790 debuit
1409 3743 1575 3804 quos
1632 3725 1981 3789 autoritate
2036 3724 2269 3790 iudicis
2314 3743 2446 3790 non
2506 3725 2742 3809 potuit.

797 3811 1010 3876 Porro
1058 3809 1311 3874 duabus
1345 3807 1711 3874 rationibus
1759 3810 1978 3876 David
2002 3810 2167 3876 illos
2175 3810 2412 3895 arguit,
2461 3831 2745 3893 quarum

798 3896 1017 3995 prima
1061 3902 1183 3978 est,
1228 3897 1524 3979 ingratos
1569 3915 1729 3979 erga
1750 3895 1970 3961 Deum
2012 3896 2153 3962 fore
2184 3896 2241 3961 si
2277 3896 2399 3962 soli
2437 3896 2747 3979 praedam

799 3982 1131 4048 retineant
1173 4002 1367 4063 quam
1416 3981 1600 4046 Deus
1644 4002 1766 4047 sua
1825 3982 2255 4049 beneficentia
2298 3982 2527 4047 fecisse
2571 4002 2745 4047 com-

797 4090 1065 4134 munem
1110 4065 1415 4132 omnibus
1452 4067 1633 4131 visus
1665 4076 1784 4132 est.
1845 4069 2016 4133 Nam
2038 4069 2276 4152 quibus
2299 4066 2453 4133 data
2476 4068 2749 4134 victoria

800 4153 945 4222 est?
1009 4175 1170 4219 sane
1214 4151 1461 4219 Davidi
1508 4152 1789 4234 quidem,
1846 4153 1957 4219 sed
2019 4156 2111 4219 ita
2172 4164 2391 4219 tamen
2452 4162 2529 4218 ut
2572 4175 2747 4219 com-

803 4262 1007 4306 mune
1051 4239 1354 4305 omnibus
1411 4237 1592 4303 istud
1650 4249 1820 4304 esset
1875 4239 2281 4318 beneficium,
2339 4239 2747 4324 quandoqui-

806 4326 957 4392 dem
1002 4346 1114 4392 eos
1158 4325 1345 4391 Deus
1391 4324 1693 4390 voluerat
1734 4346 1992 4406 uxores,
2051 4325 2289 4391 liberos
2333 4334 2399 4391 et
2450 4326 2750 4391 fortunas

804 4430 1210 4496 recuperare.
1258 4409 1451 4491 Quod
1476 4409 1866 4476 beneficium
1890 4414 2217 4478 sexcentis
2253 4411 2382 4478 illis
2405 4432 2751 4478 commune

805 4519 1009 4583 quum
1054 4506 1243 4574 esset,
1290 4516 1490 4578 quare
1535 4496 1812 4578 improbi
1856 4495 1952 4561 illi
1997 4499 2117 4563 sibi
2162 4497 2316 4564 solis
2359 4499 2425 4563 id
2461 4498 2751 4564 vindica·

808 4583 1009 4650 bant?
1071 4584 1418 4650 Summam
1477 4583 1682 4667 igitur
1737 4582 2281 4666 ingratitudinem
2330 4605 2488 4668 erga
2530 4583 2750 4650 Deum

806 4673 944 4736 fore
1003 4669 1223 4736 David
1291 4668 1480 4746 dicit,
1539 4670 1596 4732 si
1662 4667 2125 4753 quadringenti
2199 4670 2296 4734 illi
2362 4670 2752 4736 beneficium

809 4756 980 4840 quod
1028 4756 1212 4822 Deus
1257 4756 1327 4819 in
1372 4776 1599 4820 omnes
1644 4754 2012 4820 contulerat
2057 4775 2192 4819 non
2242 4757 2634 4838 permittens
2677 4763 2751 4819 ut

810 4844 1030 4909 hostes
1073 4839 1352 4906 abducta
1394 4840 1638 4924 praeda
1660 4841 2055 4924 potirentur
2100 4839 2275 4905 adse
2311 4842 2484 4907 solos
2529 4842 2750 4906 trahe-

809 4937 977 5008 rent,
1036 4927 1311 5009 ideoque
1357 4928 1553 4991 etiam
1617 4927 1745 5009 ipsi
1790 4926 1937 4992 Deo
1994 4927 2394 4993 resisterent.
2483 4928 2575 4991 Et
2617 4927 2751 4992 iam
2778 4986 2790 5013 >.

808 5023 962 5079 ante
1007 5012 1360 5093 docuimus,
1423 5012 1562 5077 Deo
1615 5012 1999 5079 beneficium
2044 5012 2306 5095 aliquod
2350 5014 2418 5076 in
2463 5013 2750 5096 aliquam

810 5099 1297 5164 multitudinem
1326 5099 1715 5174 conferente,
1761 5099 2056 5183 singulos
2078 5108 2374 5182 oportere
2403 5120 2441 5162 a
2464 5100 2751 5164 maximo

813 5184 896 5250 ad
956 5184 1297 5247 minimum
1354 5186 1419 5247 in
1482 5193 1732 5267 partem
1797 5185 2093 5250 beneficii
2155 5184 2413 5263 venire,
2471 5206 2633 5268 quos
2694 5186 2750 5251 si

811 5270 1009 5352 aliqui
1056 5271 1469 5347 frustrentur,
1531 5280 1600 5333 et
1641 5271 1933 5353 specioso
1977 5270 2192 5353 aliquo
2237 5279 2583 5352 praetextu
2627 5290 2748 5336 suo

2496 356 2908 425 nomm
2953 356 3095 421 cv.
3979 326 3992 339 '
4641 357 4732 422 τοι

2839 548 2981 612 iure
3027 545 3366 625 fraudent,
3425 548 3696 632 perinde
3755 548 3930 614 istud
3989 568 4132 613 esse
4193 567 4268 614 ac
4330 549 4388 612 si
4451 548 4588 631 quis
4625 547 4736 613 Deo

2840 633 2967 716 ipsi
3012 634 3250 716 eripiat
3291 654 3461 717 quae
3516 655 3638 700 sua
3696 633 4152 700 beneficientia
4212 634 4518 717 largitur.
4597 633 4738 698 Hinc

2839 720 3059 801 itaque
3119 720 3449 819 genera-lis
3503 720 3791 785 eruenda
3853 721 4151 785 doctrina
4208 732 4323 797 est,
4387 729 4466 784 ιιι
4506 719 4741 785 Davidis

2839 805 3215 888 exemplum
3258 807 3519 885 imitati,
3565 828 3768 888 quum
3798 805 3978 870 Deus
4003 805 4176 869 dona
4212 828 4332 871 sua
4368 807 4438 870 ιιι
4489 826 4600 870 nos
4617 826 4741 870 con·

2839 890 3084 969 tulerit,
3147 891 3409 956 illorum
3457 857 3702 977 singuli
3747 894 3909 957 fiant
3955 892 4329 976 participes,
4392 904 4459 955 et
4498 893 4590 956 ita
4624 913 4746 957 cum

2839 976 3157 1059 proximis
3201 980 3754 1044 communicemus
3812 999 3896 1043 ne
3958 980 4196 1043 nostris
4240 977 4592 1043 commodis
4634 992 4746 1041 stu·

2840 1063 3126 1143 deamus,
3170 1073 3238 1127 et
3281 1085 3362 1127 ne
3408 1066 3690 1130 avaritia
3733 1085 3853 1129 nos
3897 1064 3979 1129 ab
4016 1065 4227 1129 officio
4263 1064 4616 1129 dimoveat.
4653 1064 4746 1127 sed

2840 1149 2982 1213 Deo
3025 1157 3290 1231 accepta
3346 1150 3660 1214 beneficia
3713 1152 3997 1215 ferentes
4056 1169 4492 1233 agnoscamus
4535 1149 4639 1215 illa
4673 1152 4752 1213 sic

2839 1232 3026 1300 nobis
3068 1237 3432 1314 commissa,
3482 1248 3557 1300 ut
3600 1257 3721 1318 pro
3766 1238 4111 1301 voluntate
4155 1237 4364 1320 ipsius
4399 1256 4479 1301 ea
4522 1235 4749 1318 dispen-

2840 1342 3078 1404 semus,
3123 1330 3192 1384 et
3235 1323 3303 1384 ιιι
3350 1342 3509 1403 quos
3553 1342 3716 1388 usus
3757 1323 4021 1388 iusserit
4064 1324 4486 1405 applicemus.
4557 1321 4756 1385 Altera

2840 1427 2992 1472 vero
3049 1408 3214 1471 ratio
3270 1409 3503 1472 nititur
3544 1408 3835 1473 humano
3880 1407 4132 1481 iudicio,
4191 1428 4391 1495 quum
4450 1408 4576 1471 ait:
4630 1406 4756 1471 Non

2840 1493 3052 1557 audiet
3084 1513 3192 1558 vos
3232 1494 3569 1575 quisquam
3609 1514 3801 1575 super
3842 1514 4126 1559 sermone
4168 1494 4296 1559 hoc.
4358 1493 4611 1574 Quibus
4633 1514 4756 1557 ver·

2843 1579 2939 1643 bis
2997 1578 3279 1659 indicat,
3352 1579 3435 1644 ab
3495 1579 3797 1644 omnibus
3842 1578 3923 1643 ad
3970 1601 4128 1663 quos
4172 1581 4368 1645 istius
4412 1580 4560 1644 facti
4609 1580 4758 1643 fama

2843 1665 3247 1745 pervenisset
3290 1665 3792 1731 condemnatum
3839 1666 3942 1730 iri.
4031 1666 4266 1748 Neque
4323 1688 4480 1730 vero
4541 1667 4759 1729 frustra

2843 1751 3003 1815 haec
3038 1751 3363 1833 scriptura
3391 1772 3576 1817 sacra
3596 1752 4040 1817 monumentis
4067 1752 4373 1816 tradidit:
4419 1750 4758 1815 remedium

2841 1838 3019 1900 enim
3065 1836 3237 1901 istud
3285 1847 3385 1901 est
3428 1838 3746 1921 optimum
3808 1837 4155 1903 adversum
4216 1838 4489 1901 nimiam
4535 1836 4760 1917 cupidi·

2842 1931 3066 2000 tatem,
3109 1931 3186 1985 ut
3205 1923 3418 1987 famae
3438 1943 3597 1988 suae
3629 1923 3900 2005 quisque
3930 1923 4251 1987 rationem
4277 1923 4536 1988 habeat.
4579 1923 4762 2004 Equi·

2843 2006 2989 2072 dem
3028 2009 3236 2072 fateor
3279 2028 3399 2073 nos
3444 2029 3577 2073 non
3609 2009 3733 2074 hac
3763 2009 3904 2074 sola
3937 2009 4192 2074 ratione
4230 2022 4529 2092 oportere
4552 2008 4766 2072 amalo

2842 2093 3189 2171 abstinere,
3247 2094 3772 2177 quandoquidem
3836 2116 3968 2159 non
4027 2094 4271 2160 sufficit
4313 2094 4397 2160 ad
4440 2093 4766 2158 vitandum

2844 2180 3263 2262 opprobrium
3315 2199 3531 2245 coram
3580 2180 3951 2245 hominibus
3995 2181 4158 2246 recti
4223 2181 4506 2263 speciem
4565 2191 4766 2244 osten-

2843 2264 3016 2341 dere,
3076 2286 3295 2331 coram
3341 2267 3484 2331 Deo
3530 2286 3686 2332 vero
3742 2287 4022 2349 pravum
4081 2287 4194 2331 cor
4236 2266 4498 2331 habere.
4591 2265 4768 2329 Multi

2844 2352 3022 2416 enim
3079 2351 3458 2435 hypocritae
3516 2372 3555 2417 a
3597 2352 3770 2417 malo
3827 2351 4159 2417 abstinent
4214 2352 4348 2418 solo
4407 2351 4678 2434 pudoris
4715 2366 4770 2416 et

2847 2437 3276 2503 verecundiae
3320 2448 3519 2517 metu,
3581 2457 3743 2519 quos
3789 2458 3920 2502 non
3963 2437 4112 2503 ideo
4171 2445 4394 2503 tamen
4437 2436 4626 2502 Deus
4675 2457 4772 2520 ap·

2846 2522 3096 2606 probat.
3137 2521 3575 2603 Quamobrem
3601 2544 3731 2588 non
3754 2522 3899 2588 ideo
3918 2544 3958 2586 a
3980 2523 4154 2588 malo
4176 2532 4440 2589 tantum
4454 2524 4772 2588 abstinen-

2847 2609 3002 2673 dum
3049 2620 3167 2688 est,
3225 2618 3300 2674 ut
3342 2630 3560 2675 coram
3606 2609 3990 2674 hominibus
4048 2607 4395 2675 laudemur
4436 2618 4508 2672 et
4550 2608 4775 2674 iudicio

2843 2694 3104 2759 illorum
3143 2695 3596 2794 approbemur,
3642 2696 3758 2760 sed
3798 2695 4048 2761 multae
4087 2695 4252 2760 aliae
4274 2697 4568 2760 rationes
4595 2694 4776 2760 simul

2844 2792 3200 2845 occurrunt
3234 2782 3433 2846 etiam
3464 2779 4001 2847 considerandae.
4046 2781 4219 2846 Nam
4244 2780 4328 2845 ad
4348 2802 4522 2865 quos
4547 2782 4778 2845 factum

2844 2865 3108 2949 aliquod
3153 2886 3284 2931 non
3329 2868 3618 2949 pertinet
3660 2867 3933 2949 aequius
3975 2867 4382 2933 iudicaturos
4407 2887 4555 2932 esse
4598 2865 4682 2932 de
4722 2886 4780 2929 re

2844 2966 3094 3018 certum
3139 2964 3239 3018 est
3280 2973 3473 3035 quam
3519 2972 3630 3019 eos
3688 2954 3800 3035 qui
3861 2951 4277 3036 passionibus
4336 2968 4782 3051 praeoccupati

2844 3046 3002 3103 sunt
3044 3036 3564 3122 quandoquidem
3607 3039 3717 3103 vel
3762 3039 4017 3104 lucrum
4064 3038 4168 3105 vel
4215 3039 4540 3103 damnum
4579 3039 4786 3102 instar

2842 3124 2980 3189 veli
3022 3132 3180 3189 sunt
3222 3145 3348 3207 quo
3386 3132 3817 3189 excaecantur
3858 3123 4029 3190 oculi
4074 3146 4159 3189 ne
4194 3132 4450 3189 rectum
4511 3124 4788 3193 videant.

2845 3220 2911 3275 et
2953 3229 3185 3275 sensus
3232 3231 3312 3275 ne
3355 3212 3606 3275 sincere
3650 3209 3957 3275 iudicent.
4004 3208 4339 3291 Quoniam
4377 3209 4590 3294 igitur
4619 3212 4786 3293 quis·

2843 3317 2971 3379 que
2990 3296 3091 3361 vel
3107 3316 3228 3360 suo
3245 3297 3603 3375 commod0,
3618 3296 3727 3361 vel
3744 3297 3874 3361 alia
3886 3297 4102 3379 aliqua
4117 3297 4372 3361 ratione
4385 3306 4790 3363 excaecatur.

2842 3390 2909 3447 et
2951 3382 3021 3447 in
3061 3402 3179 3446 sua
3222 3402 3419 3447 causa
3463 3402 3654 3447 nemo
3699 3393 3797 3447 est
3842 3403 4092 3465 aequus
4141 3381 4363 3459 index,
4422 3381 4547 3446 sed
4599 3382 4792 3464 plane

2842 3468 3143 3546 caecutit,
3202 3468 3368 3532 alios
3413 3466 3555 3533 dari
3599 3468 3843 3533 iudices
3887 3478 4148 3569 oportet
4191 3467 4303 3551 qni
4363 3466 4516 3532 sine
4559 3468 4796 3533 affectu

2845 3563 2911 3619 et
2951 3555 3252 3636 passione
3295 3552 3605 3619 iudicent.
3649 3554 3798 3620 Hoc
3842 3554 3935 3638 igi
3916 3555 4047 3618 ιιιι·
4068 3553 4295 3619 David
4333 3552 4554 3618 voluit
4601 3574 4802 3636 quum

2845 3639 2972 3705 ait:
3039 3638 3202 3719 Quis
3260 3640 3556 3705 ααεσαῑιεί
3609 3640 3780 3705 vobis
3834 3576 3952 3706 hac
4007 3640 4082 3704 in
4138 3639 4263 3705 re?
4328 3638 4546 3720 Quasi
4618 3640 4804 3737 dina,

2846 3745 3037 3790 nemo
3095 3724 3341 3789 factum
3398 3724 3522 3790 hoc
3582 3724 3891 3801 laudabit,
3956 3733 4027 3789 ut
4097 3727 4253 3792 socii
4335 3727 4555 3791 nostri
4622 3725 4808 3791 vacui

2846 3810 2999 3887 sint,
3049 3830 3168 3875 nos
3211 3831 3371 3876 vero
3413 3811 3655 3894 praeda
3697 3830 3940 3896 magna
3984 3809 4396 3876 ditescamus.
4485 3811 4674 3892 Quis
4717 3813 4808 3877 in·

2847 3917 3041 3979 quam
3077 3896 3323 3962 factum
3360 3895 3536 3962 istud
3562 3918 3694 3962 non
3718 3896 4166 3962 condemnet?
4213 3896 4383 3977 Quis
4427 3918 4574 3962 ιιοιι
4603 3898 4809 3964 hrum

2846 3983 3119 4066 peiores,
3162 3981 3309 4065 quis
3351 4001 3486 4047 non
3534 3982 3704 4082 lupis
3749 3983 4117 4065 rapaciores
4164 3981 4382 4047 dicat?
4459 3982 4524 4047 N
4528 4004 4634 4048 on
4681 3994 4812 4047 tan·

2848 4078 2993 4134 tum
3054 4068 3263 4153 igitur
3314 4067 3563 4152 pudore
3604 4070 3784 4151 ipsos
3827 4069 4120 4135 retinere
4157 4068 4373 4133 voluit
4434 4067 4509 4133 in
4560 4070 4810 4135 officio.

2848 4153 2962 4221 sed
3007 4155 3204 4220 etiam
3248 4175 3330 4220 ex
3375 4153 3614 4220 animis
3648 4155 3944 4236 ipsorum
3980 4174 4176 4220 omne
4212 4153 4722 4237 praeiudicium
4755 4156 4812 4219 ιιι

2848 4262 3046 4308 causa
3090 4260 3210 4305 sua
3253 4240 3499 4306 tollere.
3580 4239 3878 4321 Quisque
3923 4242 4099 4307 enim
4140 4241 4213 4304 in
4254 4259 4465 4305 causa
4511 4264 4654 4307 sua
4697 4240 4812 4306 elo·

2850 4347 3057 4410 quens
3102 4335 3200 4391 est
3244 4334 3309 4390 et
3352 4325 3531 4391 mille
3555 4327 3845 4391 rationes
3867 4327 4147 4391 rimatur
4183 4337 4516 4407 tanquam
4563 4329 4816 4393 ium

2850 4411 3170 4496 probandi
3213 4411 3385 4511 quod
3431 4420 3656 4476 tamen
3701 4412 4187 4494 iniquissimum
4227 4424 4350 4477 est.

3020 4496 3274 4563 Idcirco
3317 4498 3537 4580 itaque
3566 4518 3766 4580 quum
3814 4497 3895 4563 de
3917 4497 4158 4563 damno
4194 4510 4426 4564 nostro
4463 4508 4604 4565 aut.
4651 4500 4816 4565 lum

2851 4584 3069 4669 agitur
3112 4583 3440 4648 abstinere
3498 4603 3616 4649 nos
3659 4603 3699 4647 a
3757 4584 4023 4666 proprio
4067 4582 4311 4650 iudicio
4363 4604 4676 4652 necesse
4719 4601 4816 4651 est.

2851 4682 2916 4735 et
2960 4669 3104 4734 aliis
3127 4669 3364 4736 clarius
3400 4667 3773 4735 videntibus
3815 4669 4135 4734 iudicium
4174 4667 4436 4736 deferre
4481 4680 4562 4737 et
4591 4671 4815 4738 nostris

2850 4755 3191 4821 affectibus
3215 4758 3514 4820 fraenum
3551 4754 4029 4820 coniiciendum
4049 4763 4171 4832 est,
4210 4778 4296 4821 ne
4331 4756 4398 4821 si
4433 4778 4684 4823 eoram
4719 4756 4812 4819 ho-

2849 4841 3137 4907 minibus
3194 4842 3352 4907 iusti
3410 4841 3780 4919 videamur,
3840 4842 4239 4907 conscientia
4296 4854 4544 4908 tamen
4609 4859 4818 4911 eoram

2853 4928 2993 4991 Deo
3052 4926 3301 5009 polluta
3359 4948 3481 4992 nos
3536 4938 3809 5011 arguat:
3869 4937 3947 4993 ut
4005 4948 4139 4992 non
4197 4928 4557 4995 immerito
4611 4922 4816 4996 David

2817 5012 3041 5078 ’nobis
3085 5012 3440 5077 imitandus
3476 5023 3876 5096 proponatur
3914 5013 4174 5078 duabus
4208 5014 4357 5079 istis
4419 5014 4812 5081 rationibus

2852 5098 3075 5162 divino
3119 5109 3277 5181 puta
3319 5099 3575 5177 iudicio,
3631 5099 3867 5164 deinde
3904 5098 4258 5165 hominum
4306 5102 4644 5185 opinione
4687 5118 4816 5165 snos

2852 5184 3095 5249 milites
3137 5184 3207 5248 in
3254 5184 3473 5251 officio
3517 5186 3803 5250 retinere
3845 5194 4144 5251 conatus.
4193 5185 4373 5252 Nam
4420 5188 4616 5254 hanc
4659 5190 4808 5249 viam

2849 5271 3107 5353 sequuti
3144 5291 3481 5354 nunquam
3517 5270 3999 5337 aberrabimus.
4046 5292 4127 5337 ac
4162 5271 4381 5340 licet
4360 5294 4652 5359 lmpune
4691 5290 4812 5355 pec-
