5059 6059
290 228 408 297 573

289 418 434 484 dum
501 418 714 499 ipsum
795 435 938 481 esse
1006 414 1307 480 videmus
1373 413 1643 482 Domini
1724 416 1880 482 Iesu
1958 415 2215 483 Christi

290 505 688 570 imitatorem.
772 502 867 566 Et
922 500 1079 567 alibi
1139 521 1261 566 nos
1318 500 1504 567 iubet
1558 501 1756 568 fidem
1815 502 2020 585 ipsius
2063 503 2215 566 imi-

287 590 434 656 tari:
478 609 557 653 ne
597 589 905 654 aberrent
948 588 1250 652 homines
1273 596 1339 651 et
1373 598 1623 654 temere
1657 587 1855 653 huius
1893 588 1999 653 vel
2034 586 2213 653 illius

286 675 572 758 exempla
613 674 976 739 imitentur.
1022 671 1373 739 Caeterum
1402 695 1608 757 quum
1633 673 2215 741 excellentissimos

283 775 344 828 et
388 760 835 826 sanctissimos
878 759 1009 825 Dei
1064 779 1292 824 servos
1348 762 1783 846 conspicimus
1845 770 1978 825 tam
2024 758 2213 825 facile

284 849 345 912 in
390 846 611 911 multis
655 847 889 930 lapsos,
950 864 1381 928 agnoscamus
1425 867 1543 912 nos
1586 848 1698 929 qui
1740 845 1937 931 longe
1979 865 2211 911 sumus

281 931 634 1016 fragiliores
677 942 979 1015 oportere
1017 931 1264 997 maiore
1298 932 1516 998 studio
1561 932 1703 1010 niti,
1751 953 1839 997 ne
1880 932 1951 996 in
1995 931 2210 997 istius·

278 1017 445 1084 medi
492 1018 654 1083 vitia
696 1017 1084 1101 praecipites
1124 1017 1448 1083 feramur:
1506 1017 1855 1101 Deumque
1899 1018 2069 1083 votis
2113 1038 2215 1082 ar-

280 1104 673 1170 dentioribus
716 1123 1076 1187 precemur,
1120 1113 1197 1167 ut
1240 1123 1356 1169 nos
1397 1115 1624 1170 sancto
1665 1124 1787 1169 suo
1828 1101 2065 1185 spiritu
2110 1123 2212 1167 re-

277 1200 399 1274 gat,
454 1200 523 1255 et
587 1190 660 1254 in
719 1191 965 1255 nostris
1008 1188 1310 1257 cordibus
1344 1201 1605 1255 tantum
1651 1210 1808 1256 suae
1852 1188 2214 1254 maiestatis

274 1278 571 1342 timorem
606 1274 953 1358 insculpat,
999 1284 1076 1341 ut
1096 1294 1323 1342 veram
1346 1278 1413 1341 in
1438 1274 1737 1341 omnibus
1778 1273 2209 1340 obedientiam

272 1362 392 1444 ipsi
432 1363 886 1511 Eraebeamus,
947 1382 1032 1427 ne
1084 1362 1152 1426 in
1215 1363 1477 1427 inanem
1533 1361 1859 1445 quandam
1905 1362 2213 1444 pietatem

272 1457 333 1511 et
395 1468 431 1514 c
481 1445 744 1512 ristiani
805 1447 1093 1513 nominis
1152 1447 1402 1513 larvam
1472 1469 1629 1531 prae
1688 1446 1873 1513 nobis
1930 1446 2214 1513 ferentes

266 1532 636 1612 efferamur,
695 1543 765 1598 et
822 1535 891 1598 in
948 1542 1250 1599 nostrum
1307 1534 1584 1599 exitium
1640 1540 1777 1597 tam
1837 1532 2213 1598 venerando

266 1618 451 1684 titulo
512 1617 896 1685 abutamur:
956 1619 1068 1685 sed
1128 1620 1351 1702 potins
1392 1621 1464 1684 in
1521 1622 1756 1685 timore
1799 1629 1869 1683 et
1903 1618 2212 1702 simplici-

266 1713 394 1770 tate
437 1704 512 1769 in
562 1716 790 1771 nostra
849 1706 1128 1788 quisque
1173 1707 1513 1773 vocatione
1555 1704 1951 1785 incedamus,
2010 1704 2215 1770 donec

264 1789 452 1940 glane
508 1790 721 1875 ipsius
778 1791 1033 1856 iustitia
1097 1791 1482 1870 induamur,
1550 1790 1633 1856 ad
1694 1808 1891 1874 quam
1949 1801 2215 1856 conten·

311 1897 502 1943 imus.

424 1960 577 2028 Iam
623 1984 781 2029 vero
824 1964 1018 2047 agite,
1061 1967 1167 2030 eto.

812 2392 1311 2476 HOMILIA
1358 2393 1635 2476 XCIII
1642 2441 1657 2458 ·

980 2527 1180 2594 OAP.
1226 2527 1492 2595 xxvl.

421 2734 480 2802 1.
532 2734 631 2800 Et
668 2739 968 2800 venerunt
1013 2733 1286 2816 ziphaei
1340 2735 1429 2801 od
1485 2733 1647 2802 Saul
1688 2737 1759 2802 in
1806 2734 2052 2814 Gaboo,
2106 2736 2205 2802 do·-

245 2825 478 2887 cemos.-
539 2819 707 2887 Esoe
748 2819 971 2886 David
1011 2820 1410 2888 absconditus
1465 2826 1554 2887 est
1603 2823 1673 2887 in
1709 2821 1862 2888 colle
1904 2820 2206 2901 Hochila,

243 2908 353 2987 qui
388 2912 486 2974 est
527 2926 615 2973 ex
656 2907 917 2972 adverso
958 2905 1339 2974 solitudinis,
1430 2908 1491 2974 2.
1551 2907 1642 2972 Et
1697 2910 1978 2973 surrexit
2024 2906 2205 2983 Saul,

240 2993 660 3060 &descendit
713 2992 786 3057 in
841 2992 1152 3058 desertum
1199 2992 2206 3076 Ziph,etcumeou·iomillia

239 3079 533 3145 virorum
581 3079 660 3145 de
715 3076 916 3144 electis
961 3078 1188 3158 Israel,
1242 3084 1317 3142 ut
1352 3085 1668 3163 quaereret
1725 3079 1947 3147 David
1986 3081 2058 3145 in
2100 3081 2206 3146 de·-

236 3164 652 3248 sertoZiph.
740 3163 801 3230 3.
864 3162 1468 3231 Etmmametatus
1521 3164 2204 3232 catsauzinaabaa

238 3249 551 3333 flachan,
600 3269 763 3332 quae
806 3254 943 3316 erat
982 3270 1062 3315 ex
1097 3252 1358 3317 adverso
1391 3252 1753 3317 solitudinis
1792 3255 1863 3319 in
1884 3253 1991 3317 via
2006 3277 2026 3318 .-
2067 3251 2204 3317 Da-

234 3338 617 3404 viduatam
672 3335 989 3401 habitabat
1042 3337 1412 3402 indeseno.
1514 3337 2205 3420 Vidmammquod

234 3425 514 3490 venisset
564 3421 729 3488 Saul
774 3427 927 3503 post
966 3442 1034 3487 se
1073 3425 1146 3487 in
1187 3424 1516 3504 desertum,
1575 3424 1636 3489 4.
1684 3424 1878 3491 msa
1916 3424 2206 3507 explora-

228 3514 412 3589 tores,
460 3514 524 3575 et
572 3509 802 3575 didicit
844 3508 1009 3590 quod
1049 3510 1315 3574 venisset
1361 3511 1718 3575 certissime.
1808 3512 1869 3577 5.
1931 3509 2022 3575 Et
2060 3529 2203 3575 sur·

227 3597 399 3661 rexit
443 3595 704 3672 David,
751 3598 807 3659 et
846 3592 1017 3658 taz-nit
1058 3593 1147 3659 ad
1188 3594 1388 3659 locum
1428 3594 1539 3659 ubi
1580 3601 1716 3660 erat
1750 3595 1943 3662 Saul.-
1984 3617 2204 3679 quum-

224 3702 348 3764 que
390 3683 674 3748 vidisset
731 3680 929 3746 locum
984 3681 1057 3745 in
1113 3700 1234 3762 quo
1276 3680 1618 3745 definiebat
1661 3680 1841 3766 Saul,
1894 3686 1949 3747 et
1990 3681 2207 3748 Abner

223 3767 412 3849 fibius
478 3766 663 3849 Ner,
736 3768 1033 3847 princeps
1103 3765 1373 3830 miiitiae
1437 3767 1577 3831 eius
1642 3772 1699 3832 et
1753 3765 2011 3833 Saulem
2067 3769 2208 3834 dor-

222 3854 528 3921 mientem
582 3853 656 3916 in
699 3851 974 3931 tentorio,
1018 3856 1075 3915 et
1115 3850 1431 3933 reliquum
1465 3851 1688 3935 vulyus
1718 3873 1845 3935 per
1877 3854 2206 3920 circuitum

223 3942 385 4021 eius,
433 3941 502 4006 6.
555 3936 685 4002 Ait
726 3937 952 4003 Dav-id
993 3937 1081 4004 ad
1123 3935 1514 4004 thimeleoh
1558 3937 1909 4004 Hsthaeum
1951 3945 2007 4004 et
2046 3939 2204 4005 Abi-

222 4028 331 4093 soi
368 4025 610 4109 filium
636 4020 930 4101 Seruios,
964 4024 1232 4105 fratrem
1255 4022 1430 4104 Ioab,
1473 4025 1686 4089 diosus
1699 4049 1721 4089 .-
1769 4025 1927 4106 Θαίς
1958 4026 2206 4091 dsscen-

227 4114 327 4180 ἀεί
369 4130 637 4179 meorum
680 4110 767 4173 ad
812 4107 973 4174 Saul
1013 4110 1085 4175 in
1124 4110 1384 4175 castro?
1426 4110 1738 4193 Dixitque
1758 4110 2021 4177 Abisai:
2066 4111 2207 4197 Eyo

228 4200 631 4266 descendam
672 4200 888 4261 tecum

419 4368 750 4435 Redeunt
827 4366 1013 4432 nobis
1071 4367 1138 4430 in
1201 4365 1324 4432 hac
1376 4365 1652 4433 historia
1697 4369 2207 4435 considerandae

227 4457 471 4523 variae
522 4455 930 4521 tentationes
970 4463 1040 4517 et
1087 4452 1266 4516 varia
1313 4451 1694 4518 discrimina
1728 4455 1964 4537 quibus
1991 4455 2208 4521 David

224 4552 613 4626 antequam
674 4540 758 4605 ad
812 4558 1092 4605 coronae
1148 4539 1615 4620 possessionem
1675 4542 1934 4607 veniret
1987 4544 2209 4626 exagi-

226 4642 420 4696 tatus
467 4637 617 4693 est:
675 4645 802 4710 quo
845 4622 1105 4708 quidem
1156 4625 1350 4688 etiam
1398 4634 1693 4709 tempore
1736 4647 1872 4693 non
1907 4627 2038 4693 fuit
2081 4648 2209 4693 un-

224 4717 595 4799 dequaque
660 4714 917 4796 quietus
936 4762 950 4788 ,
1024 4709 1137 4775 sed
1202 4709 1541 4775 meliorem
1612 4720 1832 4777 tamen
1899 4724 2211 4797 expertus

220 4799 699 4870 conditionem
744 4818 941 4881 quam
986 4807 1196 4873 antea,
1255 4795 1428 4877 quod
1473 4819 1602 4860 non
1654 4797 1816 4863 adeo
1858 4800 2210 4865 crudeliter

222 4889 605 4954 hominum
626 4884 959 4949 consortio
981 4882 1214 4966 pulsus
1243 4882 1459 4948 fuerit.
1503 4883 1952 4949 Nihilominus
1988 4896 2205 4950 tamen

222 4996 388 5042 eum
414 4973 624 5038 Deus
661 4970 867 5037 variis
910 4968 1120 5034 modis
1156 4988 1462 5033 exercere
1492 4967 1720 5046 voluit,
1767 4968 1971 5035 donec
2014 4971 2211 5053 plane

222 5063 469 5128 hostes
510 5057 730 5140 ipsius
763 5055 1074 5121 exstincti
1112 5062 1352 5119 essent.
1397 5052 1551 5136 Ipse
1580 5075 1742 5125 xero
1777 5054 2096 5138 quomodo
2138 5078 2210 5121 se

222 5150 296 5216 in
364 5144 594 5213 tantis
657 5141 1146 5208 difficultatibus
1204 5143 1482 5223 gesserit
1535 5142 2040 5219 observandum,
2095 5162 2209 5206 ex-

1536 226 1635 291 IN
1681 223 1740 289 Ι.
1785 224 1965 292 ῘιΙΒ.
2010 226 2416 293 SAMUEL.
2463 226 2664 293 CAP.
2706 227 2973 294 XXVI.

4123 230 4255 296 574

2319 424 2625 499 spectans
2687 418 3243 501 opportunitatem
3308 418 3559 503 regiam
3626 417 4012 499 dignitatem
4074 437 4267 487 occu·

2363 500 2538 579 andi,
2585 520 2779 583 quam
2804 501 2988 569 Dens
3024 504 3421 584 decreverat,
3468 514 3535 571 et
3567 504 3734 570 nihil
3758 505 4076 571 adversus
4097 504 4267 571 Sau-

2344 607 2446 652 em
2495 588 2781 667 molitus,
2826 610 2969 655 sese
3012 589 3329 656 adversus
3371 591 3551 656 illius
3574 592 3708 659 vim
3747 591 4096 659 defendere
4117 611 4268 656 con·

2315 681 2559 738 tentus.

2488 758 2618 824 Hic
2703 759 2910 844 igitur
2990 761 3060 825 in
3141 761 3373 843 primis
3452 760 3615 827 illud
3693 764 4006 842 occurrit,
4087 762 4263 846 quod

2315 843 2590 926 Ziphaei
2637 845 2891 911 venisse
2936 847 3246 914 dicuntur
3290 848 3374 912 ad
3420 847 3689 914 Saulem
3736 847 4044 915 Gibham.
4089 849 4264 914 Nam

2318 929 2674 996 verisimile
2720 942 2820 997 est
2859 931 3149 1011 Saulem,
3211 933 3337 999 nisi
3381 933 3824 1019 sollicitatum,
3883 957 4016 1000 non
4059 934 4264 1000 fuisse

2315 1024 2866 1099 persequuturum
2924 1040 3074 1085 eum
3130 1040 3322 1103 quem
3380 1020 3795 1087 innocentem
3852 1032 4263 1104 cognoverat,

2316 1111 2386 1166 et
2427 1103 2535 1167 cui
2579 1105 3024 1169 testimonium
3071 1105 3473 1189 integritatis
3533 1105 3689 1170 dare
3733 1122 3996 1172 coactus
4031 1107 4261 1173 fuerat.

2317 1186 2511 1268 Quod
2578 1191 2753 1252 enim
2811 1188 3141 1256 Davidem
3215 1191 3635 1275 impedierat,
3702 1195 4046 1274 quominus
4112 1213 4264 1258 eum

2316 1271 2595 1350 tolleret,
2638 1295 2841 1356 quum
2886 1279 2953 1341 in
2998 1297 3234 1343 manus
3274 1278 3481 1360 ipsius
3523 1278 3879 1362 incidisset,
3924 1280 4049 1344 nisi
4083 1289 4264 1344 recta

2315 1358 2736 1439 conscientia,
2781 1362 2965 1427 cuius
3009 1363 3149 1445 ipse
3192 1365 3381 1429 testis
3425 1373 3565 1429 erat
3608 1362 3823 1429 Saul?
3871 1364 4061 1431 Licet
4105 1384 4263 1448 erge

2314 1444 2541 1510 furore
2599 1457 2937 1530 ageretur,
3006 1460 3227 1514 tamen
3284 1459 3547 1533 poterat
3598 1448 3926 1516 Davidem
3988 1451 4265 1517 missum

2318 1531 2563 1608 facere,
2632 1532 2891 1598 etiamsi
2945 1552 3075 1598 non
3137 1534 3281 1602 siae
3343 1544 3720 1619 contemptu
3785 1536 3992 1619 ipsius
4055 1538 4264 1603 fieret.

2317 1614 2583 1681 Sciebat
2625 1620 2799 1682 enim
2828 1619 3151 1685 Davidem
3175 1621 3339 1686 nihil
3365 1620 3716 1687 adversum
3752 1641 3823 1687 se
3859 1620 4263 1698 moliturum,

2318 1700 2576 1766 nullum
2635 1701 2879 1769 bellum
2936 1705 3422 1785 suscitaturum,
3483 1705 3597 1772 sed
3654 1709 3839 1772 tenui
3882 1717 3950 1772 et
3991 1707 4265 1792 ignobili

2318 1788 2459 1855 vita
2501 1797 2885 1854 contentum
2947 1790 3106 1870 fore,
3164 1791 3370 1857 donec
3416 1792 3598 1858 Deus
3655 1794 3894 1859 factam
3951 1793 4080 1877 ipsi
4124 1814 4266 1877 pro-

2320 1873 2695 1939 missionem
2742 1874 3163 1958 implevisset.
3205 1877 3456 1943 Verum
3502 1878 3944 1963 eceeZiphaei
3977 1878 4266 1947 secundo

2318 1958 2451 2023 iam
2497 1968 2607 2024 tan
2657 1980 2806 2026 uam
2843 1962 3103 2029 flabella
3144 1964 3421 2047 sopitam
3445 1962 3669 2031 Saulis
3701 1965 4020 2030 malitiam
4065 1966 4266 2031 susci-

2321 2053 2483 2110 tant.
2553 2042 2614 2110 O
2661 2056 2806 2112 erat
2847 2047 2961 2114 ille
3003 2049 3264 2133 quidem
3309 2050 3455 2115 odio
3509 2050 3877 2117 inveterato
3917 2050 4264 2130 Davidem,

2318 2151 2512 2215 quem
2550 2131 2759 2198 modis
2788 2134 3089 2201 omnibns
3110 2136 3514 2203 exstinctum
3539 2136 3859 2221 cupiebat,
3903 2137 4030 2204 etsi
4065 2137 4265 2220 probe

2319 2225 2512 2282 norat
2555 2217 2831 2284 electum
2872 2240 2914 2285 a
2955 2221 3101 2286 Deo
3145 2240 3397 2307 regem:
3442 2231 3898 2288 verumtamen
3936 2243 4262 2306 nusquam

2318 2303 2600 2387 legimus
2662 2304 2744 2369 ab
2787 2305 2933 2390 ipso
2976 2306 3211 2374 missos
3251 2306 3568 2375 satellites
3612 2308 3723 2391 qui
3759 2307 4006 2374 Davidi
4049 2318 4263 2375 strue-

2317 2400 2468 2454 rent
2530 2388 2836 2468 insidias,
2917 2403 3031 2457 ant
3093 2393 3301 2476 ipsius
3367 2395 3538 2461 facta
3602 2393 4039 2477 explorarent.
4128 2392 4262 2462 Sed

2316 2472 2587 2558 ziphaei
2633 2476 2807 2541 ultro
2830 2478 3159 2545 Davidem
3201 2481 3270 2544 in
3316 2501 3437 2547 sna
3481 2481 3749 2564 regione
3792 2479 4107 2549 latentem
4152 2480 4265 2546 de-

2319 2561 2558 2628 ferunt.
2598 2559 2732 2628 Hic
2764 2563 2835 2629 in
2877 2565 3110 2648 primis
3145 2565 3647 2645 observandum,
3691 2586 3731 2630 a
3759 2565 4014 2633 diabolo
4060 2568 4263 2633 susci·

2313 2658 2485 2713 tatos
2539 2657 2860 2732 quotquot
2917 2653 2985 2715 in
3031 2650 3278 2716 Iudaea
3334 2672 3559 2717 servos
3617 2653 3866 2730 habuit,
3923 2661 4001 2717 nt
4053 2652 4261 2736 impe-

2314 2733 2485 2799 diret
2532 2735 2884 2818 quominus
2907 2737 3125 2803 David
3174 2750 3498 2821 regnaret.
3568 2738 3661 2804 Et
3701 2737 4041 2822 oportebat
4082 2738 4261 2804 istud

2310 2821 2379 2885 in
2423 2839 2631 2903 regno
2675 2820 2935 2889 iudaice
2981 2825 3380 2908 contingere,
3423 2822 3594 2906 quod
3630 2835 3774 2888 erat
3816 2825 4031 2907 figura
4071 2825 4261 2908 regni

2308 2904 2582 2972 Domini
2627 2909 2839 2974 nostri
2899 2908 3056 2975 Iesu
3101 2908 3372 2977 Christi.
3459 2908 3613 2974 Non
3659 2909 3865 2992 igitur
3917 2910 4261 2975 inimicum

2310 3013 2513 3057 unum
2577 3004 2696 3059 aut
2742 2993 3022 3061 alterum
3083 2994 3316 3062 habuit
3356 2994 3610 3060 David:
3670 2994 3785 3060 sed
3844 3015 3994 3060 eum
4052 2996 4261 3079 gratis

2307 3078 2611 3158 oderunt,
2655 3080 2771 3164 qui
2817 3080 2899 3146 ab
2941 3082 3083 3165 ipso
3128 3081 3313 3147 nulla
3354 3083 3618 3146 fuerant
3659 3080 3903 3146 iniuria
3925 3080 4030 3146 vel
4074 3101 4259 3148 occa·

2308 3166 2490 3230 sione
2549 3170 2922 3250 provocati,
2980 3179 3046 3233 et
3103 3168 3308 3251 ipsius
3368 3170 3543 3232 vitae
3596 3175 3756 3232 sunt
3811 3166 4123 3243 insidiati,
4182 3179 4261 3232 ut

2306 3250 2774 3333 implereretur
2827 3253 3001 3336 quod
3046 3253 3176 3319 alio
3216 3253 3362 3320 loco
3405 3251 3631 3320 scribit
3671 3251 3756 3318 de
3796 3273 3869 3318 se
3901 3252 4260 3337 propheta:

2314 3336 2548 3403 Gratis
2589 3358 2689 3404 me
2732 3338 3010 3407 oderunt.
3056 3340 3165 3404 Ex
3209 3359 3337 3422 quo
3380 3338 3626 3422 duplex
3661 3338 3917 3404 utilitas
3937 3346 4042 3403 est
4072 3337 4260 3406 nobis

2308 3422 2675 3489 reserenda.
2738 3425 2966 3490 Prima
3011 3446 3094 3491 ne
3135 3427 3242 3490 cui
3284 3425 3509 3490 iniurii
3552 3424 3776 3504 simus,
3819 3432 3886 3488 et
3928 3445 4014 3489 ne
4057 3423 4260 3491 ullam

2308 3509 2721 3576 occasionem
2767 3509 2958 3577 nobis
3001 3511 3335 3578 molestias
3379 3508 3744 3576 facessendi
3799 3509 4260 3593 praebeamus:

2308 3594 2421 3661 sed
2459 3596 2642 3660 omni
2677 3597 2921 3661 iniuria
2955 3605 3024 3662 et
3068 3596 3380 3663 violentia
3420 3596 3850 3677 abstinentes,
3893 3595 4150 3682 integre
4193 3607 4261 3667 et

2310 3684 2566 3748 sincere
2605 3682 2908 3748 vivamus
2963 3702 3113 3748 cum
3171 3682 3468 3768 singulis,
3537 3692 3614 3747 ut
3673 3701 3869 3747 nemo
3928 3685 4137 3765 possit
4177 3683 4260 3749 de

2306 3765 2497 3832 nobis
2551 3768 2787 3833 merito
2840 3769 3171 3853 conqueri,
3229 3781 3296 3834 et
3354 3790 3395 3833 a
3453 3768 3641 3834 nobis
3699 3787 3772 3833 se
3829 3778 4260 3851 provocatum

2310 3851 2546 3919 dicere.
2639 3853 2889 3935 Altera,
2949 3868 3025 3919 ut
3081 3856 3162 3920 iis
3222 3874 3342 3920 nos
3387 3854 3946 3937 persequentibus,
4007 3869 4073 3920 et
4115 3856 4259 3921 sine

2308 3959 2508 4005 causa
2531 3937 2882 4005 adversum
2908 3960 3025 4005 nos
3048 3942 3559 4025 insurgentibus,
3588 3960 3940 4024 necemque
3964 3950 4258 4006 nostram

2308 4025 2795 4108 quaerentibus,
2862 4027 2972 4109 qui
3042 4027 3248 4109 gratis
3307 4036 3374 4091 et
3430 4026 3758 4091 immerito
3816 4026 4110 4099 oderunt,
4171 4047 4256 4091 ne

2310 4130 2557 4176 novum
2602 4120 2669 4176 et
2703 4110 2991 4178 insolens
3032 4111 3099 4176 id
3145 4112 3333 4177 nobis
3372 4111 3687 4193 videatur,
3729 4111 4255 4195 quandoquidem

2311 4196 2483 4261 idem
2534 4196 2776 4262 Davidi
2819 4198 3168 4282 contigisse
3212 4198 3528 4276 videmus,
3574 4199 3683 4281 qui
3726 4199 3940 4279 figura
3984 4195 4256 4262 Domini

2313 4284 2519 4348 nostri
2581 4284 2733 4348 Iesu
2793 4282 3043 4350 Christi
3110 4284 3256 4365 fuit,
3323 4285 3436 4368 qui
3501 4305 3571 4350 se
3629 4283 3815 4349 nobis
3883 4284 4252 4366 exemplum

2311 4368 2700 4435 imitandum
2732 4370 3089 4453 proposuit.
3137 4370 3309 4436 Nam
3332 4371 3593 4455 singula
3628 4368 3938 4434 ecclesiae
3963 4367 4256 4433 membra

2313 4455 2438 4537 ipsi
2472 4463 2732 4537 oportet
2773 4457 3188 4522 conformari.
3236 4456 3516 4522 Interim
3564 4468 3781 4518 tamen
3818 4474 3947 4535 quo
3991 4455 4256 4538 gravio-

2311 4542 2494 4607 ribus
2540 4541 2711 4607 odiis
2753 4562 2874 4607 nos
2919 4544 3222 4609 insectati
3267 4542 3529 4619 fuerint,
3575 4560 3649 4603 eo
3682 4542 3894 4606 maior
3918 4560 4067 4623 spes
4112 4560 4255 4605 esse

2314 4638 2542 4693 nostra
2585 4626 2792 4708 debet,
2837 4628 3056 4693 Deum
3101 4631 3310 4694 nostri
3355 4629 3794 4691 miserturum.
3857 4624 3971 4693 Sic
4013 4626 4253 4704 David,

2312 4735 2389 4779 eo
2432 4734 2629 4796 quem
2667 4712 2951 4779 diximus
2987 4713 3145 4793 loco,
3189 4733 3331 4778 sese
3361 4710 3678 4776 adversus
3712 4712 4108 4777 tentationes
4132 4712 4254 4779 hac

2313 4821 2428 4882 spe
2488 4798 2739 4879 munit,
2807 4800 2946 4865 fore
3012 4799 3321 4863 nimirum
3380 4807 3456 4862 ut
3512 4817 3641 4878 quo
3708 4798 3958 4863 maiora
4014 4798 4254 4863 fuerint

2316 4886 2608 4951 hostium
2665 4885 2872 4969 ipsius
2921 4886 2991 4949 in
3037 4906 3107 4950 se
3150 4883 3315 4961 odia,
3375 4901 3503 4965 quo
3546 4884 3757 4949 maior
3799 4884 4089 4967 ipsorum
4134 4885 4254 4965 vis,

2314 4991 2391 5035 eo
2449 4971 2663 5036 maius
2728 4969 2856 5035 Dei
2911 4970 3227 5035 auxilium
3290 4968 3683 5051 experiatur.
3767 4968 3994 5051 Quare
4039 4969 4256 5036 danda

2314 5056 2529 5121 omnis
2572 5076 2788 5139 opera,
2835 5069 2910 5121 ut
2931 5075 3145 5120 eoram
3177 5055 3316 5119 Deo
3363 5064 3582 5120 rectae
3602 5056 4039 5122 conscientiae
4073 5057 4256 5123 testi-

2314 5144 2610 5206 monium
2671 5141 3068 5206 adferamus:
3127 5153 3192 5204 et
3250 5159 3380 5226 quo
3423 5141 3634 5207 maior
3693 5142 3982 5208 hostium
4025 5141 4254 5211 adver·
