5059 6059
315 355 421 423 545

1591 351 1688 418 IN
1736 352 1791 418 Ι.
1836 350 2017 418 LIB.
2062 350 2466 422 SAMUEL.
2513 352 2715 420 OAP.
2762 352 2959 419 VIII.

4137 358 4268 425 546

474 561 551 607 ue
606 561 731 608 usu
790 540 1148 627 contingat,
1204 550 1282 607 ut
1340 541 1613 608 moleste
1656 542 1871 608 ferant
1913 541 2217 608 homines
2320 543 2626 626 diximus,
2682 551 2749 610 et
2792 561 3081 609 amorem
3124 563 3254 627 quo
3295 543 3486 608 illum
3528 544 4040 627 persequebatur
4084 557 4268 628 pate·

310 565 433 612 rum

308 630 441 697 fami
471 630 560 693 'ae
617 635 684 691 et
736 628 957 712 gentis
997 627 1546 704 imminutionem,
1606 627 2019 710 filiorumque
2063 647 2215 694 suo-

310 737 435 783 rum
488 712 824 797 dignitatis
882 712 1416 778 diminutionem:
1482 734 1560 779 ac
1619 713 2042 779 vehementer
2098 733 2216 779 an-

310 809 536 887 gantur,
609 799 666 864 si
735 800 854 864 filii
928 811 1057 863 non
1119 797 1457 865 obtineant
1514 799 1915 883 dignitatum
1973 797 2218 883 gradus

307 906 444 972 quos
495 894 826 968 expetunt.
916 884 1164 951 Contra
1206 904 1362 951 vero
1407 884 1679 951 Samuel
1721 884 2002 951 filiorum
2047 885 2217 951 iniu-

305 973 518 1041 stitiam
576 972 767 1054 ferre,
826 981 891 1036 et
937 969 1283 1038 damnatos
1324 991 1639 1038 excusare
1681 971 1856 1054 apud
1900 969 2215 1055 populum

304 1057 521 1125 noluit:
576 1056 690 1123 sed
745 1077 896 1123 eum
942 1076 1205 1121 summa
1264 1057 1468 1123 animi
1510 1058 1729 1140 quiete
1771 1058 2043 1140 agnovit
2082 1076 2216 1138 eos,

304 1143 452 1228 quod
514 1141 678 1220 Deo,
744 1154 822 1207 ut
884 1162 1004 1226 par
1066 1153 1230 1220 erat,
1297 1164 1433 1210 non
1490 1142 1949 1220 obedivissent‚
2015 1143 2215 1208 etiam

300 1231 449 1296 hane
511 1229 917 1312 punitionem
988 1229 1247 1293 mereri.
1333 1229 1562 1312 Neque
1621 1248 1780 1294 vero
1831 1228 2217 1314 indignatus

300 1325 388 1382 est
444 1315 677 1398 populo
732 1314 1058 1381 reiioienti
1113 1313 1281 1392 illos,
1347 1336 1432 1380 ne
1489 1335 1709 1380 rerum
1769 1313 2217 1398 gubernacula

301 1400 606 1480 haberent,
664 1400 777 1466 sed
834 1420 1067 1485 passus
1122 1411 1223 1466 est
1265 1401 1695 1467 exauctorari.
1785 1400 1968 1466 Nihil
2011 1399 2217 1486 igitur

300 1489 412 1554 tale
483 1485 862 1552 Samuelem
938 1487 1163 1566 movit,
1252 1485 1365 1552 sed
1431 1485 1579 1552 ideo
1645 1485 2056 1571 indignatum
2121 1487 2213 1551 ait

296 1575 610 1658 scriptura,
677 1570 849 1656 quod
909 1573 1200 1639 seniores
1262 1573 1335 1638 in
1392 1571 1675 1656 petendo
1852 1593 1887 1637 e
1943 1570 2212 1637 modum

294 1681 408 1726 nou
476 1669 867 1738 servassent,
943 1658 1059 1723 sed
1125 1657 1341 1724 Deum
1405 1659 1699 1742 graviter
1764 1681 1801 1722 o
1857 1657 2210 1724 audissent.

298 1747 489 1829 Atque
531 1743 658 1809 hac
700 1744 771 1810 in
816 1754 1001 1827 parte
1044 1763 1165 1810 nos
1200 1743 1576 1811 Samuelem
1612 1743 1798 1810 decet
1831 1744 2093 1826 imitari,
2135 1764 2215 1810 ac

292 1832 342 1898 si
379 1829 520 1914 quid
562 1829 883 1897 adversus
927 1830 1053 1896 Dei
1099 1830 1376 1914 gloriam
1419 1830 1664 1896 factum
1711 1828 2048 1897 dictumve
2091 1838 2211 1909 est,

293 1918 682 2004 commoveri,
751 1927 817 1981 et
883 1915 1076 1981 sicuti
1132 1935 1255 2002 par
1312 1925 1414 1982 est
1462 1915 1846 1999 plerumque
1886 1914 2078 1993 affici,
2145 1924 2215 1982 et

290 2004 484 2068 minus
545 2011 796 2081 eontra,
870 2002 1043 2084 quod
1109 2010 1333 2068 tamen
1398 2002 1648 2082 aecidit,
1725 2021 1927 2084 quum
1995 2000 2076 2067 de
2136 2021 2212 2067 re

289 2101 485 2155 nostra
527 2097 650 2154 aut
694 2094 1066 2153 nostrorum
1111 2088 1350 2171 agitur,
1393 2087 1659 2154 irritari.
1746 2087 1917 2155 Nam
1962 2088 2019 2153 si
2053 2087 2210 2170 quid

290 2175 354 2239 in
402 2173 668 2241 molesia
726 2183 1063 2256 peecatum
1122 2177 1210 2240 sit
1251 2174 1567 2240 adversus
1613 2173 1742 2240 Dei
1785 2174 2078 2257 gloriam,
2144 2185 2213 2238 et

293 2259 513 2326 cultum
569 2260 803 2344 ipsius,
861 2261 1048 2343 parvi
1105 2261 1421 2325 momenti
1463 2260 1848 2344 plerumque
1891 2268 1995 2324 est
2034 2259 2212 2344 apud

290 2345 579 2422 homines,
633 2357 700 2412 et
733 2344 919 2411 facile
954 2344 1230 2411 labitur:
1277 2346 1478 2411 immo
1524 2346 1878 2428 impietatis
1922 2354 1990 2410 et
2022 2346 2209 2430 flagi-

282 2432 495 2497 tiorum
541 2452 745 2497 omne
790 2452 999 2516 genus
1043 2431 1377 2498 toleratur.
1466 2431 1643 2512 Quid
1689 2428 1826 2496 ita?
1872 2429 2044 2514 quod
2087 2451 2210 2497 nos

279 2516 379 2582 illa
416 2538 543 2583 non
601 2529 851 2601 tangat.
940 2517 1035 2584 At
1078 2518 1134 2582 si
1178 2516 1368 2582 nobis
1408 2518 1588 2600 ipsis,
1647 2528 1764 2581 aut
1807 2518 2053 2596 amicis,
2095 2523 2209 2582 aut

278 2602 477 2670 liberis
536 2603 652 2669 vel
711 2603 989 2668 minima
1044 2603 1287 2668 iniuria
1342 2603 1544 2669 fuerit
1586 2602 1788 2681 illata,
1833 2615 1985 2667 tum·
2019 2602 2205 2667 arde·

277 2709 422 2771 mus,
479 2699 548 2756 et
611 2690 789 2755 virus
848 2690 1222 2755 acerbitatis
1279 2708 1584 2755 evomere
1641 2709 1774 2755 non
1829 2687 2204 2769 desinimus,

278 2795 339 2840 re
374 2776 512 2859 ipsa
554 2774 855 2841 dolorem
890 2777 1225 2839 internum
1263 2784 1600 2841 testantes.
1689 2774 1922 2857 Itaque
1962 2774 2042 2839 de
2077 2774 2203 2840 Dei

280 2871 640 2945 contemptu
688 2860 1026 2926 minimam
1073 2881 1297 2927 curam
1345 2860 1678 2938 habemus,
1731 2871 1990 2926 nostras
2033 2860 2204 2925 iniu-

281 2947 395 3013 rias
449 2958 624 3014 testa
683 2947 950 3029 lutoque
1015 2948 1487 3030 persequimur.
1576 2946 1753 3012 Hinc
1818 2945 1985 3023 odia,
2046 2945 2207 3011 hine

281 3033 594 3111 clamores,
645 3032 802 3099 hine
847 3053 1125 3117 pugnae,
1170 3032 1318 3098 aliis
1362 3043 1699 3098 taurorum
1743 3032 1957 3097 instar
1988 3033 2202 3116 mugi·

281 3119 537 3197 entibus,
599 3118 751 3185 aliis
809 3119 1071 3184 leonum
1132 3130 1248 3183 aut
1291 3138 1598 3201 aprorum
1641 3119 1851 3183 instar
1894 3138 2202 3201 spuman-

278 3203 449 3282 tibus,
484 3214 554 3272 et
597 3205 746 3270 dira
789 3224 1084 3288 quaeque
1127 3203 1546 3282 minantibus,
1588 3214 1660 3268 et
1701 3203 1781 3270 de
1824 3204 2031 3271 culice
2072 3204 2200 3270 ele-

150 3365 155 3376 ·
277 3289 573 3372 phantum
636 3290 1043 3368 facientibus,
1111 3289 1266 3356 dum
1322 3312 1513 3356 suum
1577 3289 1894 3356 honorem
1948 3299 2201 3355 sartum

277 3385 499 3442 tectum
544 3378 723 3443 tueri
769 3375 1057 3458 cupiunt,
1117 3376 1247 3442 Dei
1284 3397 1439 3441 vero
1475 3376 1752 3459 gloriam
1787 3387 1855 3441 et
1887 3375 2198 3442 honorem

277 3463 583 3529 contemni
626 3473 699 3528 et
741 3461 1017 3545 pedibus
1060 3463 1427 3541 conculcari
1471 3463 1659 3528 facile
1703 3462 1944 3529 sinunt.
1992 3462 2201 3545 Atqui

275 3559 503 3615 certum
548 3557 653 3615 est
697 3546 1068 3614 istiusmodi
1113 3549 1410 3613 homines
1448 3568 1580 3612 non
1624 3549 1911 3613 inultum
1954 3547 2201 3614 laturos

277 3630 436 3700 huno
495 3643 981 3718 contemptum:
1044 3647 1110 3698 et
1163 3634 1331 3715 quod
1388 3635 1457 3698 in
1506 3632 1814 3700 Samuele
1856 3636 2200 3699 intuentur

272 3720 630 3805 exemplum
671 3722 739 3786 in
777 3721 992 3785 maius
1023 3719 1336 3785 iudicium
1373 3719 1530 3801 ipsis
1561 3720 1823 3785 tandem
1847 3740 2201 3797 cessurum,

274 3823 488 3889 nempe
551 3827 690 3872 non
746 3819 1173 3889 conquestum
1233 3806 1312 3870 de
1366 3806 1650 3871 filiorum
1710 3825 1980 3871 suorum
2046 3825 2199 3870 con-

274 3903 503 3975 temptu
560 3903 629 3958 et
682 3889 1234 3968 exauctoratione,
1280 3891 1396 3956 sed
1442 3889 1521 3957 de
1565 3911 1720 3975 rege
1762 3899 1992 3957 eontra
2032 3889 2202 3955 ordi-

273 3996 406 4041 nem
446 3998 484 4042 a
528 3979 679 4045 Deo
722 3986 1042 4043 statutum
1088 3978 1428 4060 exquisito,
1474 3985 1672 4060 'atque
1717 3977 1878 4043 adeo
1921 3974 2001 4039 de
2044 3996 2201 4041 con-

267 4065 533 4129 tumacia
613 4065 685 4129 in
746 4063 968 4129 Deum
1047 4083 1245 4146 quam
1313 4066 1436 4129 hoe
1519 4064 1685 4128 facto
1754 4061 2033 4146 populus
2097 4061 2205 4128 de-

266 4150 680 4229 monstrabat,
747 4149 950 4214 fuisse
1016 4150 1492 4215 exacerbatum.
1579 4149 1718 4215 Nos
1782 4151 2001 4232 itaque
2056 4158 2202 4213 tum

264 4235 542 4315 graviter
595 4237 969 4302 irascamur
1025 4245 1092 4301 et
1135 4235 1582 4314 exardeamus,
1644 4255 1845 4318 quum
1891 4235 2020 4300 Dei
2064 4234 2203 4318 glo·

265 4319 353 4381 ria
404 4321 722 4388 laeditur:
785 4331 853 4386 at
897 4341 1054 4386 vero
1108 4323 1403 4404 privatas
1447 4322 1720 4387 iniurias
1762 4319 2099 4387 moderate
2137 4329 2204 4386 et

266 4403 503 4485 placate
547 4408 858 4474 feramus.
926 4408 1152 4487 Porro,
1196 4407 1380 4473 Deus
1424 4406 1801 4473 Samuelem
1846 4408 2202 4491 alloquens,

266 4493 637 4559 nominatim
675 4494 860 4560 iubet
895 4514 1043 4557 eum
1081 4494 1453 4559 auscultare
1486 4494 1633 4560 voci
1665 4493 1888 4577 populi
1908 4494 1979 4558 in
1999 4493 2208 4559 omni·

264 4574 375 4642 bus
437 4600 607 4662 quae
666 4578 998 4658 indixerit,
1056 4589 1124 4643 et
1166 4588 1386 4645 tamen
1432 4579 1734 4664 deinceps
1779 4579 2205 4647 nihilominus

267 4664 571 4745 populum
634 4665 715 4731 de
759 4664 882 4731 hoc
935 4665 1078 4748 ipso
1123 4666 1293 4732 facto
1350 4665 1831 4733 condemnabit.
1921 4666 2029 4731 Ex
2073 4686 2203 4749 quo

268 4745 585 4830 discimus,
636 4752 852 4817 Deum
889 4771 1083 4835 saepe
1118 4751 1200 4816 ad
1234 4753 1587 4837 petitiones
1621 4762 1879 4818 nostras
1913 4770 2207 4816 annuere

266 4845 325 4897 et
366 4855 592 4918 preces
640 4836 973 4914 exaudire,
1020 4835 1134 4903 sed
1178 4838 1269 4904 ita
1315 4849 1539 4905 tamen
1586 4848 1664 4905 ut
1711 4837 1898 4903 nobis
1945 4857 2209 4904 succen-

266 4935 415 4987 seat.
500 4925 607 4990 Ae
673 4943 865 5006 saepe
921 4923 1199 4989 facilitas
1256 4924 1370 4990 illa
1434 4925 1560 4989 Dei
1617 4926 1687 4989 in
1756 4923 2076 4990 audiendo
2142 4932 2209 4990 et

270 5007 427 5071 votis
488 5011 741 5077 nostris
808 5010 1296 5092 acquiescendo,
1362 5031 1495 5076 non
1563 5011 1822 5089 amoris,
1890 5007 2003 5075 sed
2067 5009 2208 5076 irae

267 5094 471 5169 potius
515 5096 782 5180 signum
831 5105 949 5161 est.
1037 5094 1173 5162 Sed
1218 5097 1347 5162 ista
1386 5096 1688 5180 pluribus
1732 5098 1800 5162 in
1837 5097 2210 5179 praesentia

264 5182 557 5263 persequi
604 5195 867 5266 tempus
925 5188 1124 5259 vetat,
1180 5183 1399 5266 itaque
1453 5183 1739 5249 sufficiat
1780 5205 1863 5248 ex
1907 5182 2012 5249 his
2055 5202 2209 5268 eog-

2316 630 2564 711 fecisse,
2623 649 2827 715 quum
2886 627 3096 695 veluti
3139 628 3266 695 sibi
3309 628 3551 694 factam
3593 650 3636 694 a
3676 629 3919 714 populo
3959 631 4268 699 iniuriam

2318 735 2544 801 regem
2602 723 2884 800 petente,
2944 712 3255 798 deinceps
3314 716 3631 799 gravibus
3684 714 4022 800 suppliciis
4084 717 4268 785 ultus

2317 812 2437 868 est.
2481 802 2630 868 Etsi
2673 801 2953 887 petitum
2995 820 3238 882 regem,
3283 820 3371 865 ex
3414 821 3596 867 more
3637 809 3706 866 et
3745 802 4070 869 institutis
4195 826 4270 869 n-

2318 888 2501 971 tium,
2551 887 2738 953 Deus
2775 888 2802 951 i
2883 888 2942 952 is
2985 907 3117 952 non
3163 887 3234 952 in
3276 887 3572 970 ipsorum
3619 885 3993 967 utilitatem,
4194 890 4264 955 in

2316 973 2632 1040 maiorem
2677 993 2799 1040 eon
2846 973 3284 1038 emnationem
3329 973 3664 1039 concessit.
3739 973 3918 1038 Hinc
3959 975 4270 1057 perspici-

2317 1079 2469 1126 mus
2525 1079 2659 1125 non
2717 1059 2886 1126 bene
2942 1078 3203 1142 semper
3256 1057 3595 1125 nobiscum
3641 1060 3769 1144 agi,
3828 1080 4038 1143 quum
4079 1060 4265 1128 Deus

2316 1145 2486 1211 votis
2545 1145 2851 1211 omnibus
2902 1146 3146 1211 nostris
3199 1145 3451 1225 annuit,
3509 1151 3578 1211 et
3629 1146 3980 1228 petitiones
4037 1167 4264 1214 omnes

2316 1229 2635 1298 coneedit.
2724 1230 2897 1296 Nam
2955 1251 2994 1297 a
3051 1239 3291 1297 natura
3346 1251 3481 1296 non
3536 1230 3730 1297 modo
3773 1233 4102 1304 temerarii
4146 1233 4262 1298 sed

2316 1318 2514 1383 etiam
2581 1325 2874 1383 amentes
2937 1335 3199 1383 sumus:
3266 1336 3344 1382 ac
3399 1315 3675 1399 proinde
3738 1317 3897 1401 quid
3957 1317 4118 1384 utile
4176 1320 4266 1383 sit

2313 1403 2729 1487 ignoramus:
2790 1423 2867 1469 ac
2925 1403 2982 1468 si
3027 1401 3213 1469 Deus
3267 1402 3444 1469 votis
3502 1404 3744 1470 nostris
3802 1412 4068 1482 annuat,
4129 1425 4262 1469 non

2317 1487 2586 1555 dubium
2641 1496 2742 1555 est
2796 1488 2959 1572 quin
3015 1489 3225 1556 iratus
3282 1487 3498 1568 faeiat,
3555 1495 3624 1555 et
3685 1489 4264 1572 intemperantiam

2314 1589 2608 1640 nostram
2688 1595 2764 1641 ac
2829 1573 3112 1640 habendi
3176 1572 3597 1659 cupiditatem
3670 1575 3943 1641 nimiam
4010 1575 4260 1660 puniat.

2315 1659 2761 1743 Quamobrem
2796 1660 3067 1725 minime
3102 1660 3546 1744 expetendum
3581 1668 3659 1727 ut
3696 1661 3882 1727 Deus
3917 1659 4000 1726 ad
4033 1681 4262 1728 omnes

2315 1755 2575 1813 nostras
2619 1747 2971 1829 petitiones
3014 1745 3274 1812 facilem
3317 1766 3389 1812 se
3432 1745 3891 1828 accommodet,
3958 1746 4073 1813 sed
4117 1746 4262 1813 eius

2313 1832 2643 1899 voluntati
2700 1843 2768 1897 et
2825 1830 3095 1897 arbitrio
3151 1840 3311 1899 sunt
3366 1831 3908 1898 committendae:
3965 1852 4042 1899 ao
4084 1840 4262 1900 certo

2313 1918 2610 2001 persuasi
2652 1937 2796 1984 esse
2839 1917 3169 1998 debemus,
3211 1917 3452 1996 Deum,
3491 1918 3641 1984 lieet
3677 1939 3812 1984 non
3846 1937 4073 1984 omnes
4116 1939 4262 1986 nos-

2314 2018 2450 2070 tras
2492 2024 2719 2087 preces
2761 2003 3093 2082 exaudiat,
3130 2004 3332 2070 immo
3374 2011 3444 2070 et
3486 2024 3642 2070 suas
3682 2004 4148 2087 promissiones
4189 2005 4262 2070 in

2312 2090 2584 2175 longum
2644 2099 2903 2172 tempus
2966 2088 3261 2173 proferre
3303 2088 3626 2170 videatur,
3685 2090 3831 2156 illas
3876 2099 4095 2155 tamen
4141 2110 4261 2157 suo

2314 2185 2608 2260 tempore
2648 2175 3094 2259 impleturum,
3138 2184 3205 2240 et
3245 2175 3416 2260 quod
3459 2196 3497 2241 e
3540 2196 3614 2241 re
3654 2185 3882 2242 nostra
3921 2197 4065 2243 esse
4106 2195 4261 2261 eog-

2313 2262 2572 2329 noverit
2613 2262 2958 2340 facturum,
3002 2281 3203 2344 quum
3247 2282 3366 2327 nos
3408 2261 3532 2345 ipsi
3573 2269 3747 2327 totos
3781 2262 4263 2345 permittemus,

2312 2367 2475 2430 quos
2542 2355 2855 2431 tanquam
2912 2367 3135 2414 caecos
3192 2367 3393 2414 manu
3437 2368 3562 2413 sua
3605 2347 3905 2429 deducat,
3971 2347 4262 2433 alioquin

2312 2433 2642 2499 contraria
2684 2434 2971 2513 omnino,
3015 2432 3222 2499 veluti
3266 2432 3581 2518 frigidum
3626 2454 3746 2518 pro
3787 2432 3997 2500 calido
4037 2443 4263 2517 postu·

2312 2518 2577 2585 laturos.
2669 2517 2883 2602 Saepe
2965 2527 3208 2597 tamen,
3295 2519 3525 2603 fateor,
3612 2520 3799 2586 Deus
3878 2519 4128 2585 malum
4189 2521 4264 2585 in

2311 2606 2555 2671 bonum
2611 2605 2847 2670 vertit:
2907 2604 3020 2671 sed
3078 2603 3151 2669 in
3206 2624 3432 2670 eorum
3493 2605 3777 2690 gratiam
3835 2605 3951 2690 qui
3993 2627 4078 2672 ex
4122 2606 4264 2671 eius

2312 2691 2649 2758 voluntate
2693 2691 2910 2774 ipsum
2955 2690 3168 2756 colere
3212 2699 3279 2756 et
3321 2692 3624 2757 venerari
3668 2711 3789 2775 pro
3834 2691 4090 2758 viribus
4123 2700 4264 2757 stu·
4380 2701 4384 2705 ’

2312 2776 2501 2843 dent:
2548 2786 2626 2842 ut
2668 2797 2861 2860 saepe
2893 2774 3379 2842 incredulorum
3413 2785 3483 2842 et
3515 2776 3868 2861 impiorum
3913 2777 4256 2842 hominum

2309 2874 2466 2928 vota
2530 2863 2603 2928 in
2668 2863 2769 2927 ira
2833 2882 2954 2928 sua
3018 2871 3086 2927 et
3138 2862 3208 2927 in
3265 2862 3552 2945 ipsorum
3593 2860 3919 2927 ultionem
3964 2861 4254 2928 exaudit.

2309 2947 2536 3031 Quare
2614 2957 2686 3014 ut
2756 2947 2973 3014 locum
3031 2946 3211 3015 hunc
3265 2946 3715 3028 absolvamus3
3795 2948 3989 3032 longe
4045 2947 4256 3014 satius

2307 3034 2538 3101 fuisset
2603 3033 2923 3100 Israelitis
2987 3033 3134 3099 Deo
3197 3053 3340 3100 sese
3407 3033 3759 3100 subiecisse
3825 3043 3893 3097 et
3958 3033 4041 3100 ab
4107 3033 4254 3099 eius

2307 3121 2723 3204 providentia
2779 3119 3188 3204 pependisse,
3259 3139 3452 3203 quam
3499 3120 3637 3186 suis
3679 3118 3983 3202 precibus
4027 3138 4255 3202 regem

2308 3207 2794 3289 impetravisse:
2873 3226 3030 3271 nam
3109 3226 3268 3289 rege
3344 3225 3647 3272 concesso
3727 3205 3916 3271 Deus
3998 3203 4253 3269 illatam

2305 3292 2431 3359 sibi
2475 3293 2548 3357 in
2590 3312 2867 3376 persona
2914 3290 3239 3358 Samuelis
3281 3290 3588 3357 iniuriam
3632 3291 3858 3358 ulcisci
3901 3290 4135 3356 voluit.

2476 3378 2620 3443 Iam
2664 3399 2825 3445 vero
2866 3387 3184 3462 superest,
3229 3382 3332 3444 etc.

2812 3720 3311 3804 HOMILIA
3355 3718 3754 3802 XXVIII.

2478 3894 2539 3956 7.
2587 3891 2712 3958 Sed
2752 3893 2916 3959 dixit
2956 3891 3187 3957 Iehova
3226 3888 3527 3969 Samueh‘,
3574 3889 3758 3956 Audi
3803 3909 4005 3956 vocem
4029 3888 4257 3972 populi

2305 3981 2377 4045 in
2436 3977 2723 4044 omnibus
2781 3998 2940 4060 quae
2983 3977 3326 4060 loquantur
3364 3976 3495 4042 tibi.
3589 3976 3736 4041 Non
3779 3977 3946 4041 enim
3989 3981 4044 4040 te
4089 3976 4256 4041 abie-

2305 4070 2539 4145 cerunt,
2598 4065 2709 4131 sed
2749 4084 2865 4145 me,
2929 4084 3008 4129 ne
3045 4082 3298 4146 reynem
3337 4082 3529 4144 saper
3572 4082 3693 4128 eos.
3784 4063 3845 4127 8.
3895 4062 4093 4126 quta
4136 4081 4263 4127 om-

2306 4152 2418 4217 nia
2480 4171 2674 4234 opera
2715 4171 2840 4216 saa
2880 4170 3042 4233 qaae
3078 4149 3360 4231 fecerunt
3399 4169 3443 4213 a
3485 4149 3589 4213 die
3632 4169 3758 4230 qua
3800 4147 3995 4213 eduxi
4039 4165 4143 4212 eos
4185 4147 4265 4212 de

2308 4236 2608 4321 Aeyypto,
2651 4257 2847 4319 usque
2889 4236 2974 4302 ad
3005 4235 3171 4302 diem
3207 4233 3408 4300 hanc.-
3452 4234 3614 4300 sistet
3645 4234 4108 4316 dereliquerunt
4143 4251 4261 4311 me,

2307 4329 2361 4388 et
2413 4323 2767 4389 servierunt
2821 4323 2955 4388 diis
3008 4321 3258 4401 alienis,
3317 4321 3411 4387 sic
3452 4319 3698 4401 faciant
3739 4321 3930 4384 etiam
3972 4317 4107 4381 tihi.
4199 4316 4257 4382 9.

2310 4408 2499 4475 Nm
2540 4409 2754 4491 itaque
2794 4406 3080 4473 ausculta
3120 4407 3252 4472 voci
3297 4405 3552 4471 illorum
3573 4431 3593 4471 .·
3649 4409 4073 4471 verumtamen
4117 4420 4264 4467 con-

2306 4500 2527 4561 testare
2584 4514 2706 4574 eos,
2762 4498 2817 4558 et
2861 4492 3130 4575 praedic
3186 4494 3282 4558 eia
3335 4493 3442 4557 ius
3502 4493 3670 4575 nqis
3726 4492 3836 4572 qui
3878 4493 4262 4571 reynataras

2306 4586 2395 4647 est
2450 4600 2644 4664 super
2685 4599 2805 4645 eos.
2891 4580 2993 4645 10.
3038 4578 3233 4645 Dixit
3272 4580 3481 4660 itaque
3525 4577 3782 4644 Samuel
3825 4576 4039 4641 omnia
4075 4574 4262 4640 verba

2308 4667 2574 4734 Domini
2617 4665 2705 4731 acl
2733 4665 3046 4747 populeum
3089 4666 3199 4745 qai
3229 4665 3502 4746 petierat
3543 4684 3586 4728 a
3627 4682 3694 4726 se
3734 4680 3953 4744 regent.

2478 4838 2814 4903 Hesterna
2854 4837 3166 4905 concione
3214 4834 3579 4912 didicimus,
3638 4832 3856 4896 Deum
3903 4830 3986 4896 ad
4032 4833 4258 4916 populi

2309 4946 2531 5010 regem
2591 4923 2876 5007 petentis
2934 4931 3090 4988 vota
3148 4922 3474 4996 annuisse,
3541 4918 3700 4984 licet
3742 4939 3826 4983 ex
3872 4917 4077 5000 ipsius
4127 4939 4257 4983 non

2308 5021 2531 5078 essent
2574 5009 2742 5075 bono
2782 5019 2850 5075 et
2882 5009 3205 5076 utilitate:
3250 5027 3326 5072 ae
3360 5004 3633 5088 proinde
3668 5022 3801 5068 non
3837 5001 3986 5069 ideo
4022 5004 4259 5071 melius

2309 5099 2648 5163 nobiscum
2697 5096 2823 5180 agi,
2883 5115 3088 5179 quum
3125 5092 3308 5158 Deus
3359 5089 3682 5156 desideria
3725 5097 3794 5154 et
3835 5098 3989 5154 vota
4034 5099 4260 5157 nostra

2307 5183 2573 5266 implet:
2621 5182 2795 5265 quod
2838 5201 3032 5264 saepe
3072 5178 3423 5245 temeraria
3465 5184 3532 5241 et
3575 5175 3949 5242 inconsulta
3989 5178 4145 5260 sint,
4191 5183 4258 5241 et

264 5265 519 5332 novisse
563 5266 781 5333 Deum
843 5269 937 5333 ita
989 5278 1209 5334 ratum
1267 5269 1497 5336 fecisse
1555 5269 1725 5353 quod
1772 5268 1852 5334 de
1898 5267 2211 5336 Samuele
2256 5297 2264 5318 ·
2310 5272 2687 5355 ignoremus
2722 5265 2880 5351 quid
2915 5266 3103 5333 nobis
3138 5263 3298 5332 utile
3334 5264 3422 5329 sit
3458 5271 3525 5328 et
3559 5260 4005 5329 commodum:
4053 5266 4257 5329 immo

497 5367 724 5425 Caluini
753 5385 948 5441 opera.
986 5370 1104 5429 Vol.
1131 5370 1362 5427 XXIX.

3789 5366 3857 5419 35
