5059 6059
787 332 918 399 259
2523 327 2939 397 HOMILIA
2974 329 3066 396 11.
4625 319 4732 393 260

788 518 977 603 Quid
1021 518 1141 584 tibi
1183 540 1335 586 cum
1382 518 1578 584 Anna
1620 537 1826 583 uxore
1870 524 1971 583 est
2013 515 2155 583 rei?
2244 515 2419 598 Quid
2462 516 2742 583 molesta
2845 527 3066 585 tamen
3125 518 3251 587 sibi
3313 525 3569 585 tantum
3629 516 4011 602 permittere
4070 538 4202 583 non
4258 515 4494 594 debuit,
4561 522 4628 580 ut
4670 513 4735 579 ad

792 606 914 674 es?
973 605 1151 687 Quid
1196 604 1475 671 afflictae
1518 615 1655 669 tam
1697 602 2055 669 insolenter
2097 601 2421 671 insultas?
2494 603 2741 668 Annon
2841 605 3200 672 Rachelem
3287 606 3486 672 etiam
3549 605 3757 671 Leam
3839 603 4164 671 adiiceret.
4274 601 4444 667 Nam
4521 600 4736 666 nullum

797 712 970 759 uxor
1013 704 1128 770 est,
1174 692 1296 755 etsi
1343 710 1471 755 non
1516 689 1688 754 idem
1736 701 1952 755 tecum
1997 710 2037 753 a
2079 690 2223 754 Deo
2268 687 2499 755 sortita
2540 689 2739 755 bene-

796 781 1020 845 ficium
1085 789 1160 842 ut
1224 798 1306 842 ex
1374 795 1479 841 me
1547 775 1781 840 liberos
1845 773 2247 859 susciperet?
2298 839 2308 850 ,
2358 774 2743 840 Istiusmodi

798 886 958 932 sane
1008 862 1224 929 verbis
1277 873 1421 926 erat
1476 860 1862 927 coercenda:
1919 859 2034 925 sed
2078 860 2366 926 Elcanae
2424 861 2585 926 satis
2643 874 2746 926 est

794 970 1070 1016 uxorem
1139 947 1473 1022 consolari,
1541 957 1606 1011 et
1670 968 1741 1012 se
1783 946 1960 1011 illius
2004 963 2351 1030 patronum
2412 947 2740 1031 profiteri:

800 1057 1006 1120 quare
1051 1034 1232 1100 iubet
1288 1055 1433 1098 eam
1491 1033 1660 1098 bono
1719 1054 1861 1098 esse
1908 1033 2143 1107 anime,
2187 1054 2263 1098 ac
2297 1031 2377 1097 de
2414 1055 2485 1098 se
2523 1033 2746 1097 omnia

798 1143 1066 1207 sperare
1088 1120 1318 1193 officia,
1364 1141 1496 1183 non
1532 1138 1718 1184 secus
1756 1140 1829 1184 ac
1873 1119 1930 1183 si
1990 1118 2210 1186 decem
2248 1118 2417 1185 filios
2454 1119 2744 1185 haberet.

798 1208 889 1273 In
944 1228 1201 1274 summa
1260 1203 1557 1270 videmus
1617 1204 1931 1269 Elcanam
1983 1203 2220 1269 Annae
2278 1206 2467 1270 uxori
2528 1214 2742 1288 patro-

802 1294 1036 1372 cinari,
1102 1302 1168 1356 et
1211 1312 1497 1356 amorem
1546 1311 1704 1374 erga
1745 1290 1925 1356 illam
1973 1312 2161 1357 suum
2210 1290 2525 1374 profiteri,
2573 1289 2744 1373 quod

806 1378 1175 1463 arrogantis
1246 1377 1422 1442 illius
1478 1376 1760 1441 feminae
1824 1375 2250 1441 contumelias
2314 1375 2606 1441 modeste
2671 1397 2747 1440 ac

805 1468 1136 1549 patienter
1177 1462 1448 1529 tulisset.
1539 1461 1886 1528 Caeterum
1932 1475 1998 1526 et
2042 1460 2203 1526 illud
2241 1461 2746 1538 observandum,

808 1571 946 1615 non
1014 1550 1211 1614 fuisse
1275 1549 1457 1613 leves
1525 1568 1598 1614 ac
1676 1557 2170 1612 momentaneas
2247 1547 2554 1631 iniurias,
2635 1545 2746 1612 sed

810 1636 1267 1714 diuturniores,
1325 1648 1399 1698 ut
1458 1653 1623 1715 quae
1683 1634 2025 1715 quotannis
2076 1633 2576 1699 ascendentibus
2617 1632 2749 1697 illis

815 1720 1222 1788 Schiluntem
1271 1719 1350 1785 ad
1397 1719 1896 1784 sacrificandum
1928 1731 2423 1785 renovarentur.
2469 1719 2600 1785 Ubi
2632 1740 2748 1783 no-

808 1808 911 1875 bis
947 1808 1186 1873 iterum
1228 1805 1593 1870 obstinatiae
1630 1804 1907 1869 feminae
1940 1805 2297 1888 pertinacia
2324 1803 2748 1883 observanda,

810 1915 1004 1977 quam
1052 1914 1181 1957 non
1227 1912 1450 1957 sacrae
1492 1889 1642 1954 illae
1685 1890 2150 1967 caeremoniae,
2197 1913 2327 1955 non
2374 1890 2599 1956 divina
2641 1890 2750 1955 lex

815 1998 855 2043 a
891 1979 1219 2062 proposita
1254 1976 1501 2041 malitia
1538 1975 1891 2052 dimovent,
1938 1976 2049 2041 sed
2091 1978 2310 2059 potius
2344 1976 2749 2042 occasionem

814 2085 1130 2130 novarum
1197 2063 1490 2127 rixarum
1557 2060 2074 2128 subministrant.
2185 2061 2404 2143 Quare
2486 2081 2751 2126 omnem

808 2150 1288 2216 humanitatem
1355 2148 1633 2225 exuisse,
1699 2167 1959 2212 omnem
2017 2147 2141 2213 Dei
2209 2148 2509 2213 timorem
2576 2147 2749 2212 abie-

811 2240 978 2303 cisse
1023 2235 1255 2298 merito
1302 2231 1429 2298 dici
1476 2242 1705 2317 potest.
1795 2232 2034 2298 Danda
2076 2233 2296 2316 itaque
2331 2232 2519 2298 nobis
2555 2252 2752 2316 opera

810 2343 898 2387 ne
956 2320 1127 2385 malo
1189 2337 1653 2385 assuescamus.
1743 2317 1932 2399 Nam,
1991 2338 2230 2401 quaeso
2278 2320 2500 2402 quales
2543 2340 2752 2401 quan-

812 2424 920 2473 tae
965 2428 1049 2471 ue
1107 2403 1345 2470 diaboli
1406 2402 1665 2469 fraudes
1709 2403 1945 2487 quibus
1988 2406 2059 2469 in
2105 2404 2477 2470 hominibus
2521 2425 2750 2489 opera·

814 2502 925 2558 tur
1013 2490 1135 2557 Cui
1180 2491 1237 2557 si
1281 2490 1492 2554 locum
1531 2488 1920 2570 dederimus,
1965 2490 2256 2556 futurum
2283 2500 2381 2556 est
2403 2498 2479 2555 ut
2500 2490 2751 2557 incauti

813 2577 1131 2662 paulatim
1176 2576 1248 2640 in
1291 2577 1460 2641 feras
1503 2576 2063 2657 transformemur,
2124 2585 2198 2642 ut
2241 2576 2472 2642 rationi
2532 2575 2753 2642 nullus

818 2663 1098 2746 amplius
1143 2662 1319 2727 locus
1361 2662 1663 2744 supersit.

987 2749 1198 2815 Porro
1256 2747 1408 2830 quid
1466 2747 1747 2813 Elcanas
1816 2747 2162 2830 profecerit
2221 2746 2470 2814 duabus
2525 2755 2752 2814 contra

817 2833 1076 2898 divinae
1119 2832 1282 2918 legis
1339 2834 1640 2898 instituta
1705 2831 1916 2899 ductis
1979 2833 2327 2910 uxoribus,
2399 2831 2500 2899 vel
2546 2856 2632 2899 ex
2674 2851 2750 2899 eo

814 2920 1235 3001 conspicuum
1281 2930 1398 2994 est,
1455 2917 1628 3001 quod
1675 2920 1980 3001 utrinque
2023 2918 2546 3002 constringatur:
2597 2918 2753 2984 hinc

813 3003 1391 3091 lacrymabundam
1451 3025 1532 3069 ex
1587 3004 1831 3069 iniuria
1882 3024 2075 3087 passa
2112 3024 2399 3082 uxorem,
2463 3002 2617 3069 inde
2662 3003 2752 3069 al-

815 3104 1022 3158 teram
1089 3111 1237 3156 arro
1323 3105 1500 3155 ntem
1567 3110 1650 3153 ex
1718 3089 1900 3155 illata
1965 3090 2314 3174 conspicit,
2383 3088 2496 3156 sed
2564 3098 2749 3154 tanto

814 3177 988 3243 malo
1044 3198 1222 3241 reme
1268 3177 1400 3240 ium
1461 3174 1715 3240 adferre
1769 3176 2035 3259 nequit:
2100 3177 2222 3240 etsi
2284 3196 2411 3241 non
2478 3173 2750 3241 dubium

814 3273 918 3329 est
958 3262 1122 3345 quin
1164 3261 1383 3326 illatae
1428 3262 1620 3326 uxori
1668 3260 1944 3326 iniuriae
1987 3262 2223 3328 acriter
2268 3282 2417 3326 eum
2467 3281 2749 3327 momor-

815 3349 1030 3415 derint
1072 3356 1268 3431 atque
1314 3346 1726 3413 lancinarint.
1820 3344 1951 3413 Sed
2016 3346 2171 3431 quid
2228 3367 2404 3431 agas,
2464 3347 2620 3431 iugo
2679 3368 2749 3413 se

813 3429 1042 3501 illicito
1085 3433 1515 3517 implicuerat,
1560 3433 1779 3516 itaque
1824 3433 2120 3499 libertate
2165 3432 2461 3516 privatus
2505 3433 2749 3498 serviat

816 3539 1082 3585 necesse
1118 3530 1236 3583 est.
1303 3517 1379 3584 Si
1426 3538 1558 3583 una
1592 3526 1940 3583 contentus
1983 3520 2210 3585 fuisset
2251 3538 2474 3596 uxore,
2521 3539 2745 3602 quam-

823 3606 919 3671 vis
959 3625 1283 3670 morosam
1344 3625 1420 3671 ac
1464 3602 1817 3682 difficilem,
1876 3619 2095 3670 tamen
2155 3605 2424 3670 iuvante
2468 3604 2612 3670 Deo
2653 3603 2749 3669 le-

816 3692 1064 3776 gitimis
1099 3688 1403 3754 remediis
1446 3689 1836 3755 domuisset:
1885 3689 1997 3756 sed
2041 3688 2564 3774 quandoquidem
2611 3711 2751 3756 ma-

816 3775 1109 3841 trimonii
1143 3775 1352 3858 legem
1395 3776 1682 3855 violavit,
1723 3795 1922 3858 seque
1954 3787 2212 3859 praet-er
2242 3776 2521 3860 priorem
2564 3775 2752 3841 alteri

815 3861 1091 3941 addixit,
1157 3861 1300 3944 quis
1358 3883 1491 3925 non
1548 3862 1690 3926 iure
1735 3863 1839 3946 agi
1907 3882 2053 3927 cum
2099 3861 2228 3940 illo,
2286 3862 2341 3927 si
2400 3860 2754 3928 hincinde

815 3960 1177 4013 nascuntur
1219 3946 1314 4010 illi
1358 3947 1717 4028 molestiae,
1764 3948 1997 4011 merito
2041 3945 2396 4013 iudicabit?
2479 3946 2594 4014 Sic
2638 3969 2751 4030 pa-

816 4033 1138 4099 triarchas
1180 4032 1353 4115 ipsos
1421 4034 1799 4118 polygamos
1864 4032 2067 4098 factos
2112 4032 2297 4098 Deus
2350 4033 2490 4116 ipse
2550 4034 2753 4098 variis

817 4118 1029 4185 modis
1093 4117 1463 4203 castigavit,
1530 4131 1663 4183 tam
1729 4129 1806 4184 ut
1870 4118 1992 4183 hoc
2057 4119 2177 4184 sibi
2237 4119 2306 4184 in
2360 4119 2494 4185 illis
2553 4123 2751 4183 etiam

818 4205 1159 4289 displicere
1205 4206 1434 4268 vitium
1483 4203 1977 4278 demonstraret,
2023 4225 2218 4287 quam
2252 4219 2323 4268 ut
2368 4225 2451 4270 ne
2479 4205 2627 4287 quis
2672 4204 2750 4268 il-

817 4292 1029 4356 lorum
1097 4289 1396 4374 exemplo
1458 4311 1527 4355 se
1593 4298 1905 4355 tueretur.
2010 4290 2425 4356 Abrahamus
2474 4291 2749 4356 alteram

815 4396 1110 4453 uxorem,
1155 4375 1350 4439 etiam
1398 4376 1697 4441 hortante
1741 4375 1928 4453 Sara,
1973 4375 2197 4441 duxit:
2242 4375 2354 4442 sed
2400 4397 2560 4459 quas
2605 4383 2749 4441 tan-

818 4462 968 4528 dem
999 4481 1239 4545 poenas
1271 4459 1414 4538 luit,
1450 4467 1711 4527 coactus
1743 4461 2076 4545 proprium
2112 4463 2322 4527 fllium
2351 4462 2654 4528 abdicare
2685 4471 2754 4526 et

819 4548 1066 4615 laribus
1110 4547 1245 4612 suis
1290 4545 1661 4630 expellere?
1752 4547 1841 4611 Et
1883 4547 2146 4629 quidem
2208 4568 2340 4612 non
2388 4547 2750 4632 magnificis

818 4634 1041 4711 donis,
1111 4641 1186 4696 ut
1263 4632 1526 4697 divitem
1596 4645 1663 4696 et
1726 4632 2113 4716 opulentum
2181 4635 2399 4698 virum
2466 4632 2751 4715 decebat,

815 4730 1143 4795 onustum,
1203 4717 1311 4783 sed
1375 4717 1565 4783 unico
1611 4739 1780 4802 pane
1839 4729 1905 4783 et
1964 4731 2106 4783 utre
2153 4743 2189 4784 a
2238 4740 2357 4785 uae
2403 4719 2594 4803 pleno
2639 4719 2750 4784 do·

818 4815 1044 4873 natum
1105 4804 1412 4890 lacrymis
1468 4803 1698 4884 filium,
1765 4826 1845 4869 ex
1911 4804 2147 4871 ancilla
2193 4741 2384 4884 dicet,
2451 4807 2752 4889 prosequi

817 4890 1139 4974 videmus,
1209 4889 1349 4954 Deo
1406 4891 1617 4973 ipsum
1678 4889 1759 4956 ad
1818 4890 2199 4967 istiusmodi,
2268 4901 2343 4956 ut
2386 4892 2477 4956 ita
2523 4890 2753 4972 dicam,

819 4977 1232 5043 severitatem
1272 4974 1632 5042 inducent-e.
1681 4976 1854 5056 Quid
1883 4998 2035 5041 vero
2058 4976 2347 5055 Iacobus,
2395 4977 2753 5044 Rachelem

818 5082 1091 5129 uxorem
1155 5062 1341 5127 alteri
1406 5061 1736 5128 adducens
1789 5063 1861 5127 in
1920 5083 2082 5146 quas
2147 5084 2216 5128 se
2277 5063 2575 5128 miserias
2630 5063 2754 5129 im-

818 5145 1095 5214 mersit?
1185 5148 1389 5213 Facta
1453 5147 1712 5231 quidem
1781 5148 1873 5212 iili
1942 5150 2154 5214 suerat
2218 5148 2453 5234 ingens
2511 5148 2757 5215 iniuria

814 5233 1153 5319 'supposita
1174 5233 1314 5298 Lea
1341 5255 1459 5318 pro
1483 5234 1772 5301 Rachele
1814 5236 1996 5318 prius
2028 5235 2447 5320 desponsata:
2491 5256 2752 5301 verum-

2842 710 2984 757 erat
3039 712 3188 759 cum
3232 691 3376 757 Lea
3432 692 3808 775 coniugium
3865 690 3934 755 in
3982 709 4177 773 quam
4220 687 4407 772 prius
4449 708 4573 753 nou
4611 708 4736 753 con-

2844 785 3157 844 senserat.
3247 776 3433 859 Quas
3491 797 3649 843 vero
3693 795 3933 859 poenas
3973 774 4145 840 luit?
4201 793 4358 839 nam
4403 774 4566 838 inter
4601 772 4736 837 mal·

2845 863 3019 928 leum
3090 872 3155 930 et
3219 862 3522 929 incudem
3587 872 3906 927 versatur.
3995 861 4164 927 Nam
4231 881 4362 944 quo
4426 880 4496 923 se
4554 867 4742 923 vertat

2844 950 3138 1034 ignorat:
3196 951 3458 1016 flectere
3514 947 3821 1013 mulieres
3880 947 4043 1028 illas,
4103 946 4254 1013 licet
4313 966 4576 1017 sorores.
4630 965 4739 1008 nou

2847 1044 3079 1118 potest.
3165 1034 3312 1101 Iras
3377 1046 3442 1100 et
3500 1034 3865 1100 simultates
3929 1033 4190 1098 illarum
4259 1031 4456 1109 videt,
4517 1033 4634 1096 imo
4689 1037 4743 1096 et

2846 1120 2997 1187 odia
3050 1122 3199 1206 plus
3261 1140 3453 1204 quam
3515 1120 3895 1204 Vatiniana,
3956 1119 4170 1185 Deum
4228 1119 4298 1183 in
4358 1117 4597 1184 familia
4646 1135 4742 1180 sua

2849 1208 3140 1292 graviter
3186 1207 3446 1283 offendi,
3510 1227 3825 1290 suamque
3868 1205 4132 1271 domum
4180 1205 4427 1270 mutuis
4471 1202 4626 1267 odiis
4661 1201 4744 1267 in-

2848 1294 3078 1359 festam
3134 1294 3386 1377 cogitur
3429 1291 3688 1370 intueri,
3751 1290 3994 1356 nullam
4040 1290 4208 1374 apud
4257 1309 4496 1355 uxores
4538 1288 4743 1353 autori-

2850 1388 3054 1444 tatem
3100 1381 3410 1444 retinens.
3501 1375 3635 1443 Sed
3677 1377 3834 1460 quid
3881 1375 4084 1462 agas?
4171 1376 4376 1442 Hunc
4420 1374 4543 1441 sibi
4582 1374 4745 1438 miser

2849 1464 3154 1548 laqueum
3211 1464 3540 1542 iniecerat,
3607 1473 3832 1529 contra
3878 1461 4280 1528 matrimonii
4325 1462 4474 1525 iura
4534 1458 4748 1524 duabus

2852 1549 3063 1616 ductis
3123 1551 3191 1614 in
3247 1570 3483 1615 uxores
3536 1547 3883 1614 sororibus.
3972 1548 4152 1614 Hinc
4193 1548 4415 1630 itaque
4460 1546 4748 1611 discamus

2851 1645 3168 1720 quantum
3238 1636 3325 1701 sit
3382 1643 3714 1719 peccatum
3782 1655 3821 1699 a
3866 1632 4127 1699 divinae
4182 1634 4345 1717 legis
4409 1631 4632 1716 regula
4669 1629 4751 1694 vel

2854 1720 3186 1787 tantillum
3248 1719 3616 1787 deflectere:
3695 1740 3895 1802 quum
3978 1718 4309 1785 veteribus
4387 1716 4672 1802 patribus
4722 1733 4753 1778 a

2852 1815 3031 1874 recta
3096 1809 3207 1872 via
3269 1804 3762 1873 deflectentibus
3807 1806 4019 1870 Deum
4087 1806 4358 1869 minime
4426 1802 4754 1887 pepercisse

2852 1893 3343 1978 conspiciamus.
3455 1890 3645 1972 Quod
3708 1913 3864 1959 vero
3932 1890 4168 1956 dicitur
4231 1912 4541 1974 expresse
4606 1889 4754 1953 Deus

2854 1984 3089 2046 Annae
3132 1980 3402 2046 vulvam
3448 1977 3816 2058 occlusisse,
3861 1999 3936 2042 eo
3966 1977 4275 2042 docemur
4319 1995 4753 2058 nonnunquam

2853 2067 3071 2132 Deum
3154 2085 3422 2131 suorum
3500 2064 3881 2147 patientiam
3946 2063 4301 2146 explorare.
4411 2059 4756 2126 Verisimile

2855 2161 2955 2216 est
2978 2151 3291 2217 Elcanam
3326 2151 3595 2215 alteram
3646 2169 3914 2214 uxorem
3961 2147 4223 2214 duxisse
4267 2157 4542 2232 propter
4562 2151 4760 2212 Annae

2853 2237 3283 2302 sterilitatem.
3374 2239 3465 2301 At
3522 2255 3934 2317 nequaquam
3993 2235 4424 2300 conveniebat
4471 2233 4638 2299 istud
4678 2253 4758 2295 re·

2855 2323 3164 2388 medium.
3229 2322 3401 2387 Nota
3435 2320 3608 2386 enim
3644 2320 3886 2404 passim
3925 2320 3997 2384 in
4032 2320 4176 2405 lege
4211 2340 4443 2403 sparsa
4478 2318 4758 2400 doctrina,

2856 2408 3257 2474 fertilitatem
3295 2428 3436 2472 esse
3461 2406 3586 2472 Dei
3621 2407 3886 2482 donum,
3931 2426 4128 2489 quum
4178 2405 4282 2470 vel
4325 2405 4509 2489 ipsas
4552 2404 4758 2469 bestias

2853 2493 3244 2561 foecundare
3303 2493 3587 2560 dicatur:
3639 2504 3705 2558 et
3760 2512 3972 2575 neque
4013 2511 4231 2570 vacca,
4277 2511 4498 2575 neque
4541 2492 4758 2556 iumen·

2855 2590 2998 2646 tum
3042 2579 3425 2662 concipiant,
3484 2578 3641 2661 quin
3688 2576 3769 2644 ad
3817 2578 4030 2644 Deum
4077 2577 4165 2643 sit
4207 2578 4393 2643 nobis
4442 2595 4760 2660 assurgen-

2856 2665 3030 2732 dum.
3120 2664 3341 2746 Quare
3399 2665 3454 2730 si
3514 2664 3619 2729 vel
3677 2664 3857 2749 ipsas
3920 2663 4160 2730 bestias
4210 2663 4577 2740 foecundat,
4630 2657 4759 2744 quid

2856 2751 2936 2817 de
2982 2750 3357 2816 bominibus
3400 2750 3594 2833 longe
3639 2749 4209 2817 excellentioribus
4241 2757 4444 2832 atque
4481 2747 4758 2833 digniori-

2854 2837 2974 2903 bus
3034 2835 3445 2902 sentiendum
3507 2834 3646 2901 est?
3750 2839 3990 2901 Annon
4049 2856 4205 2919 ergo
4262 2855 4389 2918 quo
4462 2834 4759 2920 digniores

2854 2929 2923 2988 et
2965 2922 3456 2988 excellentiores
3501 2942 3746 3000 sumus,
3789 2929 3859 2986 ut
3903 2920 4014 3004 qui
4055 2921 4180 2987 filii
4224 2922 4426 2986 etiam
4482 2920 4761 2994 dicamur,

2854 3030 2930 3074 eo
2988 3029 3107 3073 nos
3163 3008 3372 3072 maior
3427 3008 3623 3073 etiam
3671 3006 3976 3073 honestas
4020 3005 4249 3073 decet?
4339 3005 4760 3088 Quamobrem

2855 3092 3170 3160 Elcanam
3225 3091 3308 3158 ad
3352 3090 3567 3158 Deum
3615 3112 3819 3157 unum
3865 3091 4074 3157 veluti
4120 3100 4372 3177 patrem
4421 3094 4764 3177 confugere,

2855 3178 3218 3245 doctrinam
3311 3178 3491 3244 illam
3584 3197 3803 3243 secum
3903 3175 4281 3262 diligentius
4358 3178 4763 3244 meditantem

2852 3265 3157 3347 oportuit.
3244 3264 3392 3330 Hoc
3450 3263 3531 3330 ab
3588 3262 3836 3344 Isaaco,
3891 3262 4043 3330 licet
4096 3263 4392 3329 nondum
4456 3265 4592 3330 lata
4631 3263 4763 3346 lege,

2853 3349 3101 3416 factum
3147 3357 3365 3415 tamen
3410 3349 3742 3415 videmus:
3790 3347 3870 3413 ad
3915 3347 4154 3429 Deum,
4214 3370 4416 3433 quum
4464 3351 4768 3416 Rebeccae

2851 3437 3079 3502 uxoris
3144 3434 3410 3501 vulvam
3477 3435 3798 3502 occlusam
3866 3435 3947 3502 ab
4013 3435 4156 3520 ipso
4218 3435 4765 3511 animadverteret,

2852 3521 3155 3606 precibus
3219 3521 3640 3606 confugiente
3696 3529 3762 3586 et
3818 3522 4067 3605 prolem
4125 3522 4546 3606 impetrante.
4642 3520 4766 3587 Non

2854 3607 3044 3674 aliter
3077 3606 3350 3673 Iacobus
3380 3606 3733 3673 Rachelem
3772 3614 4084 3691 tanquam
4122 3608 4191 3671 in
4232 3609 4452 3673 Deum
4500 3605 4766 3692 blasphe-

2855 3715 3028 3759 mam
3074 3693 3382 3776 increpat,
3426 3714 3627 3777 quum
3673 3693 3795 3759 sibi
3840 3692 3923 3759 ab
3960 3693 4071 3758 illo
4117 3693 4258 3758 dari
4297 3693 4542 3760 liberos
4568 3701 4768 3844 ponu-

2855 3780 3055 3844 laret:
3118 3777 3313 3859 Quid,
3376 3779 3609 3862 inquit,
3667 3787 3859 3862 putas
3905 3799 4007 3843 me
4052 3799 4193 3844 esse
4238 3779 4377 3846 loco
4424 3780 4553 3846 Dei
4683 3780 4768 3843 An

2900 3864 3209 3930 enerandi
3269 3863 3368 3930 vis
3411 3865 3585 3932 inest
3630 3863 4020 3944 hominibus,
4071 3866 4197 3930 nisi
4245 3863 4529 3950 desuper
4572 3882 4768 3933 conce·

2898 3950 3094 4017 atur?
3182 3949 3414 4033 Itaque
3469 3950 3825 4016 notandum
3873 3958 3989 4029 est,
4048 3951 4262 4017 nullas
4306 3952 4376 4016 in
4424 3953 4613 4019 nobis
4649 3969 4767 4016 esse

2855 4045 3092 4102 natura
3158 4035 3333 4101 vires
3401 4036 3480 4101 ad
3548 4034 4015 4120 generandum,
4085 4038 4213 4103 nisi
4259 4037 4448 4104 Deus
4505 4059 4619 4122 pro
4670 4054 4766 4102 sua

2854 4122 3245 4189 liberalitate
3290 4121 3490 4187 emini
3538 4120 3901 4200 benedicat,
3948 4130 4023 4187 ut
4057 4122 4261 4205 prolis
4297 4123 4765 4190 multitudinem

2853 4209 2970 4273 uni
3013 4207 3111 4273 illi
3158 4218 3488 4292 acceptam
3536 4208 3838 4286 feramus,
3883 4228 4084 4290 quum
4130 4209 4231 4275 vel
4277 4209 4569 4277 scintilla
4602 4208 4765 4274 bene-

2854 4293 3155 4359 dictionis
3199 4293 3403 4376 ipsius
3447 4295 3750 4376 precibus
3792 4293 4180 4379 impetratae
4224 4294 4419 4378 longe
4457 4297 4548 4363 sit
4588 4293 4766 4361 omni-

2853 4380 2977 4446 bus
3036 4379 3342 4444 humanis
3394 4378 3642 4445 viribus
3700 4382 4016 4463 superior.
4105 4379 4587 4447 Admirandum
4635 4397 4768 4446 sane

2853 4465 3125 4531 Domini
3169 4487 3350 4549 opus.
3441 4463 3660 4546 Quare
3720 4465 4015 4550 graviter
4060 4467 4181 4532 hac
4225 4467 4295 4531 in
4338 4478 4531 4551 parte
4576 4486 4768 4552 pecca·

2855 4563 2995 4617 tum
3043 4549 3124 4616 ab
3170 4551 3436 4629 Elcana,
3497 4550 3670 4634 quod
3712 4551 3793 4616 ad
3841 4552 4053 4617 Deum
4101 4574 4218 4636 pro
4266 4555 4499 4618 uxoris
4534 4553 4770 4619 foecun-

2855 4637 3061 4702 ditate
3162 4637 3437 4720 supplex
3526 4637 3877 4722 confugere
3966 4638 4348 4723 neglexerit.
4485 4638 4772 4706 Graviter

2856 4724 3053 4790 etiam
3100 4744 3140 4788 a
3183 4722 3501 4799 Peninna,
3550 4745 3676 4788 non
3725 4737 4119 4808 agnoscente
4159 4725 4375 4790 Deum
4423 4726 4496 4791 in
4540 4727 4770 4791 foecun-

2856 4810 3058 4875 ditate
3100 4808 3249 4872 illa:
3297 4812 3561 4874 Annam
3607 4809 3685 4875 ad
3734 4808 4115 4876 modestiam
4163 4830 4493 4889 exercere,
4555 4820 4621 4877 et
4658 4808 4768 4875 fer·

2856 4906 3029 4961 tasse
3083 4893 3178 4960 sic
3237 4915 3543 4979 amorem,
3603 4894 3894 4978 alioquin
3953 4895 4372 4962 immodicum
4432 4897 4504 4962 in
4563 4895 4772 4963 marito

2856 4983 3168 5061 futurum,
3225 4988 3607 5063 temperare.
3698 4981 3804 5046 En
3865 4980 4103 5064 quibus
4148 4981 4356 5048 modis
4399 5004 4595 5067 saepe
4635 4998 4772 5065 quos

2860 5068 3041 5132 Deus
3100 5064 3312 5149 diligit
3371 5075 3678 5142 coerceat,
3747 5076 3814 5131 et
3872 5067 4072 5132 veluti
4131 5067 4436 5135 subactos
4500 5089 4540 5133 a
4599 5065 4772 5139 vitiis,

2858 5151 3091 5236 quibus
3155 5151 3438 5235 alioquin
3489 5153 3685 5219 nimis
3729 5152 4165 5238 indulgerent,
4211 5163 4489 5220 avertat.
4579 5153 4773 5236 Quare

2859 5237 3243 5307 iudiciorum
3288 5238 3413 5304 Dei
3458 5238 3621 5304 haec
3664 5238 4072 5305 observanda
4117 5241 4315 5306 ratio:
4360 5241 4494 5324 qui,
4539 5263 4616 5306 ne
4655 5258 4772 5303 om·
