5059 6059
313 306 443 374 ³69

312 497 478 575 lans,
523 494 594 561 in
638 494 751 561 illo
793 500 1047 579 patrem
1080 494 1187 561 vel
1231 514 1450 570 avum,
1495 490 1603 558 vel
1647 488 1922 576 denique
1964 493 2243 558 maiores

311 582 522 668 punit.
612 579 803 663 Quae
834 579 1079 647 iudicia
1120 580 1273 647 licet
1311 579 1394 646 ob
1436 576 1676 645 mentis
1719 588 1984 643 nostrae
2027 578 2242 644 tenui-

311 677 519 733 tatem
576 687 706 733 non
763 668 1076 750 capimus,
1136 678 1354 732 tamen
1410 662 1741 731 adoranda
1796 671 1951 729 sunt
1996 664 2066 729 in
2109 663 2242 729 illis

310 753 445 819 Dei
502 752 791 830 consilia,
835 752 1025 836 eique
1069 760 1254 818 tanta
1295 759 1559 836 tamque
1599 748 1885 832 perfecta
1927 758 1995 814 et
2034 747 2240 815 admi-

310 838 524 905 randa
578 837 896 921 sapientia
930 836 1295 916 tribuenda,
1340 845 1417 903 ut
1458 835 1540 900 ad
1582 855 1729 901 eam
1773 835 1994 901 omnia
2021 847 2242 901 nostra

315 923 594 992 consilia
657 923 1047 1003 referamus,
1108 944 1428 1009 sensuque
1492 940 1717 988 omues
1774 920 1981 987 eidem
2049 920 2245 988 subii-

307 1010 579 1077 ciamus.
669 1009 773 1076 Eu
818 1010 1036 1092 itaque
1079 1018 1155 1074 ut
1193 1009 1379 1075 Deus
1422 1006 1685 1091 quidem
1732 1005 2081 1090 uuicuique
2144 1027 2242 1072 se·

307 1097 602 1163 cundum
644 1116 838 1161 suum
878 1096 927 1160 fl
1016 1094 1202 1160 'tium
1241 1093 1558 1180 rependit,
1614 1100 1680 1157 et
1715 1101 1933 1158 tamen
1976 1101 2238 1177 patrum

308 1181 383 1247 in
426 1181 558 1248 illis
601 1180 864 1262 scelera,
1033 1182 1291 1246 tertiam
1333 1189 1713 1263 quartamve
1754 1178 2237 1263 generationem

308 1266 666 1334 ulciscitur.
754 1266 846 1333 Et
900 1266 1162 1350 quidem
1218 1265 1566 1333 verborum
1620 1262 1880 1330 illorum
1937 1263 2047 1331 hic
2088 1283 2236 1330 sen·

306 1375 425 1419 sus
478 1362 598 1426 est,
655 1361 718 1417 et
775 1351 1053 1436 insignis
1097 1352 1412 1433 doctrina,
1453 1369 1655 1433 quum
1700 1348 1918 1414 Deum
1962 1348 2236 1415 suscita-

306 1449 535 1504 turum
574 1436 830 1503 fidelem
888 1437 1285 1504 sacerdotem
1337 1437 1606 1521 spiritus
1648 1434 1977 1518 praedicit,
2042 1454 2237 1518 quem

308 1522 624 1592 Solomou
685 1520 990 1606 deinceps
1031 1523 1101 1589 in
1157 1522 1561 1590 sacerdotem
1604 1519 1930 1585 ordinavit
1972 1539 2048 1587 ac
2090 1520 2241 1587 licet

304 1609 389 1676 de
444 1608 671 1674 divina
728 1608 1052 1676 sententia
1092 1629 1223 1676 nou
1282 1607 1593 1691 cogitaret
1644 1605 2075 1691 exsequenda,
2116 1607 2238 1670 mi-

303 1697 581 1762 nisterio
663 1702 883 1759 tameu
962 1705 1081 1760 suo
1146 1693 1442 1760 divinum
1508 1691 1836 1758 decretum
1915 1690 2236 1776 implevit.

302 1782 413 1848 Eu
464 1779 701 1864 quibus
756 1777 969 1845 modis
1022 1779 1206 1846 Deus
1251 1779 1662 1862 omnipotens
1702 1776 1787 1842 ad
1828 1776 2235 1842 decretorum

302 1886 572 1934 suorum
627 1864 1075 1948 impletionem
1118 1866 1312 1931 rebus
1352 1862 1657 1930 omuibus
1709 1863 1945 1930 creatis
1987 1872 2236 1948 utatur,

298 1960 371 2018 et
411 1951 496 2018 ad
539 1971 725 2018 suam
768 1950 1180 2017 voluntatem
1223 1948 1620 2034 implendam
1666 1946 1988 2032 disponat.
2061 1947 2233 2013 Nam

296 2037 427 2104 etsi
479 2057 723 2121 poenas
778 2034 1106 2102 Abiathar
1160 2046 1427 2120 propter
1496 2034 1738 2100 laesam
1797 2034 1972 2119 regis
2028 2034 2230 2099 maie-

296 2131 541 2189 statem
598 2122 742 2201 luit,
787 2142 943 2189 reus
994 2123 1172 2188 enim
1217 2120 1443 2188 mortis
1486 2128 1647 2199 erat,
1696 2119 1826 2185 Dei
1869 2128 2088 2185 tamen
2131 2118 2233 2185 iu·

296 2208 488 2275 diciis
544 2207 669 2274 hac
712 2207 963 2274 ratione
1019 2207 1126 2272 via
1167 2208 1338 2274 facta
1379 2213 1498 2287 est,
1539 2205 1684 2271 Deo
1740 2205 1811 2270 in
1856 2204 2236 2271 Abiatharis

295 2315 583 2380 persona
622 2292 827 2360 Helin
886 2292 1200 2377 puniente
1256 2301 1322 2359 et
1377 2291 1449 2357 iu
1506 2292 1645 2357 eius
1700 2290 2016 2356 familiam
2062 2288 2231 2373 quod

293 2402 368 2448 se
427 2379 756 2446 facturum
814 2388 956 2444 erat
1005 2379 1311 2459 minatus,
1367 2375 1648 2444 dedecus
1690 2385 1757 2441 et
1809 2376 2231 2461 ignominiam

292 2465 659 2532 derivante.
747 2462 1006 2546 Quibus
1060 2464 1364 2531 omuibus
1420 2483 1498 2528 ea
1550 2481 1749 2546 quam
1794 2462 2095 2545 superius
2136 2469 2234 2527 at-

293 2553 569 2636 tigimus
613 2550 909 2616 doctriua
950 2551 1404 2630 confirmatur,
1442 2547 1587 2613 Deo
1632 2568 1763 2614 nou
1806 2547 2235 2632 patefaciente

293 2657 569 2705 suorum
614 2634 999 2704 iudiciorum
1041 2636 1232 2720 signa
1265 2633 1629 2713 manifesta,
1670 2653 1946 2716 quorum
1987 2633 2236 2699 intuitu

296 2732 687 2803 terreamur,
730 2741 863 2787 nou
906 2719 1054 2786 ideo
1096 2730 1318 2787 tamen
1352 2717 1891 2797 insolesceudum,
1933 2717 2048 2783 sed
2094 2736 2234 2783 mo·-

292 2808 483 2876 deste
529 2806 611 2876 de
651 2826 722 2872 se
766 2805 1179 2873 sentiendum
1223 2815 1289 2871 et
1330 2824 1548 2872 coram
1569 2804 1856 2871 Domino
1897 2802 2235 2870 ambulan-

292 2895 475 2973 dum,
533 2890 1053 2977 quandoquidem
1095 2903 1165 2959 et
1216 2898 1373 2976 post
1410 2891 1547 2956 fata
1589 2910 1744 2956 suas
1784 2890 2071 2955 rationes
2114 2888 2235 2954 ha·

293 2980 427 3060 bet,
483 2999 629 3059 nos,
683 2999 816 3044 nou
870 2978 1089 3044 minus
1147 2996 1344 3061 quam
1401 2975 1544 3042 vita
1604 2977 1971 3062 fungentes,
2032 2973 2231 3040 corri-

291 3063 526 3151 piendi
604 3072 668 3129 et
746 3062 1131 3164 castigandi·
1235 3061 1325 3128 Et
1412 3061 1732 3129 hacteuus
1815 3060 2075 3145 quidem
2154 3058 2235 3125 de

294 3152 675 3217 divinorum
740 3148 1128 3215 iudiciorum
1205 3147 1474 3216 occultis
1536 3148 1667 3212 viis
1730 3156 1797 3211 et
1867 3145 2232 3213 rationibus

291 3235 549 3303 dictum
606 3242 741 3301 est:
813 3233 986 3319 quod
1042 3243 1262 3300 tamen
1326 3242 1788 3318 argumentum
1853 3231 2231 3315 ampliorem

290 3331 657 3389 metatum
706 3326 1022 3420 posceret,
1077 3317 1193 3387 sed
1233 3319 1306 3385 in
1349 3318 1716 3403 praesentia
1758 3337 1960 3401 quum
2003 3316 2085 3383 de
2125 3336 2234 3384 oc·

294 3407 502 3475 cultis
544 3405 677 3473 Dei
715 3402 974 3473 mdioiis
1017 3413 1268 3491 agatur,
1311 3403 1717 3471 intellexisse
1758 3404 2056 3483 sufficiat,
2101 3422 2234 3467 nou

293 3493 520 3559 inulta
565 3492 762 3557 fuisse
804 3490 1088 3558 filiorum
1132 3489 1290 3558 Heli
1329 3491 1417 3555 fia
1467 3488 1598 3571 'tia,
1638 3489 1795 3558 licet
1842 3489 1914 3553 in
1976 3497 2234 3587 tempus

296 3575 1184 3748 astiteritis
1219 3512 2238 3744 31¹3.{¹ff³⁰;.2t1.¹353.³¹23⁰.1¹32⁰.3

297 3758 526 3835 posset
565 3748 899 3832 iniquitas,
949 3748 1021 3813 in
1064 3747 1196 3813 Dei
1235 3756 1456 3813 tamen
1499 3745 1767 3814 consilio
1809 3759 2073 3812 aeterno
2115 3744 2236 3809 im-

298 3855 599 3920 pressam
640 3844 708 3899 et
747 3833 1140 3917 insculptam
1172 3831 1489 3899 hactenus
1530 3830 1938 3898 remansisse.

481 3917 796 4004 Sequitur
818 3919 885 3985 iu
913 3919 1269 4005 prophetae
1291 3918 1543 3986 verbis:
1586 3916 1802 3984 Deum
1844 3915 1944 3982 illi
1983 3915 2239 3981 domum

296 4004 811 4090 aedificaturum,
855 4005 1095 4088 quibus
1125 4001 1344 4071 verbis
1368 4003 1499 4070 alia
1531 4001 1976 4088 metaphorica
2008 4000 2236 4085 loquu-

297 4093 398 4158 tio
439 4092 831 4157 continetur.
876 4090 1187 4156 -Domum
1223 4089 1398 4156 enim
1442 4088 1783 4155 aedificare
1823 4086 2082 4171 dicitur,
2213 4085 2238 4150 i

293 4185 557 4244 statum
617 4175 897 4260 aliquem
951 4176 1220 4241 firmum
1276 4182 1345 4240 et
1398 4174 1696 4241 stabilem
1758 4173 1975 4254 efficit,
2039 4107 2238 4238 uulqlis

294 4261 782 4329 mutationibus
825 4262 1194 4334 obnoxium.
1283 4258 1398 4330 Sic
1438 4260 1707 4327 Psalmo
1750 4259 1895 4340 127,
1933 4260 1990 4323 1.
2035 4278 2237 4342 quum

295 4348 582 4415 dicitur:
635 4346 917 4414 Domum
953 4346 1203 4431 frustra
1264 4343 1610 4429 aedificari,
1672 4365 1864 4428 quam
1918 4342 2240 4411 Dominus

291 4455 425 4500 non
470 4433 912 4516 aedificaverit,
968 4453 1100 4499 nou
1145 4432 1488 4516 parietum,
1531 4431 1943 4516 lignorumve
1986 4437 2101 4496 aut
2141 4428 2234 4493 la-

292 4517 1232 4672 ffiffizssssffiksszsszfflffii‘
1257 4513 2236 4670 tzffiffiffiffiffiffl

290 4710 504 4776 quam
548 4690 676 4757 sibi
716 4689 1015 4756 homines
1037 4654 1377 4775 ’augendis
1416 4688 1685 4756 familiis
1722 4687 1951 4772 opibus
1984 4694 2051 4752 et
2094 4651 2236 4772 dig1

291 4775 625 4844 nitatibus
667 4776 906 4841 intenti
950 4776 1212 4855 frustra,
1266 4775 1407 4841 sine
1447 4774 1576 4840 Dei
1621 4774 1884 4849 auxilio,
1927 4772 2235 4857 pollicen-

290 4875 435 4929 tur.
542 4860 761 4945 Atque
825 4863 895 4927 in
974 4860 1317 4946 scripturis
1380 4861 1542 4928 haec
1612 4858 1917 4944 loquendi
1981 4858 2237 4942 phrasis

286 4947 597 5016 occurrit
652 4967 863 5099 ὅπῃ,
906 4945 1126 5012 Deum
1170 4947 1510 5014 aedificare
1545 4946 1829 5024 domum,
1884 4965 2086 5028 quum
2145 4944 2240 5010 ita

290 5033 525 5102 servis
582 5033 720 5100 suis
853 5031 1116 5111 aedicit,
1170 5041 1247 5098 ut
1296 5041 1435 5098 tam
1486 5031 1813 5116 corporeis
1868 5032 2007 5098 eius
2050 5029 2238 5097 donis

287 5139 505 5206 quam
549 5119 1001 5204 spiritualibus
1043 5124 1409 5203 augeantur
1428 5127 1495 5184 et
1534 5118 2025 5202 locupletentur.
2071 5114 2236 5198 Qui-

286 5208 425 5275 bus
495 5204 806 5271 docemur
862 5225 996 5270 nou
1051 5202 1180 5269 nisi
1236 5201 1364 5270 Dei
1431 5204 1831 5289 benignitate
1888 5209 1954 5267 et
2016 5202 2235 5270 favore

515 5306 741 5364 catam·
762 5321 946 5377 opem.
993 5302 1115 5366 voe.
1140 5301 1371 5365 xm

1678 305 1779 373 IN
1815 304 1871 373 I.
1917 305 2095 372 LIB.
2142 303 2543 374 SAMUEL.
2586 302 2782 378 CAP.
2826 301 2916 370 ΙΙ.

4146 304 4280 373 370

2343 490 2644 559 homines
2723 490 2830 558 vel
2904 488 2987 556 ad
3053 512 3343 560 summos
3418 493 3697 561 honores
3773 499 3839 561 et
3915 493 4269 581 dignitates

2343 578 2554 657 evehi,
2597 576 2701 642 vel
2744 575 2992 644 divitiis
3033 588 3099 644 et
3141 579 3372 663 opibus
3414 579 3768 664 abundare,
3808 578 3962 648 licet
4002 580 4103 648 vel
4150 601 4273 648 sua

2342 662 2666 729 industria
2707 670 2776 728 et
2818 662 3053 746 labore,
3113 666 3219 731 vel
3264 666 3462 732 etiam
3519 686 3674 733 casu
3718 677 3783 732 et
3825 668 4092 733 fortuna
4180 666 4270 732 le·

2341 748 3010 903 ssffisstiovi‘ssfflssffl‘
3038 749 3836 921 fflssffgffiqffi‘ssnffli
3877 752 4271 922 23:¹⁰⁰...53

2339 920 2524 986 Deus
2566 921 2634 986 iu
2670 940 2897 986 omnes
2929 941 3035 986 res
3068 933 3316 989 creatas
3350 923 3701 1006 imperium
3736 923 4045 1002 obtineat,
4080 924 4267 991 cuius

2336 1005 2790 1158 ἕέΐαέἓέξῗῗέ
2821 1015 3116 1158 ,ἳῗὲθέΐὲἑ
3158 1006 4267 1179 ἓὲωῗῖῑὲἱ“ᾱῗῃὲηἶῗ“ῗέὲῖἓ““ὲίοἲὲἷ“

2338 1177 2522 1244 chiae
2580 1187 2647 1242 et
2700 1185 2913 1243 status
2963 1179 3330 1263 quicunque
3386 1179 3790 1258 validissimi,
3852 1190 4068 1247 tamen
4129 1200 4265 1246 cor·

2340 1262 2629 1330 ruituros
2671 1271 2739 1329 et
2779 1262 2848 1328 in
2892 1262 3168 1330 nihilum
3224 1262 3627 1347 redigendos,
3681 1266 3932 1350 quoties
3979 1267 4120 1334 Deo
4163 1266 4268 1332 vi·

2340 1347 2617 1426 debitur,
2697 1348 2824 1417 uisi
2901 1369 3104 1415 mauu
3182 1357 3249 1415 et
3322 1348 3545 1417 favore
3613 1350 3821 1435 ipsius
3899 1351 4266 1419 fulciantur.

2340 1432 2781 1516 Quamobrem
2805 1445 3111 1517 parentes
3144 1433 3366 1502 liberis
3401 1436 3624 1503 domos
3658 1437 4073 1505 aedificantes
4105 1437 4267 1505 haec

2339 1521 2552 1587 iacere
2595 1518 3039 1599 fundamenta,
3097 1519 3457 1605 liberosque
3509 1543 3661 1589 suos
3713 1522 3940 1588 eadem
3997 1522 4265 1590 edocere

2340 1613 2614 1689 oportet,
2655 1606 2713 1672 si
2746 1608 2882 1673 suis
2926 1605 3189 1673 familiis
3229 1607 3647 1673 stabilitatem
3692 1608 3974 1693 aliquam
4011 1607 4266 1675 diutur-

2339 1691 2741 1776 nitatemque
2799 1711 3029 1775 parare
3079 1691 3363 1757 student.
3457 1693 3663 1758 Porro
3719 1715 3936 1761 coram
3993 1693 4261 1762 Christo

2337 1777 2637 1843 sacerdos
2698 1775 3148 1843 ambulaturus
3204 1776 3460 1859 dicitur,
3519 1778 3588 1843 id
3640 1787 3758 1857 est,
3816 1800 4034 1846 coram
4092 1801 4264 1866 rege,

2334 1862 2449 1946 qui
2494 1863 2758 1929 Domini
2801 1863 2985 1928 iussu
3027 1863 3402 1948 inungetur.
3490 1863 3676 1932 'l'unc
3718 1886 3873 1931 vero
3933 1865 4265 1950 temporis,

2336 1947 2559 2014 nullus
2612 1947 2826 2014 adhuc
2880 1949 2947 2012 in
2993 1948 3238 2016 Israele
3294 1971 3365 2014 re
3413 1949 3538 2014 iam
3585 1950 3972 2035 dignitatem
4013 1951 4264 2020 obtine·

2335 2032 2478 2099 bat:
2514 2034 2637 2100 etsi
2673 2033 2847 2118 regis
2881 2033 3139 2118 quidem
3176 2034 3347 2118 apud
3445 2056 3598 2100 osen
3636 2035 3855 2119 aliqua
3888 2037 3968 2102 fit
3986 2038 4270 2107 mentio:

2334 2140 2568 2185 verum
2609 2127 2831 2185 tamen
2876 2118 3097 2185 nullus
3130 2119 3340 2186 adhuc
3378 2119 3462 2185 ad
3489 2119 3814 2187 Samuelis
3856 2143 4059 2206 usque
4102 2134 4266 2190 tem-

2335 2224 2496 2288 pora
2539 2225 2656 2271 rex
2701 2205 2921 2270 fuerat
2961 2205 3032 2270 iu
3053 2204 3316 2287 Israele,
3359 2206 3472 2272 sed
3515 2206 3659 2273 sine
3701 2227 3856 2292 rege
3898 2207 4263 2292 respublica

2335 2290 2685 2358 israelitica
2741 2289 2956 2356 fuerat
3010 2289 3486 2357 administrata.
3574 2290 3756 2374 Quin
3813 2299 3882 2358 et
3939 2293 4105 2359 illud
4149 2294 4265 2362 ob-

2334 2375 2756 2452 servandum,
2815 2397 2899 2443 ne
2945 2373 3166 2450 Saulis
3224 2376 3482 2460 quidem
3539 2397 3816 2462 regnum
3860 2378 4060 2447 fuisse
4101 2379 4264 2466 legi-

2337 2461 2593 2542 timum,
2637 2462 2759 2527 etsi
2804 2461 3113 2545 populum
3147 2463 3285 2528 suis
3318 2461 3569 2547 legibus
3603 2465 3791 2543 rexit,
3833 2474 3901 2529 et
3931 2464 4262 2533 subditum

2337 2566 2415 2613 ac
2478 2547 2939 2631 obsequentem
3001 2547 3230 2614 habuit
3248 2597 3266 2628 ,
3330 2549 3472 2633 ipse
3535 2569 3575 2613 a
3640 2546 3945 2616 Samuele
4009 2558 4262 2618 unctus.

2338 2633 2590 2698 Verum
2648 2642 2868 2698 tamen
2923 2630 3099 2699 haud
3160 2633 3302 2699 Deo
3356 2632 3604 2718 placuit
3661 2635 3980 2701 eiusmodi
4043 2635 4267 2705 Saulis

2336 2718 2584 2796 electio,
2643 2738 2809 2802 quae
2866 2717 3178 2783 nimirum
3222 2739 3263 2785 a
3314 2718 3649 2801 seditione,
3702 2741 3830 2786 nou
3891 2731 4267 2806 exspectato

2336 2804 2463 2870 Dei
2502 2805 2703 2882 iussu,
2747 2813 3065 2887 coeperat.
3152 2803 3321 2880 Nam
3377 2815 3569 2871 antea
3619 2803 3880 2889 quidem
3927 2807 4107 2873 Deus
4165 2830 4268 2877 re·

2337 2910 2483 2975 gem
2529 2888 2761 2956 Israeli
2806 2888 3180 2971 destinarat,
3242 2888 3357 2956 sed
3402 2890 3910 2973 exspectandum
3968 2902 4111 2959 erat
4150 2914 4267 2979 pc·
4331 2887 4336 2894 ’

2336 2973 2490 3060 pulo
2547 2974 2705 3041 dum
2759 2976 2900 3059 ipse
2941 2973 3128 3041 Deus
3184 2996 3403 3062 regem
3465 2975 3669 3054 daret,
3733 2997 3864 3042 nou
3909 2976 4111 3060 ipsius
4154 2977 4265 3044 de·

2335 3069 2587 3128 cretum
2629 3061 3005 3144 importuna
3042 3061 3128 3126 fia
3176 3060 3442 3126 'tatione
3476 3061 4049 3145 praeveniendum.
4116 3064 4266 3131 Pri·

2335 3167 2488 3212 mus
2529 3147 2749 3229 itaque
2792 3167 2909 3212 rex
2953 3082 3219 3212 Israsffils
3261 3146 3387 3212 fuit
3419 3145 3661 3225 David,
3709 3146 3964 3214 Christi
4000 3149 4265 3215 Domini

2337 3232 2545 3300 nostri
2599 3232 2832 3317 figura.
2918 3229 3141 3313 Quare
3197 3252 3400 3316 quum
3459 3232 3701 3298 dicitur
3758 3231 4060 3301 sacerdos
4111 3244 4265 3302 ante

2335 3316 2682 3384 Christum
2767 3315 3254 3401 ambulaturus,
3336 3316 3421 3382 ad
3498 3325 3754 3401 tempus
3830 3319 4260 3388 sacerdotium

2336 3403 2772 3471 exercendum
2815 3401 3107 3487 docetur,
3156 3403 3262 3469 cui
3318 3404 3517 3468 finem
3561 3412 3734 3469 esset
3774 3405 4014 3469 summi
4055 3428 4266 3474 sacer-

2324 3488 2505 3573 ‚dotis
2549 3488 2798 3556 Christi
2841 3489 2914 3554 iu
2956 3509 3213 3554 carnem
3275 3487 3597 3557 adventus
3639 3488 4083 3572 impositurus,
4138 3512 4264 3577 quo

2335 3582 2629 3658 tempore
2671 3594 2857 3641 suam
2902 3572 3360 3658 perfectionem
3419 3573 3690 3641 ecclesia
3744 3587 4263 3659 consequeretur.

2340 3663 2430 3724 Ac
2492 3659 2763 3743 proinde
2825 3680 2956 3727 uon
3021 3658 3288 3724 dubium
3353 3659 3512 3742 quin
3579 3656 3894 3743 propheta
3942 3660 4049 3729 hic
4103 3662 4263 3730 Heli

2339 3746 2676 3829 alloquens
2719 3743 3023 3811 iudicarit
3064 3743 3200 3810 fore
3243 3744 3674 3810 sacerdotium
3719 3756 4263 3830 momentaneum,

2338 3831 2465 3898 etsi
2509 3831 2580 3896 iu
2621 3831 2824 3915 ipsius
2868 3830 3116 3896 familia
3149 3828 3579 3913 perdurasset,
3625 3829 3817 3897 doceo
3849 3853 4034 3898 suam
4070 3834 4268 3901 eccle-

2338 3917 2503 3984 siam
2546 3916 2629 3981 ad
2674 3916 2945 4002 gloriam
2990 3924 3057 3982 et
3096 3915 3471 3982 felicitatem
3517 3914 3844 3982 duxisset:
3887 3937 4071 4000 quae,
4114 3919 4267 3987 licet

2337 4002 2478 4087 ipse
2523 4001 2829 4069 Christus
2868 4002 2936 4067 iu
2997 4022 3192 4069 carne
3251 4000 3520 4066 veniens
3578 4022 3711 4066 nou
3769 4000 4000 4069 fuisset
4055 4003 4263 4071 factus

2338 4089 2740 4172 conspicuus,
2785 4096 3008 4153 tamen
3050 4093 3193 4153 erat
3247 4085 3583 4152 ecclesiam
3638 4086 4065 4167 illustratura,
4121 4090 4266 4173 ipso

2338 4195 2482 4242 sese
2540 4172 3066 4259 conspiciendum
3124 4173 3191 4237 iu
3250 4171 3529 4239 Davidis
3591 4181 3659 4236 et
3711 4171 3986 4238 aliorum
4049 4175 4263 4275 figura

2337 4258 2708 4343 praebente.
2799 4258 2978 4325 Dicit
3033 4259 3250 4341 itaque
3302 4257 3616 4340 propheta
3659 4257 3817 4323 Heli
3859 4267 4014 4325 tunc
4055 4280 4115 4324 ei
4158 4279 4262 4324 sa-

2337 4344 2697 4411 cerdotium
2756 4342 3191 4424 adimendum,
3247 4363 3445 4426 quum
3490 4342 3675 4409 Deus
3716 4343 3858 4428 ipse
3901 4343 4104 4409 veluti
4148 4367 4263 4412 ve·

2337 4429 2572 4500 xillum
2636 4429 2866 4496 salutis
2931 4428 3260 4510 extulerit,
3324 4447 3398 4494 ac
3462 4449 3604 4494 sese
3666 4450 3797 4494 nou
3863 4429 4102 4495 frustra
4159 4451 4262 4496 re·

2337 4517 2739 4601 demptorem
2787 4535 2927 4581 esse
2960 4514 3318 4599 pollicitum
3358 4534 3429 4579 re
3462 4515 3604 4597 ipsa
3636 4513 4030 4598 patefecerit,
4065 4535 4262 4600 seque

2337 4622 2616 4687 regnare
2659 4600 2827 4669 velle
2885 4599 3267 4667 ostenderit.
3352 4599 3700 4666 Caeterum
3766 4599 4262 4681 observandum,

2337 4697 2614 4771 sequuta
2669 4708 2812 4753 esse
2854 4684 3226 4752 Solomonis
3283 4695 3556 4750 mortem
3616 4692 3907 4767 tempora
3960 4683 4263 4767 infelicia,

2338 4794 2574 4856 nempe
2608 4772 2809 4838 totius
2843 4771 3065 4856 populi
3101 4768 3507 4857 divisionem,
3543 4768 3762 4836 decem
3797 4769 3931 4836 illis
3963 4770 4263 4839 tribubus

2337 4881 2379 4926 a
2420 4857 2702 4925 Davidis
2746 4857 2935 4924 domo
2978 4855 3456 4923 deficientibus:
3523 4875 3598 4920 ac
3642 4854 3915 4938 proinde
3957 4856 4027 4920 iu
4072 4854 4262 4924 Solo·

2338 4966 2552 5027 mone,
2596 4966 2728 5011 non
2771 4943 2840 5009 in
2884 4942 3241 5022 Roboamo,
3295 4963 3427 5007 non
3487 4939 3761 5024 denique
3805 4940 3873 5005 in
3919 4939 4064 5007 aliis
4107 4942 4261 5010 ullis

2336 5054 2379 5099 a
2417 5030 2677 5098 Davide
2719 5030 2982 5115 regibus
3022 5026 3314 5094 oriundis
3357 5025 3541 5092 nobis
3582 5023 4093 5114 subsistendum¹
4143 5028 4263 5095 sed

2335 5117 2459 5183 sub
2500 5126 2652 5202 typo
2694 5124 2766 5183 et
2805 5117 3015 5200 figura
3069 5113 3414 5179 veritatem
3480 5109 3918 5196 quaerendam
3974 5120 4041 5178 et
4080 5134 4258 5181 com·

2336 5201 2894 5288 prehendendam:
2939 5198 3210 5286 perinde
3265 5217 3340 5264 ac
3395 5197 3453 5264 si
3505 5197 3591 5264 sit
3630 5195 3866 5262 horum
3909 5197 4262 5267 verborum
