<?xml version="1.0" encoding="UTF-8"?>
<!DOCTYPE html PUBLIC "-//W3C//DTD XHTML 1.0 Transitional//EN"
    "http://www.w3.org/TR/xhtml1/DTD/xhtml1-transitional.dtd">
<html xmlns="http://www.w3.org/1999/xhtml" xml:lang="en" lang="en">
 <head>
  <title>
</title>
<meta http-equiv="Content-Type" content="text/html;charset=utf-8" />
  <meta name='ocr-system' content='tesseract 3.04.00' />
  <meta name='ocr-capabilities' content='ocr_page ocr_carea ocr_par ocr_line ocrx_word'/>
</head>
<body>
  <div class='ocr_page' id='page_1' title='image "./ioanniscalvinio07unkngoog_0316.png"; bbox 0 0 5059 6059; ppageno 0'>
   <div class='ocr_carea' id='block_1_1' title="bbox 832 312 962 379">
    <p class='ocr_par' dir='ltr' id='par_1_1' title="bbox 832 312 962 379">
     <span class='ocr_line' id='line_1_1' title="bbox 832 312 962 379; baseline 0 0"><span class='ocrx_word' id='word_1_1' title='bbox 832 312 962 379; x_wconf 82' lang='lat'><strong>543</strong></span> 
     </span>
    </p>
   </div>
   <div class='ocr_carea' id='block_1_2' title="bbox 831 494 2761 2115">
    <p class='ocr_par' dir='ltr' id='par_1_2' title="bbox 831 494 2761 2115">
     <span class='ocr_line' id='line_1_2' title="bbox 831 494 2752 586; baseline -0.004 -19"><span class='ocrx_word' id='word_1_2' title='bbox 831 501 1238 586; x_wconf 76' lang='lat' dir='ltr'><strong>negotiorum</strong></span> <span class='ocrx_word' id='word_1_3' title='bbox 1294 516 1559 565; x_wconf 90' lang='lat' dir='ltr'><strong>suorum</strong></span> <span class='ocrx_word' id='word_1_4' title='bbox 1602 494 2190 563; x_wconf 74' lang='lat' dir='ltr'><strong>administratione:</strong></span> <span class='ocrx_word' id='word_1_5' title='bbox 2248 494 2480 578; x_wconf 88' lang='lat' dir='ltr'><strong>quibus</strong></span> <span class='ocrx_word' id='word_1_6' title='bbox 2521 495 2578 560; x_wconf 88' lang='lat' dir='ltr'><strong>si</strong></span> <span class='ocrx_word' id='word_1_7' title='bbox 2622 515 2752 560; x_wconf 91' lang='lat' dir='ltr'><strong>nou</strong></span> 
     </span>
     <span class='ocr_line' id='line_1_3' title="bbox 832 580 2751 667; baseline -0.004 -14"><span class='ocrx_word' id='word_1_8' title='bbox 832 586 1146 654; x_wconf 84' lang='lat' dir='ltr'><strong>satisfacit</strong></span> <span class='ocrx_word' id='word_1_9' title='bbox 1201 606 1286 649; x_wconf 90' lang='lat' dir='ltr'><strong>ex</strong></span> <span class='ocrx_word' id='word_1_10' title='bbox 1338 584 1631 667; x_wconf 87' lang='lat' dir='ltr'><strong>ipsorum</strong></span> <span class='ocrx_word' id='word_1_11' title='bbox 1684 580 1951 647; x_wconf 90' lang='lat' dir='ltr'><strong>arbitrio</strong></span> <span class='ocrx_word' id='word_1_12' title='bbox 1994 582 2215 648; x_wconf 89' lang='lat' dir='ltr'><strong>statim</strong></span> <span class='ocrx_word' id='word_1_13' title='bbox 2256 589 2751 664; x_wconf 70' lang='lat' dir='ltr'><strong>conquerantur.</strong></span> 
     </span>
     <span class='ocr_line' id='line_1_4' title="bbox 837 664 2755 755; baseline -0.004 -17"><span class='ocrx_word' id='word_1_14' title='bbox 837 672 1056 755; x_wconf 79' lang='lat' dir='ltr'><strong>Quare</strong></span> <span class='ocrx_word' id='word_1_15' title='bbox 1097 668 1691 754; x_wconf 72' lang='lat' dir='ltr'><strong>praecipitationem</strong></span> <span class='ocrx_word' id='word_1_16' title='bbox 1725 667 1904 731; x_wconf 90' lang='lat' dir='ltr'><strong>illam</strong></span> <span class='ocrx_word' id='word_1_17' title='bbox 1939 665 2306 732; x_wconf 90' lang='lat' dir='ltr'><strong>humilitate</strong></span> <span class='ocrx_word' id='word_1_18' title='bbox 2339 675 2408 731; x_wconf 90' lang='lat' dir='ltr'><strong>et</strong></span> <span class='ocrx_word' id='word_1_19' title='bbox 2439 664 2755 749; x_wconf 87' lang='lat' dir='ltr'><strong>patientia</strong></span> 
     </span>
     <span class='ocr_line' id='line_1_5' title="bbox 835 748 2754 841; baseline -0.005 -16"><span class='ocrx_word' id='word_1_20' title='bbox 835 758 1261 841; x_wconf 79' lang='lat' dir='ltr'><strong>corrig-amus:</strong></span> <span class='ocrx_word' id='word_1_21' title='bbox 1319 772 1395 819; x_wconf 90' lang='lat' dir='ltr'><strong>ac</strong></span> <span class='ocrx_word' id='word_1_22' title='bbox 1437 754 1494 820; x_wconf 91' lang='lat' dir='ltr'><strong>si</strong></span> <span class='ocrx_word' id='word_1_23' title='bbox 1533 751 1687 836; x_wconf 91' lang='lat' dir='ltr'><strong>quid</strong></span> <span class='ocrx_word' id='word_1_24' title='bbox 1728 751 1913 818; x_wconf 88' lang='lat' dir='ltr'><strong>Deus</strong></span> <span class='ocrx_word' id='word_1_25' title='bbox 1955 751 2278 836; x_wconf 88' lang='lat' dir='ltr'><strong>pollicitus</strong></span> <span class='ocrx_word' id='word_1_26' title='bbox 2321 752 2423 831; x_wconf 86' lang='lat' dir='ltr'><strong>sit,</strong></span> <span class='ocrx_word' id='word_1_27' title='bbox 2481 748 2754 836; x_wconf 81' lang='lat' dir='ltr'><strong>diligen·</strong></span> 
     </span>
     <span class='ocr_line' id='line_1_6' title="bbox 834 835 2754 923; baseline -0.003 -15"><span class='ocrx_word' id='word_1_28' title='bbox 834 844 967 908; x_wconf 88' lang='lat' dir='ltr'><strong>tius</strong></span> <span class='ocrx_word' id='word_1_29' title='bbox 1000 839 1201 908; x_wconf 87' lang='lat' dir='ltr'><strong>verba</strong></span> <span class='ocrx_word' id='word_1_30' title='bbox 1235 839 1437 923; x_wconf 82' lang='lat' dir='ltr'><strong>ipsius</strong></span> <span class='ocrx_word' id='word_1_31' title='bbox 1472 836 1934 921; x_wconf 78' lang='lat' dir='ltr'><strong>expendamus,</strong></span> <span class='ocrx_word' id='word_1_32' title='bbox 1970 844 2163 921; x_wconf 90' lang='lat' dir='ltr'><strong>atque</strong></span> <span class='ocrx_word' id='word_1_33' title='bbox 2198 837 2480 921; x_wconf 80' lang='lat' dir='ltr'><strong>penitius</strong></span> <span class='ocrx_word' id='word_1_34' title='bbox 2513 835 2754 903; x_wconf 88' lang='lat' dir='ltr'><strong>animis</strong></span> 
     </span>
     <span class='ocr_line' id='line_1_7' title="bbox 834 925 2751 1007; baseline -0.004 -14"><span class='ocrx_word' id='word_1_35' title='bbox 834 927 946 993; x_wconf 88' lang='lat' dir='ltr'><strong>illa</strong></span> <span class='ocrx_word' id='word_1_36' title='bbox 997 926 1238 993; x_wconf 88' lang='lat' dir='ltr'><strong>nostris</strong></span> <span class='ocrx_word' id='word_1_37' title='bbox 1289 925 1670 1007; x_wconf 87' lang='lat' dir='ltr'><strong>infigamus:</strong></span> <span class='ocrx_word' id='word_1_38' title='bbox 1721 931 1788 989; x_wconf 88' lang='lat' dir='ltr'><strong>et</strong></span> <span class='ocrx_word' id='word_1_39' title='bbox 1828 942 2165 1006; x_wconf 74' lang='lat' dir='ltr'><strong>precemur</strong></span> <span class='ocrx_word' id='word_1_40' title='bbox 2208 944 2377 1000; x_wconf 89' lang='lat' dir='ltr'><strong>eum,</strong></span> <span class='ocrx_word' id='word_1_41' title='bbox 2435 930 2513 988; x_wconf 91' lang='lat' dir='ltr'><strong>ut</strong></span> <span class='ocrx_word' id='word_1_42' title='bbox 2555 942 2751 988; x_wconf 92' lang='lat' dir='ltr'><strong>even-</strong></span> 
     </span>
     <span class='ocr_line' id='line_1_8' title="bbox 834 1007 2753 1092; baseline -0.004 -13"><span class='ocrx_word' id='word_1_43' title='bbox 834 1024 975 1079; x_wconf 91' lang='lat' dir='ltr'><strong>tum</strong></span> <span class='ocrx_word' id='word_1_44' title='bbox 1012 1011 1275 1077; x_wconf 88' lang='lat' dir='ltr'><strong>illorum</strong></span> <span class='ocrx_word' id='word_1_45' title='bbox 1318 1007 1644 1089; x_wconf 75' lang='lat' dir='ltr'><strong>secundet,</strong></span> <span class='ocrx_word' id='word_1_46' title='bbox 1688 1008 1944 1091; x_wconf 86' lang='lat' dir='ltr'><strong>quando</strong></span> <span class='ocrx_word' id='word_1_47' title='bbox 1988 1009 2205 1075; x_wconf 88' lang='lat' dir='ltr'><strong>visum</strong></span> <span class='ocrx_word' id='word_1_48' title='bbox 2247 1009 2375 1092; x_wconf 92' lang='lat' dir='ltr'><strong>ipsi</strong></span> <span class='ocrx_word' id='word_1_49' title='bbox 2406 1007 2633 1073; x_wconf 79' lang='lat' dir='ltr'><strong>fuerit:</strong></span> <span class='ocrx_word' id='word_1_50' title='bbox 2677 1025 2753 1072; x_wconf 90' lang='lat' dir='ltr'><strong>ac</strong></span> 
     </span>
     <span class='ocr_line' id='line_1_9' title="bbox 837 1092 2754 1181; baseline -0.003 -17"><span class='ocrx_word' id='word_1_51' title='bbox 837 1119 921 1164; x_wconf 89' lang='lat' dir='ltr'><strong>ne</strong></span> <span class='ocrx_word' id='word_1_52' title='bbox 978 1096 1133 1163; x_wconf 90' lang='lat' dir='ltr'><strong>ullis</strong></span> <span class='ocrx_word' id='word_1_53' title='bbox 1177 1094 1583 1181; x_wconf 83' lang='lat' dir='ltr'><strong>passionibus</strong></span> <span class='ocrx_word' id='word_1_54' title='bbox 1627 1093 1837 1177; x_wconf 88' lang='lat' dir='ltr'><strong>abripi</strong></span> <span class='ocrx_word' id='word_1_55' title='bbox 1880 1114 1997 1159; x_wconf 92' lang='lat' dir='ltr'><strong>nos</strong></span> <span class='ocrx_word' id='word_1_56' title='bbox 2041 1094 2350 1172; x_wconf 90' lang='lat' dir='ltr'><strong>sinamus,</strong></span> <span class='ocrx_word' id='word_1_57' title='bbox 2406 1092 2642 1176; x_wconf 89' lang='lat' dir='ltr'><strong>quibus</strong></span> <span class='ocrx_word' id='word_1_58' title='bbox 2683 1092 2754 1158; x_wconf 90' lang='lat' dir='ltr'><strong>in</strong></span> 
     </span>
     <span class='ocr_line' id='line_1_10' title="bbox 833 1177 2755 1267; baseline -0.004 -18"><span class='ocrx_word' id='word_1_59' title='bbox 833 1182 1184 1267; x_wconf 86' lang='lat' dir='ltr'><strong>perniciem</strong></span> <span class='ocrx_word' id='word_1_60' title='bbox 1227 1181 1445 1265; x_wconf 90' lang='lat' dir='ltr'><strong>potius</strong></span> <span class='ocrx_word' id='word_1_61' title='bbox 1487 1197 1681 1264; x_wconf 89' lang='lat' dir='ltr'><strong>quam</strong></span> <span class='ocrx_word' id='word_1_62' title='bbox 1721 1178 1792 1243; x_wconf 91' lang='lat' dir='ltr'><strong>in</strong></span> <span class='ocrx_word' id='word_1_63' title='bbox 1837 1178 2092 1262; x_wconf 83' lang='lat' dir='ltr'><strong>aliquod</strong></span> <span class='ocrx_word' id='word_1_64' title='bbox 2135 1177 2541 1246; x_wconf 89' lang='lat' dir='ltr'><strong>commodum</strong></span> <span class='ocrx_word' id='word_1_65' title='bbox 2576 1197 2755 1262; x_wconf 90' lang='lat' dir='ltr'><strong>prae-</strong></span> 
     </span>
     <span class='ocr_line' id='line_1_11' title="bbox 835 1263 2754 1352; baseline -0.005 -15"><span class='ocrx_word' id='word_1_66' title='bbox 835 1269 1062 1352; x_wconf 87' lang='lat' dir='ltr'><strong>cipites</strong></span> <span class='ocrx_word' id='word_1_67' title='bbox 1117 1267 1433 1333; x_wconf 78' lang='lat' dir='ltr'><strong>feramur:</strong></span> <span class='ocrx_word' id='word_1_68' title='bbox 1491 1265 1604 1331; x_wconf 90' lang='lat' dir='ltr'><strong>sed</strong></span> <span class='ocrx_word' id='word_1_69' title='bbox 1659 1264 1876 1348; x_wconf 91' lang='lat' dir='ltr'><strong>potius</strong></span> <span class='ocrx_word' id='word_1_70' title='bbox 1919 1263 2000 1330; x_wconf 93' lang='lat' dir='ltr'><strong>ab</strong></span> <span class='ocrx_word' id='word_1_71' title='bbox 2043 1264 2183 1330; x_wconf 91' lang='lat' dir='ltr'><strong>eius</strong></span> <span class='ocrx_word' id='word_1_72' title='bbox 2223 1271 2390 1328; x_wconf 90' lang='lat' dir='ltr'><strong>nutu</strong></span> <span class='ocrx_word' id='word_1_73' title='bbox 2434 1264 2554 1329; x_wconf 89' lang='lat' dir='ltr'><strong>toti</strong></span> <span class='ocrx_word' id='word_1_74' title='bbox 2598 1283 2754 1347; x_wconf 87' lang='lat' dir='ltr'><strong>pen·</strong></span> 
     </span>
     <span class='ocr_line' id='line_1_12' title="bbox 837 1348 2755 1433; baseline -0.004 -12"><span class='ocrx_word' id='word_1_75' title='bbox 837 1355 1123 1421; x_wconf 88' lang='lat' dir='ltr'><strong>deamus.</strong></span> <span class='ocrx_word' id='word_1_76' title='bbox 1213 1351 1557 1419; x_wconf 81' lang='lat' dir='ltr'><strong>Caeterum</strong></span> <span class='ocrx_word' id='word_1_77' title='bbox 1622 1351 1691 1415; x_wconf 92' lang='lat' dir='ltr'><strong>in</strong></span> <span class='ocrx_word' id='word_1_78' title='bbox 1753 1348 1875 1415; x_wconf 90' lang='lat' dir='ltr'><strong>hac</strong></span> <span class='ocrx_word' id='word_1_79' title='bbox 1939 1348 2447 1433; x_wconf 86' lang='lat' dir='ltr'><strong>praecipitantia,</strong></span> <span class='ocrx_word' id='word_1_80' title='bbox 2534 1358 2755 1415; x_wconf 90' lang='lat' dir='ltr'><strong>tamen</strong></span> 
     </span>
     <span class='ocr_line' id='line_1_13' title="bbox 838 1433 2755 1523; baseline -0.004 -16"><span class='ocrx_word' id='word_1_81' title='bbox 838 1439 1081 1523; x_wconf 89' lang='lat' dir='ltr'><strong>aliquid</strong></span> <span class='ocrx_word' id='word_1_82' title='bbox 1113 1437 1344 1503; x_wconf 91' lang='lat' dir='ltr'><strong>virtuti</strong></span> <span class='ocrx_word' id='word_1_83' title='bbox 1374 1437 1766 1503; x_wconf 90' lang='lat' dir='ltr'><strong>conveniens</strong></span> <span class='ocrx_word' id='word_1_84' title='bbox 1787 1435 2217 1515; x_wconf 89' lang='lat' dir='ltr'><strong>retinuerunt,</strong></span> <span class='ocrx_word' id='word_1_85' title='bbox 2252 1435 2424 1517; x_wconf 90' lang='lat' dir='ltr'><strong>quod</strong></span> <span class='ocrx_word' id='word_1_86' title='bbox 2449 1433 2755 1500; x_wconf 84' lang='lat' dir='ltr'><strong>Samuele</strong></span> 
     </span>
     <span class='ocr_line' id='line_1_14' title="bbox 837 1519 2756 1603; baseline -0.004 -13"><span class='ocrx_word' id='word_1_87' title='bbox 837 1524 1202 1592; x_wconf 89' lang='lat' dir='ltr'><strong>inconsulto</strong></span> <span class='ocrx_word' id='word_1_88' title='bbox 1275 1521 1443 1588; x_wconf 91' lang='lat' dir='ltr'><strong>nihil</strong></span> <span class='ocrx_word' id='word_1_89' title='bbox 1505 1519 1873 1586; x_wconf 86' lang='lat' dir='ltr'><strong>faciendum</strong></span> <span class='ocrx_word' id='word_1_90' title='bbox 1939 1527 2328 1586; x_wconf 90' lang='lat' dir='ltr'><strong>statuerunt.</strong></span> <span class='ocrx_word' id='word_1_91' title='bbox 2413 1519 2584 1585; x_wconf 87' lang='lat' dir='ltr'><strong>Nam</strong></span> <span class='ocrx_word' id='word_1_92' title='bbox 2649 1540 2756 1603; x_wconf 92' lang='lat' dir='ltr'><strong>po·</strong></span> 
     </span>
     <span class='ocr_line' id='line_1_15' title="bbox 836 1604 2754 1691; baseline -0.005 -15"><span class='ocrx_word' id='word_1_93' title='bbox 836 1611 1113 1676; x_wconf 89' lang='lat' dir='ltr'><strong>tuissent</strong></span> <span class='ocrx_word' id='word_1_94' title='bbox 1145 1607 1244 1673; x_wconf 90' lang='lat' dir='ltr'><strong>illi</strong></span> <span class='ocrx_word' id='word_1_95' title='bbox 1277 1607 1534 1691; x_wconf 91' lang='lat' dir='ltr'><strong>quidem</strong></span> <span class='ocrx_word' id='word_1_96' title='bbox 1573 1606 1977 1671; x_wconf 89' lang='lat' dir='ltr'><strong>turbulenter</strong></span> <span class='ocrx_word' id='word_1_97' title='bbox 2012 1622 2081 1671; x_wconf 89' lang='lat' dir='ltr'><strong>et</strong></span> <span class='ocrx_word' id='word_1_98' title='bbox 2112 1604 2511 1671; x_wconf 84' lang='lat' dir='ltr'><strong>tumultuose</strong></span> <span class='ocrx_word' id='word_1_99' title='bbox 2535 1623 2754 1689; x_wconf 81' lang='lat' dir='ltr'><strong>regem</strong></span> 
     </span>
     <span class='ocr_line' id='line_1_16' title="bbox 835 1689 2754 1781; baseline -0.005 -18"><span class='ocrx_word' id='word_1_100' title='bbox 835 1716 952 1781; x_wconf 92' lang='lat' dir='ltr'><strong>pro</strong></span> <span class='ocrx_word' id='word_1_101' title='bbox 1012 1694 1352 1761; x_wconf 90' lang='lat' dir='ltr'><strong>voluntate</strong></span> <span class='ocrx_word' id='word_1_102' title='bbox 1405 1692 1662 1775; x_wconf 80' lang='lat' dir='ltr'><strong>eligere.</strong></span> <span class='ocrx_word' id='word_1_103' title='bbox 1748 1690 1861 1756; x_wconf 91' lang='lat' dir='ltr'><strong>Sic</strong></span> <span class='ocrx_word' id='word_1_104' title='bbox 1904 1691 2080 1758; x_wconf 89' lang='lat' dir='ltr'><strong>enim</strong></span> <span class='ocrx_word' id='word_1_105' title='bbox 2123 1690 2502 1775; x_wconf 90' lang='lat' dir='ltr'><strong>plerumque</strong></span> <span class='ocrx_word' id='word_1_106' title='bbox 2543 1689 2617 1754; x_wconf 91' lang='lat' dir='ltr'><strong>in</strong></span> <span class='ocrx_word' id='word_1_107' title='bbox 2659 1701 2754 1754; x_wconf 90' lang='lat' dir='ltr'><strong>te-</strong></span> 
     </span>
     <span class='ocr_line' id='line_1_17' title="bbox 837 1775 2755 1860; baseline -0.003 -14"><span class='ocrx_word' id='word_1_108' title='bbox 837 1781 1134 1846; x_wconf 89' lang='lat' dir='ltr'><strong>merariis</strong></span> <span class='ocrx_word' id='word_1_109' title='bbox 1196 1776 1563 1846; x_wconf 89' lang='lat' dir='ltr'><strong>istiusmodi</strong></span> <span class='ocrx_word' id='word_1_110' title='bbox 1620 1776 1905 1842; x_wconf 90' lang='lat' dir='ltr'><strong>consiliis</strong></span> <span class='ocrx_word' id='word_1_111' title='bbox 1961 1776 2299 1860; x_wconf 80' lang='lat' dir='ltr'><strong>contingit,</strong></span> <span class='ocrx_word' id='word_1_112' title='bbox 2353 1785 2431 1840; x_wconf 92' lang='grc' dir='ltr'><strong>ιιι</strong></span> <span class='ocrx_word' id='word_1_113' title='bbox 2487 1796 2570 1840; x_wconf 91' lang='lat' dir='ltr'><strong>ex</strong></span> <span class='ocrx_word' id='word_1_114' title='bbox 2625 1775 2755 1841; x_wconf 91' lang='lat' dir='ltr'><strong>ira-</strong></span> 
     </span>
     <span class='ocr_line' id='line_1_18' title="bbox 838 1860 2755 1946; baseline -0.005 -11"><span class='ocrx_word' id='word_1_115' title='bbox 838 1865 1077 1935; x_wconf 84' lang='lat' dir='ltr'><strong>cundia</strong></span> <span class='ocrx_word' id='word_1_116' title='bbox 1131 1870 1197 1929; x_wconf 90' lang='lat' dir='ltr'><strong>et</strong></span> <span class='ocrx_word' id='word_1_117' title='bbox 1252 1884 1441 1931; x_wconf 87' lang='lat' dir='ltr'><strong>caeco</strong></span> <span class='ocrx_word' id='word_1_118' title='bbox 1500 1861 1704 1927; x_wconf 86' lang='lat' dir='ltr'><strong>animi</strong></span> <span class='ocrx_word' id='word_1_119' title='bbox 1758 1863 1990 1939; x_wconf 87' lang='lat' dir='ltr'><strong>furore,</strong></span> <span class='ocrx_word' id='word_1_120' title='bbox 2050 1860 2368 1927; x_wconf 85' lang='lat' dir='ltr'><strong>deteriora</strong></span> <span class='ocrx_word' id='word_1_121' title='bbox 2410 1861 2755 1946; x_wconf 81' lang='lat' dir='ltr'><strong>eligantur.</strong></span> 
     </span>
     <span class='ocr_line' id='line_1_19' title="bbox 838 1946 2760 2033; baseline -0.005 -15"><span class='ocrx_word' id='word_1_122' title='bbox 838 1952 1018 2018; x_wconf 82' lang='lat' dir='ltr'><strong>Fieri</strong></span> <span class='ocrx_word' id='word_1_123' title='bbox 1075 1952 1251 2015; x_wconf 91' lang='lat' dir='ltr'><strong>enim</strong></span> <span class='ocrx_word' id='word_1_124' title='bbox 1304 1956 1533 2033; x_wconf 88' lang='lat' dir='ltr'><strong>potest,</strong></span> <span class='ocrx_word' id='word_1_125' title='bbox 1587 1955 1683 2027; x_wconf 91' lang='lat' dir='ltr'><strong>ut,</strong></span> <span class='ocrx_word' id='word_1_126' title='bbox 1740 1946 1892 2013; x_wconf 91' lang='lat' dir='ltr'><strong>licet</strong></span> <span class='ocrx_word' id='word_1_127' title='bbox 1931 1946 2249 2012; x_wconf 89' lang='lat' dir='ltr'><strong>moderati</strong></span> <span class='ocrx_word' id='word_1_128' title='bbox 2291 1955 2359 2012; x_wconf 91' lang='lat' dir='ltr'><strong>et</strong></span> <span class='ocrx_word' id='word_1_129' title='bbox 2399 1946 2760 2029; x_wconf 90' lang='lat' dir='ltr'><strong>temperati,</strong></span> 
     </span>
     <span class='ocr_line' id='line_1_20' title="bbox 837 2031 2761 2115; baseline -0.004 -12"><span class='ocrx_word' id='word_1_130' title='bbox 837 2037 1136 2103; x_wconf 91' lang='lat' dir='ltr'><strong>homines</strong></span> <span class='ocrx_word' id='word_1_131' title='bbox 1187 2036 1415 2100; x_wconf 90' lang='lat' dir='ltr'><strong>ineant</strong></span> <span class='ocrx_word' id='word_1_132' title='bbox 1469 2032 1742 2099; x_wconf 88' lang='lat' dir='ltr'><strong>consilia</strong></span> <span class='ocrx_word' id='word_1_133' title='bbox 1795 2053 2070 2115; x_wconf 89' lang='lat' dir='ltr'><strong>quorum</strong></span> <span class='ocrx_word' id='word_1_134' title='bbox 2127 2034 2343 2098; x_wconf 89' lang='lat' dir='ltr'><strong>exitus</strong></span> <span class='ocrx_word' id='word_1_135' title='bbox 2400 2052 2633 2115; x_wconf 90' lang='lat' dir='ltr'><strong>parum</strong></span> <span class='ocrx_word' id='word_1_136' title='bbox 2673 2031 2761 2097; x_wconf 91' lang='lat' dir='ltr'><strong>sit</strong></span> 
     </span>
    </p>
   </div>
   <div class='ocr_carea' id='block_1_3' title="bbox 697 2116 2759 2201">
    <p class='ocr_par' dir='ltr' id='par_1_3' title="bbox 697 2116 2759 2201">
     <span class='ocr_line' id='line_1_21' title="bbox 697 2116 2759 2201; baseline -0.004 -11"><span class='ocrx_word' id='word_1_137' title='bbox 697 2121 703 2132; x_wconf 89' lang='lat'>&#39;</span> <span class='ocrx_word' id='word_1_138' title='bbox 837 2123 995 2189; x_wconf 80' lang='lat' dir='ltr'><strong>felix</strong></span> <span class='ocrx_word' id='word_1_139' title='bbox 1038 2130 1106 2188; x_wconf 91' lang='lat' dir='ltr'><strong>et</strong></span> <span class='ocrx_word' id='word_1_140' title='bbox 1145 2121 1533 2195; x_wconf 83' lang='lat' dir='ltr'><strong>fortunatus,</strong></span> <span class='ocrx_word' id='word_1_141' title='bbox 1589 2126 1657 2184; x_wconf 91' lang='lat' dir='ltr'><strong>et</strong></span> <span class='ocrx_word' id='word_1_142' title='bbox 1699 2117 2105 2201; x_wconf 84' lang='lat' dir='ltr'><strong>decipiantur</strong></span> <span class='ocrx_word' id='word_1_143' title='bbox 2152 2117 2225 2182; x_wconf 92' lang='lat' dir='ltr'><strong>in</strong></span> <span class='ocrx_word' id='word_1_144' title='bbox 2263 2117 2402 2183; x_wconf 91' lang='lat' dir='ltr'><strong>suis</strong></span> <span class='ocrx_word' id='word_1_145' title='bbox 2445 2116 2759 2184; x_wconf 91' lang='lat' dir='ltr'><strong>delibera·</strong></span> 
     </span>
    </p>
   </div>
   <div class='ocr_carea' id='block_1_4' title="bbox 839 2202 2769 5277">
    <p class='ocr_par' dir='ltr' id='par_1_4' title="bbox 839 2202 2769 5277">
     <span class='ocr_line' id='line_1_22' title="bbox 839 2202 2759 2288; baseline -0.004 -14"><span class='ocrx_word' id='word_1_146' title='bbox 839 2205 1140 2274; x_wconf 87' lang='lat' dir='ltr'><strong>tionibus.</strong></span> <span class='ocrx_word' id='word_1_147' title='bbox 1231 2204 1408 2286; x_wconf 78' lang='lat' dir='ltr'><strong>Quid</strong></span> <span class='ocrx_word' id='word_1_148' title='bbox 1461 2203 1755 2270; x_wconf 85' lang='lat' dir='ltr'><strong>futurum</strong></span> <span class='ocrx_word' id='word_1_149' title='bbox 1811 2203 2017 2287; x_wconf 83' lang='lat' dir='ltr'><strong>igitur</strong></span> <span class='ocrx_word' id='word_1_150' title='bbox 2068 2210 2397 2288; x_wconf 89' lang='lat' dir='ltr'><strong>putamus,</strong></span> <span class='ocrx_word' id='word_1_151' title='bbox 2461 2202 2575 2269; x_wconf 91' lang='lat' dir='ltr'><strong>ubi</strong></span> <span class='ocrx_word' id='word_1_152' title='bbox 2631 2223 2759 2267; x_wconf 93' lang='lat' dir='ltr'><strong>non</strong></span> 
     </span>
     <span class='ocr_line' id='line_1_23' title="bbox 841 2287 2763 2372; baseline -0.005 -12"><span class='ocrx_word' id='word_1_153' title='bbox 841 2294 1030 2372; x_wconf 90' lang='lat' dir='ltr'><strong>ratio,</strong></span> <span class='ocrx_word' id='word_1_154' title='bbox 1083 2312 1211 2357; x_wconf 92' lang='lat' dir='ltr'><strong>non</strong></span> <span class='ocrx_word' id='word_1_155' title='bbox 1267 2288 1619 2355; x_wconf 86' lang='lat' dir='ltr'><strong>moderatio</strong></span> <span class='ocrx_word' id='word_1_156' title='bbox 1677 2287 2114 2369; x_wconf 87' lang='lat' dir='ltr'><strong>dominantur,</strong></span> <span class='ocrx_word' id='word_1_157' title='bbox 2171 2287 2283 2355; x_wconf 88' lang='lat' dir='ltr'><strong>sed</strong></span> <span class='ocrx_word' id='word_1_158' title='bbox 2341 2288 2517 2354; x_wconf 90' lang='lat' dir='ltr'><strong>solus</strong></span> <span class='ocrx_word' id='word_1_159' title='bbox 2562 2288 2763 2353; x_wconf 89' lang='lat' dir='ltr'><strong>animi</strong></span> 
     </span>
     <span class='ocr_line' id='line_1_24' title="bbox 842 2371 2763 2461; baseline -0.003 -16"><span class='ocrx_word' id='word_1_160' title='bbox 842 2380 1141 2461; x_wconf 90' lang='lat' dir='ltr'><strong>impetus,</strong></span> <span class='ocrx_word' id='word_1_161' title='bbox 1205 2384 1272 2442; x_wconf 91' lang='lat' dir='ltr'><strong>et</strong></span> <span class='ocrx_word' id='word_1_162' title='bbox 1332 2376 1512 2441; x_wconf 79' lang='lat' dir='ltr'><strong>furor</strong></span> <span class='ocrx_word' id='word_1_163' title='bbox 1575 2393 1701 2457; x_wconf 88' lang='lat' dir='ltr'><strong>quo</strong></span> <span class='ocrx_word' id='word_1_164' title='bbox 1764 2374 1875 2439; x_wconf 91' lang='lat' dir='ltr'><strong>alii</strong></span> <span class='ocrx_word' id='word_1_165' title='bbox 1939 2374 2101 2441; x_wconf 84' lang='lat' dir='ltr'><strong>alios</strong></span> <span class='ocrx_word' id='word_1_166' title='bbox 2164 2371 2566 2440; x_wconf 83' lang='lat' dir='ltr'><strong>incendunt?</strong></span> <span class='ocrx_word' id='word_1_167' title='bbox 2631 2372 2763 2439; x_wconf 88' lang='lat' dir='ltr'><strong>Hic</strong></span> 
     </span>
     <span class='ocr_line' id='line_1_25' title="bbox 842 2458 2763 2530; baseline -0.003 0"><span class='ocrx_word' id='word_1_168' title='bbox 842 2483 1000 2530; x_wconf 90' lang='lat' dir='ltr'><strong>vero</strong></span> <span class='ocrx_word' id='word_1_169' title='bbox 1034 2462 1185 2528; x_wconf 91' lang='lat' dir='ltr'><strong>licet</strong></span> <span class='ocrx_word' id='word_1_170' title='bbox 1217 2461 1546 2527; x_wconf 90' lang='lat' dir='ltr'><strong>seniorum</strong></span> <span class='ocrx_word' id='word_1_171' title='bbox 1578 2458 1844 2526; x_wconf 73' lang='lat' dir='ltr'><strong>Israelis</strong></span> <span class='ocrx_word' id='word_1_172' title='bbox 1876 2458 2144 2525; x_wconf 89' lang='lat' dir='ltr'><strong>consilia</strong></span> <span class='ocrx_word' id='word_1_173' title='bbox 2179 2469 2247 2524; x_wconf 92' lang='lat' dir='ltr'><strong>et</strong></span> <span class='ocrx_word' id='word_1_174' title='bbox 2271 2458 2763 2525; x_wconf 84' lang='lat' dir='ltr'><strong>deliberationes</strong></span> 
     </span>
     <span class='ocr_line' id='line_1_26' title="bbox 845 2544 2764 2625; baseline -0.004 -9"><span class='ocrx_word' id='word_1_175' title='bbox 845 2549 972 2616; x_wconf 88' lang='lat' dir='ltr'><strong>Dei</strong></span> <span class='ocrx_word' id='word_1_176' title='bbox 1024 2546 1362 2614; x_wconf 88' lang='lat' dir='ltr'><strong>voluntate</strong></span> <span class='ocrx_word' id='word_1_177' title='bbox 1419 2565 1550 2611; x_wconf 92' lang='lat' dir='ltr'><strong>non</strong></span> <span class='ocrx_word' id='word_1_178' title='bbox 1604 2546 1919 2625; x_wconf 89' lang='lat' dir='ltr'><strong>nitantur,</strong></span> <span class='ocrx_word' id='word_1_179' title='bbox 1977 2544 2143 2610; x_wconf 90' lang='lat' dir='ltr'><strong>nihil</strong></span> <span class='ocrx_word' id='word_1_180' title='bbox 2186 2552 2408 2610; x_wconf 91' lang='lat' dir='ltr'><strong>tamen</strong></span> <span class='ocrx_word' id='word_1_181' title='bbox 2450 2544 2764 2610; x_wconf 86' lang='lat' dir='ltr'><strong>immode-</strong></span> 
     </span>
     <span class='ocr_line' id='line_1_27' title="bbox 842 2628 2763 2699; baseline -0.002 0"><span class='ocrx_word' id='word_1_182' title='bbox 842 2642 983 2699; x_wconf 90' lang='lat' dir='ltr'><strong>rate</strong></span> <span class='ocrx_word' id='word_1_183' title='bbox 1046 2640 1113 2697; x_wconf 91' lang='lat' dir='ltr'><strong>et</strong></span> <span class='ocrx_word' id='word_1_184' title='bbox 1166 2630 1548 2697; x_wconf 87' lang='lat' dir='ltr'><strong>immodeste</strong></span> <span class='ocrx_word' id='word_1_185' title='bbox 1604 2631 1866 2697; x_wconf 78' lang='lat' dir='ltr'><strong>faciunt.</strong></span> <span class='ocrx_word' id='word_1_186' title='bbox 1954 2628 2330 2697; x_wconf 88' lang='lat' dir='ltr'><strong>Samuelem</strong></span> <span class='ocrx_word' id='word_1_187' title='bbox 2387 2631 2560 2695; x_wconf 89' lang='lat' dir='ltr'><strong>enim</strong></span> <span class='ocrx_word' id='word_1_188' title='bbox 2615 2650 2763 2696; x_wconf 90' lang='lat' dir='ltr'><strong>cum</strong></span> 
     </span>
     <span class='ocr_line' id='line_1_28' title="bbox 845 2714 2764 2800; baseline -0.002 -15"><span class='ocrx_word' id='word_1_189' title='bbox 845 2720 1087 2785; x_wconf 90' lang='lat' dir='ltr'><strong>honore</strong></span> <span class='ocrx_word' id='word_1_190' title='bbox 1145 2717 1519 2783; x_wconf 89' lang='lat' dir='ltr'><strong>accedentes</strong></span> <span class='ocrx_word' id='word_1_191' title='bbox 1563 2714 1704 2781; x_wconf 91' lang='lat' dir='ltr'><strong>dari</strong></span> <span class='ocrx_word' id='word_1_192' title='bbox 1748 2715 1872 2782; x_wconf 91' lang='lat' dir='ltr'><strong>sibi</strong></span> <span class='ocrx_word' id='word_1_193' title='bbox 1912 2736 2133 2800; x_wconf 85' lang='lat' dir='ltr'><strong>regem</strong></span> <span class='ocrx_word' id='word_1_194' title='bbox 2178 2714 2623 2798; x_wconf 89' lang='lat' dir='ltr'><strong>postularunt:</strong></span> <span class='ocrx_word' id='word_1_195' title='bbox 2688 2735 2764 2781; x_wconf 91' lang='lat' dir='ltr'><strong>ac</strong></span> 
     </span>
     <span class='ocr_line' id='line_1_29' title="bbox 841 2801 2762 2890; baseline -0.002 -20"><span class='ocrx_word' id='word_1_196' title='bbox 841 2802 1110 2890; x_wconf 90' lang='lat' dir='ltr'><strong>proinde</strong></span> <span class='ocrx_word' id='word_1_197' title='bbox 1172 2802 1349 2868; x_wconf 91' lang='lat' dir='ltr'><strong>illius</strong></span> <span class='ocrx_word' id='word_1_198' title='bbox 1410 2801 1689 2887; x_wconf 80' lang='lat' dir='ltr'><strong>eligendi</strong></span> <span class='ocrx_word' id='word_1_199' title='bbox 1745 2802 2161 2867; x_wconf 88' lang='lat' dir='ltr'><strong>autoritatem</strong></span> <span class='ocrx_word' id='word_1_200' title='bbox 2214 2801 2337 2867; x_wconf 92' lang='lat' dir='ltr'><strong>sibi</strong></span> <span class='ocrx_word' id='word_1_201' title='bbox 2394 2819 2526 2866; x_wconf 92' lang='lat' dir='ltr'><strong>non</strong></span> <span class='ocrx_word' id='word_1_202' title='bbox 2585 2820 2762 2866; x_wconf 92' lang='lat' dir='ltr'><strong>arro-</strong></span> 
     </span>
     <span class='ocr_line' id='line_1_30' title="bbox 841 2886 2763 2976; baseline -0.002 -21"><span class='ocrx_word' id='word_1_203' title='bbox 841 2897 1104 2976; x_wconf 83' lang='lat' dir='ltr'><strong>garunt,</strong></span> <span class='ocrx_word' id='word_1_204' title='bbox 1171 2887 1283 2954; x_wconf 92' lang='lat' dir='ltr'><strong>sed</strong></span> <span class='ocrx_word' id='word_1_205' title='bbox 1340 2887 1469 2953; x_wconf 90' lang='lat' dir='ltr'><strong>Dei</strong></span> <span class='ocrx_word' id='word_1_206' title='bbox 1523 2886 1925 2954; x_wconf 89' lang='lat' dir='ltr'><strong>voluntatem</strong></span> <span class='ocrx_word' id='word_1_207' title='bbox 1980 2909 2063 2953; x_wconf 88' lang='lat' dir='ltr'><strong>ex</strong></span> <span class='ocrx_word' id='word_1_208' title='bbox 2106 2886 2413 2953; x_wconf 83' lang='lat' dir='ltr'><strong>Samuele</strong></span> <span class='ocrx_word' id='word_1_209' title='bbox 2455 2886 2763 2952; x_wconf 89' lang='lat' dir='ltr'><strong>sciscitati</strong></span> 
     </span>
     <span class='ocr_line' id='line_1_31' title="bbox 844 2971 2764 3052; baseline -0.004 -10"><span class='ocrx_word' id='word_1_210' title='bbox 844 2983 1018 3052; x_wconf 87' lang='lat' dir='ltr'><strong>sunt,</strong></span> <span class='ocrx_word' id='word_1_211' title='bbox 1076 2981 1143 3039; x_wconf 91' lang='lat' dir='ltr'><strong>et</strong></span> <span class='ocrx_word' id='word_1_212' title='bbox 1197 2974 1278 3040; x_wconf 92' lang='lat' dir='ltr'><strong>de</strong></span> <span class='ocrx_word' id='word_1_213' title='bbox 1334 2994 1413 3039; x_wconf 91' lang='lat' dir='ltr'><strong>ea</strong></span> <span class='ocrx_word' id='word_1_214' title='bbox 1459 2973 1765 3038; x_wconf 83' lang='lat' dir='ltr'><strong>certiores</strong></span> <span class='ocrx_word' id='word_1_215' title='bbox 1822 2973 1965 3037; x_wconf 89' lang='lat' dir='ltr'><strong>fieri</strong></span> <span class='ocrx_word' id='word_1_216' title='bbox 2005 2971 2375 3038; x_wconf 86' lang='lat' dir='ltr'><strong>voluerunt.</strong></span> <span class='ocrx_word' id='word_1_217' title='bbox 2464 2972 2566 3037; x_wconf 87' lang='lat' dir='ltr'><strong>Ac</strong></span> <span class='ocrx_word' id='word_1_218' title='bbox 2608 2990 2764 3036; x_wconf 88' lang='lat' dir='ltr'><strong>sane</strong></span> 
     </span>
     <span class='ocr_line' id='line_1_32' title="bbox 840 3056 2763 3147; baseline -0.003 -20"><span class='ocrx_word' id='word_1_219' title='bbox 840 3069 1139 3147; x_wconf 88' lang='lat' dir='ltr'><strong>poterant</strong></span> <span class='ocrx_word' id='word_1_220' title='bbox 1193 3059 1287 3124; x_wconf 90' lang='lat' dir='ltr'><strong>illi</strong></span> <span class='ocrx_word' id='word_1_221' title='bbox 1343 3056 1604 3142; x_wconf 91' lang='lat' dir='ltr'><strong>quidem</strong></span> <span class='ocrx_word' id='word_1_222' title='bbox 1648 3056 1943 3123; x_wconf 91' lang='lat' dir='ltr'><strong>Samueli</strong></span> <span class='ocrx_word' id='word_1_223' title='bbox 1985 3057 2243 3123; x_wconf 90' lang='lat' dir='ltr'><strong>senium</strong></span> <span class='ocrx_word' id='word_1_224' title='bbox 2285 3057 2578 3134; x_wconf 89' lang='lat' dir='ltr'><strong>obiicere,</strong></span> <span class='ocrx_word' id='word_1_225' title='bbox 2638 3074 2763 3140; x_wconf 90' lang='lat' dir='ltr'><strong>quo</strong></span> 
     </span>
     <span class='ocr_line' id='line_1_33' title="bbox 842 3142 2765 3230; baseline -0.004 -17"><span class='ocrx_word' id='word_1_226' title='bbox 842 3146 925 3213; x_wconf 90' lang='lat' dir='ltr'><strong>ad</strong></span> <span class='ocrx_word' id='word_1_227' title='bbox 967 3167 1071 3212; x_wconf 91' lang='lat' dir='ltr'><strong>res</strong></span> <span class='ocrx_word' id='word_1_228' title='bbox 1113 3142 1431 3230; x_wconf 86' lang='lat' dir='ltr'><strong>gerendas</strong></span> <span class='ocrx_word' id='word_1_229' title='bbox 1465 3145 1683 3209; x_wconf 90' lang='lat' dir='ltr'><strong>minus</strong></span> <span class='ocrx_word' id='word_1_230' title='bbox 1717 3153 1908 3226; x_wconf 90' lang='lat' dir='ltr'><strong>aptus</strong></span> <span class='ocrx_word' id='word_1_231' title='bbox 1940 3142 2341 3222; x_wconf 88' lang='lat' dir='ltr'><strong>redderetur,</strong></span> <span class='ocrx_word' id='word_1_232' title='bbox 2383 3152 2450 3208; x_wconf 90' lang='lat' dir='ltr'><strong>et</strong></span> <span class='ocrx_word' id='word_1_233' title='bbox 2482 3142 2765 3207; x_wconf 87' lang='lat' dir='ltr'><strong>filiorum</strong></span> 
     </span>
     <span class='ocr_line' id='line_1_34' title="bbox 841 3227 2766 3312; baseline -0.004 -14"><span class='ocrx_word' id='word_1_234' title='bbox 841 3231 1203 3310; x_wconf 88' lang='lat' dir='ltr'><strong>avaritiam,</strong></span> <span class='ocrx_word' id='word_1_235' title='bbox 1243 3251 1316 3297; x_wconf 91' lang='lat' dir='ltr'><strong>ac</strong></span> <span class='ocrx_word' id='word_1_236' title='bbox 1351 3227 1736 3295; x_wconf 91' lang='lat' dir='ltr'><strong>iudiciorum</strong></span> <span class='ocrx_word' id='word_1_237' title='bbox 1769 3229 2282 3312; x_wconf 86' lang='lat' dir='ltr'><strong>corruptionem:</strong></span> <span class='ocrx_word' id='word_1_238' title='bbox 2317 3227 2423 3294; x_wconf 91' lang='lat' dir='ltr'><strong>vel</strong></span> <span class='ocrx_word' id='word_1_239' title='bbox 2456 3227 2766 3309; x_wconf 89' lang='lat' dir='ltr'><strong>conqueri</strong></span> 
     </span>
     <span class='ocr_line' id='line_1_35' title="bbox 844 3313 2768 3399; baseline -0.003 -16"><span class='ocrx_word' id='word_1_240' title='bbox 844 3318 924 3384; x_wconf 89' lang='lat' dir='ltr'><strong>de</strong></span> <span class='ocrx_word' id='word_1_241' title='bbox 963 3317 1114 3384; x_wconf 89' lang='lat' dir='ltr'><strong>filiis</strong></span> <span class='ocrx_word' id='word_1_242' title='bbox 1156 3316 1267 3399; x_wconf 90' lang='lat' dir='ltr'><strong>qui</strong></span> <span class='ocrx_word' id='word_1_243' title='bbox 1309 3335 1438 3380; x_wconf 91' lang='lat' dir='ltr'><strong>non</strong></span> <span class='ocrx_word' id='word_1_244' title='bbox 1483 3314 1857 3380; x_wconf 89' lang='lat' dir='ltr'><strong>insisterent</strong></span> <span class='ocrx_word' id='word_1_245' title='bbox 1897 3313 2100 3398; x_wconf 91' lang='lat' dir='ltr'><strong>ipsius</strong></span> <span class='ocrx_word' id='word_1_246' title='bbox 2141 3314 2464 3398; x_wconf 78' lang='lat' dir='ltr'><strong>vestigiis:</strong></span> <span class='ocrx_word' id='word_1_247' title='bbox 2515 3313 2768 3378; x_wconf 89' lang='lat' dir='ltr'><strong>Deum·</strong></span> 
     </span>
     <span class='ocr_line' id='line_1_36' title="bbox 845 3397 2769 3488; baseline -0.003 -20"><span class='ocrx_word' id='word_1_248' title='bbox 845 3424 969 3488; x_wconf 90' lang='lat' dir='ltr'><strong>que</strong></span> <span class='ocrx_word' id='word_1_249' title='bbox 1032 3421 1264 3486; x_wconf 86' lang='lat' dir='ltr'><strong>rogare</strong></span> <span class='ocrx_word' id='word_1_250' title='bbox 1326 3410 1402 3465; x_wconf 90' lang='lat' dir='ltr'><strong>ut</strong></span> <span class='ocrx_word' id='word_1_251' title='bbox 1465 3400 1637 3466; x_wconf 89' lang='lat' dir='ltr'><strong>viros</strong></span> <span class='ocrx_word' id='word_1_252' title='bbox 1699 3398 1966 3466; x_wconf 91' lang='lat' dir='ltr'><strong>idoneos</strong></span> <span class='ocrx_word' id='word_1_253' title='bbox 2027 3399 2372 3478; x_wconf 86' lang='lat' dir='ltr'><strong>sufficeret,</strong></span> <span class='ocrx_word' id='word_1_254' title='bbox 2437 3419 2476 3463; x_wconf 90' lang='lat' dir='ltr'><strong>a</strong></span> <span class='ocrx_word' id='word_1_255' title='bbox 2534 3397 2769 3481; x_wconf 89' lang='lat' dir='ltr'><strong>quibus</strong></span> 
     </span>
     <span class='ocr_line' id='line_1_37' title="bbox 843 3484 2764 3572; baseline -0.002 -20"><span class='ocrx_word' id='word_1_256' title='bbox 843 3499 1247 3572; x_wconf 86' lang='lat' dir='ltr'><strong>regerentur,</strong></span> <span class='ocrx_word' id='word_1_257' title='bbox 1289 3484 1555 3567; x_wconf 90' lang='lat' dir='ltr'><strong>eiusque</strong></span> <span class='ocrx_word' id='word_1_258' title='bbox 1597 3484 1924 3549; x_wconf 85' lang='lat' dir='ltr'><strong>voluntati</strong></span> <span class='ocrx_word' id='word_1_259' title='bbox 1960 3505 2098 3549; x_wconf 90' lang='lat' dir='ltr'><strong>rem</strong></span> <span class='ocrx_word' id='word_1_260' title='bbox 2132 3492 2335 3549; x_wconf 90' lang='lat' dir='ltr'><strong>totam</strong></span> <span class='ocrx_word' id='word_1_261' title='bbox 2371 3484 2764 3566; x_wconf 88' lang='lat' dir='ltr'><strong>permittere.</strong></span> 
     </span>
     <span class='ocr_line' id='line_1_38' title="bbox 845 3568 2769 3655; baseline -0.003 -17"><span class='ocrx_word' id='word_1_262' title='bbox 845 3572 1038 3655; x_wconf 79' lang='lat' dir='ltr'><strong>Quod</strong></span> <span class='ocrx_word' id='word_1_263' title='bbox 1102 3573 1157 3636; x_wconf 91' lang='lat' dir='ltr'><strong>si</strong></span> <span class='ocrx_word' id='word_1_264' title='bbox 1212 3571 1458 3637; x_wconf 88' lang='lat' dir='ltr'><strong>factum</strong></span> <span class='ocrx_word' id='word_1_265' title='bbox 1515 3577 1687 3636; x_wconf 89' lang='lat' dir='ltr'><strong>esset</strong></span> <span class='ocrx_word' id='word_1_266' title='bbox 1729 3570 1808 3636; x_wconf 92' lang='lat' dir='ltr'><strong>ab</strong></span> <span class='ocrx_word' id='word_1_267' title='bbox 1850 3569 2002 3649; x_wconf 90' lang='lat' dir='ltr'><strong>illis,</strong></span> <span class='ocrx_word' id='word_1_268' title='bbox 2045 3569 2312 3635; x_wconf 89' lang='lat' dir='ltr'><strong>minime</strong></span> <span class='ocrx_word' id='word_1_269' title='bbox 2356 3568 2623 3635; x_wconf 91' lang='lat' dir='ltr'><strong>dubium</strong></span> <span class='ocrx_word' id='word_1_270' title='bbox 2668 3576 2769 3635; x_wconf 92' lang='lat' dir='ltr'><strong>est</strong></span> 
     </span>
     <span class='ocr_line' id='line_1_39' title="bbox 844 3653 2766 3740; baseline -0.002 -17"><span class='ocrx_word' id='word_1_271' title='bbox 844 3661 1004 3740; x_wconf 89' lang='lat' dir='ltr'><strong>quin</strong></span> <span class='ocrx_word' id='word_1_272' title='bbox 1062 3676 1444 3740; x_wconf 90' lang='lat' dir='ltr'><strong>responsum</strong></span> <span class='ocrx_word' id='word_1_273' title='bbox 1499 3676 1540 3720; x_wconf 93' lang='lat' dir='ltr'><strong>a</strong></span> <span class='ocrx_word' id='word_1_274' title='bbox 1595 3654 1737 3720; x_wconf 92' lang='lat' dir='ltr'><strong>Deo</strong></span> <span class='ocrx_word' id='word_1_275' title='bbox 1912 3665 2052 3719; x_wconf 89' lang='lat' dir='ltr'><strong>tum</strong></span> <span class='ocrx_word' id='word_1_276' title='bbox 2086 3662 2155 3721; x_wconf 89' lang='lat' dir='ltr'><strong>et</strong></span> <span class='ocrx_word' id='word_1_277' title='bbox 2196 3655 2319 3722; x_wconf 91' lang='lat' dir='ltr'><strong>sibi</strong></span> <span class='ocrx_word' id='word_1_278' title='bbox 2361 3653 2766 3720; x_wconf 89' lang='lat' dir='ltr'><strong>commodum</strong></span> 
     </span>
     <span class='ocr_line' id='line_1_40' title="bbox 844 3737 2766 3826; baseline -0.003 -16"><span class='ocrx_word' id='word_1_279' title='bbox 844 3743 1173 3826; x_wconf 89' lang='lat' dir='ltr'><strong>accepturi</strong></span> <span class='ocrx_word' id='word_1_280' title='bbox 1226 3741 1519 3807; x_wconf 77' lang='lat' dir='ltr'><strong>fuissent.</strong></span> <span class='ocrx_word' id='word_1_281' title='bbox 1608 3737 1742 3806; x_wconf 89' lang='lat' dir='ltr'><strong>Sed</strong></span> <span class='ocrx_word' id='word_1_282' title='bbox 1831 3761 1867 3806; x_wconf 92' lang='lat' dir='ltr'><strong>e</strong></span> <span class='ocrx_word' id='word_1_283' title='bbox 1907 3739 2052 3806; x_wconf 92' lang='lat' dir='ltr'><strong>Deo</strong></span> <span class='ocrx_word' id='word_1_284' title='bbox 2087 3739 2445 3807; x_wconf 91' lang='lat' dir='ltr'><strong>invocando</strong></span> <span class='ocrx_word' id='word_1_285' title='bbox 2489 3759 2617 3804; x_wconf 92' lang='lat' dir='ltr'><strong>non</strong></span> <span class='ocrx_word' id='word_1_286' title='bbox 2663 3759 2766 3805; x_wconf 91' lang='lat' dir='ltr'><strong>eo·</strong></span> 
     </span>
     <span class='ocr_line' id='line_1_41' title="bbox 845 3823 2768 3914; baseline -0.002 -21"><span class='ocrx_word' id='word_1_287' title='bbox 845 3829 1089 3914; x_wconf 86' lang='lat' dir='ltr'><strong>gitant:</strong></span> <span class='ocrx_word' id='word_1_288' title='bbox 1134 3847 1354 3910; x_wconf 83' lang='lat' dir='ltr'><strong>regem</strong></span> <span class='ocrx_word' id='word_1_289' title='bbox 1396 3826 1522 3893; x_wconf 90' lang='lat' dir='ltr'><strong>sibi</strong></span> <span class='ocrx_word' id='word_1_290' title='bbox 1565 3823 1705 3891; x_wconf 87' lang='lat' dir='ltr'><strong>dari</strong></span> <span class='ocrx_word' id='word_1_291' title='bbox 1748 3826 2109 3909; x_wconf 89' lang='lat' dir='ltr'><strong>postulant:</strong></span> <span class='ocrx_word' id='word_1_292' title='bbox 2155 3825 2432 3891; x_wconf 89' lang='lat' dir='ltr'><strong>aliarum</strong></span> <span class='ocrx_word' id='word_1_293' title='bbox 2470 3826 2768 3910; x_wconf 86' lang='lat' dir='ltr'><strong>gentium</strong></span> 
     </span>
     <span class='ocr_line' id='line_1_42' title="bbox 847 3910 2769 3993; baseline -0.002 -15"><span class='ocrx_word' id='word_1_294' title='bbox 847 3932 1058 3979; x_wconf 90' lang='lat' dir='ltr'><strong>mores</strong></span> <span class='ocrx_word' id='word_1_295' title='bbox 1114 3919 1179 3978; x_wconf 81' lang='lat' dir='ltr'><strong>et</strong></span> <span class='ocrx_word' id='word_1_296' title='bbox 1230 3912 1531 3978; x_wconf 88' lang='lat' dir='ltr'><strong>instituta</strong></span> <span class='ocrx_word' id='word_1_297' title='bbox 1572 3911 1927 3993; x_wconf 86' lang='lat' dir='ltr'><strong>proferunt.</strong></span> <span class='ocrx_word' id='word_1_298' title='bbox 2016 3910 2165 3993; x_wconf 77' lang='lat' dir='ltr'><strong>Quo</strong></span> <span class='ocrx_word' id='word_1_299' title='bbox 2203 3911 2438 3978; x_wconf 92' lang='lat' dir='ltr'><strong>indicio</strong></span> <span class='ocrx_word' id='word_1_300' title='bbox 2530 3910 2769 3976; x_wconf 90' lang='lat' dir='ltr'><strong>rodunt</strong></span> 
     </span>
     <span class='ocr_line' id='line_1_43' title="bbox 847 3994 2766 4163; baseline -0.002 -14"><span class='ocrx_word' id='word_1_301' title='bbox 847 4017 1204 4149; x_wconf 53' lang='grc' dir='ltr'><strong>ἓέᾙῗιέἒ</strong></span> <span class='ocrx_word' id='word_1_302' title='bbox 1259 3997 1472 4163; x_wconf 50' lang='lat'><strong>{233⁰</strong></span> <span class='ocrx_word' id='word_1_303' title='bbox 1473 3996 1677 4146; x_wconf 47' lang='lat'><strong>1⁸33&amp;</strong></span> <span class='ocrx_word' id='word_1_304' title='bbox 1679 4018 1726 4061; x_wconf 70' lang='lat'><strong>¹²</strong></span> <span class='ocrx_word' id='word_1_305' title='bbox 1746 3994 1929 4148; x_wconf 64' lang='grc' dir='ltr'><strong>υἳῗὲ</strong></span> <span class='ocrx_word' id='word_1_306' title='bbox 1955 3998 2499 4148; x_wconf 43' lang='grc' dir='ltr'><strong>νθξέἓιὲἕῖἓῗιὲ</strong></span> <span class='ocrx_word' id='word_1_307' title='bbox 2543 3996 2766 4146; x_wconf 55' lang='grc' dir='ltr'><strong>Ηῖἑὲἓ</strong></span> 
     </span>
     <span class='ocr_line' id='line_1_44' title="bbox 847 4103 2766 4253; baseline -0.003 -17"><span class='ocrx_word' id='word_1_308' title='bbox 847 4189 1049 4253; x_wconf 89' lang='lat' dir='ltr'><strong>quum</strong></span> <span class='ocrx_word' id='word_1_309' title='bbox 1106 4167 1303 4251; x_wconf 88' lang='lat' dir='ltr'><strong>probe</strong></span> <span class='ocrx_word' id='word_1_310' title='bbox 1361 4173 1581 4231; x_wconf 90' lang='lat' dir='ltr'><strong>notam</strong></span> <span class='ocrx_word' id='word_1_311' title='bbox 1633 4167 1921 4250; x_wconf 87' lang='lat' dir='ltr'><strong>ipsorum</strong></span> <span class='ocrx_word' id='word_1_312' title='bbox 1974 4103 2245 4233; x_wconf 46' lang='lat' dir='ltr'><strong>{aberet</strong></span> <span class='ocrx_word' id='word_1_313' title='bbox 2299 4166 2766 4251; x_wconf 87' lang='lat' dir='ltr'><strong>infirmitatem,</strong></span> 
     </span>
     <span class='ocr_line' id='line_1_45' title="bbox 847 4250 2762 4338; baseline -0.003 -16"><span class='ocrx_word' id='word_1_314' title='bbox 847 4275 1040 4338; x_wconf 89' lang='lat' dir='ltr'><strong>saepe</strong></span> <span class='ocrx_word' id='word_1_315' title='bbox 1079 4259 1421 4318; x_wconf 89' lang='lat' dir='ltr'><strong>monuerat</strong></span> <span class='ocrx_word' id='word_1_316' title='bbox 1459 4261 1536 4316; x_wconf 89' lang='lat' dir='ltr'><strong>ut</strong></span> <span class='ocrx_word' id='word_1_317' title='bbox 1577 4250 1656 4316; x_wconf 91' lang='lat' dir='ltr'><strong>ab</strong></span> <span class='ocrx_word' id='word_1_318' title='bbox 1698 4252 2105 4319; x_wconf 90' lang='lat' dir='ltr'><strong>ethnicorum</strong></span> <span class='ocrx_word' id='word_1_319' title='bbox 2149 4252 2437 4318; x_wconf 90' lang='lat' dir='ltr'><strong>moribus</strong></span> <span class='ocrx_word' id='word_1_320' title='bbox 2471 4259 2539 4316; x_wconf 90' lang='lat' dir='ltr'><strong>et</strong></span> <span class='ocrx_word' id='word_1_321' title='bbox 2575 4251 2762 4317; x_wconf 89' lang='lat' dir='ltr'><strong>insti·</strong></span> 
     </span>
     <span class='ocr_line' id='line_1_46' title="bbox 848 4337 2763 4421; baseline -0.002 -15"><span class='ocrx_word' id='word_1_322' title='bbox 848 4341 1005 4406; x_wconf 89' lang='lat' dir='ltr'><strong>tutis</strong></span> <span class='ocrx_word' id='word_1_323' title='bbox 1060 4337 1184 4406; x_wconf 90' lang='lat' dir='ltr'><strong>sibi</strong></span> <span class='ocrx_word' id='word_1_324' title='bbox 1241 4343 1563 4405; x_wconf 83' lang='lat' dir='ltr'><strong>caverent.</strong></span> <span class='ocrx_word' id='word_1_325' title='bbox 1652 4339 1750 4403; x_wconf 87' lang='lat' dir='ltr'><strong>Ae</strong></span> <span class='ocrx_word' id='word_1_326' title='bbox 1806 4358 1961 4403; x_wconf 90' lang='lat' dir='ltr'><strong>sane</strong></span> <span class='ocrx_word' id='word_1_327' title='bbox 2018 4338 2418 4420; x_wconf 86' lang='lat' dir='ltr'><strong>experientia</strong></span> <span class='ocrx_word' id='word_1_328' title='bbox 2471 4357 2763 4421; x_wconf 91' lang='lat' dir='ltr'><strong>compro-</strong></span> 
     </span>
     <span class='ocr_line' id='line_1_47' title="bbox 846 4421 2763 4502; baseline -0.002 -10"><span class='ocrx_word' id='word_1_329' title='bbox 846 4427 1072 4493; x_wconf 90' lang='lat' dir='ltr'><strong>batum</strong></span> <span class='ocrx_word' id='word_1_330' title='bbox 1125 4431 1225 4490; x_wconf 89' lang='lat' dir='ltr'><strong>est</strong></span> <span class='ocrx_word' id='word_1_331' title='bbox 1273 4443 1424 4489; x_wconf 90' lang='lat' dir='ltr'><strong>cum</strong></span> <span class='ocrx_word' id='word_1_332' title='bbox 1471 4421 1743 4489; x_wconf 90' lang='lat' dir='ltr'><strong>ethnicis</strong></span> <span class='ocrx_word' id='word_1_333' title='bbox 1787 4430 1855 4488; x_wconf 90' lang='lat' dir='ltr'><strong>et</strong></span> <span class='ocrx_word' id='word_1_334' title='bbox 1894 4422 2244 4489; x_wconf 89' lang='lat' dir='ltr'><strong>incredulis</strong></span> <span class='ocrx_word' id='word_1_335' title='bbox 2286 4431 2763 4502; x_wconf 82' lang='lat' dir='ltr'><strong>conversantes,</strong></span> 
     </span>
     <span class='ocr_line' id='line_1_48' title="bbox 846 4506 2763 4595; baseline -0.001 -19"><span class='ocrx_word' id='word_1_336' title='bbox 846 4510 1054 4595; x_wconf 85' lang='lat' dir='ltr'><strong>magis</strong></span> <span class='ocrx_word' id='word_1_337' title='bbox 1111 4530 1187 4575; x_wconf 90' lang='lat' dir='ltr'><strong>ae</strong></span> <span class='ocrx_word' id='word_1_338' title='bbox 1240 4507 1450 4593; x_wconf 88' lang='lat' dir='ltr'><strong>magis</strong></span> <span class='ocrx_word' id='word_1_339' title='bbox 1509 4527 1548 4571; x_wconf 89' lang='lat' dir='ltr'><strong>a</strong></span> <span class='ocrx_word' id='word_1_340' title='bbox 1602 4515 1781 4574; x_wconf 85' lang='lat' dir='ltr'><strong>recta</strong></span> <span class='ocrx_word' id='word_1_341' title='bbox 1833 4509 1941 4574; x_wconf 91' lang='lat' dir='ltr'><strong>via</strong></span> <span class='ocrx_word' id='word_1_342' title='bbox 1982 4507 2302 4589; x_wconf 86' lang='lat' dir='ltr'><strong>recedere,</strong></span> <span class='ocrx_word' id='word_1_343' title='bbox 2345 4527 2419 4573; x_wconf 92' lang='lat' dir='ltr'><strong>ac</strong></span> <span class='ocrx_word' id='word_1_344' title='bbox 2462 4506 2763 4591; x_wconf 87' lang='lat' dir='ltr'><strong>pollutio-</strong></span> 
     </span>
     <span class='ocr_line' id='line_1_49' title="bbox 849 4590 2764 4679; baseline -0.001 -18"><span class='ocrx_word' id='word_1_345' title='bbox 849 4596 1038 4662; x_wconf 91' lang='lat' dir='ltr'><strong>nibus</strong></span> <span class='ocrx_word' id='word_1_346' title='bbox 1080 4596 1369 4679; x_wconf 87' lang='lat' dir='ltr'><strong>ipsorum</strong></span> <span class='ocrx_word' id='word_1_347' title='bbox 1410 4590 1676 4669; x_wconf 86' lang='lat' dir='ltr'><strong>foedari,</strong></span> <span class='ocrx_word' id='word_1_348' title='bbox 1723 4592 1923 4660; x_wconf 89' lang='lat' dir='ltr'><strong>donec</strong></span> <span class='ocrx_word' id='word_1_349' title='bbox 1964 4614 2228 4678; x_wconf 87' lang='lat' dir='ltr'><strong>prorsus</strong></span> <span class='ocrx_word' id='word_1_350' title='bbox 2270 4613 2468 4659; x_wconf 91' lang='lat' dir='ltr'><strong>coeno</strong></span> <span class='ocrx_word' id='word_1_351' title='bbox 2510 4602 2578 4659; x_wconf 88' lang='lat' dir='ltr'><strong>et</strong></span> <span class='ocrx_word' id='word_1_352' title='bbox 2619 4592 2764 4660; x_wconf 92' lang='lat' dir='ltr'><strong>labe</strong></span> 
     </span>
     <span class='ocr_line' id='line_1_50' title="bbox 848 4677 2764 4763; baseline -0.001 -17"><span class='ocrx_word' id='word_1_353' title='bbox 848 4682 1070 4747; x_wconf 80' lang='lat' dir='ltr'><strong>infecti</strong></span> <span class='ocrx_word' id='word_1_354' title='bbox 1142 4680 1294 4744; x_wconf 89' lang='lat' dir='ltr'><strong>sint.</strong></span> <span class='ocrx_word' id='word_1_355' title='bbox 1381 4677 1821 4745; x_wconf 86' lang='lat' dir='ltr'><strong>Vehementer</strong></span> <span class='ocrx_word' id='word_1_356' title='bbox 1898 4679 2115 4763; x_wconf 87' lang='lat' dir='ltr'><strong>itaque</strong></span> <span class='ocrx_word' id='word_1_357' title='bbox 2187 4679 2472 4745; x_wconf 87' lang='lat' dir='ltr'><strong>seniores</strong></span> <span class='ocrx_word' id='word_1_358' title='bbox 2538 4679 2764 4763; x_wconf 91' lang='lat' dir='ltr'><strong>populi</strong></span> 
     </span>
     <span class='ocr_line' id='line_1_51' title="bbox 849 4761 2763 4850; baseline -0.001 -18"><span class='ocrx_word' id='word_1_359' title='bbox 849 4766 972 4832; x_wconf 89' lang='lat' dir='ltr'><strong>hac</strong></span> <span class='ocrx_word' id='word_1_360' title='bbox 1014 4768 1084 4832; x_wconf 90' lang='lat' dir='ltr'><strong>in</strong></span> <span class='ocrx_word' id='word_1_361' title='bbox 1128 4771 1312 4850; x_wconf 89' lang='lat' dir='ltr'><strong>parte</strong></span> <span class='ocrx_word' id='word_1_362' title='bbox 1354 4773 1720 4848; x_wconf 89' lang='lat' dir='ltr'><strong>peccarunt,</strong></span> <span class='ocrx_word' id='word_1_363' title='bbox 1778 4761 1861 4829; x_wconf 89' lang='lat' dir='ltr'><strong>ad</strong></span> <span class='ocrx_word' id='word_1_364' title='bbox 1902 4765 2200 4849; x_wconf 87' lang='lat' dir='ltr'><strong>gentium</strong></span> <span class='ocrx_word' id='word_1_365' title='bbox 2241 4765 2612 4831; x_wconf 89' lang='lat' dir='ltr'><strong>institutum</strong></span> <span class='ocrx_word' id='word_1_366' title='bbox 2662 4786 2763 4831; x_wconf 92' lang='lat' dir='ltr'><strong>re-</strong></span> 
     </span>
     <span class='ocr_line' id='line_1_52' title="bbox 850 4846 2766 4935; baseline -0.001 -18"><span class='ocrx_word' id='word_1_367' title='bbox 850 4852 1212 4935; x_wconf 87' lang='lat' dir='ltr'><strong>spicientes,</strong></span> <span class='ocrx_word' id='word_1_368' title='bbox 1256 4870 1604 4934; x_wconf 84' lang='lat' dir='ltr'><strong>regemque</strong></span> <span class='ocrx_word' id='word_1_369' title='bbox 1647 4849 2061 4933; x_wconf 88' lang='lat' dir='ltr'><strong>postulantes.</strong></span> <span class='ocrx_word' id='word_1_370' title='bbox 2150 4846 2547 4915; x_wconf 85' lang='lat' dir='ltr'><strong>Nam&#39;Deus</strong></span> <span class='ocrx_word' id='word_1_371' title='bbox 2588 4850 2766 4935; x_wconf 92' lang='lat' dir='ltr'><strong>ipsos</strong></span> 
     </span>
     <span class='ocr_line' id='line_1_53' title="bbox 849 4934 2761 5020; baseline -0.002 -17"><span class='ocrx_word' id='word_1_372' title='bbox 849 4936 1108 5020; x_wconf 90' lang='lat' dir='ltr'><strong>speciali</strong></span> <span class='ocrx_word' id='word_1_373' title='bbox 1165 4935 1442 5019; x_wconf 90' lang='lat' dir='ltr'><strong>quadam</strong></span> <span class='ocrx_word' id='word_1_374' title='bbox 1495 4936 1705 5020; x_wconf 81' lang='lat' dir='ltr'><strong>gratia</strong></span> <span class='ocrx_word' id='word_1_375' title='bbox 1758 4943 1824 5000; x_wconf 93' lang='lat' dir='ltr'><strong>et</strong></span> <span class='ocrx_word' id='word_1_376' title='bbox 1882 4934 2221 5019; x_wconf 84' lang='lat' dir='ltr'><strong>privilegio</strong></span> <span class='ocrx_word' id='word_1_377' title='bbox 2279 4936 2649 5019; x_wconf 89' lang='lat' dir='ltr'><strong>complexos</strong></span> <span class='ocrx_word' id='word_1_378' title='bbox 2694 4936 2761 5000; x_wconf 90' lang='lat' dir='ltr'><strong>in</strong></span> 
     </span>
     <span class='ocr_line' id='line_1_54' title="bbox 849 5020 2763 5105; baseline 0.001 -19"><span class='ocrx_word' id='word_1_379' title='bbox 849 5041 1031 5087; x_wconf 91' lang='lat' dir='ltr'><strong>suam</strong></span> <span class='ocrx_word' id='word_1_380' title='bbox 1088 5020 1357 5086; x_wconf 89' lang='lat' dir='ltr'><strong>tutelam</strong></span> <span class='ocrx_word' id='word_1_381' title='bbox 1413 5041 1487 5088; x_wconf 89' lang='lat' dir='ltr'><strong>ac</strong></span> <span class='ocrx_word' id='word_1_382' title='bbox 1546 5020 1938 5104; x_wconf 89' lang='lat' dir='ltr'><strong>praesidium</strong></span> <span class='ocrx_word' id='word_1_383' title='bbox 1990 5029 2351 5105; x_wconf 86' lang='lat' dir='ltr'><strong>receperat:</strong></span> <span class='ocrx_word' id='word_1_384' title='bbox 2412 5029 2605 5104; x_wconf 87' lang='lat' dir='ltr'><strong>atque</strong></span> <span class='ocrx_word' id='word_1_385' title='bbox 2646 5043 2763 5087; x_wconf 89' lang='lat' dir='ltr'><strong>rex</strong></span> 
     </span>
     <span class='ocr_line' id='line_1_55' title="bbox 848 5104 2762 5190; baseline 0.002 -20"><span class='ocrx_word' id='word_1_386' title='bbox 848 5108 1139 5188; x_wconf 90' lang='lat' dir='ltr'><strong>ipsorum</strong></span> <span class='ocrx_word' id='word_1_387' title='bbox 1178 5115 1349 5172; x_wconf 89' lang='lat' dir='ltr'><strong>erat:</strong></span> <span class='ocrx_word' id='word_1_388' title='bbox 1392 5104 1566 5172; x_wconf 91' lang='lat' dir='ltr'><strong>unde</strong></span> <span class='ocrx_word' id='word_1_389' title='bbox 1600 5107 1770 5188; x_wconf 89' lang='lat' dir='ltr'><strong>apud</strong></span> <span class='ocrx_word' id='word_1_390' title='bbox 1805 5107 2032 5172; x_wconf 88' lang='lat' dir='ltr'><strong>Mosen</strong></span> <span class='ocrx_word' id='word_1_391' title='bbox 2067 5104 2390 5172; x_wconf 89' lang='lat' dir='ltr'><strong>Dominus</strong></span> <span class='ocrx_word' id='word_1_392' title='bbox 2424 5107 2514 5173; x_wconf 91' lang='lat' dir='ltr'><strong>sic</strong></span> <span class='ocrx_word' id='word_1_393' title='bbox 2548 5107 2762 5190; x_wconf 89' lang='lat' dir='ltr'><strong>ipsum</strong></span> 
     </span>
     <span class='ocr_line' id='line_1_56' title="bbox 853 5190 2763 5277; baseline 0.001 -20"><span class='ocrx_word' id='word_1_394' title='bbox 853 5190 1232 5276; x_wconf 87' lang='lat' dir='ltr'><strong>alloquitur:</strong></span> <span class='ocrx_word' id='word_1_395' title='bbox 1289 5192 1508 5276; x_wconf 74' lang='lat' dir='ltr'><strong>Utique</strong></span> <span class='ocrx_word' id='word_1_396' title='bbox 1546 5193 1724 5259; x_wconf 72' lang='lat' dir='ltr'><strong>eritis</strong></span> <span class='ocrx_word' id='word_1_397' title='bbox 1762 5192 1920 5258; x_wconf 66' lang='lat' dir='ltr'><strong>mihi</strong></span> <span class='ocrx_word' id='word_1_398' title='bbox 1950 5192 2266 5276; x_wconf 67' lang='lat' dir='ltr'><strong>peculium</strong></span> <span class='ocrx_word' id='word_1_399' title='bbox 2288 5211 2451 5277; x_wconf 77' lang='lat' dir='ltr'><strong>prae</strong></span> <span class='ocrx_word' id='word_1_400' title='bbox 2482 5194 2763 5259; x_wconf 79' lang='lat' dir='ltr'><strong>omnibus</strong></span> 
     </span>
    </p>
   </div>
   <div class='ocr_carea' id='block_1_5' title="bbox 2438 304 3185 375">
    <p class='ocr_par' dir='ltr' id='par_1_5' title="bbox 2438 304 3185 375">
     <span class='ocr_line' id='line_1_57' title="bbox 2438 304 3185 375; baseline 0.001 -4"><span class='ocrx_word' id='word_1_401' title='bbox 2438 304 2845 372; x_wconf 84' lang='lat' dir='ltr'><strong>HOMILIA</strong></span> <span class='ocrx_word' id='word_1_402' title='bbox 2885 306 3185 375; x_wconf 85' lang='lat' dir='ltr'><strong>XXVII.</strong></span> 
     </span>
    </p>
   </div>
   <div class='ocr_carea' id='block_1_6' title="bbox 4619 309 4715 379">
    <p class='ocr_par' dir='ltr' id='par_1_6' title="bbox 4619 309 4715 379">
     <span class='ocr_line' id='line_1_58' title="bbox 4619 309 4715 379; baseline 0 0"><span class='ocrx_word' id='word_1_403' title='bbox 4619 309 4715 379; x_wconf 80' lang='lat'><strong>544</strong></span> 
     </span>
    </p>
   </div>
   <div class='ocr_carea' id='block_1_7' title="bbox 2851 495 4756 5282">
    <p class='ocr_par' dir='ltr' id='par_1_7' title="bbox 2851 495 4751 2972">
     <span class='ocr_line' id='line_1_59' title="bbox 2852 495 4724 581; baseline 0.003 -20"><span class='ocrx_word' id='word_1_404' title='bbox 2852 495 3007 561; x_wconf 74' lang='lat' dir='ltr'><strong>aliis</strong></span> <span class='ocrx_word' id='word_1_405' title='bbox 3035 496 3315 577; x_wconf 70' lang='lat' dir='ltr'><strong>populis,</strong></span> <span class='ocrx_word' id='word_1_406' title='bbox 3363 516 3512 562; x_wconf 74' lang='lat' dir='ltr'><strong>nam</strong></span> <span class='ocrx_word' id='word_1_407' title='bbox 3551 517 3691 563; x_wconf 81' lang='lat' dir='ltr'><strong>mea</strong></span> <span class='ocrx_word' id='word_1_408' title='bbox 3731 502 3823 563; x_wconf 73' lang='lat' dir='ltr'><strong>est</strong></span> <span class='ocrx_word' id='word_1_409' title='bbox 3864 502 3987 563; x_wconf 77' lang='lat' dir='ltr'><strong>toto</strong></span> <span class='ocrx_word' id='word_1_410' title='bbox 4029 501 4214 563; x_wconf 73' lang='lat' dir='ltr'><strong>terra.</strong></span> <span class='ocrx_word' id='word_1_411' title='bbox 4317 497 4549 581; x_wconf 69' lang='lat' dir='ltr'><strong>Vosque</strong></span> <span class='ocrx_word' id='word_1_412' title='bbox 4582 501 4724 567; x_wconf 68' lang='lat' dir='ltr'><strong>eritis</strong></span> 
     </span>
     <span class='ocr_line' id='line_1_60' title="bbox 2851 580 4723 738; baseline 0.002 -92"><span class='ocrx_word' id='word_1_413' title='bbox 2851 580 3015 647; x_wconf 72' lang='lat' dir='ltr'><strong>mihi</strong></span> <span class='ocrx_word' id='word_1_414' title='bbox 3045 601 3304 665; x_wconf 71' lang='lat' dir='ltr'><strong>requam</strong></span> <span class='ocrx_word' id='word_1_415' title='bbox 3336 582 3710 649; x_wconf 61' lang='lat' dir='ltr'><strong>sacordotale</strong></span> <span class='ocrx_word' id='word_1_416' title='bbox 3744 588 3802 649; x_wconf 76' lang='lat' dir='ltr'><strong>et</strong></span> <span class='ocrx_word' id='word_1_417' title='bbox 3829 601 3982 665; x_wconf 76' lang='lat' dir='ltr'><strong>yens</strong></span> <span class='ocrx_word' id='word_1_418' title='bbox 4011 587 4245 649; x_wconf 75' lang='lat' dir='ltr'><strong>sanda.</strong></span> <span class='ocrx_word' id='word_1_419' title='bbox 4323 582 4538 664; x_wconf 77' lang='lat' dir='ltr'><strong>Quare</strong></span> <span class='ocrx_word' id='word_1_420' title='bbox 4565 604 4723 738; x_wconf 53' lang='lat' dir='ltr'><strong>sm</strong></span> 
     </span>
     <span class='ocr_line' id='line_1_61' title="bbox 2851 666 4693 752; baseline 0.002 -20"><span class='ocrx_word' id='word_1_421' title='bbox 2851 685 3075 732; x_wconf 88' lang='lat' dir='ltr'><strong>omues</strong></span> <span class='ocrx_word' id='word_1_422' title='bbox 3130 678 3356 752; x_wconf 81' lang='lat' dir='ltr'><strong>gentes</strong></span> <span class='ocrx_word' id='word_1_423' title='bbox 3412 666 3747 735; x_wconf 81' lang='lat' dir='ltr'><strong>Israelitae</strong></span> <span class='ocrx_word' id='word_1_424' title='bbox 3801 666 3973 734; x_wconf 86' lang='lat' dir='ltr'><strong>beati</strong></span> <span class='ocrx_word' id='word_1_425' title='bbox 4026 676 4232 749; x_wconf 89' lang='lat' dir='ltr'><strong>erant,</strong></span> <span class='ocrx_word' id='word_1_426' title='bbox 4287 688 4449 752; x_wconf 86' lang='lat' dir='ltr'><strong>quos</strong></span> <span class='ocrx_word' id='word_1_427' title='bbox 4500 669 4574 736; x_wconf 88' lang='lat' dir='ltr'><strong>ab</strong></span> <span class='ocrx_word' id='word_1_428' title='bbox 4662 670 4693 684; x_wconf 74' lang='lat'><strong>&#39;⁶</strong></span> 
     </span>
     <span class='ocr_line' id='line_1_62' title="bbox 2852 751 4724 838; baseline 0.003 -22"><span class='ocrx_word' id='word_1_429' title='bbox 2852 751 3149 834; x_wconf 81' lang='lat' dir='ltr'><strong>gentibus</strong></span> <span class='ocrx_word' id='word_1_430' title='bbox 3207 753 3388 819; x_wconf 90' lang='lat' dir='ltr'><strong>Deus</strong></span> <span class='ocrx_word' id='word_1_431' title='bbox 3442 753 3539 819; x_wconf 91' lang='lat' dir='ltr'><strong>ita</strong></span> <span class='ocrx_word' id='word_1_432' title='bbox 3593 760 4029 838; x_wconf 85' lang='lat' dir='ltr'><strong>separaverat,</strong></span> <span class='ocrx_word' id='word_1_433' title='bbox 4085 763 4161 819; x_wconf 89' lang='grc' dir='ltr'><strong>ιιι</strong></span> <span class='ocrx_word' id='word_1_434' title='bbox 4214 753 4345 819; x_wconf 91' lang='lat' dir='ltr'><strong>Dei</strong></span> <span class='ocrx_word' id='word_1_435' title='bbox 4399 774 4642 820; x_wconf 88' lang='lat' dir='ltr'><strong>manum</strong></span> <span class='ocrx_word' id='word_1_436' title='bbox 4673 767 4724 821; x_wconf 83' lang='lat' dir='ltr'><strong>et</strong></span> 
     </span>
     <span class='ocr_line' id='line_1_63' title="bbox 2852 836 4725 923; baseline 0.003 -22"><span class='ocrx_word' id='word_1_437' title='bbox 2852 836 3168 902; x_wconf 90' lang='lat' dir='ltr'><strong>auxilium</strong></span> <span class='ocrx_word' id='word_1_438' title='bbox 3224 857 3357 904; x_wconf 92' lang='lat' dir='ltr'><strong>non</strong></span> <span class='ocrx_word' id='word_1_439' title='bbox 3400 837 3611 904; x_wconf 83' lang='lat' dir='ltr'><strong>dubiis</strong></span> <span class='ocrx_word' id='word_1_440' title='bbox 3653 838 3859 923; x_wconf 78' lang='lat' dir='ltr'><strong>signis</strong></span> <span class='ocrx_word' id='word_1_441' title='bbox 3902 837 4239 918; x_wconf 83' lang='lat' dir='ltr'><strong>sentirent,</strong></span> <span class='ocrx_word' id='word_1_442' title='bbox 4290 858 4331 903; x_wconf 87' lang='lat' dir='ltr'><strong>a</strong></span> <span class='ocrx_word' id='word_1_443' title='bbox 4372 858 4500 922; x_wconf 91' lang='lat' dir='ltr'><strong>quo</strong></span> <span class='ocrx_word' id='word_1_444' title='bbox 4536 840 4725 906; x_wconf 77' lang='lat' dir='ltr'><strong>adver·</strong></span> 
     </span>
     <span class='ocr_line' id='line_1_64' title="bbox 2854 921 4725 1007; baseline 0.002 -19"><span class='ocrx_word' id='word_1_445' title='bbox 2854 943 2966 989; x_wconf 91' lang='lat' dir='ltr'><strong>sus</strong></span> <span class='ocrx_word' id='word_1_446' title='bbox 3049 922 3341 1007; x_wconf 86' lang='lat' dir='ltr'><strong>singulos</strong></span> <span class='ocrx_word' id='word_1_447' title='bbox 3425 943 3575 990; x_wconf 90' lang='lat' dir='ltr'><strong>suos</strong></span> <span class='ocrx_word' id='word_1_448' title='bbox 3656 923 3876 990; x_wconf 70' lang='lat' dir='ltr'><strong>hostes</strong></span> <span class='ocrx_word' id='word_1_449' title='bbox 3943 921 4460 991; x_wconf 79' lang='lat' dir='ltr'><strong>defenderentur.</strong></span> <span class='ocrx_word' id='word_1_450' title='bbox 4542 925 4607 991; x_wconf 77' lang='lat' dir='ltr'>M</span> <span class='ocrx_word' id='word_1_451' title='bbox 4712 926 4725 941; x_wconf 73' lang='lat'><em>⁶</em></span> 
     </span>
     <span class='ocr_line' id='line_1_65' title="bbox 2853 1007 4700 1094; baseline 0.002 -22"><span class='ocrx_word' id='word_1_452' title='bbox 2853 1007 2979 1072; x_wconf 88' lang='lat' dir='ltr'><strong>fuit</strong></span> <span class='ocrx_word' id='word_1_453' title='bbox 3028 1007 3231 1092; x_wconf 82' lang='lat' dir='ltr'><strong>igitur</strong></span> <span class='ocrx_word' id='word_1_454' title='bbox 3288 1008 3584 1074; x_wconf 84' lang='lat' dir='ltr'><strong>facienda</strong></span> <span class='ocrx_word' id='word_1_455' title='bbox 3626 1009 3754 1076; x_wconf 88' lang='lat' dir='ltr'><strong>Dei</strong></span> <span class='ocrx_word' id='word_1_456' title='bbox 3796 1009 4010 1094; x_wconf 80' lang='lat' dir='ltr'><strong>gratia</strong></span> <span class='ocrx_word' id='word_1_457' title='bbox 4043 1008 4163 1076; x_wconf 89' lang='lat' dir='ltr'><strong>illa</strong></span> <span class='ocrx_word' id='word_1_458' title='bbox 4204 1028 4331 1093; x_wconf 90' lang='lat' dir='ltr'><strong>qua</strong></span> <span class='ocrx_word' id='word_1_459' title='bbox 4370 1011 4466 1076; x_wconf 90' lang='lat' dir='ltr'><strong>sio</strong></span> <span class='ocrx_word' id='word_1_460' title='bbox 4506 1007 4580 1076; x_wconf 89' lang='lat' dir='ltr'><strong>ab</strong></span> <span class='ocrx_word' id='word_1_461' title='bbox 4671 1011 4700 1024; x_wconf 72' lang='lat'><strong>‘⁴</strong></span> 
     </span>
     <span class='ocr_line' id='line_1_66' title="bbox 2853 1093 4734 1265; baseline 0.003 -23"><span class='ocrx_word' id='word_1_462' title='bbox 2853 1093 3843 1265; x_wconf 52' lang='lat' dir='ltr'><strong>{gssffinssfwbssffi&#39;ssmssffi</strong></span> <span class='ocrx_word' id='word_1_463' title='bbox 3902 1094 4734 1263; x_wconf 50' lang='lat' dir='ltr'><strong>{laffissmffflffmffl</strong></span> 
     </span>
     <span class='ocr_line' id='line_1_67' title="bbox 2853 1264 4734 1350; baseline 0.001 -20"><span class='ocrx_word' id='word_1_464' title='bbox 2853 1264 3185 1330; x_wconf 86' lang='lat' dir='ltr'><strong>temeritas</strong></span> <span class='ocrx_word' id='word_1_465' title='bbox 3225 1285 3427 1347; x_wconf 88' lang='lat' dir='ltr'><strong>quum</strong></span> <span class='ocrx_word' id='word_1_466' title='bbox 3468 1273 3607 1330; x_wconf 88' lang='lat' dir='ltr'><strong>tam</strong></span> <span class='ocrx_word' id='word_1_467' title='bbox 3649 1265 3964 1331; x_wconf 86' lang='lat' dir='ltr'><strong>eximium</strong></span> <span class='ocrx_word' id='word_1_468' title='bbox 4010 1265 4392 1332; x_wconf 86' lang='lat' dir='ltr'><strong>beneficium</strong></span> <span class='ocrx_word' id='word_1_469' title='bbox 4436 1266 4734 1350; x_wconf 77' lang='lat' dir='ltr'><strong>negligunt</strong></span> 
     </span>
     <span class='ocr_line' id='line_1_68' title="bbox 2853 1348 4734 1432; baseline 0.001 -18"><span class='ocrx_word' id='word_1_470' title='bbox 2853 1357 2921 1415; x_wconf 90' lang='lat' dir='ltr'><strong>et</strong></span> <span class='ocrx_word' id='word_1_471' title='bbox 2972 1348 3241 1432; x_wconf 86' lang='lat' dir='ltr'><strong>pedibus</strong></span> <span class='ocrx_word' id='word_1_472' title='bbox 3300 1350 3722 1417; x_wconf 81' lang='lat' dir='ltr'><strong>conculcant?</strong></span> <span class='ocrx_word' id='word_1_473' title='bbox 3794 1351 3966 1416; x_wconf 88' lang='lat' dir='ltr'><strong>Nam</strong></span> <span class='ocrx_word' id='word_1_474' title='bbox 4019 1350 4286 1418; x_wconf 87' lang='lat' dir='ltr'><strong>libertas</strong></span> <span class='ocrx_word' id='word_1_475' title='bbox 4340 1350 4457 1416; x_wconf 90' lang='lat' dir='ltr'><strong>illa</strong></span> <span class='ocrx_word' id='word_1_476' title='bbox 4508 1351 4734 1418; x_wconf 85' lang='lat' dir='ltr'><strong>inaesti-</strong></span> 
     </span>
     <span class='ocr_line' id='line_1_69' title="bbox 2855 1433 4737 1503; baseline 0.002 -4"><span class='ocrx_word' id='word_1_477' title='bbox 2855 1433 3091 1500; x_wconf 90' lang='lat' dir='ltr'><strong>mabile</strong></span> <span class='ocrx_word' id='word_1_478' title='bbox 3146 1433 3389 1501; x_wconf 88' lang='lat' dir='ltr'><strong>bonum</strong></span> <span class='ocrx_word' id='word_1_479' title='bbox 3441 1443 3601 1501; x_wconf 87' lang='lat' dir='ltr'><strong>erat.</strong></span> <span class='ocrx_word' id='word_1_480' title='bbox 3688 1435 3829 1502; x_wconf 88' lang='lat' dir='ltr'><strong>Nae</strong></span> <span class='ocrx_word' id='word_1_481' title='bbox 3881 1436 4058 1502; x_wconf 88' lang='lat' dir='ltr'><strong>istud</strong></span> <span class='ocrx_word' id='word_1_482' title='bbox 4099 1444 4242 1503; x_wconf 90' lang='lat' dir='ltr'><strong>erat</strong></span> <span class='ocrx_word' id='word_1_483' title='bbox 4281 1436 4412 1502; x_wconf 88' lang='lat' dir='ltr'><strong>Dei</strong></span> <span class='ocrx_word' id='word_1_484' title='bbox 4455 1457 4737 1503; x_wconf 89' lang='lat' dir='ltr'><strong>summum</strong></span> 
     </span>
     <span class='ocr_line' id='line_1_70' title="bbox 2855 1519 4738 1605; baseline 0.002 -21"><span class='ocrx_word' id='word_1_485' title='bbox 2855 1520 3202 1603; x_wconf 88' lang='lat' dir='ltr'><strong>imperium</strong></span> <span class='ocrx_word' id='word_1_486' title='bbox 3244 1528 3313 1585; x_wconf 89' lang='lat' dir='ltr'><strong>et</strong></span> <span class='ocrx_word' id='word_1_487' title='bbox 3354 1519 3739 1604; x_wconf 83' lang='lat' dir='ltr'><strong>dignitatem</strong></span> <span class='ocrx_word' id='word_1_488' title='bbox 3782 1520 4148 1605; x_wconf 80' lang='lat' dir='ltr'><strong>repudiare.</strong></span> <span class='ocrx_word' id='word_1_489' title='bbox 4231 1521 4413 1589; x_wconf 85' lang='lat' dir='ltr'><strong>Hinc</strong></span> <span class='ocrx_word' id='word_1_490' title='bbox 4455 1520 4738 1589; x_wconf 84' lang='lat' dir='ltr'><strong>discamus</strong></span> 
     </span>
     <span class='ocr_line' id='line_1_71' title="bbox 2855 1605 4740 1688; baseline 0.002 -18"><span class='ocrx_word' id='word_1_491' title='bbox 2855 1626 2986 1671; x_wconf 92' lang='lat' dir='ltr'><strong>non</strong></span> <span class='ocrx_word' id='word_1_492' title='bbox 3043 1612 3284 1672; x_wconf 87' lang='lat' dir='ltr'><strong>temere</strong></span> <span class='ocrx_word' id='word_1_493' title='bbox 3339 1605 3697 1672; x_wconf 88' lang='lat' dir='ltr'><strong>infidelium</strong></span> <span class='ocrx_word' id='word_1_494' title='bbox 3753 1605 4045 1672; x_wconf 88' lang='lat' dir='ltr'><strong>moribus</strong></span> <span class='ocrx_word' id='word_1_495' title='bbox 4097 1615 4167 1673; x_wconf 91' lang='lat' dir='ltr'><strong>et</strong></span> <span class='ocrx_word' id='word_1_496' title='bbox 4219 1606 4537 1673; x_wconf 85' lang='lat' dir='ltr'><strong>institutis</strong></span> <span class='ocrx_word' id='word_1_497' title='bbox 4583 1606 4740 1688; x_wconf 88' lang='lat' dir='ltr'><strong>affici,</strong></span> 
     </span>
     <span class='ocr_line' id='line_1_72' title="bbox 2856 1689 4736 1776; baseline 0.002 -20"><span class='ocrx_word' id='word_1_498' title='bbox 2856 1711 2956 1768; x_wconf 92' lang='lat' dir='ltr'><strong>ne,</strong></span> <span class='ocrx_word' id='word_1_499' title='bbox 3014 1698 3090 1756; x_wconf 90' lang='lat' dir='ltr'><strong>ut</strong></span> <span class='ocrx_word' id='word_1_500' title='bbox 3145 1689 3419 1756; x_wconf 90' lang='lat' dir='ltr'><strong>nimium</strong></span> <span class='ocrx_word' id='word_1_501' title='bbox 3473 1691 3557 1757; x_wconf 89' lang='lat' dir='ltr'><strong>ad</strong></span> <span class='ocrx_word' id='word_1_502' title='bbox 3597 1691 3930 1759; x_wconf 86' lang='lat' dir='ltr'><strong>levitatem</strong></span> <span class='ocrx_word' id='word_1_503' title='bbox 3973 1692 4297 1776; x_wconf 87' lang='lat' dir='ltr'><strong>proclives</strong></span> <span class='ocrx_word' id='word_1_504' title='bbox 4340 1713 4581 1772; x_wconf 88' lang='lat' dir='ltr'><strong>sumus,</strong></span> <span class='ocrx_word' id='word_1_505' title='bbox 4633 1692 4736 1760; x_wconf 80' lang='lat' dir='ltr'><strong>illis</strong></span> 
     </span>
     <span class='ocr_line' id='line_1_73' title="bbox 2855 1775 4740 1862; baseline 0.001 -20"><span class='ocrx_word' id='word_1_506' title='bbox 2855 1776 3055 1842; x_wconf 90' lang='lat' dir='ltr'><strong>etiam</strong></span> <span class='ocrx_word' id='word_1_507' title='bbox 3122 1796 3490 1843; x_wconf 87' lang='lat' dir='ltr'><strong>assuescere</strong></span> <span class='ocrx_word' id='word_1_508' title='bbox 3562 1778 3917 1861; x_wconf 89' lang='lat' dir='ltr'><strong>cupiamus.</strong></span> <span class='ocrx_word' id='word_1_509' title='bbox 4006 1775 4137 1858; x_wconf 90' lang='lat' dir='ltr'><strong>Sic,</strong></span> <span class='ocrx_word' id='word_1_510' title='bbox 4205 1777 4491 1862; x_wconf 89' lang='lat' dir='ltr'><strong>exempli</strong></span> <span class='ocrx_word' id='word_1_511' title='bbox 4548 1778 4740 1862; x_wconf 80' lang='lat' dir='ltr'><strong>gratis,</strong></span> 
     </span>
     <span class='ocr_line' id='line_1_74' title="bbox 2857 1860 4743 1947; baseline 0.001 -21"><span class='ocrx_word' id='word_1_512' title='bbox 2857 1860 2969 1945; x_wconf 91' lang='lat' dir='ltr'><strong>qui</strong></span> <span class='ocrx_word' id='word_1_513' title='bbox 3045 1860 3215 1927; x_wconf 90' lang='lat' dir='ltr'><strong>hanc</strong></span> <span class='ocrx_word' id='word_1_514' title='bbox 3277 1869 3392 1927; x_wconf 92' lang='lat' dir='ltr'><strong>aut</strong></span> <span class='ocrx_word' id='word_1_515' title='bbox 3455 1862 3633 1927; x_wconf 88' lang='lat' dir='ltr'><strong>illam</strong></span> <span class='ocrx_word' id='word_1_516' title='bbox 3697 1863 4026 1947; x_wconf 79' lang='lat' dir='ltr'><strong>regionem</strong></span> <span class='ocrx_word' id='word_1_517' title='bbox 4079 1871 4393 1946; x_wconf 87' lang='lat' dir='ltr'><strong>pererrat,</strong></span> <span class='ocrx_word' id='word_1_518' title='bbox 4477 1873 4743 1929; x_wconf 77' lang='lat' dir='ltr'><strong>sexcenta</strong></span> 
     </span>
     <span class='ocr_line' id='line_1_75' title="bbox 2857 1945 4745 2032; baseline 0 -20"><span class='ocrx_word' id='word_1_519' title='bbox 2857 1947 3070 2013; x_wconf 90' lang='lat' dir='ltr'><strong>omnis</strong></span> <span class='ocrx_word' id='word_1_520' title='bbox 3121 1945 3444 2029; x_wconf 88' lang='lat' dir='ltr'><strong>lasciviae,</strong></span> <span class='ocrx_word' id='word_1_521' title='bbox 3501 1947 3916 2032; x_wconf 88' lang='lat' dir='ltr'><strong>petulantiae,</strong></span> <span class='ocrx_word' id='word_1_522' title='bbox 3973 1949 4466 2032; x_wconf 88' lang='lat' dir='ltr'><strong>corruptionum</strong></span> <span class='ocrx_word' id='word_1_523' title='bbox 4507 1948 4745 2031; x_wconf 82' lang='lat' dir='ltr'><strong>denique</strong></span> 
     </span>
     <span class='ocr_line' id='line_1_76' title="bbox 2859 2030 4746 2115; baseline 0.001 -18"><span class='ocrx_word' id='word_1_524' title='bbox 2859 2032 3159 2115; x_wconf 86' lang='lat' dir='ltr'><strong>exempla</strong></span> <span class='ocrx_word' id='word_1_525' title='bbox 3215 2030 3481 2113; x_wconf 89' lang='lat' dir='ltr'><strong>videbit,</strong></span> <span class='ocrx_word' id='word_1_526' title='bbox 3539 2052 3704 2115; x_wconf 87' lang='lat' dir='ltr'><strong>quae</strong></span> <span class='ocrx_word' id='word_1_527' title='bbox 3761 2033 3819 2099; x_wconf 89' lang='lat' dir='ltr'><strong>si</strong></span> <span class='ocrx_word' id='word_1_528' title='bbox 3876 2032 4138 2099; x_wconf 90' lang='lat' dir='ltr'><strong>domum</strong></span> <span class='ocrx_word' id='word_1_529' title='bbox 4180 2053 4504 2111; x_wconf 89' lang='lat' dir='ltr'><strong>reversus,</strong></span> <span class='ocrx_word' id='word_1_530' title='bbox 4559 2034 4746 2100; x_wconf 80' lang='lat' dir='ltr'><strong>amicis</strong></span> 
     </span>
     <span class='ocr_line' id='line_1_77' title="bbox 2861 2117 4747 2201; baseline 0 -19"><span class='ocrx_word' id='word_1_531' title='bbox 2861 2118 3239 2197; x_wconf 86' lang='lat' dir='ltr'><strong>narraverit,</strong></span> <span class='ocrx_word' id='word_1_532' title='bbox 3318 2119 3431 2201; x_wconf 84' lang='lat' dir='ltr'><strong>qui</strong></span> <span class='ocrx_word' id='word_1_533' title='bbox 3489 2117 3573 2183; x_wconf 89' lang='lat' dir='ltr'><strong>ad</strong></span> <span class='ocrx_word' id='word_1_534' title='bbox 3636 2117 3980 2184; x_wconf 90' lang='lat' dir='ltr'><strong>minimum</strong></span> <span class='ocrx_word' id='word_1_535' title='bbox 4043 2117 4304 2185; x_wconf 88' lang='lat' dir='ltr'><strong>sibilum</strong></span> <span class='ocrx_word' id='word_1_536' title='bbox 4366 2117 4747 2194; x_wconf 87' lang='lat' dir='ltr'><strong>advolabunt,</strong></span> 
     </span>
     <span class='ocr_line' id='line_1_78' title="bbox 2859 2202 4749 2284; baseline -0.001 -15"><span class='ocrx_word' id='word_1_537' title='bbox 2859 2202 3159 2269; x_wconf 92' lang='lat' dir='ltr'><strong>omnibus</strong></span> <span class='ocrx_word' id='word_1_538' title='bbox 3254 2203 3369 2268; x_wconf 89' lang='lat' dir='ltr'><strong>illa</strong></span> <span class='ocrx_word' id='word_1_539' title='bbox 3446 2202 3703 2270; x_wconf 89' lang='lat' dir='ltr'><strong>visendi</strong></span> <span class='ocrx_word' id='word_1_540' title='bbox 3783 2203 4174 2270; x_wconf 87' lang='lat' dir='ltr'><strong>desiderium</strong></span> <span class='ocrx_word' id='word_1_541' title='bbox 4250 2203 4521 2271; x_wconf 89' lang='lat' dir='ltr'><strong>iniiciet.</strong></span> <span class='ocrx_word' id='word_1_542' title='bbox 4604 2202 4749 2284; x_wconf 78' lang='lat' dir='ltr'><strong>Quid</strong></span> 
     </span>
     <span class='ocr_line' id='line_1_79' title="bbox 2858 2286 4748 2372; baseline 0.001 -19"><span class='ocrx_word' id='word_1_543' title='bbox 2858 2286 3059 2354; x_wconf 83' lang='lat' dir='ltr'><strong>inde?</strong></span> <span class='ocrx_word' id='word_1_544' title='bbox 3127 2287 3269 2354; x_wconf 87' lang='lat' dir='ltr'><strong>Nae</strong></span> <span class='ocrx_word' id='word_1_545' title='bbox 3323 2289 3681 2372; x_wconf 86' lang='lat' dir='ltr'><strong>conspectis</strong></span> <span class='ocrx_word' id='word_1_546' title='bbox 3733 2288 3865 2355; x_wconf 88' lang='lat' dir='ltr'><strong>illis</strong></span> <span class='ocrx_word' id='word_1_547' title='bbox 3905 2289 3999 2356; x_wconf 88' lang='lat' dir='ltr'><strong>sic</strong></span> <span class='ocrx_word' id='word_1_548' title='bbox 4039 2289 4452 2368; x_wconf 85' lang='lat' dir='ltr'><strong>irretiuntur,</strong></span> <span class='ocrx_word' id='word_1_549' title='bbox 4508 2297 4584 2355; x_wconf 92' lang='lat' dir='ltr'><strong>ut</strong></span> <span class='ocrx_word' id='word_1_550' title='bbox 4618 2289 4748 2372; x_wconf 80' lang='lat' dir='ltr'><strong>ipsis</strong></span> 
     </span>
     <span class='ocr_line' id='line_1_80' title="bbox 2863 2373 4748 2459; baseline 0 -20"><span class='ocrx_word' id='word_1_551' title='bbox 2863 2373 3164 2459; x_wconf 85' lang='lat' dir='ltr'><strong>gentibus</strong></span> <span class='ocrx_word' id='word_1_552' title='bbox 3205 2381 3273 2439; x_wconf 91' lang='lat' dir='ltr'><strong>et</strong></span> <span class='ocrx_word' id='word_1_553' title='bbox 3312 2373 3664 2440; x_wconf 89' lang='lat' dir='ltr'><strong>incredulis</strong></span> <span class='ocrx_word' id='word_1_554' title='bbox 3705 2374 4139 2459; x_wconf 85' lang='lat' dir='ltr'><strong>corruptiores</strong></span> <span class='ocrx_word' id='word_1_555' title='bbox 4181 2374 4487 2441; x_wconf 77' lang='lat' dir='ltr'><strong>evadant.</strong></span> <span class='ocrx_word' id='word_1_556' title='bbox 4575 2375 4748 2440; x_wconf 70' lang='lat' dir='ltr'><strong>&#39;Panto</strong></span> 
     </span>
     <span class='ocr_line' id='line_1_81' title="bbox 2864 2457 4746 2545; baseline 0.001 -21"><span class='ocrx_word' id='word_1_557' title='bbox 2864 2462 3072 2543; x_wconf 74' lang='lat' dir='ltr'><strong>magis</strong></span> <span class='ocrx_word' id='word_1_558' title='bbox 3114 2459 3316 2543; x_wconf 81' lang='lat' dir='ltr'><strong>igitur</strong></span> <span class='ocrx_word' id='word_1_559' title='bbox 3359 2457 3543 2525; x_wconf 92' lang='lat' dir='ltr'><strong>nobis</strong></span> <span class='ocrx_word' id='word_1_560' title='bbox 3581 2459 3647 2525; x_wconf 88' lang='lat' dir='ltr'><strong>in</strong></span> <span class='ocrx_word' id='word_1_561' title='bbox 3687 2458 3810 2527; x_wconf 91' lang='lat' dir='ltr'><strong>hoe</strong></span> <span class='ocrx_word' id='word_1_562' title='bbox 3844 2469 3945 2527; x_wconf 88' lang='lat' dir='ltr'><strong>est</strong></span> <span class='ocrx_word' id='word_1_563' title='bbox 3976 2458 4478 2545; x_wconf 81' lang='lat' dir='ltr'><strong>invigilandum,</strong></span> <span class='ocrx_word' id='word_1_564' title='bbox 4522 2472 4592 2526; x_wconf 86' lang='lat' dir='ltr'><strong>ut</strong></span> <span class='ocrx_word' id='word_1_565' title='bbox 4622 2480 4746 2544; x_wconf 77' lang='lat' dir='ltr'><strong>geu-</strong></span> 
     </span>
     <span class='ocr_line' id='line_1_82' title="bbox 2865 2544 4750 2613; baseline -0.001 -2"><span class='ocrx_word' id='word_1_566' title='bbox 2865 2546 3031 2611; x_wconf 90' lang='lat' dir='ltr'><strong>tium</strong></span> <span class='ocrx_word' id='word_1_567' title='bbox 3091 2553 3158 2610; x_wconf 92' lang='lat' dir='ltr'><strong>et</strong></span> <span class='ocrx_word' id='word_1_568' title='bbox 3208 2544 3686 2611; x_wconf 90' lang='lat' dir='ltr'><strong>incredulorum</strong></span> <span class='ocrx_word' id='word_1_569' title='bbox 3722 2566 3932 2612; x_wconf 89' lang='lat' dir='ltr'><strong>mores</strong></span> <span class='ocrx_word' id='word_1_570' title='bbox 3973 2552 4040 2610; x_wconf 92' lang='lat' dir='ltr'><strong>et</strong></span> <span class='ocrx_word' id='word_1_571' title='bbox 4077 2545 4384 2612; x_wconf 90' lang='lat' dir='ltr'><strong>instituta</strong></span> <span class='ocrx_word' id='word_1_572' title='bbox 4435 2546 4530 2613; x_wconf 87' lang='lat' dir='ltr'><strong>sic</strong></span> <span class='ocrx_word' id='word_1_573' title='bbox 4570 2544 4750 2611; x_wconf 80' lang='lat' dir='ltr'><strong>videa·</strong></span> 
     </span>
     <span class='ocr_line' id='line_1_83' title="bbox 2865 2628 4749 2716; baseline 0.001 -22"><span class='ocrx_word' id='word_1_574' title='bbox 2865 2651 3032 2710; x_wconf 91' lang='lat' dir='ltr'><strong>mus,</strong></span> <span class='ocrx_word' id='word_1_575' title='bbox 3075 2651 3158 2696; x_wconf 92' lang='lat' dir='ltr'><strong>ne</strong></span> <span class='ocrx_word' id='word_1_576' title='bbox 3209 2628 3441 2695; x_wconf 88' lang='lat' dir='ltr'><strong>iisdem</strong></span> <span class='ocrx_word' id='word_1_577' title='bbox 3484 2629 3864 2711; x_wconf 90' lang='lat' dir='ltr'><strong>alliciamur,</strong></span> <span class='ocrx_word' id='word_1_578' title='bbox 3921 2651 4129 2714; x_wconf 92' lang='lat' dir='ltr'><strong>neque</strong></span> <span class='ocrx_word' id='word_1_579' title='bbox 4169 2630 4241 2696; x_wconf 93' lang='lat' dir='ltr'><strong>in</strong></span> <span class='ocrx_word' id='word_1_580' title='bbox 4284 2638 4543 2716; x_wconf 89' lang='lat' dir='ltr'><strong>partem</strong></span> <span class='ocrx_word' id='word_1_581' title='bbox 4585 2629 4749 2696; x_wconf 80' lang='lat' dir='ltr'><strong>ullam</strong></span> 
     </span>
     <span class='ocr_line' id='line_1_84' title="bbox 2864 2715 4750 2799; baseline -0.001 -16"><span class='ocrx_word' id='word_1_582' title='bbox 2864 2737 3013 2783; x_wconf 90' lang='lat' dir='ltr'><strong>cum</strong></span> <span class='ocrx_word' id='word_1_583' title='bbox 3072 2715 3232 2799; x_wconf 87' lang='lat' dir='ltr'><strong>ipsis</strong></span> <span class='ocrx_word' id='word_1_584' title='bbox 3285 2715 3657 2782; x_wconf 89' lang='lat' dir='ltr'><strong>veniamus:</strong></span> <span class='ocrx_word' id='word_1_585' title='bbox 3711 2716 3824 2783; x_wconf 84' lang='lat' dir='ltr'><strong>sed</strong></span> <span class='ocrx_word' id='word_1_586' title='bbox 3883 2716 3954 2782; x_wconf 91' lang='lat' dir='ltr'><strong>iu</strong></span> <span class='ocrx_word' id='word_1_587' title='bbox 3997 2717 4125 2783; x_wconf 92' lang='lat' dir='ltr'><strong>Dei</strong></span> <span class='ocrx_word' id='word_1_588' title='bbox 4176 2716 4516 2782; x_wconf 87' lang='lat' dir='ltr'><strong>mandatis</strong></span> <span class='ocrx_word' id='word_1_589' title='bbox 4569 2735 4750 2799; x_wconf 84' lang='lat' dir='ltr'><strong>perse-</strong></span> 
     </span>
     <span class='ocr_line' id='line_1_85' title="bbox 2864 2801 4751 2972; baseline -0.001 -18"><span class='ocrx_word' id='word_1_590' title='bbox 2864 2801 4187 2972; x_wconf 47' lang='lat' dir='ltr'><strong>{ffifflrssfflffl‘sssspfflssssoenssb</strong></span> <span class='ocrx_word' id='word_1_591' title='bbox 4209 2801 4751 2970; x_wconf 52' lang='lat' dir='ltr'><strong>fffflssmt·</strong></span> 
     </span>
     <span class='ocr_line' id='line_1_86' title="bbox 3987 2938 4005 2969; baseline 0 0"><span class='ocrx_word' id='word_1_592' title='bbox 3987 2938 4005 2969; x_wconf 73' lang='lat'><em>2</em></span> 
     </span>
    </p>

    <p class='ocr_par' dir='ltr' id='par_1_8' title="bbox 2865 2971 4756 4434">
     <span class='ocr_line' id='line_1_87' title="bbox 2867 2971 4754 3040; baseline 0 -2"><span class='ocrx_word' id='word_1_593' title='bbox 2867 2972 3149 3040; x_wconf 89' lang='lat' dir='ltr'><strong>tionibus</strong></span> <span class='ocrx_word' id='word_1_594' title='bbox 3201 2973 3485 3038; x_wconf 87' lang='lat' dir='ltr'><strong>immixti</strong></span> <span class='ocrx_word' id='word_1_595' title='bbox 3536 2973 3606 3038; x_wconf 92' lang='lat' dir='ltr'><strong>in</strong></span> <span class='ocrx_word' id='word_1_596' title='bbox 3657 2972 3929 3039; x_wconf 89' lang='lat' dir='ltr'><strong>eandem</strong></span> <span class='ocrx_word' id='word_1_597' title='bbox 3980 2971 4590 3039; x_wconf 76' lang='lat' dir='ltr'><strong>condemnationem</strong></span> <span class='ocrx_word' id='word_1_598' title='bbox 4624 2971 4754 3038; x_wconf 85' lang='lat' dir='ltr'><strong>inci·</strong></span> 
     </span>
     <span class='ocr_line' id='line_1_88' title="bbox 2866 3054 4749 3143; baseline -0.002 -18"><span class='ocrx_word' id='word_1_599' title='bbox 2866 3058 3117 3125; x_wconf 90' lang='lat' dir='ltr'><strong>damus.</strong></span> <span class='ocrx_word' id='word_1_600' title='bbox 3203 3058 3302 3125; x_wconf 91' lang='lat' dir='ltr'><strong>Ac</strong></span> <span class='ocrx_word' id='word_1_601' title='bbox 3357 3059 3413 3124; x_wconf 91' lang='lat' dir='ltr'><strong>si</strong></span> <span class='ocrx_word' id='word_1_602' title='bbox 3475 3057 3621 3142; x_wconf 87' lang='lat' dir='ltr'><strong>quis</strong></span> <span class='ocrx_word' id='word_1_603' title='bbox 3675 3058 3850 3143; x_wconf 84' lang='lat' dir='ltr'><strong>ignis</strong></span> <span class='ocrx_word' id='word_1_604' title='bbox 3904 3077 4213 3126; x_wconf 87' lang='lat' dir='ltr'><strong>accensus</strong></span> <span class='ocrx_word' id='word_1_605' title='bbox 4267 3067 4370 3126; x_wconf 86' lang='lat' dir='ltr'><strong>est</strong></span> <span class='ocrx_word' id='word_1_606' title='bbox 4414 3059 4486 3124; x_wconf 91' lang='lat' dir='ltr'><strong>in</strong></span> <span class='ocrx_word' id='word_1_607' title='bbox 4527 3054 4749 3136; x_wconf 82' lang='lat' dir='ltr'><strong>mundo,</strong></span> 
     </span>
     <span class='ocr_line' id='line_1_89' title="bbox 2865 3140 4752 3228; baseline -0.001 -19"><span class='ocrx_word' id='word_1_608' title='bbox 2865 3144 3050 3210; x_wconf 90' lang='lat' dir='ltr'><strong>illum</strong></span> <span class='ocrx_word' id='word_1_609' title='bbox 3094 3143 3164 3209; x_wconf 79' lang='lat' dir='ltr'><strong>fu</strong></span> <span class='ocrx_word' id='word_1_610' title='bbox 3213 3144 3443 3210; x_wconf 85' lang='lat' dir='ltr'><strong>’amus.</strong></span> <span class='ocrx_word' id='word_1_611' title='bbox 3529 3144 3761 3228; x_wconf 87' lang='lat' dir='ltr'><strong>Atque,</strong></span> <span class='ocrx_word' id='word_1_612' title='bbox 3805 3144 4089 3223; x_wconf 89' lang='lat' dir='ltr'><strong>obsecro,</strong></span> <span class='ocrx_word' id='word_1_613' title='bbox 4131 3143 4276 3227; x_wconf 90' lang='lat' dir='ltr'><strong>quis</strong></span> <span class='ocrx_word' id='word_1_614' title='bbox 4319 3164 4456 3210; x_wconf 90' lang='lat' dir='ltr'><strong>non</strong></span> <span class='ocrx_word' id='word_1_615' title='bbox 4499 3140 4752 3208; x_wconf 74' lang='lat' dir='ltr'><strong>animad-</strong></span> 
     </span>
     <span class='ocr_line' id='line_1_90' title="bbox 2867 3223 4750 3314; baseline -0.005 -16"><span class='ocrx_word' id='word_1_616' title='bbox 2867 3230 3066 3298; x_wconf 85' lang='lat' dir='ltr'><strong>vertit</strong></span> <span class='ocrx_word' id='word_1_617' title='bbox 3108 3229 3175 3294; x_wconf 93' lang='lat' dir='ltr'><strong>di</strong></span> <span class='ocrx_word' id='word_1_618' title='bbox 3202 3231 3426 3295; x_wconf 89' lang='lat' dir='ltr'><strong>uvium</strong></span> <span class='ocrx_word' id='word_1_619' title='bbox 3470 3229 3833 3313; x_wconf 90' lang='lat' dir='ltr'><strong>iniquitatis</strong></span> <span class='ocrx_word' id='word_1_620' title='bbox 3875 3250 4002 3314; x_wconf 84' lang='lat' dir='ltr'><strong>quo</strong></span> <span class='ocrx_word' id='word_1_621' title='bbox 4045 3229 4332 3296; x_wconf 89' lang='lat' dir='ltr'><strong>mundus</strong></span> <span class='ocrx_word' id='word_1_622' title='bbox 4375 3223 4750 3296; x_wconf 80' lang='lat' dir='ltr'><strong>inundatur?</strong></span> 
     </span>
     <span class='ocr_line' id='line_1_91' title="bbox 2869 3313 4753 3414; baseline -0.001 -34"><span class='ocrx_word' id='word_1_623' title='bbox 2869 3317 3015 3399; x_wconf 90' lang='lat' dir='ltr'><strong>quis</strong></span> <span class='ocrx_word' id='word_1_624' title='bbox 3059 3335 3190 3380; x_wconf 92' lang='lat' dir='ltr'><strong>non</strong></span> <span class='ocrx_word' id='word_1_625' title='bbox 3232 3313 3413 3382; x_wconf 91' lang='lat' dir='ltr'><strong>videt</strong></span> <span class='ocrx_word' id='word_1_626' title='bbox 3453 3316 3758 3414; x_wconf 83' lang='lat' dir='ltr'><strong>spiritum</strong></span> <span class='ocrx_word' id='word_1_627' title='bbox 3810 3314 3998 3381; x_wconf 90' lang='lat' dir='ltr'><strong>illum</strong></span> <span class='ocrx_word' id='word_1_628' title='bbox 4036 3315 4277 3381; x_wconf 83' lang='lat' dir='ltr'><strong>erroris</strong></span> <span class='ocrx_word' id='word_1_629' title='bbox 4316 3316 4570 3399; x_wconf 88' lang='lat' dir='ltr'><strong>ubique</strong></span> <span class='ocrx_word' id='word_1_630' title='bbox 4605 3331 4753 3397; x_wconf 78' lang='lat' dir='ltr'><strong>gras·</strong></span> 
     </span>
     <span class='ocr_line' id='line_1_92' title="bbox 2869 3397 4754 3485; baseline -0.003 -18"><span class='ocrx_word' id='word_1_631' title='bbox 2869 3401 3018 3480; x_wconf 90' lang='lat' dir='ltr'><strong>sari,</strong></span> <span class='ocrx_word' id='word_1_632' title='bbox 3076 3407 3141 3466; x_wconf 90' lang='lat' dir='ltr'><strong>et</strong></span> <span class='ocrx_word' id='word_1_633' title='bbox 3193 3400 3266 3465; x_wconf 90' lang='lat' dir='ltr'><strong>in</strong></span> <span class='ocrx_word' id='word_1_634' title='bbox 3323 3399 3697 3485; x_wconf 74' lang='lat' dir='ltr'><strong>religionem</strong></span> <span class='ocrx_word' id='word_1_635' title='bbox 3754 3420 3862 3467; x_wconf 89' lang='lat' dir='ltr'><strong>eos</strong></span> <span class='ocrx_word' id='word_1_636' title='bbox 3925 3401 4092 3466; x_wconf 90' lang='lat' dir='ltr'><strong>ritus</strong></span> <span class='ocrx_word' id='word_1_637' title='bbox 4144 3399 4489 3482; x_wconf 90' lang='lat' dir='ltr'><strong>invehere,</strong></span> <span class='ocrx_word' id='word_1_638' title='bbox 4562 3397 4754 3484; x_wconf 87' lang='lat' dir='ltr'><strong>quibus</strong></span> 
     </span>
     <span class='ocr_line' id='line_1_93' title="bbox 2868 3484 4756 3569; baseline -0.002 -18"><span class='ocrx_word' id='word_1_639' title='bbox 2868 3485 3285 3566; x_wconf 87' lang='lat' dir='ltr'><strong>adulteratur,</strong></span> <span class='ocrx_word' id='word_1_640' title='bbox 3343 3493 3409 3551; x_wconf 90' lang='lat' dir='ltr'><strong>et</strong></span> <span class='ocrx_word' id='word_1_641' title='bbox 3461 3506 3727 3569; x_wconf 86' lang='lat' dir='ltr'><strong>prorsus</strong></span> <span class='ocrx_word' id='word_1_642' title='bbox 3781 3484 4211 3551; x_wconf 83' lang='lat' dir='ltr'><strong>immutatur?</strong></span> <span class='ocrx_word' id='word_1_643' title='bbox 4277 3485 4433 3552; x_wconf 84' lang='lat' dir='ltr'><strong>Non</strong></span> <span class='ocrx_word' id='word_1_644' title='bbox 4490 3504 4666 3552; x_wconf 88' lang='lat' dir='ltr'><strong>secus</strong></span> <span class='ocrx_word' id='word_1_645' title='bbox 4699 3501 4756 3547; x_wconf 77' lang='lat' dir='ltr'><strong>ac</strong></span> 
     </span>
     <span class='ocr_line' id='line_1_94' title="bbox 2869 3570 4754 3643; baseline -0.003 -6"><span class='ocrx_word' id='word_1_646' title='bbox 2869 3572 2926 3637; x_wconf 91' lang='lat' dir='ltr'><strong>si</strong></span> <span class='ocrx_word' id='word_1_647' title='bbox 2968 3571 3197 3636; x_wconf 90' lang='lat' dir='ltr'><strong>vinum</strong></span> <span class='ocrx_word' id='word_1_648' title='bbox 3233 3570 3474 3637; x_wconf 90' lang='lat' dir='ltr'><strong>bonum</strong></span> <span class='ocrx_word' id='word_1_649' title='bbox 3507 3580 3575 3637; x_wconf 89' lang='lat' dir='ltr'><strong>et</strong></span> <span class='ocrx_word' id='word_1_650' title='bbox 3608 3571 3942 3638; x_wconf 88' lang='lat' dir='ltr'><strong>odoratum</strong></span> <span class='ocrx_word' id='word_1_651' title='bbox 3987 3571 4283 3638; x_wconf 87' lang='lat' dir='ltr'><strong>sordibus</strong></span> <span class='ocrx_word' id='word_1_652' title='bbox 4325 3572 4754 3643; x_wconf 77' lang='lat' dir='ltr'><strong>immisceatur,</strong></span> 
     </span>
     <span class='ocr_line' id='line_1_95' title="bbox 2869 3654 4754 3741; baseline -0.001 -18"><span class='ocrx_word' id='word_1_653' title='bbox 2869 3678 2945 3724; x_wconf 90' lang='lat' dir='ltr'><strong>ac</strong></span> <span class='ocrx_word' id='word_1_654' title='bbox 2997 3656 3151 3723; x_wconf 92' lang='lat' dir='ltr'><strong>boni</strong></span> <span class='ocrx_word' id='word_1_655' title='bbox 3208 3667 3273 3723; x_wconf 93' lang='lat' dir='ltr'><strong>et</strong></span> <span class='ocrx_word' id='word_1_656' title='bbox 3314 3665 3718 3739; x_wconf 87' lang='lat' dir='ltr'><strong>praestantes</strong></span> <span class='ocrx_word' id='word_1_657' title='bbox 3759 3657 3885 3724; x_wconf 90' lang='lat' dir='ltr'><strong>cibi</strong></span> <span class='ocrx_word' id='word_1_658' title='bbox 3928 3676 4178 3724; x_wconf 90' lang='lat' dir='ltr'><strong>veneno</strong></span> <span class='ocrx_word' id='word_1_659' title='bbox 4223 3676 4455 3741; x_wconf 89' lang='lat' dir='ltr'><strong>sparso</strong></span> <span class='ocrx_word' id='word_1_660' title='bbox 4498 3654 4754 3722; x_wconf 80' lang='lat' dir='ltr'><strong>infician-</strong></span> 
     </span>
     <span class='ocr_line' id='line_1_96' title="bbox 2868 3737 4755 3826; baseline -0.003 -19"><span class='ocrx_word' id='word_1_661' title='bbox 2868 3751 2995 3824; x_wconf 90' lang='lat' dir='ltr'><strong>tur,</strong></span> <span class='ocrx_word' id='word_1_662' title='bbox 3060 3751 3124 3807; x_wconf 91' lang='lat' dir='ltr'><strong>et</strong></span> <span class='ocrx_word' id='word_1_663' title='bbox 3179 3742 3706 3809; x_wconf 89' lang='lat' dir='ltr'><strong>accumbentibus</strong></span> <span class='ocrx_word' id='word_1_664' title='bbox 3760 3750 4190 3826; x_wconf 90' lang='lat' dir='ltr'><strong>apponantur,</strong></span> <span class='ocrx_word' id='word_1_665' title='bbox 4248 3742 4508 3809; x_wconf 90' lang='lat' dir='ltr'><strong>edenda</strong></span> <span class='ocrx_word' id='word_1_666' title='bbox 4547 3739 4648 3808; x_wconf 89' lang='lat' dir='ltr'><strong>vel</strong></span> <span class='ocrx_word' id='word_1_667' title='bbox 4681 3737 4755 3802; x_wconf 87' lang='lat' dir='ltr'><strong>bi-</strong></span> 
     </span>
     <span class='ocr_line' id='line_1_97' title="bbox 2865 3826 4756 3912; baseline -0.002 -19"><span class='ocrx_word' id='word_1_668' title='bbox 2865 3826 3092 3895; x_wconf 91' lang='lat' dir='ltr'><strong>benda.</strong></span> <span class='ocrx_word' id='word_1_669' title='bbox 3178 3830 3395 3911; x_wconf 82' lang='lat' dir='ltr'><strong>Atque</strong></span> <span class='ocrx_word' id='word_1_670' title='bbox 3453 3827 3646 3894; x_wconf 89' lang='lat' dir='ltr'><strong>huius</strong></span> <span class='ocrx_word' id='word_1_671' title='bbox 3710 3827 3950 3894; x_wconf 89' lang='lat' dir='ltr'><strong>saeculi</strong></span> <span class='ocrx_word' id='word_1_672' title='bbox 4006 3827 4414 3912; x_wconf 87' lang='lat' dir='ltr'><strong>experientia</strong></span> <span class='ocrx_word' id='word_1_673' title='bbox 4472 3826 4756 3894; x_wconf 83' lang='lat' dir='ltr'><strong>cautiores</strong></span> 
     </span>
     <span class='ocr_line' id='line_1_98' title="bbox 2868 3911 4755 3998; baseline -0.003 -19"><span class='ocrx_word' id='word_1_674' title='bbox 2868 3914 2990 3980; x_wconf 90' lang='lat' dir='ltr'><strong>hac</strong></span> <span class='ocrx_word' id='word_1_675' title='bbox 3067 3915 3137 3979; x_wconf 92' lang='lat' dir='ltr'><strong>in</strong></span> <span class='ocrx_word' id='word_1_676' title='bbox 3219 3922 3404 3998; x_wconf 89' lang='lat' dir='ltr'><strong>parte</strong></span> <span class='ocrx_word' id='word_1_677' title='bbox 3467 3913 3608 3980; x_wconf 89' lang='lat' dir='ltr'><strong>fieri</strong></span> <span class='ocrx_word' id='word_1_678' title='bbox 3672 3912 4011 3980; x_wconf 91' lang='lat' dir='ltr'><strong>debemus:</strong></span> <span class='ocrx_word' id='word_1_679' title='bbox 4091 3934 4287 3997; x_wconf 91' lang='lat' dir='ltr'><strong>quam</strong></span> <span class='ocrx_word' id='word_1_680' title='bbox 4352 3913 4552 3979; x_wconf 87' lang='lat' dir='ltr'><strong>multi</strong></span> <span class='ocrx_word' id='word_1_681' title='bbox 4613 3911 4755 3976; x_wconf 88' lang='lat' dir='ltr'><strong>enim</strong></span> 
     </span>
     <span class='ocr_line' id='line_1_99' title="bbox 2868 3995 4753 4083; baseline -0.003 -17"><span class='ocrx_word' id='word_1_682' title='bbox 2868 3999 3118 4083; x_wconf 88' lang='lat' dir='ltr'><strong>abrepti</strong></span> <span class='ocrx_word' id='word_1_683' title='bbox 3161 4007 3333 4077; x_wconf 91' lang='lat' dir='ltr'><strong>sunt,</strong></span> <span class='ocrx_word' id='word_1_684' title='bbox 3375 4005 3441 4065; x_wconf 91' lang='lat' dir='ltr'><strong>et</strong></span> <span class='ocrx_word' id='word_1_685' title='bbox 3483 3999 3698 4066; x_wconf 90' lang='lat' dir='ltr'><strong>aversi</strong></span> <span class='ocrx_word' id='word_1_686' title='bbox 3736 4019 3778 4064; x_wconf 91' lang='lat' dir='ltr'><strong>a</strong></span> <span class='ocrx_word' id='word_1_687' title='bbox 3817 4006 3997 4065; x_wconf 89' lang='lat' dir='ltr'><strong>recta</strong></span> <span class='ocrx_word' id='word_1_688' title='bbox 4042 4000 4164 4078; x_wconf 91' lang='lat' dir='ltr'><strong>via,</strong></span> <span class='ocrx_word' id='word_1_689' title='bbox 4207 3998 4410 4065; x_wconf 87' lang='lat' dir='ltr'><strong>nimis</strong></span> <span class='ocrx_word' id='word_1_690' title='bbox 4447 3995 4753 4064; x_wconf 88' lang='lat' dir='ltr'><strong>hominum</strong></span> 
     </span>
     <span class='ocr_line' id='line_1_100' title="bbox 2868 4083 4756 4168; baseline -0.002 -18"><span class='ocrx_word' id='word_1_691' title='bbox 2868 4105 3079 4150; x_wconf 90' lang='lat' dir='ltr'><strong>mores</strong></span> <span class='ocrx_word' id='word_1_692' title='bbox 3134 4084 3380 4164; x_wconf 90' lang='lat' dir='ltr'><strong>intuiti,</strong></span> <span class='ocrx_word' id='word_1_693' title='bbox 3437 4094 3503 4149; x_wconf 90' lang='lat' dir='ltr'><strong>et</strong></span> <span class='ocrx_word' id='word_1_694' title='bbox 3559 4086 3638 4150; x_wconf 92' lang='lat' dir='ltr'><strong>ab</strong></span> <span class='ocrx_word' id='word_1_695' title='bbox 3682 4084 3760 4149; x_wconf 91' lang='lat' dir='ltr'><strong>iis</strong></span> <span class='ocrx_word' id='word_1_696' title='bbox 3804 4083 4104 4168; x_wconf 84' lang='lat' dir='ltr'><strong>pellecti?</strong></span> <span class='ocrx_word' id='word_1_697' title='bbox 4166 4083 4388 4166; x_wconf 78' lang='lat' dir='ltr'><strong>Quare</strong></span> <span class='ocrx_word' id='word_1_698' title='bbox 4434 4085 4564 4151; x_wconf 90' lang='lat' dir='ltr'><strong>Dei</strong></span> <span class='ocrx_word' id='word_1_699' title='bbox 4603 4099 4756 4167; x_wconf 83' lang='lat' dir='ltr'><strong>prse-</strong></span> 
     </span>
     <span class='ocr_line' id='line_1_101' title="bbox 2865 4169 4754 4255; baseline 0.002 -19"><span class='ocrx_word' id='word_1_700' title='bbox 2865 4178 3054 4253; x_wconf 89' lang='lat' dir='ltr'><strong>eepta</strong></span> <span class='ocrx_word' id='word_1_701' title='bbox 3100 4169 3276 4235; x_wconf 88' lang='lat' dir='ltr'><strong>vitae</strong></span> <span class='ocrx_word' id='word_1_702' title='bbox 3320 4177 3579 4236; x_wconf 89' lang='lat' dir='ltr'><strong>nostrae</strong></span> <span class='ocrx_word' id='word_1_703' title='bbox 3619 4170 3914 4255; x_wconf 85' lang='lat' dir='ltr'><strong>regulam</strong></span> <span class='ocrx_word' id='word_1_704' title='bbox 3956 4179 4023 4234; x_wconf 91' lang='lat' dir='ltr'><strong>et</strong></span> <span class='ocrx_word' id='word_1_705' title='bbox 4064 4190 4362 4236; x_wconf 88' lang='lat' dir='ltr'><strong>normam</strong></span> <span class='ocrx_word' id='word_1_706' title='bbox 4407 4170 4754 4239; x_wconf 75' lang='lat' dir='ltr'><strong>habeamus,</strong></span> 
     </span>
     <span class='ocr_line' id='line_1_102' title="bbox 2867 4250 4756 4339; baseline -0.001 -20"><span class='ocrx_word' id='word_1_707' title='bbox 2867 4263 3064 4337; x_wconf 88' lang='lat' dir='ltr'><strong>atque</strong></span> <span class='ocrx_word' id='word_1_708' title='bbox 3118 4256 3197 4320; x_wconf 92' lang='lat' dir='ltr'><strong>ab</strong></span> <span class='ocrx_word' id='word_1_709' title='bbox 3255 4254 3336 4321; x_wconf 91' lang='lat' dir='ltr'><strong>iis</strong></span> <span class='ocrx_word' id='word_1_710' title='bbox 3397 4255 3698 4322; x_wconf 90' lang='lat' dir='ltr'><strong>omnibus</strong></span> <span class='ocrx_word' id='word_1_711' title='bbox 3740 4254 4036 4321; x_wconf 88' lang='lat' dir='ltr'><strong>recedere</strong></span> <span class='ocrx_word' id='word_1_712' title='bbox 4078 4254 4432 4339; x_wconf 87' lang='lat' dir='ltr'><strong>discamus,</strong></span> <span class='ocrx_word' id='word_1_713' title='bbox 4478 4277 4521 4322; x_wconf 88' lang='lat' dir='ltr'><strong>a</strong></span> <span class='ocrx_word' id='word_1_714' title='bbox 4560 4250 4756 4338; x_wconf 81' lang='lat' dir='ltr'><strong>quibus</strong></span> 
     </span>
     <span class='ocr_line' id='line_1_103' title="bbox 2866 4339 4721 4434; baseline 0.002 -31"><span class='ocrx_word' id='word_1_715' title='bbox 2866 4339 3049 4406; x_wconf 90' lang='lat' dir='ltr'><strong>Deus</strong></span> <span class='ocrx_word' id='word_1_716' title='bbox 3107 4359 3226 4406; x_wconf 84' lang='lat' dir='ltr'><strong>nos</strong></span> <span class='ocrx_word' id='word_1_717' title='bbox 3267 4340 3491 4424; x_wconf 87' lang='lat' dir='ltr'><strong>procul</strong></span> <span class='ocrx_word' id='word_1_718' title='bbox 3534 4361 3675 4407; x_wconf 86' lang='lat' dir='ltr'><strong>esse</strong></span> <span class='ocrx_word' id='word_1_719' title='bbox 3717 4341 3943 4407; x_wconf 91' lang='lat' dir='ltr'><strong>voluit.</strong></span> <span class='ocrx_word' id='word_1_720' title='bbox 4711 4421 4721 4434; x_wconf 86' lang='lat'><strong>.</strong></span> 
     </span>
    </p>

    <p class='ocr_par' dir='ltr' id='par_1_9' title="bbox 2864 4423 4756 5282">
     <span class='ocr_line' id='line_1_104' title="bbox 3036 4423 4756 4509; baseline -0.003 -17"><span class='ocrx_word' id='word_1_721' title='bbox 3036 4425 3366 4509; x_wconf 89' lang='lat' dir='ltr'><strong>Sequitur,</strong></span> <span class='ocrx_word' id='word_1_722' title='bbox 3425 4426 3660 4493; x_wconf 74' lang='lat' dir='ltr'><strong>malum</strong></span> <span class='ocrx_word' id='word_1_723' title='bbox 3715 4427 3920 4492; x_wconf 79' lang='lat' dir='ltr'><strong>visum</strong></span> <span class='ocrx_word' id='word_1_724' title='bbox 3984 4446 4116 4493; x_wconf 78' lang='lat' dir='ltr'><strong>esse</strong></span> <span class='ocrx_word' id='word_1_725' title='bbox 4169 4424 4422 4492; x_wconf 75' lang='lat' dir='ltr'><strong>verbum</strong></span> <span class='ocrx_word' id='word_1_726' title='bbox 4493 4423 4658 4492; x_wconf 64' lang='lat' dir='ltr'><strong>istud</strong></span> <span class='ocrx_word' id='word_1_727' title='bbox 4701 4438 4756 4486; x_wconf 74' lang='grc' dir='ltr'><strong>ιιι</strong></span> 
     </span>
     <span class='ocr_line' id='line_1_105' title="bbox 2866 4510 4752 4596; baseline 0.003 -18"><span class='ocrx_word' id='word_1_728' title='bbox 2866 4510 3059 4578; x_wconf 76' lang='lat' dir='ltr'><strong>oculis</strong></span> <span class='ocrx_word' id='word_1_729' title='bbox 3126 4510 3460 4596; x_wconf 72' lang='lat' dir='ltr'><strong>SamueliS,</strong></span> <span class='ocrx_word' id='word_1_730' title='bbox 3538 4531 3729 4594; x_wconf 78' lang='lat' dir='ltr'><strong>quum</strong></span> <span class='ocrx_word' id='word_1_731' title='bbox 3790 4513 4089 4578; x_wconf 78' lang='lat' dir='ltr'><strong>dicerent.-</strong></span> <span class='ocrx_word' id='word_1_732' title='bbox 4151 4512 4263 4578; x_wconf 85' lang='lat' dir='ltr'><strong>Da</strong></span> <span class='ocrx_word' id='word_1_733' title='bbox 4323 4511 4511 4578; x_wconf 74' lang='lat' dir='ltr'><strong>nobis</strong></span> <span class='ocrx_word' id='word_1_734' title='bbox 4570 4526 4752 4593; x_wconf 66' lang='lat'><strong>’&#39;090¹‘-</strong></span> 
     </span>
     <span class='ocr_line' id='line_1_106' title="bbox 2867 4595 4752 4681; baseline -0.001 -20"><span class='ocrx_word' id='word_1_735' title='bbox 2867 4596 3118 4678; x_wconf 78' lang='lat' dir='ltr'><strong>Quibus</strong></span> <span class='ocrx_word' id='word_1_736' title='bbox 3152 4598 3368 4665; x_wconf 89' lang='lat' dir='ltr'><strong>verbis</strong></span> <span class='ocrx_word' id='word_1_737' title='bbox 3402 4597 3673 4681; x_wconf 90' lang='lat' dir='ltr'><strong>spiritus</strong></span> <span class='ocrx_word' id='word_1_738' title='bbox 3709 4619 3759 4664; x_wconf 90' lang='lat' dir='ltr'><strong>s.</strong></span> <span class='ocrx_word' id='word_1_739' title='bbox 3781 4618 3911 4663; x_wconf 92' lang='lat' dir='ltr'><strong>non</strong></span> <span class='ocrx_word' id='word_1_740' title='bbox 3932 4595 4351 4681; x_wconf 89' lang='lat' dir='ltr'><strong>reprehendit</strong></span> <span class='ocrx_word' id='word_1_741' title='bbox 4372 4595 4752 4664; x_wconf 76' lang='lat' dir='ltr'><strong>Samuelem:</strong></span> 
     </span>
     <span class='ocr_line' id='line_1_107' title="bbox 2867 4682 4752 4768; baseline -0.003 -20"><span class='ocrx_word' id='word_1_742' title='bbox 2867 4683 2979 4748; x_wconf 89' lang='lat' dir='ltr'><strong>sed</strong></span> <span class='ocrx_word' id='word_1_743' title='bbox 3043 4683 3260 4768; x_wconf 89' lang='lat' dir='ltr'><strong>potius</strong></span> <span class='ocrx_word' id='word_1_744' title='bbox 3314 4703 3462 4749; x_wconf 91' lang='lat' dir='ltr'><strong>eum</strong></span> <span class='ocrx_word' id='word_1_745' title='bbox 3519 4682 3698 4750; x_wconf 90' lang='lat' dir='ltr'><strong>nullo</strong></span> <span class='ocrx_word' id='word_1_746' title='bbox 3753 4702 3952 4766; x_wconf 89' lang='lat' dir='ltr'><strong>pravo</strong></span> <span class='ocrx_word' id='word_1_747' title='bbox 3994 4682 4230 4749; x_wconf 83' lang='lat' dir='ltr'><strong>affectu</strong></span> <span class='ocrx_word' id='word_1_748' title='bbox 4276 4682 4483 4750; x_wconf 85' lang='lat' dir='ltr'><strong>fuisse</strong></span> <span class='ocrx_word' id='word_1_749' title='bbox 4525 4682 4752 4747; x_wconf 87' lang='lat' dir='ltr'><strong>ductum</strong></span> 
     </span>
     <span class='ocr_line' id='line_1_108' title="bbox 2865 4768 4754 4853; baseline -0.002 -19"><span class='ocrx_word' id='word_1_750' title='bbox 2865 4769 3164 4834; x_wconf 87' lang='lat' dir='ltr'><strong>ostendit.</strong></span> <span class='ocrx_word' id='word_1_751' title='bbox 3250 4768 3476 4853; x_wconf 87' lang='lat' dir='ltr'><strong>Neque</strong></span> <span class='ocrx_word' id='word_1_752' title='bbox 3528 4770 3703 4834; x_wconf 92' lang='lat' dir='ltr'><strong>enim</strong></span> <span class='ocrx_word' id='word_1_753' title='bbox 3759 4769 4044 4835; x_wconf 85' lang='lat' dir='ltr'><strong>offensus</strong></span> <span class='ocrx_word' id='word_1_754' title='bbox 4100 4776 4202 4834; x_wconf 90' lang='lat' dir='ltr'><strong>est</strong></span> <span class='ocrx_word' id='word_1_755' title='bbox 4254 4768 4547 4835; x_wconf 89' lang='lat' dir='ltr'><strong>filiorum</strong></span> <span class='ocrx_word' id='word_1_756' title='bbox 4595 4783 4754 4831; x_wconf 82' lang='lat' dir='ltr'><strong>accu-</strong></span> 
     </span>
     <span class='ocr_line' id='line_1_109' title="bbox 2865 4852 4752 4952; baseline -0.002 -34"><span class='ocrx_word' id='word_1_757' title='bbox 2865 4855 3130 4936; x_wconf 89' lang='lat' dir='ltr'><strong>satione,</strong></span> <span class='ocrx_word' id='word_1_758' title='bbox 3186 4854 3357 4938; x_wconf 90' lang='lat' dir='ltr'><strong>quod</strong></span> <span class='ocrx_word' id='word_1_759' title='bbox 3409 4856 3721 4920; x_wconf 88' lang='lat' dir='ltr'><strong>nimirum</strong></span> <span class='ocrx_word' id='word_1_760' title='bbox 3763 4854 3928 4920; x_wconf 90' lang='lat' dir='ltr'><strong>male</strong></span> <span class='ocrx_word' id='word_1_761' title='bbox 3969 4852 4442 4952; x_wconf 79' lang='lat' dir='ltr'><strong>rempublicam</strong></span> <span class='ocrx_word' id='word_1_762' title='bbox 4485 4859 4752 4937; x_wconf 76' lang='lat' dir='ltr'><strong>gerentes</strong></span> 
     </span>
     <span class='ocr_line' id='line_1_110' title="bbox 2864 4939 4752 5023; baseline -0.003 -20"><span class='ocrx_word' id='word_1_763' title='bbox 2864 4939 3325 5007; x_wconf 84' lang='lat' dir='ltr'><strong>exauctorandi</strong></span> <span class='ocrx_word' id='word_1_764' title='bbox 3368 4947 3603 5007; x_wconf 89' lang='lat' dir='ltr'><strong>essent.</strong></span> <span class='ocrx_word' id='word_1_765' title='bbox 3665 4941 3762 5007; x_wconf 89' lang='lat' dir='ltr'><strong>Ac</strong></span> <span class='ocrx_word' id='word_1_766' title='bbox 3804 4939 4190 5006; x_wconf 78' lang='lat' dir='ltr'><strong>nominatim</strong></span> <span class='ocrx_word' id='word_1_767' title='bbox 4234 4939 4563 5023; x_wconf 87' lang='lat' dir='ltr'><strong>scriptura</strong></span> <span class='ocrx_word' id='word_1_768' title='bbox 4601 4941 4752 5002; x_wconf 74' lang='lat' dir='ltr'><strong>notat</strong></span> 
     </span>
     <span class='ocr_line' id='line_1_111' title="bbox 2866 5022 4752 5109; baseline -0.002 -19"><span class='ocrx_word' id='word_1_769' title='bbox 2866 5022 3237 5093; x_wconf 88' lang='lat' dir='ltr'><strong>Samuelem</strong></span> <span class='ocrx_word' id='word_1_770' title='bbox 3295 5046 3427 5091; x_wconf 92' lang='lat' dir='ltr'><strong>non</strong></span> <span class='ocrx_word' id='word_1_771' title='bbox 3480 5026 3702 5109; x_wconf 90' lang='lat' dir='ltr'><strong>iniquo</strong></span> <span class='ocrx_word' id='word_1_772' title='bbox 3756 5026 3972 5092; x_wconf 88' lang='lat' dir='ltr'><strong>animo</strong></span> <span class='ocrx_word' id='word_1_773' title='bbox 4027 5025 4254 5091; x_wconf 87' lang='lat' dir='ltr'><strong>tulisse</strong></span> <span class='ocrx_word' id='word_1_774' title='bbox 4294 5025 4484 5091; x_wconf 89' lang='lat' dir='ltr'><strong>illam</strong></span> <span class='ocrx_word' id='word_1_775' title='bbox 4526 5038 4752 5090; x_wconf 70' lang='lat' dir='ltr'><strong>accust-</strong></span> 
     </span>
     <span class='ocr_line' id='line_1_112' title="bbox 2866 5104 4749 5195; baseline -0.002 -20"><span class='ocrx_word' id='word_1_776' title='bbox 2866 5111 3126 5191; x_wconf 90' lang='lat' dir='ltr'><strong>tionem,</strong></span> <span class='ocrx_word' id='word_1_777' title='bbox 3161 5130 3394 5194; x_wconf 89' lang='lat' dir='ltr'><strong>nempe</strong></span> <span class='ocrx_word' id='word_1_778' title='bbox 3429 5111 3597 5194; x_wconf 91' lang='lat' dir='ltr'><strong>quod</strong></span> <span class='ocrx_word' id='word_1_779' title='bbox 3632 5110 3924 5177; x_wconf 89' lang='lat' dir='ltr'><strong>filiorum</strong></span> <span class='ocrx_word' id='word_1_780' title='bbox 3955 5110 4351 5194; x_wconf 87' lang='lat' dir='ltr'><strong>impietatem</strong></span> <span class='ocrx_word' id='word_1_781' title='bbox 4385 5104 4749 5195; x_wconf 69' lang='lat' dir='ltr'><strong>cognoverit-</strong></span> 
     </span>
     <span class='ocr_line' id='line_1_113' title="bbox 2866 5188 4752 5282; baseline 0 -20"><span class='ocrx_word' id='word_1_782' title='bbox 2866 5195 3055 5278; x_wconf 77' lang='lat' dir='ltr'><strong>Quod</strong></span> <span class='ocrx_word' id='word_1_783' title='bbox 3098 5217 3253 5265; x_wconf 91' lang='lat' dir='ltr'><strong>sane</strong></span> <span class='ocrx_word' id='word_1_784' title='bbox 3291 5196 3769 5263; x_wconf 90' lang='lat' dir='ltr'><strong>observandum</strong></span> <span class='ocrx_word' id='word_1_785' title='bbox 3813 5205 3943 5264; x_wconf 89' lang='lat' dir='ltr'><strong>est:</strong></span> <span class='ocrx_word' id='word_1_786' title='bbox 3988 5217 4187 5282; x_wconf 90' lang='lat' dir='ltr'><strong>quum</strong></span> <span class='ocrx_word' id='word_1_787' title='bbox 4228 5195 4610 5281; x_wconf 86' lang='lat' dir='ltr'><strong>praesertim</strong></span> <span class='ocrx_word' id='word_1_788' title='bbox 4645 5188 4752 5277; x_wconf 70' lang='lat' dir='ltr'><strong>ple·</strong></span> 
     </span>
    </p>
   </div>
   <div class='ocr_carea' id='block_1_8' title="bbox 4894 0 4902 677">
    <p class='ocr_par' dir='ltr' id='par_1_10' title="bbox 4894 0 4902 677">
     <span class='ocr_line' id='line_1_114' title="bbox 4894 0 4902 677; baseline 0 0"><span class='ocrx_word' id='word_1_789' title='bbox 4894 0 4902 677; x_wconf 95' lang='lat' dir='ltr'><strong> </strong></span> 
     </span>
    </p>
   </div>
   <div class='ocr_carea' id='block_1_9' title="bbox 4894 3876 4900 4503">
    <p class='ocr_par' dir='ltr' id='par_1_11' title="bbox 4894 3876 4900 4503">
     <span class='ocr_line' id='line_1_115' title="bbox 4894 3876 4900 4503; baseline 0 0"><span class='ocrx_word' id='word_1_790' title='bbox 4894 3876 4900 4503; x_wconf 95' lang='lat' dir='ltr'><strong> </strong></span> 
     </span>
    </p>
   </div>
   <div class='ocr_carea' id='block_1_10' title="bbox 4892 3876 4902 4913">
    <p class='ocr_par' dir='ltr' id='par_1_12' title="bbox 4892 3876 4902 4913">
     <span class='ocr_line' id='line_1_116' title="bbox 4892 3876 4902 4913; baseline 0 0"><span class='ocrx_word' id='word_1_791' title='bbox 4892 3876 4902 4913; x_wconf 95' lang='lat' dir='ltr'><strong> </strong></span> 
     </span>
    </p>
   </div>
   <div class='ocr_carea' id='block_1_11' title="bbox 4893 5258 4901 5983">
    <p class='ocr_par' dir='ltr' id='par_1_13' title="bbox 4893 5258 4901 5983">
     <span class='ocr_line' id='line_1_117' title="bbox 4893 5258 4901 5983; baseline 0 0"><span class='ocrx_word' id='word_1_792' title='bbox 4893 5258 4901 5983; x_wconf 95' lang='lat' dir='ltr'><strong> </strong></span> 
     </span>
    </p>
   </div>
  </div>
 </body>
</html>
