5059 6059
847 338 977 405 587

851 527 1090 612 quique
1146 523 1291 588 Deo
1348 538 1690 603 nunquam
1755 535 2001 582 morem
2055 522 2328 599 gerunt,
2395 512 2523 579 nisi
2587 531 2786 596 quare

853 616 1039 681 Deus
1079 610 1174 676 ita
1212 606 1372 673 velit
1434 611 1826 682 scrutentur,
1872 609 1939 668 et
1980 598 2454 684 quodammodo
2490 617 2641 664 cum
2673 596 2786 663 illo

852 694 1213 766 rationibus
1255 692 1395 759 suis
1437 686 1851 756 contendant.
1939 686 2190 755 Contra
2245 704 2404 751 vero
2460 683 2787 750 discamus

851 787 948 851 ita
989 779 1348 868 prudenter
1402 795 1524 843 nos
1583 794 1830 860 gerere,
1886 781 1953 839 et
2008 772 2104 839 ita
2161 769 2399 850 metiri,
2445 769 2785 852 sobrieque

853 889 1100 954 sapere,
1147 874 1224 932 ut
1278 859 1594 948 quidquid
1637 861 1824 926 Deus
1879 880 2011 925 non
2069 855 2463 924 revelaverit
2502 852 2786 920 libenter

851 958 1251 1042 ignoremus,
1310 949 1516 1015 donec
1553 947 1697 1032 ipse
1739 946 1927 1012 Deus
1983 945 2297 1009 maiorem
2342 941 2554 1008 lucem
2597 940 2785 1008 nobis

852 1040 1165 1120 attulerit,
1208 1034 1383 1120 quod
1426 1034 1560 1100 suis
1606 1031 1913 1118 gradibus
1955 1036 2024 1097 et
2056 1027 2458 1112 temporibus
2492 1028 2786 1094 facturus

853 1136 972 1205 est,
1027 1132 1096 1192 et
1152 1123 1309 1188 olim
1364 1120 1807 1205 patefacturus
1863 1114 2032 1202 quod
2074 1116 2143 1181 in
2189 1113 2558 1198 praesentia
2598 1110 2785 1178 nobis

854 1222 958 1281 est
998 1208 1427 1294 incognitum,
1471 1203 1660 1272 modo
1702 1204 2025 1288 patienter
2067 1210 2539 1284 exspectemus·

1030 1295 1340 1379 Sequitur
1403 1289 1707 1374 deinceps
1752 1287 2103 1356 Samuelem
2155 1286 2545 1369 auoqnutum
2584 1284 2788 1367 fuisse

859 1383 1116 1451 Saulem
1153 1382 1227 1447 in
1267 1378 1527 1457 solano,
1563 1375 1631 1442 id
1672 1381 1775 1441 est
1814 1376 1882 1440 in
1923 1373 2065 1440 loco
2108 1372 2300 1449 edito,
2345 1377 2413 1438 et
2455 1370 2539 1437 ad
2580 1369 2785 1436 solem

856 1469 1166 1553 exposito.
1231 1464 1404 1530 Nam
1439 1460 1611 1547 apud
1648 1480 1794 1527 eam
1827 1470 2093 1545 gentem
2136 1457 2429 1524 aedificia
2463 1457 2557 1523 sio
2599 1464 2789 1522 erant

854 1554 1228 1640 composita,
1286 1557 1360 1615 ut
1415 1548 1485 1614 in
1540 1545 1800 1613 aedium
1842 1565 2148 1629 suprema
2185 1551 2373 1628 parte
2414 1541 2788 1610 deambula·

857 1649 1025 1719 rent,
1083 1657 1288 1721 quum
1345 1643 1567 1701 aestus
1609 1632 1886 1698 desierat
1928 1639 1996 1696 et
2038 1632 2104 1698 in
2151 1629 2384 1696 umbra
2424 1638 2600 1695 stare
2641 1628 2788 1694 nol·

857 1728 1017 1794 lent.
1120 1724 1354 1805 Itaque
1401 1719 1477 1785 in
1530 1728 1772 1790 tectum
1824 1717 2017 1784 aliter
2078 1735 2275 1800 quam
2339 1723 2567 1782 nostra
2630 1718 2790 1781 sunt

858 1816 1309 1880 constructum
1351 1803 1850 1883 adscendebant,
1895 1813 1959 1869 et
1992 1811 2306 1886 tanquam
2339 1800 2790 1884 inpavimento

857 1894 1383 1965 deambulabant.
1448 1890 1685 1973 Itaque
1707 1888 1981 1956 Samuel
2013 1890 2082 1956 in
2117 1887 2435 1954 eiusmodi
2477 1884 2791 1952 solarium

857 1979 1272 2053 adscendisse
1315 1977 1551 2045 dicitur
1592 1996 1742 2041 cum
1787 1973 2007 2055 Saule,
2051 1982 2126 2040 ιιι
2173 1974 2386 2058 ipsum
2431 1972 2791 2055 alloquere-

858 2078 987 2151 tur,
1030 2077 1097 2135 et
1140 2061 1401 2149 quidem
1445 2060 1732 2129 secunda
1772 2061 1932 2129 vice.
2019 2059 2320 2144 Denique
2378 2078 2582 2143 quum
2640 2079 2681 2123 a
2722 2079 2792 2124 se

858 2155 1048 2222 illum
1094 2150 1470 2224 dimitteret,
1527 2154 1596 2214 et
1638 2146 2105 2214 descenderent
2161 2146 2245 2211 ad
2287 2154 2655 2211 extremum
2700 2143 2791 2210 ci-

858 2240 1102 2321 vitatis,
1146 2235 1383 2303 dicitur
1426 2232 1696 2302 Samuel
1737 2232 2011 2299 ediaeisse
2047 2229 2236 2298 Sauli
2275 2236 2347 2297 ut
2378 2230 2611 2296 iuberet
2635 2249 2789 2313 pue-

856 2346 1004 2393 mm
1046 2343 1233 2389 suum
1266 2320 1648 2405 praecedere,
1704 2340 1825 2401 quo
1859 2320 2041 2400 facto,
2103 2324 2349 2399 accepta
2393 2316 2624 2398 phiala
2675 2316 2792 2382 olei

848 2410 1221 2495 perfudisse
1261 2411 1448 2489 caput
1487 2404 1643 2485 eius,
1675 2410 1858 2487 atque
1896 2404 2213 2470 indicasse
2242 2404 2455 2485 ipsum
2489 2422 2532 2468 a
2555 2400 2792 2467 Iehova

860 2499 937 2563 in
996 2513 1200 2579 reyem
1246 2491 1470 2576 populi
1529 2489 1796 2556 electum.
1886 2491 2055 2556 Tum
2116 2487 2370 2555 dedisse
2431 2487 2530 2554 illi
2600 2487 2792 2571 signa

865 2582 1102 2666 quibus
1165 2579 1246 2644 de
1302 2576 1636 2644 vocatione
1692 2574 1775 2641 ad
1828 2576 2077 2662 regiam
2120 2574 2509 2660 dignitatem
2554 2574 2792 2639 certior

862 2670 1072 2743 fieret,
1137 2683 1390 2746 nempe,
1431 2662 1720 2745 primum
1767 2661 1902 2744 fore
1940 2667 2013 2727 ut
2052 2681 2244 2744 quum
2285 2681 2329 2727 a
2369 2680 2439 2726 se
2473 2658 2795 2726 recesserit

861 2752 1144 2820 inveniat
1180 2750 1344 2816 duos
1383 2749 1553 2814 viros
1594 2768 1637 2813 a
1667 2752 1856 2828 patre
1895 2749 2141 2828 missos,
2185 2748 2299 2830 qui
2339 2747 2553 2812 dicant
2583 2746 2793 2810 inven-

861 2844 963 2906 tas
1001 2838 1224 2903 asinas
1304 2854 1425 2900 uas
1466 2834 1815 2917 quaesitum
1844 2833 2104 2914 abierat,
2138 2852 2215 2899 ac
2236 2832 2509 2917 proinde
2541 2833 2792 2898 domum

860 2926 1151 2991 revocent.
1293 2919 1543 2999 scando,
1595 2924 1723 2985 tres
1776 2918 1939 2985 alios
1990 2919 2166 2985 viros
2219 2918 2353 3000 ipsi
2403 2936 2790 3001 occursuros,

860 3009 1249 3078 ascendentes
1290 3005 1375 3072 ud
1419 3003 1625 3071 Deum
1665 3005 1739 3070 in
1793 3005 2044 3071 domum
2086 3003 2216 3071 Dei
2262 3005 2470 3085 fortis,
2528 3004 2642 3085 qui
2680 3003 2789 3069 da-

860 3096 994 3163 turi
1056 3095 1186 3160 sint
1243 3092 1375 3175 ipsi
1435 3091 1603 3156 duas
1664 3095 1898 3157 tractas
1938 3090 2159 3172 panis,
2222 3109 2386 3173 quas
2439 3088 2712 3171 accipiat
2760 3108 2794 3153 e

858 3201 1055 3248 manu
1095 3197 1324 3245 eorum.
1398 3176 1605 3242 Tertio
1645 3175 1893 3241 twrbam
1924 3174 2374 3257 prophetarum
2413 3175 2519 3241 illi
2557 3176 2794 3256 factwm

858 3268 951 3334 iri
993 3266 1256 3347 obviam,
1299 3262 1789 3328 descendentium
1820 3262 1898 3328 de
1929 3262 2053 3328 loco
2084 3262 2335 3342 malso,
2370 3280 2510 3327 cum
2531 3260 2794 3326 musicis

858 3351 1306 3429 instrumentis,
1372 3368 1447 3414 ac
1501 3352 1743 3431 repente
1783 3367 1827 3413 a
1869 3346 2004 3414 Deo
2055 3349 2150 3413 sic
2187 3347 2666 3424 insudandum,
2721 3351 2794 3411 ut

857 3459 1001 3506 cum
1031 3437 1191 3518 ipsis
1228 3433 1558 3519 prophetet.
1624 3434 1734 3499 Ex
1773 3432 2008 3516 quibus
2049 3434 2253 3519 signis
2297 3451 2691 3517 cognoscere
2724 3439 2794 3499 et

859 3541 1246 3609 persuasum
1289 3540 1431 3585 esse
1473 3518 1659 3585 illum
1701 3518 1901 3597 iubet,
1945 3518 2089 3584 Deo
2131 3520 2395 3585 volente
2428 3526 2497 3584 et
2529 3516 2792 3583 iubente

861 3612 1078 3693 ipsum
1134 3606 1218 3671 ad
1276 3605 1527 3689 regiam
1585 3604 1969 3690 dignitatem
2022 3605 2261 3671 vocari.
2350 3607 2571 3687 Atque
2630 3603 2793 3670 haec

863 3713 1123 3760 summa
1163 3698 1264 3757 est
1318 3711 1544 3756 eorum
1601 3711 1769 3775 quae
1825 3689 1928 3757 hic
1984 3690 2366 3757 recitantur.
2452 3688 2652 3769 Quod
2708 3687 2793 3754 ad

863 3779 1149 3864 primum
1192 3775 1356 3841 illud
1399 3785 1598 3859 caput
1640 3777 1896 3856 attinet,
1954 3776 2023 3841 in
2066 3797 2193 3860 quo
2237 3776 2511 3844 Samuel
2557 3774 2794 3842 dicitur

864 3884 1018 3931 cum
1063 3861 1260 3929 Saule
1302 3861 1376 3926 in
1419 3860 1734 3929 solarium
1788 3860 2178 3943 ascendisse,
2237 3872 2314 3929 ut
2369 3862 2587 3946 ipsum
2630 3860 2793 3926 allo-

859 3957 1169 4035 queretur
1183 3996 1200 4031 ,
1263 3967 1397 4013 non
1461 3947 1731 4014 dubium
1793 3953 1893 4014 est
1956 3948 2118 4031 quin
2172 3948 2386 4032 ipsum
2441 3947 2522 4013 de
2576 3946 2793 4012 officio

857 4035 1310 4102 admoniturus
1372 4030 1443 4097 id
1503 4033 1746 4101 fecerit.
1845 4032 2021 4100 Nam
2085 4034 2164 4099 de
2229 4035 2424 4100 rebus
2486 4033 2795 4099 inanibus

858 4121 1051 4188 illum
1093 4127 1256 4186 tunc
1298 4138 1433 4184 non
1476 4119 1689 4204 egisse
1730 4127 1982 4186 certum
2024 4127 2157 4185 est:
2217 4118 2332 4186 sed
2376 4118 2614 4203 potius,
2666 4117 2794 4184 Dei

858 4207 1272 4275 vocationem
1324 4204 1715 4287 intuentem,
1767 4204 2053 4271 salubria
2105 4205 2230 4289 ipsi
2287 4204 2543 4272 dedisse
2605 4224 2794 4288 prae-

857 4300 1065 4377 cepta,
1110 4299 1177 4356 et
1217 4290 1410 4374 signa
1451 4290 1651 4356 etiam
1691 4288 1932 4373 quibus
1974 4290 2049 4355 in
2092 4289 2428 4356 vocatione
2462 4290 2677 4375 magis
2717 4310 2795 4356 ac

855 4378 1103 4533 3:522.
1110 4375 1891 4528 633ξέιῖῗὲζέὝὲ
1929 4374 2595 4529 Εἶίιῗξὲῗὲὴωᾞὲἳί
2623 4374 2795 4528 ‘iffi

1522 4513 1538 4543 7

857 4561 924 4617 et
958 4547 1399 4615 sollicitudine
1432 4546 1943 4632 aggrediendum
1964 4555 2412 4632 praepararet,
2447 4548 2817 4630 Deumque.

855 4638 927 4702 in
987 4634 1306 4700 auxilium
1364 4634 1743 4714 advocaret,
1798 4633 1880 4698 ab
1935 4634 2310 4718 arrogantia
2365 4644 2437 4699 et
2491 4634 2796 4718 snperbia

860 4719 1209 4800 recederet,
1266 4739 1462 4803 seque
1506 4740 1546 4784 a
1588 4719 1734 4785 Deo
1777 4719 2059 4786 electum
2100 4727 2498 4806 agnosceret,
2544 4740 2674 4785 non
2710 4720 2792 4787 ob

858 4827 1172 4892 personae
1214 4825 1371 4872 suae
1412 4804 1803 4889 dignitatem
1849 4812 1964 4872 aut
2004 4806 2476 4884 excellentiam,
2537 4807 2651 4872 sed
2707 4805 2793 4871 ad

858 4894 1058 4959 totius
1097 4889 1325 4977 populi
1367 4891 1780 4958 commodum
1824 4898 1891 4957 et
1935 4892 2298 4959 utilitatem.
2386 4892 2487 4959 Ac
2521 4891 2793 4975 proinde

861 4976 1146 5043 dandam
1200 4976 1299 5042 illi
1354 4997 1621 5063 operam
1677 4986 1753 5044 ut
1795 5000 1867 5044 re
1908 4978 2050 5061 ipsa
2092 4985 2403 5044 testatum
2439 4980 2679 5044 faceret
2720 4998 2794 5044 se

862 5064 1056 5131 officii
1100 5064 1203 5128 sui
1259 5083 1615 5131 memorem
1673 5072 1741 5130 et
1797 5063 2209 5149 obligationis
2263 5085 2392 5146 qua
2448 5062 2793 5130 devinctus

862 5157 1009 5215 orat
1050 5169 1206 5233 erga
1247 5150 1631 5218 universum
1674 5151 2006 5235 populum,
2041 5151 2351 5216 maiorem
2385 5149 2560 5217 illius
2595 5172 2793 5234 quam

860 5234 965 5301 sui
993 5233 1202 5317 ipsius
1222 5252 1449 5303 curam
1485 5236 1878 5318 habiturum,
1914 5246 1981 5304 et
2003 5257 2124 5304 sua
2157 5235 2495 5304 commoda
2516 5236 2793 5320 publicis

2472 321 2886 390 HOMILIA
2928 319 3231 389 XXXII.

4657 324 4752 394 588

2888 512 3421 596 postpositurum.
3512 510 3699 594 Quae
3755 522 4102 596 praecepta
4144 512 4513 581 Samuelem
4562 536 4666 584 non
4699 531 4754 588 ιιι

2886 598 3235 681 privatum,
3293 596 3409 664 sed
3463 611 3542 665 ut
3584 597 3713 663 Dei
3772 598 4157 682 prophetam
4215 599 4477 665 dantem
4529 606 4753 685 oportuit

2886 683 3158 750 Saulem
3201 704 3276 751 eo
3320 684 3634 750 attentius
3677 686 3994 768 excipere.
4062 684 4238 752 Hinc
4276 684 4628 753 discendum
4661 701 4749 770 est,

2886 768 3291 836 admittenda
3345 769 3536 855 signa
3590 789 3759 853 quae
3812 790 3853 836 a
3909 769 4053 839 Deo
4116 770 4305 836 nobis
4356 772 4751 856 immittuntur,

2884 854 3007 922 etsi
3052 876 3185 921 non
3227 855 3439 941 primo
3481 855 3728 922 intuitu
3771 855 3961 924 nobis
4019 867 4385 939 appareant
4447 878 4520 923 ea
4557 860 4753 942 perfec-

2885 942 3066 1008 tione
3132 961 3331 1025 quam
3396 948 3884 1027 expeteremus:
3949 952 4028 1009 ut
4089 943 4373 1010 sciamus
4438 943 4527 1009 ita
4583 943 4752 1012 Deum

2886 1028 3185 1094 fraenare
3228 1026 3412 1094 nobis
3454 1028 3750 1093 innatam
3794 1028 4383 1114 praecipitantiam,
4441 1049 4562 1111 qna
4610 1031 4675 1096 fit
4704 1044 4756 1096 ut

2888 1114 3108 1179 Deum
3148 1134 3231 1179 ex
3274 1114 3534 1181 arbitrii
3574 1113 3785 1181 nostri
3826 1115 4158 1181 sententia
4206 1114 4507 1182 velimus.
4584 1116 4755 1183 Primo

2887 1218 3144 1283 quoque
3186 1207 3481 1283 tempore
3524 1219 3645 1266 nos
3701 1199 3785 1266 ad
3841 1200 4175 1283 fastigium
4233 1220 4438 1283 usque
4478 1200 4761 1282 deducam

2888 1286 2982 1352 sic
3027 1293 3103 1350 ut
3144 1284 3316 1350 nihil
3365 1284 3553 1352 nobis
3597 1285 3787 1353 desit.
3855 1286 4114 1352 Verum
4149 1288 4488 1353 enimvero
4521 1288 4763 1370 quoniam

2889 1370 3127 1438 melius
3168 1391 3367 1454 quam
3410 1391 3531 1439 nos
3564 1371 3693 1456 ipsi
3725 1373 4036 1457 cognovit
4071 1382 4363 1439 nostram
4400 1372 4762 1458 indigentiam

2890 1464 2958 1522 et
2997 1458 3471 1537 necessitatem,
3513 1456 3755 1525 idcirco
3797 1477 3921 1525 nos
3964 1458 4047 1525 ad
4087 1479 4236 1525 eam
4278 1479 4438 1525 suae
4473 1460 4764 1525 voluntatis

2888 1542 3334 1626 cognitionem
3377 1542 3701 1611 deducere
3740 1542 3907 1623 vult,
3953 1562 4084 1628 qua
4125 1543 4311 1611 velut
4349 1546 4534 1629 pueri
4574 1545 4766 1626 fiemus,

2891 1629 3002 1713 qui
3045 1627 3128 1693 ad
3172 1628 3594 1695 scientiarum
3636 1631 4352 1713 praestantissimarum
4389 1631 4767 1715 cognitionem

2892 1715 3157 1781 venturi
3199 1716 3272 1779 in
3312 1715 3457 1798 ipsa
3497 1715 3724 1782 schola
3765 1715 4030 1781 discunt
4072 1716 4288 1801 prima
4341 1717 4676 1783 elementa:
4717 1736 4767 1782 ιο

2892 1798 3167 1885 proinde
3223 1800 3425 1867 etiam
3478 1801 3683 1869 variis
3723 1800 3936 1869 modis
3978 1822 4101 1869 nos
4141 1802 4471 1879 sollicitat,
4525 1811 4594 1867 ut
4630 1802 4767 1867 inna-

2893 1898 3032 1951 tam
3095 1887 3165 1952 in
3228 1886 3417 1952 nobis
3480 1887 3755 1954 stultam
3818 1889 4264 1974 arrogantiam
4328 1887 4562 1966 domet,
4621 1901 4676 1952 et
4721 1889 4767 1952 in

2891 1970 3104 2038 officio
3147 1991 3269 2038 nos
3312 1974 3664 2040 contineat.
3752 1973 3924 2039 Nam
3967 1993 4046 2039 ea
4090 1975 4429 2040 hominum
4463 1973 4769 2058 arrogantis

2893 2066 3010 2137 est,
3052 2063 3129 2123 ut
3170 2058 3324 2123 licet
3366 2059 3837 2142 imperitissimi
3880 2066 3949 2125 et
3990 2060 4415 2143 ignarissimi,
4459 2069 4662 2125 tamen
4690 2078 4769 2141 pro

2895 2143 3170 2210 summis
3213 2143 3585 2212 doctoribus
3629 2144 3856 2210 haberi
3902 2146 4189 2230 cupiant,
4235 2156 4303 2210 et
4344 2145 4637 2212 omnibus
4671 2163 4769 2211 esu

2891 2229 3323 2296 admirationi.
3413 2227 3956 2314 Quandoquidem
4000 2231 4207 2315 igitur
4253 2232 4363 2298 hic
4407 2232 4588 2297 nobis
4629 2251 4663 2295 a
4697 2250 4772 2294 ns-

2891 2324 3041 2381 tura
3082 2315 3350 2381 morbus
3393 2316 3807 2400 arrogantiae
3865 2325 3934 2383 et
3989 2317 4377 2384 insolentiae
4441 2328 4540 2384 est
4575 2315 4769 2392 insitus,

2891 2400 3132 2468 idcirco
3176 2403 3372 2467 etiam
3421 2402 3602 2468 Deus
3644 2401 3987 2470 nobiscum
4029 2404 4170 2488 agit
4209 2410 4409 2488 prout
4451 2401 4603 2469 utile
4633 2401 4770 2468 nohis

2893 2506 3036 2553 esse
3076 2488 3401 2572 cognovit.
3468 2487 3647 2555 Hinc
3690 2489 3766 2555 fit
3807 2496 3888 2555 ut
3928 2510 4062 2555 non
4104 2499 4242 2555 tam
4285 2489 4416 2556 cito
4459 2507 4645 2572 quam
4679 2486 4772 2552 vel·

2892 2573 3103 2639 lemus
3144 2572 3271 2657 ipsi
3315 2573 3398 2639 ad
3441 2594 3762 2640 summam
3823 2595 4043 2642 rerum
4099 2575 4539 2659 cognitionem
4595 2592 4772 2657 pervo-

2892 2660 3170 2726 niamus.
3279 2658 3657 2725 Notandum
3736 2661 3956 2744 itaque
4032 2669 4134 2727 est
4196 2659 4374 2728 istud
4441 2657 4769 2741 exemplum,

2893 2765 3096 2835 quum
3152 2745 3335 2811 Deus
3389 2744 3630 2812 dicitur
3685 2745 3960 2812 Saulem
4017 2758 4274 2813 mature
4337 2746 4684 2813 instituisse
4723 2751 4772 2808 ut

2892 2850 3097 2915 quum
3141 2829 3224 2896 ad
3280 2831 3529 2915 regiam
3584 2831 3972 2916 dignitatem
4025 2834 4464 2917 pervenisset,
4516 2830 4659 2915 quid
4703 2827 4770 2894 sui

2894 2924 3068 2983 esset
3109 2914 3305 2984 officii
3350 2938 3484 2983 non
3525 2916 3876 3003 ignoraret,
3920 2918 4034 2985 sed
4071 2916 4478 3002 pedetentim
4513 2926 4706 2983 tamen
4729 2923 4771 2978 et

2897 3023 3017 3087 per
3050 3000 3294 3087 gradus
3327 3001 3672 3086 quosdam;
3697 3012 3764 3070 et
3795 3003 4055 3087 quidem
4091 3003 4293 3090 (quod
4327 2998 4774 3096 observandam)

2896 3109 3033 3155 non
3090 3088 3310 3171 palam
3367 3087 3480 3154 sed
3539 3088 3725 3157 velut
3777 3089 3849 3154 in
3908 3090 4164 3157 occulto
4205 3088 4547 3158 erudiisse.
4624 3086 4775 3169 Atqm

2895 3173 3173 3240 humani
3211 3174 3464 3259 ingenii
3522 3196 3601 3241 ea
3653 3183 3756 3242 est
3811 3174 4208 3260 depravatio,
4264 3182 4341 3242 ut
4383 3176 4533 3243 Deo
4586 3194 4690 3241 sua
4727 3171 4774 3235 in

2895 3280 3016 3327 nos
3059 3259 3229 3326 dona
3269 3260 3662 3339 conferente,
3722 3262 4065 3345 cupiamus
4122 3282 4200 3328 ea
4255 3260 4480 3346 palam
4537 3258 4773 3327 omnibus

2896 3346 3256 3431 praedicari
3300 3355 3368 3413 et
3409 3347 3835 3428 innotescere,
3870 3356 3946 3415 ut
3978 3346 4204 3414 multis
4241 3348 4522 3415 testibus
4553 3344 4775 3414 celebres

2894 3433 3147 3499 fiamus.
3231 3432 3328 3497 Et
3384 3432 3574 3499 nobis
3629 3433 3890 3500 inutilia
3953 3432 4126 3499 dona
4176 3432 4527 3514 videntur,
4586 3430 4691 3498 nisi
4728 3428 4777 3491 in

2896 3517 3192 3584 omnium
3235 3538 3427 3584 aures
3459 3520 3870 3602 perveniant,
3904 3519 4139 3604 quibus
4174 3518 4593 3586 admirationi
4610 3519 4775 3589 sitnm

2896 3611 2964 3670 et
3003 3603 3279 3670 caeteris
3334 3604 3829 3671 excellentiores
3885 3605 4247 3672 videamur.
4333 3605 4474 3673 Hic
4530 3622 4671 3670 vero
4700 3600 4777 3664 do-

2895 3709 3123 3757 cemur
3141 3689 3287 3757 Deo
3329 3710 3451 3756 nos
3494 3691 3566 3756 in
3610 3690 3845 3760 humili
3888 3691 4168 3775 quodam
4209 3699 4394 3757 statu
4431 3691 4773 3760 continente,

2896 3784 2963 3841 et
3025 3783 3339 3858 tanquam
3402 3775 3685 3844 abiectos
3749 3785 3817 3842 et
3879 3777 4045 3844 viles
4107 3777 4434 3863 habente,
4512 3786 4587 3843 ut
4650 3773 4774 3867 doni

2894 3860 3104 3944 ipsius
3145 3862 3219 3928 in
3262 3860 3450 3929 nobis
3493 3861 3696 3928 veluti
3739 3862 3999 3946 sepulta
4051 3863 4330 3945 iaceant,
4389 3870 4469 3930 ut
4523 3863 4592 3928 in
4637 3854 4773 3925 nebu

2897 3946 3197 4015 homines
3234 3947 3403 4012 nihil
3444 3947 3873 4015 admiratione
3915 3956 3983 4016 et
4024 3948 4274 4016 honore
4316 3948 4587 4034 dignum
4617 3945 4773 4012 anim·

2897 4030 3266 4112 advertant,
3322 4040 3545 4100 tamen
3604 4035 3896 4102 contenti
3939 4055 4085 4102 esse
4128 4056 4206 4101 eo
4244 4037 4422 4118 ,quod
4465 4033 4642 4100 Deus
4673 4044 4772 4095 sese

2897 4117 3086 4184 nobis
3149 4119 3479 4203 patefecit,
3559 4128 3626 4185 et
3691 4139 4077 4205 quocunque
4141 4121 4267 4205 ipsi
4329 4120 4580 4205 placuit
4634 4116 4772 4199 sigw

2896 4205 3438 4272 communicavit:
3513 4214 3708 4289 atque
3761 4207 3923 4273 adeo
3979 4213 4290 4273 externas
4345 4206 4501 4274 illas
4559 4215 4771 4295 pompnq

2896 4311 3058 4374 quas
3101 4291 3481 4375 plerumque
3525 4292 3821 4357 homines
3864 4300 4133 4377 captant
4173 4301 4241 4358 et
4280 4299 4609 4360 venantur
4636 4303 4774 4373 pam

2898 4377 3226 4444 faciamus.
3325 4376 3469 4442 Nae
3539 4385 3795 4460 poterat
3852 4376 4016 4446 Saul
4080 4378 4398 4445 adversus
4454 4372 4769 4445 Samuelem

2898 4462 3215 4547 excipere,
3259 4473 3575 4545 oportere,
3620 4463 3677 4530 si
3698 4463 3884 4530 Deus
3917 4486 3988 4530 se
4030 4463 4231 4531 vellet
4272 4462 4356 4530 ad
4400 4464 4640 4548 regiam
4673 4455 4772 4551 dig·

2897 4548 3168 4614 nitatem
3212 4547 3424 4628 evehi,
3469 4560 3534 4613 et
3578 4548 3887 4628 ordinari,
3932 4549 4238 4616 omnibns
4276 4548 4346 4615 id
4389 4550 4537 4616 fieri
4569 4561 4772 4625 conspi-

2897 4654 3091 4700 cuum
3134 4632 3500 4700 ordinibus:
3550 4654 3625 4700 ac
3666 4657 3801 4700 non
3846 4656 4031 4718 posse
4059 4635 4146 4701 in
4190 4643 4445 4702 mentes
4487 4631 4773 4722 hominen

2895 4721 3142 4801 venire,
3197 4741 3409 4804 neque
3465 4740 3652 4803 posse
3710 4721 3909 4786 etiam
3951 4722 4340 4790 coniecturis
4380 4722 4534 4789 ullis
4573 4730 4771 4796 assoqm

2894 4826 3087 4888 quem
3110 4806 3293 4872 Deus
3312 4826 3535 4891 regem
3569 4805 3963 4891 designaret,
3997 4808 4128 4874 nisi
4159 4807 4347 4873 illum
4386 4807 4575 4893 signo
4605 4802 4770 4882 aliqui!

2893 4892 3232 4972 indicaret,
3292 4913 3419 4976 qno
3475 4892 3619 4958 eius
3675 4892 4007 4960 decretum
4067 4901 4135 4962 et
4174 4892 4486 4961 voluntas
4525 4885 4770 4958 omnibus

2892 4979 3344 5045 innotesceret.
3478 4977 4065 5046 verumenimvero
4178 4979 4510 5063 quiescere
4624 4973 4765 5039 illum

2894 5065 3205 5149 oportuit,
3268 5073 3335 5132 et
3379 5064 3700 5148 tantisper
3755 5074 4139 5150 exspectare
4193 5064 4353 5132 dum
4410 5065 4592 5131 illum
4629 5060 4768 5125 Dent

2893 5150 2967 5215 in
3023 5149 3309 5219 medium
3366 5150 3772 5234 produceret,
3831 5160 3900 5217 et
3957 5173 4106 5218 eum
4163 5172 4307 5220 esse
4406 5171 4554 5217 uem
4604 5147 4766 5224 dong-

2893 5244 3118 5305 nasset
3172 5257 3390 5323 regem
3450 5237 3861 5321 patefaceret.
3949 5237 4181 5322 Itaque
4239 5236 4374 5306 San
4402 5258 4507 5305 em
4567 5235 4768 5300 intere·
