5059 6059
837 287 967 356 355

844 478 1225 563 accipimus,
1281 487 1348 546 et
1400 479 1482 545 ad
1526 500 1605 546 ea
1640 481 1783 546 sine
1827 478 2200 546 discrimine
2245 478 2643 546 accedimus:

846 586 1052 648 quum
1111 566 1391 632 infantes
1457 566 1827 650 baptisandi
1893 566 2276 642 offeruntur,
2343 585 2417 632 ac
2483 565 2791 648 baptismi

844 650 1133 717 formula
1167 652 1585 735 praelegitur,
1633 652 1714 718 ad
1762 662 2018 718 tantum
2065 651 2451 736 mysterium
2498 665 2784 717 mentem

848 758 984 802 non
1038 736 1464 815 advertimus,
1528 737 1640 804 sed
1702 751 1816 803 aut
1859 739 1926 802 in
1981 739 2119 821 ipso
2175 737 2417 821 templo
2479 736 2787 803 deambu-

838 821 1056 888 lamus
1099 832 1215 889 aut
1257 822 1539 889 invicem
1601 824 1963 909 garrimus:
2020 823 2298 906 denique
2343 823 2401 889 si
2448 823 2613 888 nibil
2660 825 2787 889 nisi

840 907 1215 973 inordinate
1274 909 1567 988 facimus,
1625 930 1849 975 nonne
1891 910 2163 993 perinde
2206 919 2308 975 est
2349 930 2425 974 ac
2468 910 2523 974 si
2567 909 2785 975 Deum

844 1002 914 1060 et
971 993 1220 1059 cultum
1263 995 1471 1079 ipsius
1515 995 1788 1078 pedibus
1831 994 2274 1061 calcaremus?
2365 995 2617 1078 Ecquid
2664 996 2785 1079 igi·

846 1090 958 1146 tur
1013 1102 1132 1145 nos
1189 1079 1389 1158 aliud,
1457 1103 1649 1165 quam
1705 1081 1835 1147 Dei
1899 1079 2193 1147 vindicta
2258 1097 2500 1161 manet,
2569 1102 2784 1147 coram

839 1165 1028 1232 cuius
1078 1131 1391 1232 tribunali
1433 1187 1694 1234 oausam
1740 1167 2046 1246 dicentes,
2104 1168 2554 1233 obmutescere
2593 1188 2784 1251 coga-

839 1271 1013 1331 mur,
1058 1262 1124 1317 et
1147 1254 1309 1318 tanti
1352 1253 1632 1332 sceleris,
1678 1265 1835 1337 puta
1879 1253 2087 1318 divini
2113 1253 2405 1318 numinis
2448 1263 2781 1335 contemp-

844 1345 973 1416 tus,
1018 1359 1136 1424 pro
1181 1335 1472 1404 eiusdem
1519 1339 1896 1405 adoratione
1940 1339 2241 1424 religiosa
2264 1341 2357 1404 rei
2385 1350 2454 1404 et
2496 1339 2781 1405 convicti

845 1425 1114 1490 meritas
1157 1445 1404 1509 poenas
1459 1423 1767 1491 luamus?
1853 1425 2093 1490 Videte
2136 1426 2338 1509 igitur
2380 1437 2782 1509 quantopere

841 1521 1068 1578 nostra
1130 1511 1391 1577 intersit
1470 1510 1821 1595 diligenter
1899 1531 2091 1577 voces
2154 1511 2298 1577 illas
2381 1511 2779 1595 expendere:

843 1595 997 1662 Heli
1031 1596 1198 1678 filios
1237 1617 1390 1663 suos
1429 1600 1643 1682 ’καρίε-
1678 1617 1869 1679 quam
1909 1597 2120 1663 mum
2162 1597 2372 1677 ipsum
2423 1596 2781 1663 honorasse.

841 1686 943 1748 Ao
1007 1684 1327 1767 potuisset
1391 1684 1654 1766 quidem
1719 1683 1877 1748 Heli
1943 1684 2261 1765 excipere,
2324 1682 2521 1782 longe
2586 1684 2777 1747 aliam

840 1766 1045 1834 fuisse
1102 1790 1290 1835 suam
1345 1780 1652 1850 mentem,
1705 1790 1919 1852 neque
1976 1791 2048 1834 se
2101 1789 2389 1851 unquam
2444 1772 2511 1833 ιιι
2561 1769 2780 1835 istius·

841 1854 1022 1920 modi
1079 1854 1274 1933 furta,
1336 1855 1618 1938 rapinas,
1685 1856 2111 1922 scortationes
2171 1853 2448 1954 denique
2498 1855 2781 1920 filiorum

842 1940 1267 2016 consensisse,
1334 1939 1450 2006 sed
1512 1949 1742 2007 contra
1809 1941 2103 2025 graviter
2145 1950 2212 2005 et
2266 1940 2493 2022 iniquo
2562 1944 2781 2006 animo

836 2025 1091 2105 tulisse,
1135 2036 1204 2091 et
1247 2025 1328 2091 de
1371 2025 1605 2091 iisdem
1646 2026 1819 2091 filios
1862 2028 2123 2109 saepius
2164 2047 2203 2090 a
2238 2047 2309 2090 se
2352 2026 2781 2109 reprehensos

838 2123 908 2176 et
951 2110 1345 2195 obiurgatus,
1386 2132 1519 2177 non
1565 2111 2007 2179 dissimulasse
2051 2111 2224 2195 apud
2249 2113 2422 2194 ipsos
2457 2112 2780 2178 scelerum

841 2197 1121 2264 istorum
1200 2199 1628 2282 gravitatem,
1710 2198 1963 2264 nullum
2033 2199 2264 2264 veniae
2330 2198 2541 2263 locum
2609 2196 2782 2279 apud

840 2283 1059 2349 Deum
1119 2283 1403 2366 amplius
1455 2303 1794 2365 superesse
1839 2284 2282 2358 denunciasse,
2342 2285 2644 2363 graviora
2687 2286 2780 2366 ip·

843 2389 1067 2436 sorum
1126 2389 1268 2434 esse
1322 2381 1604 2452 peccata,
1663 2391 1859 2453 quam
1909 2372 1965 2435 si
2031 2369 2458 2435 atrocissimis
2520 2371 2784 2434 iniuriis

840 2454 1128 2537 reliquas
1183 2453 1251 2519 in
1312 2464 1449 2519 toto
1505 2468 1827 2520 terrarum
1873 2455 2031 2521 orbe
2072 2475 2177 2520 res
2237 2467 2490 2521 creatas
2532 2455 2782 2522 affecis-

842 2551 995 2606 sent
1057 2538 1229 2626 (Deo
1291 2541 1470 2606 enim
1537 2541 1667 2625 ipsi
1729 2542 1809 2606 ab
1877 2542 2036 2625 ipsis
2107 2541 2355 2606 illatam
2423 2538 2781 2627 iniuriam).

842 2647 1065 2692 annon
1116 2627 1331 2692 officio
1388 2648 1505 2692 suo
1536 2641 1604 2692 et
1645 2629 1993 2693 autoritate
2038 2641 2312 2708 paterna
2355 2626 2627 2711 pulchre
2671 2627 2779 2691 de-

842 2711 1114 2778 functus
1170 2712 1327 2777 Heli
1387 2711 1690 2777 videtur?
1750 2733 1971 2778 annon
2031 2715 2201 2779 acris
2256 2712 2371 2778 illa
2431 2724 2497 2778 et
2556 2733 2784 2778 severa

843 2798 1315 2883 reprehensio?
1360 2798 1503 2863 Nae
1545 2799 1970 2881 reprehensio
2016 2799 2128 2864 illa
2170 2798 2427 2881 quidem
2454 2809 2520 2863 et
2562 2799 2781 2864 obiur-

933 2886 1044 2968 tio,
1103 2883 1219 2950 sed
1276 2883 1557 2949 imbellis
1615 2886 1762 2962 fuit,
1823 2898 2051 2968 utpote
2108 2887 2545 2968 perfunctorie
2590 2886 2781 2950 sacta.

897 2972 1069 3055 erpit
1111 2971 1287 3036 enim
1332 2970 1601 3051 malum,
1645 2981 1713 3034 et
1744 2972 1907 3040 fitia
1936 2970 2075 3036 dies
2119 2972 2423 3050 atrocius,
2468 2983 2542 3036 ut
2584 2991 2781 3069 quae·

841 3056 991 3122 dam
1061 3056 1281 3123 illusio
1347 3057 1560 3140 potius
1617 3055 1881 3122 divinae
1945 3057 2304 3122 maiestatis
2361 3077 2553 3138 quam
2613 3057 2786 3121 seria

840 3141 1208 3227 obiurgatio
1254 3142 1527 3210 dicenda
1569 3143 1672 3208 sit.
1741 3143 1847 3207 En
1889 3164 2008 3209 cur
2052 3141 2233 3208 Deus
2278 3162 2422 3207 sese
2467 3141 2783 3207 dedecore

838 3240 909 3295 et
980 3229 1343 3312 ignominia
1411 3229 1703 3293 minatur
1781 3240 2163 3311 operturum
2244 3249 2354 3294 eos
2431 3247 2471 3292 a
2548 3229 2783 3310 quibus

838 3315 1294 3383 contemnitur.
1404 3314 1584 3413 Hinc
1649 3313 1871 3396 itaque
1926 3312 2305 3381 discendum
2371 3333 2512 3390 nos,
2579 3315 2636 3378 si
2711 3315 2781 3377 in

832 3402 1117 3486 proximi
1171 3410 1286 3465 aut
1341 3399 1532 3466 amici
1584 3402 1863 3484 gratiam
1921 3401 2027 3467 cui
2093 3421 2358 3484 parcere
2423 3399 2784 3480 studemus,

839 3499 961 3553 aut
1027 3487 1110 3551 ad
1192 3486 1387 3552 buius
1464 3485 1571 3551 vel
1669 3485 1849 3552 illius
1920 3487 2346 3551 offensionem
2427 3485 2783 3569 vitandam,

844 3569 975 3637 Dei
1020 3571 1295 3657 gloriam
1341 3571 1510 3636 laedi
1551 3572 1856 3655 patimur,
1902 3594 2031 3636 non
2058 3578 2276 3638 minus
2299 3592 2564 3654 peccare
2587 3592 2781 3654 quam

844 3659 901 3724 si
954 3657 1171 3723 Deum
1235 3656 1314 3722 de
1378 3657 1539 3722 solio
1607 3657 2041 3735 detrabentes,
2111 3658 2421 3722 mortales
2487 3658 2554 3721 ιιι
2622 3655 2785 3722 illud

844 3758 1239 3828 regnaturos
1274 3742 1721 3809 eveheremus.
1792 3742 2024 3825 Neque
2068 3764 2222 3808 vero
2265 3743 2623 3825 quidquam
2668 3765 2784 3807 ne-

844 3850 1004 3929 gare
1072 3849 1190 3898 nos
1253 3829 1535 3894 iuvabit.
1602 3828 1787 3894 sedet
1851 3831 2023 3894 enim
2084 3828 2411 3894 Dominus
2469 3828 2668 3893 iudex
2717 3840 2786 3894 et

845 3915 1110 4013 arbiter.
1190 3914 1412 3994 Quare
1455 3913 1673 3982 danda
1714 3917 1929 3980 omnis
1971 3936 2167 3998 opera
2213 3927 2330 3991 est,
2375 3931 2445 3979 nt
2492 3913 2620 3979 Dei
2665 3936 2785 3979 no-

843 4022 1001 4066 men
1046 4000 1117 4064 in
1177 4001 1386 4082 pretio
1442 4001 1530 4065 sit
1584 4000 1755 4084 apud
1810 4021 2058 4079 omnes,
2116 4013 2190 4065 ut
2248 4003 2473 4083 quanti
2529 4022 2647 4082 par
2686 4013 2784 4066 est

844 4088 1163 4151 iustitiam
1221 4087 1361 4150 eius
1418 4087 1750 4160 faciamus,
1807 4086 1973 4151 nulli
2033 4088 2405 4151 mortalium
2467 4085 2786 4152 adversus

843 4172 1065 4237 Deum
1092 4173 1457 4255 insurgenti
1506 4193 1869 4254 parcamus.
1913 4173 2025 4237 sed
2072 4186 2328 4236 mature
2371 4172 2529 4237 mali
2560 4194 2778 4254 quam·

845 4258 949 4324 vis
1008 4277 1234 4322 ansam
1297 4258 1765 4339 praecidamus,
1824 4257 1956 4322 Dei
2014 4279 2246 4323 causae
2290 4258 2515 4323 sedulo
2563 4274 2782 4341 patro-

840 4344 1155 4418 cinemur,
1216 4363 1425 4424 neque
1483 4343 1621 4408 ullo
1680 4343 1873 4408 modo
1930 4341 2240 4408 mandata
2302 4345 2507 4425 ipsius
2556 4345 2782 4409 violari

845 4430 1191 4514 patiamur.
1282 4428 1445 4494 Sese
1506 4449 1660 4492 vero
1713 4429 2052 4512 sigillatim
2112 4431 2191 4494 ad
2257 4430 2424 4495 banc
2468 4431 2780 4494 amussim

838 4517 1299 4597 cuiuscumque
1342 4514 1589 4578 ordinis
1635 4514 1933 4579 homines
1976 4516 2414 4598 expendunto.
2491 4516 2625 4580 Vos
2668 4538 2780 4599 pa-

839 4611 994 4677 tres,
1039 4600 1274 4684 quibus
1313 4600 1501 4665 liberi
1546 4599 1673 4663 Dei
1724 4601 2032 4667 beneficio
2069 4602 2511 4685 contigerunt,
2555 4617 2782 4667 cavete

841 4709 929 4753 ne
984 4687 1169 4751 laxas
1222 4686 1354 4750 illis
1414 4687 1700 4751 habenas
1758 4687 2175 4771 permittatis,
2242 4710 2325 4751 nc
2380 4688 2782 4770 petulantius

843 4773 1143 4839 viventes
1188 4773 1429 4847 feratis,
1476 4784 1541 4836 et
1586 4772 1651 4835 in
1699 4772 1874 4836 idola.
1917 4774 2409 4838 transformatis.
2504 4774 2782 4838 Metuite

838 4880 927 4923 ne
969 4857 1097 4922 Dei
1156 4858 1465 4923 maiestas
1524 4870 1745 4922 vestra
1805 4858 2211 4943 indulgentia
2256 4861 2472 4924 veniat
2519 4859 2587 4922 in
2627 4880 2778 4924 con-

842 4954 1186 5026 temptum,
1249 4957 1316 5009 et
1356 4945 1561 5007 veluti
1610 4943 1885 5026 pedibus
1926 4946 2360 5010 conculcetur.
2453 4944 2777 5009 Futurum

840 5029 1019 5094 enirn
1063 5041 1180 5107 est,
1235 5045 1308 5094 ut
1351 5029 1578 5094 divina
1636 5029 1926 5095 vindicta
1972 5029 2231 5094 tandem
2281 5045 2585 5112 parentes
2629 5052 2776 5096 cum

838 5113 1067 5180 liberis
1125 5115 1485 5192 absorbeat,
1546 5134 1711 5197 quos
1767 5116 2176 5200 indulgentia
2237 5135 2492 5199 patrum
2538 5117 2606 5181 in
2657 5118 2776 5182 bos

842 5200 1114 5283 laqueos
1177 5201 1483 5267 induerit.
1569 5200 1754 5267 Idem
1833 5202 1916 5267 de
1983 5202 2491 5287 magistratibus,
2561 5215 2628 5268 et
2689 5203 2775 5267 iis

2559 288 2973 358 HOMILIA
3009 289 3137 356 XI.
4663 295 4760 364 356

2732 482 2789 547 si
2893 478 3199 545 omnibus
3242 500 3403 564 quos
3446 480 3630 547 Deus
3671 480 3818 546 aliis
3859 481 4190 564 praefecit,
4235 480 4477 547 dictum
4519 493 4656 550 esto.
4701 487 4768 553 Et

2890 567 3181 632 vicissim
3240 587 3359 632 vos
3417 566 3680 651 populi,
3740 567 3974 650 quibus
4015 566 4199 632 Deus
4259 566 4609 633 libertatem
4659 593 4763 637 ms—

2891 654 3208 737 gistratus
3273 664 3526 719 vestros
3582 652 3862 736 eligendi
3929 654 4210 738 largitus
4273 673 4393 732 est,
4456 668 4657 720 cavete
4702 680 4766 725 ne

2892 740 3128 804 vestris
3170 740 3555 823 suffragiis
3538 760 3607 804 ιιι
3631 749 3888 804 ιιιιιιιιιιι
3927 738 4271 823 dignitatis
4305 739 4622 823 fastigium
4654 763 4764 826 pro·

2889 825 3076 891 sanos
3133 825 3449 904 homines,
3506 825 3742 909 impios
3777 836 3892 890 aut
3932 826 4296 891 nebulones
4339 826 4454 908 qui
4495 825 4767 910 depudus·

2889 923 3050 975 runt
3107 911 3423 988 evehatis,
3482 931 3565 976 ne
3624 912 3693 975 in
3752 910 3877 976 Dei
3937 913 4343 976 maiestatem
4411 913 4680 995 peccetis,
4720 927 4769 980 et

2891 997 3138 1062 honore
3203 997 3414 1080 ipsam
3481 996 3697 1062 debito
3762 996 4073 1080 spolietis.
4162 996 4482 1080 Denique,
4546 1009 4612 1062 ut
4663 1022 4766 1065 rem

2888 1081 3059 1147 banc
3102 1083 3170 1147 in
3217 1103 3419 1165 pauca
3478 1084 3832 1167 conferam,
3892 1083 4121 1148 sedulo
4165 1082 4528 1148 cavendum
4570 1097 4671 1162 est,
4708 1109 4768 1151 ne

2886 1169 2953 1233 in
2999 1167 3342 1233 hominum
3386 1169 3666 1252 gratiam
3714 1181 3780 1234 et
3823 1171 4110 1235 favorem
4157 1168 4240 1233 ad
4287 1183 4549 1251 peccata
4584 1172 4768 1253 quibus

2886 1253 3011 1319 Dei
3052 1255 3359 1320 maiestas
3398 1254 3679 1319 laeditur
3711 1254 4212 1320 conniveamus:
4250 1276 4335 1318 ne
4374 1255 4645 1320 iustitiae
4674 1256 4771 1321 Dei

2885 1340 2992 1405 vel
3009 1341 3337 1404 tantillum
3357 1338 3617 1406 detrabi
3677 1342 3974 1416 adamar,
3990 1340 4116 1407 nisi
4134 1342 4296 1406 sorte
4309 1341 4675 1406 mortaleset
4702 1345 4772 1407 vi-

2881 1425 3527 1493 lissimoslumbricos
3543 1363 3737 1492 inlgei
3760 1427 3964 1510 ipsius
3976 1426 4212 1491 solium
4235 1425 4517 1494 evehere
4529 1428 4771 1494 nitimur.

3058 1510 3405 1578 Caeterum
3490 1513 3703 1595 prima
3765 1515 3977 1577 trente
4038 1513 4220 1578 locus
4276 1512 4403 1578 iste
4465 1515 4773 1579 contradic·

2887 1598 3128 1663 tionem
3190 1599 3527 1682 implicare
3589 1598 3864 1675 videtur,
3925 1597 4180 1663 dicente
4236 1599 4396 1677 Deo,
4444 1619 4515 1663 se
4558 1598 4775 1664 domum

2887 1683 3171 1749 Aaronis
3242 1684 3656 1750 constituisse
3726 1684 3809 1748 ad
3876 1684 4380 1748 ministrandum
4443 1685 4566 1767 ipsi
4617 1707 4776 1766 usquo

2885 1770 2953 1834 in
3010 1770 3503 1870 sempiternum,
3564 1769 3798 1836 deinde
3857 1790 4011 1835 vero
4066 1770 4314 1834 aiente·
4378 1770 4571 1836 Absit
4609 1791 4644 1835 a
4681 1791 4771 1836 me.

2888 1855 3053 1920 Nam
3121 1858 3176 1921 si
3245 1856 3458 1920 Deum
3526 1877 3566 1921 a
3629 1858 3847 1938 priore
3909 1866 4099 1938 pacto
4164 1857 4506 1921 recessisse
4558 1855 4773 1932 dixeris,

2886 1940 3058 2023 quod
3118 1953 3294 2006 esset
3349 1940 3806 2026 conditionale,
3862 1938 4246 2007 tantundem
4300 1941 4380 2006 de
4424 1943 4625 2024 ipsius
4664 1962 4774 2024 pro·

2886 2028 3176 2094 videntia
3231 2027 3612 2093 detraxeris.
3702 1989 3832 2094 Sed
3880 2027 4088 2093 facilis
4133 2027 4330 2092 huius
4373 2028 4526 2094 nodi
4567 2028 4775 2106 solutio,

2886 2114 2941 2177 si
3021 2113 3214 2177 modo
3290 2116 3764 2196 scripturarum
3831 2113 4101 2196 phrasin
4161 2112 4642 2179 attenderimus.
4718 2078 4775 2177 ln’

2889 2198 3120 2281 primis
3172 2206 3412 2282 autem,
3458 2219 3685 2264 verum
3730 2197 3907 2263 istud
3953 2211 4021 2262 et
4060 2200 4404 2264 immotum
4453 2212 4591 2264 esto
4630 2199 4772 2282 prin·

2885 2284 3150 2367 cipium,
3235 2286 3448 2349 Deum
3515 2305 3853 2368 nunquam
3921 2286 4181 2361 mutari,
4257 2306 4474 2367 neque
4536 2304 4776 2368 unquam

2887 2370 3287 2452 poenitentia
3348 2371 3515 2449 duci,
3574 2386 3648 2436 ut
3692 2370 3907 2435 solent
3949 2370 4276 2449 mortales,
4337 2373 4448 2454 qui
4494 2391 4673 2455 saepe
4709 2371 4780 2434 lu·

2888 2468 3185 2520 tui-orum
3241 2455 3458 2539 ignari
3514 2467 3761 2521 temere
3809 2455 4229 2536 contrahunt,
4284 2467 4354 2520 et
4407 2478 4528 2521 suo
4587 2457 4780 2521 ἀιιιιιιο

2889 2542 3150 2607 tandem
3188 2541 3524 2608 levitatem
3560 2563 3744 2607 suam
3781 2555 4208 2626 agnoscentes
4242 2542 4638 2623 poenitentia
4667 2540 4781 2640 duci

2886 2637 3228 2711 coguntur.
3318 2630 3410 2692 At
3476 2627 3642 2692 nihil
3708 2630 3780 2692 ιιι
3849 2629 4060 2693 Deum
4130 2627 4262 2692 tale
4316 2629 4649 2707 contingit,
4701 2626 4780 2691 cui

2886 2713 3105 2778 omnia
3148 2724 3307 2779 sunt
3354 2715 3746 2795 praesentim
3814 2714 3976 2778 adeo
4019 2725 4096 2778 ιιι
4138 2725 4279 2777 rata
4323 2735 4469 2779 esse
4515 2735 4670 2797 quas
4705 2732 4778 2776 se-

2888 2798 3017 2863 mel
3075 2797 3366 2865 decrevit
3423 2809 3738 2882 oporteat.
3827 2799 4010 2864 Nihil
4057 2810 4277 2864 tamen
4322 2800 4622 2882 prohibet
4661 2799 4780 2881 quin

2887 2906 3028 2950 sese
3075 2886 3255 2950 Deus
3298 2885 3379 2950 ad
3426 2897 3720 2950 nostrum
3765 2897 4049 2969 captum,
4111 2885 4231 2950 hoc
4277 2886 4380 2950 vel
4427 2885 4589 2950 illud
4630 2884 4781 2968 polli-

2887 2972 3072 3044 citus,
3119 2971 3574 3050 accommodet,
3619 2992 3694 3036 ac
3739 2971 3928 3035 velut
3969 2972 4038 3034 in
4084 2971 4278 3035 aliam
4312 2971 4781 3036 sormamtrsus-

2887 3056 3140 3122 formet.
3230 3056 3474 3138 Ecquis
3554 3058 3731 3121 enim
3807 3055 4179 3121 mortalium
4250 3057 4621 3122 divinorum
4676 3075 4780 3120 scr·

2887 3162 3159 3206 monum
3217 3143 3622 3207 maiestatem
3684 3142 3914 3226 capiat,
3976 3144 4032 3207 si
4095 3143 4274 3206 Deus
4315 3144 4462 3226 ipse
4504 3165 4622 3207 nes
4660 3141 4780 3206 allo·

2887 3239 3144 3310 quatur,
3188 3247 3382 3311 quam
3431 3248 3516 3291 ne
3548 3228 3765 3312 angeli
3802 3227 4062 3312 quidem
4097 3229 4220 3311 ipsi
4256 3228 4534 3294 ferunt?
4575 3227 4782 3294 Idcirco

2887 3334 3030 3379 sese
3088 3334 3163 3378 eo
3208 3313 3501 3394 dimit-tit,
3561 3327 3633 3377 ut
3674 3314 3752 3378 ad
3804 3327 4094 3378 nostrum
4140 3330 4406 3396 captum
4455 3335 4639 3379 suum
4679 3334 4783 3378 ser·

2886 3419 3148 3464 monem
3215 3400 3674 3465 accommodet.
3759 3399 3954 3480 Quod
4012 3420 4172 3464 sane
4230 3411 4494 3464 tantum
4537 3400 4701 3464 abest
4727 3403 4782 3462 ut

2888 3484 3175 3550 insolens
3233 3484 3442 3550 videri
3503 3484 3753 3565 debeat,
3809 3497 3883 3550 ut
3925 3497 4152 3551 contra
4193 3486 4448 3568 quoties
4497 3486 4781 3552 nobiscum

2887 3571 3106 3652 ipsum
3163 3571 3375 3636 instar
3429 3573 3662 3636 matris
3706 3591 3854 3637 cum
3907 3572 4158 3636 infante
4199 3571 4660 3637 balbutientem
4697 3589 4782 3634 su·

2889 3656 3122 3734 dimus,
3180 3656 3406 3721 mirari
3454 3657 3808 3724 bonitatem
3852 3659 3994 3722 eius
4035 3677 4156 3722 nos
4198 3670 4518 3740 oporteat.
4603 3656 4782 3738 Quare

2888 3743 3204 3825 quaedam
3241 3752 3401 3808 sunt
3436 3743 3560 3807 Dei
3597 3743 4064 3825 promissiones
4082 3744 4589 3808 conditionales.
4629 3761 4783 3825 qaae-

2888 3827 3040 3892 dam
3106 3850 3281 3907 vero,
3362 3844 3519 3911 puta.
3576 3848 3745 3911 quae
3809 3829 4081 3894 salutem
4153 3844 4448 3894 nostram
4515 3837 4780 3913 spectant.

2887 3915 3029 3979 sola
3089 3913 3213 3979 Dei
3275 3915 3714 3981 misericordia
3774 3915 4091 3980 nituntur.
4176 3913 4314 3980 Nos
4357 3916 4538 3979 enim
4583 3912 4783 3978 Paulus

2893 4002 3032 4065 Deo
3088 4013 3312 4084 gratos
3370 4001 3621 4080 asserit,
3681 4013 3749 4065 ut
3811 4012 4074 4066 nostras
4117 4000 4352 4066 salutis
4409 4005 4780 4082 πληροφορίαν

2890 4086 3263 4170 habeamus,
3322 4106 3517 4169 quam
3580 4087 3648 4150 iu
3710 4086 3854 4169 lege
3914 4086 4181 4152 minime
4217 4086 4578 4153 consistere
4619 4087 4780 4148 docet.

2889 4171 3061 4236 Nam
3122 4173 3418 4256 promisit
3459 4171 3719 4255 quidem
3767 4173 3950 4272 Deus
3994 4171 4208 4255 legem
4266 4173 4569 4254 implenti
4619 4171 4777 4234 vitam

2887 4273 3253 4322 aeternam.
3328 4256 3441 4323 sed
3498 4259 3665 4322 eheu
3724 4258 3870 4341 quis
3929 4258 3995 4322 in
4042 4258 4192 4340 lege
4246 4257 4528 4324 salutem
4584 4253 4780 4337 adipis·

2885 4358 3093 4427 catur,
3137 4364 3302 4427 quae
3347 4342 3585 4408 millies
3631 4365 3749 4408 nos
3794 4344 4332 4444 transgressionis
4369 4365 4518 4409 reos
4557 4340 4778 4441 peragis!

2885 4429 3105 4493 addita
3163 4430 3698 4495 comminatione.
3760 4427 3832 4495 Si
3893 4430 4037 4511 quis
4094 4429 4160 4494 in
4221 4449 4354 4494 uuo
4407 4452 4491 4494 cx
4541 4423 4779 4492 minimis

2886 4515 3215 4581 mandatis
3310 4515 3632 4590 defecerit,
3739 4515 3934 4579 totius
4022 4515 4186 4601 legis
4252 4528 4778 4614 transgressorem

2884 4623 3045 4667 esse.
3137 4599 3379 4683 Quare,
3439 4603 3529 4664 ait
3582 4601 3851 4679 Paulus,
3911 4600 3991 4665 ad
4052 4601 4408 4684 gratuitam
4477 4601 4594 4664 Dei
4639 4595 4777 4660 boni·

2883 4700 3084 4752 tatem
3132 4699 3233 4752 est
3275 4687 3822 4766 adscendeudum,
3866 4706 4061 4769 quam
4109 4689 4173 4751 ιιι
4220 4686 4489 4753 Christo
4533 4685 4655 4750 filio
4689 4699 4778 4745 suo

2886 4774 3208 4856 patefecit,
3270 4774 3642 4837 morborum
3701 4784 3767 4835 et
3824 4771 4212 4857 languorum
4259 4785 4624 4836 nostrorum
4665 4766 4778 4831 uui·

2882 4879 3030 4925 cum
3089 4859 3466 4923 remedium.
3558 4859 3879 4938 Quamvis
3933 4880 4091 4923 vero
4149 4858 4291 4923 sola
4358 4857 4483 4921 Dei
4534 4852 4776 4941 gratuita

2886 4945 3170 5009 bonitate
3232 4945 3408 5008 salus
3475 4959 3697 5009 nostra
3766 4945 4034 5018 nitatur,
4102 4957 4318 5009 tamen
4380 4964 4570 5024 saepe
4613 4937 4776 5004 mults

2886 5029 3068 5095 Deus
3114 5030 3298 5095 nobis
3341 5051 3489 5095 cum
3536 5031 3906 5096 conditione
3943 5031 4285 5114 promittit.
4375 5025 4774 5109 Quamobrem

2882 5117 3255 5193 tenendum,
3340 5117 3552 5180 Deum
3623 5135 3751 5181 non
3822 5137 3964 5182 esse
4022 5116 4399 5182 mutabilem
4461 5132 4650 5197 quum
4698 5110 4774 5171 in·

2882 5215 3143 5287 gratum
3189 5202 3518 5268 hominem
3565 5202 3705 5268 suis
3742 5202 3930 5268 donis
3963 5203 4231 5288 spoliat.
4277 5200 4392 5269 sed
4425 5219 4544 5266 sua
4577 5193 4775 5262 iudicis

4911 3593 4917 3696 l
