5059 6059
350 291 481 358 561

341 479 522 562 qued
561 477 683 544 sibi
729 479 889 562 ipsis
935 477 1191 550 delitias
1235 478 1500 559 faciant,
1549 487 1616 544 et
1659 480 1877 562 pravis
1921 477 2209 546 consiliis
2252 497 2291 541 a

341 566 649 632 sensibus
683 565 819 630 suis
863 564 1459 632 vehementioribus
1498 564 1751 649 abrepti
1786 575 2121 648 regantur.
2203 562 2292 628 Et

342 651 614 733 quidem
675 651 781 716 hic
838 659 940 716 est
1000 652 1293 715 omnium
1355 649 1691 718 hominum
1752 672 1892 714 mos
1934 670 1974 713 a
2021 649 2292 714 veritate

340 737 814 813 recedentium,
861 737 970 819 qui
1014 737 1275 819 quidem
1323 733 1506 801 initio
1552 738 1784 801 leviter
1828 734 2141 799 adversus
2182 757 2292 799 ve·

338 824 613 888 ritatem
668 831 959 907 peccant,
1018 844 1230 906 neque
1277 821 1408 888 Dei
1466 822 1780 888 mandata
1838 821 2047 905 primo
2103 819 2290 886 adul-

342 919 611 975 terant:
649 907 763 973 sed
802 907 1066 976 tandem
1108 908 1540 994 verecundiae
1583 909 1746 974 fines
1783 928 1981 991 quum
2021 906 2290 971 transsi-

336 994 593 1078 lierint,
659 992 1044 1077 praecipites
1103 994 1197 1064 ad,
1244 1016 1437 1060 omne
1498 994 1903 1060 mendacium
1966 987 2293 1072 feruntur,

339 1089 423 1147 ut
478 1079 682 1146 nullis
725 1099 934 1162 neque
979 1075 1233 1148 timoris
1279 1081 1405 1145 Dei
1449 1101 1660 1164 neque
1705 1079 2056 1144 modestiae
2101 1097 2290 1160 repa-

468 1166 523 1231 ’s
582 1165 1065 1232 contineantur.
1154 1165 1343 1246 Quae
1386 1186 1590 1250 quum
1635 1167 1725 1230 ita
1767 1165 1916 1241 sint,
1985 1163 2290 1229 remediis

333 1257 776 1335 αποιροπαίοις
819 1262 885 1316 et
925 1249 1227 1318 amuletis
1273 1250 1589 1317 utendum
1624 1250 1828 1328 nobis,
1873 1272 1957 1314 ne
1991 1248 2289 1333 contagio

331 1338 465 1404 illa
539 1360 660 1404 nos
729 1337 1027 1404 incautos
1090 1335 1344 1402 obruat.
1430 1336 1607 1402 Nam
1671 1357 1830 1402 sane
1888 1334 2291 1417 experientia

338 1424 538 1490 docet
593 1423 769 1489 hunc
828 1421 1137 1506 populum
1194 1421 1267 1486 in
1325 1423 1511 1505 peius
1554 1444 1810 1506 semper
1854 1421 2078 1499 ruisse,
2143 1431 2208 1486 et
2250 1439 2290 1483 a

336 1521 531 1576 recta
604 1509 837 1576 semita
902 1506 1113 1591 magis
1178 1530 1255 1575 ac
1318 1510 1531 1594 magis
1595 1507 1946 1586 aberrasse,
2033 1505 2288 1589 Deique

333 1596 517 1661 iram
576 1595 644 1659 in
690 1616 759 1660 se
804 1594 1258 1660 vehementius
1303 1615 1704 1679 provocasse,
1770 1614 1851 1658 ex
1897 1614 2024 1676 quo
2059 1602 2289 1674 sponte

334 1681 479 1747 Dei
523 1679 867 1746 consilium
913 1675 1303 1762 repudiavit.
1393 1679 1683 1746 Tandem
1727 1675 1960 1744 dicitur
1997 1677 2287 1756 Samuel,

338 1767 676 1834 Israelitis
739 1764 1011 1832 edixisse
1066 1770 1136 1831 ut
1176 1765 1440 1848 quisque
1495 1785 1561 1832 se
1616 1765 1686 1831 in
1745 1766 2052 1830 civitatem
2106 1784 2288 1832 suam

332 1854 661 1934 reciperet,
706 1853 799 1917 ita
839 1850 1078 1916 iubente
1117 1849 1412 1932 Domino,
1469 1851 1556 1918 ad
1599 1871 1777 1933 quem
1819 1850 2028 1915 omnia
2059 1849 2290 1931 populi

332 1938 533 2004 verba
571 1936 787 2020 fuerat
819 1936 1161 2019 eloquutus.
1199 1937 1305 2004 Ex
1340 1937 1571 2020 quibus
1607 1949 1876 2020 apparet
1913 1934 2290 2002 Samuelem

329 2024 630 2108 aliquam
672 2022 888 2088 adhuc
923 2023 1096 2106 apud
1177 2022 1444 2108 epulum
1482 2023 1895 2088 autoritatem
1919 2021 2284 2087 retinuisse.

331 2110 520 2176 Nam
566 2107 849 2174 vidimus
894 2105 1101 2176 Samu
1168 2130 1271 2173 em
1316 2105 1536 2174 Deum
1580 2119 1936 2192 precatum,
1996 2105 2124 2171 Dei
2170 2129 2286 2172 vo-

332 2195 667 2261 luntatem
714 2193 1119 2261 intellexisse
1163 2207 1229 2260 et
1286 2195 1507 2278 populi
1566 2193 1866 2259 vicissim.
1958 2189 2086 2259 Hic
2132 2214 2287 2276 ergo

332 2282 647 2365 repetitio
707 2279 1078 2345 continetur
1132 2301 1357 2346 eorum
1417 2301 1582 2363 quae
1638 2300 1837 2363 supra
1894 2278 2069 2343 dicta
2112 2290 2287 2359 sunt,

327 2365 459 2432 sed
516 2365 603 2432 ad
655 2365 966 2432 maiorem
1015 2367 1595 2445 confirmationem,
1653 2377 1726 2429 ut
1768 2368 2049 2431 sciamus
2089 2384 2284 2447 quae-

325 2472 599 2535 cunque
642 2450 815 2517 facta
853 2461 1010 2517 sunt
1052 2450 1183 2518 Dei
1226 2451 1638 2535 providentia
1681 2452 2047 2533 contigisse.

513 2537 692 2604 Hinc
748 2535 1034 2620 primum
1077 2539 1497 2619 conspicuum
1544 2547 1663 2615 est,
1720 2534 2039 2618 quomodo
2084 2557 2285 2618 popu-

328 2625 449 2690 lus
517 2632 703 2688 tanto
782 2622 991 2706 magis
1055 2622 1254 2688 fuerit
1316 2621 1797 2696 inexcusabilis,
1874 2642 2000 2705 quo
2066 2621 2283 2687 minus

329 2706 674 2776 Samuelis
718 2707 1166 2792 admonitioni,
1210 2707 1545 2793 populum,
1593 2729 1726 2772 non
1774 2707 2063 2772 humana
2107 2719 2286 2773 auto-

328 2795 561 2874 ritate,
606 2794 720 2860 sed
764 2789 1045 2874 coelesti,
1090 2792 1477 2876 alloquentis
1520 2815 1749 2876 parere
1794 2793 2017 2857 noluit.
2068 2797 2283 2875 Atque

328 2882 585 2947 idcirco
630 2877 896 2946 Samuel
958 2879 1343 2946 nominatim
1403 2878 1657 2957 dicitnr,
1719 2877 1891 2962 quod
1948 2878 2200 2944 audivit
2244 2902 2283 2945 a

328 2965 584 3052 populo
627 2965 711 3032 ad
755 2964 1121 3030 Dominum
1165 2963 1485 3039 retulisse,
1532 2978 1604 3028 ut
1648 2967 1932 3031 sciamus
1978 2965 2281 3029 mutatio-

328 3074 497 3120 nem
530 3061 743 3116 status
778 3049 949 3135 apud
982 3049 1315 3118 Israelitas
1352 3049 1575 3116 divina
1610 3051 2023 3134 provident-ia
2047 3052 2279 3118 factam

326 3138 565 3216 fuisse,
625 3158 826 3221 quum
880 3157 1104 3220 regem
1170 3146 1353 3202 tanta
1419 3135 1688 3204 audacia
1753 3143 1820 3200 et
1885 3157 2032 3204 arro
2082 3137 2280 3216 antia,

326 3225 546 3288 immo
592 3231 659 3287 et
701 3221 931 3290 sacrile
981 3221 1040 3286 ‘o
1084 3219 1447 3306 flagitatum
1491 3222 1931 3288 obtinuerunt.
2090 3223 2279 3288 einde

1662 288 1761 353 IN
1806 289 1860 355 Ι.
1906 287 2088 353 LIB.
2132 287 2538 356 SAMUEL.
2586 288 2782 356 CAP.
2829 287 3023 357 Vm.

4205 297 4342 366 562

2394 496 2709 561 magnum
2754 478 3010 560 pondus
3071 477 3244 562 apud
3289 480 3437 545 illos
3482 480 3815 549 Samuelis
3858 484 4173 549 autoritas
4218 485 4342 552 ha-

2395 559 2685 629 buisset?
2795 561 2968 629 Nam
3049 567 3464 649 excepissent
3541 567 3659 644 illi,
3742 567 4120 634 Samuelem
4201 572 4338 637 iam

2394 650 2703 729 senuisse,
2764 660 2831 716 et
2893 649 3201 732 quoniam
3259 652 3431 736 apud
3494 654 3744 736 plebem
3793 655 4043 720 valeret
4088 658 4336 722 auteri-

2395 744 2550 812 tate,
2603 736 2755 802 filiis
2812 736 2949 801 suis
2992 738 3466 814 consulturum,
3512 750 3578 804 et
3621 739 3692 803 in
3727 761 3954 804 eorum
3998 740 4338 808 commoda

2394 840 2512 885 sua
2567 822 2834 887 consilia
2889 834 3477 888 commutaturum:
3539 837 3733 906 atque
3791 825 4030 892 idcirco
4076 829 4336 894 favente

2395 905 2597 989 plebe,
2643 908 2829 973 facile
2872 907 3157 972 filiorum
3208 921 3468 991 peccata
3512 921 3998 990 excusaturum,
4044 933 4337 995 praeser-

2395 992 2513 1056 tim
2559 1014 2629 1058 se
2674 993 3073 1073 absentibus,
3113 1014 3189 1059 ac
3236 994 3507 1078 proinde
3551 995 3689 1061 fore
3734 1009 3806 1061 ut
3846 1018 3962 1080 spe
4000 1019 4120 1063 sua
4155 1000 4329 1065 exci—

2395 1077 2642 1146 derent.
2706 1078 2923 1161 Atque
2968 1079 3127 1146 haec
3171 1081 3387 1144 omnia
3426 1081 3773 1146 verisimile
3807 1094 3910 1147 cst
3945 1096 4336 1166 excepturos

2393 1163 2559 1242 illos,
2614 1175 2687 1230 ut
2745 1187 2850 1231 res
2913 1187 3083 1230 nova
3138 1176 3205 1229 et
3262 1166 3644 1230 admiranda
3690 1169 3774 1231 sit
3821 1171 4111 1250 paruisse
4154 1172 4335 1254 ipsos

2397 1247 2686 1315 Samueli
2761 1251 3023 1315 domum
3083 1271 3410 1333 quemque
3476 1252 3854 1332 dimittenti,
3923 1275 4118 1337 quum
4188 1257 4335 1322 ausi

2392 1334 2674 1399 fuissent
2730 1346 2924 1401 antea
2983 1353 3381 1418 responsare,
3442 1359 3852 1420 nequaquam
3913 1340 4007 1404 ita
4064 1341 4201 1406 fore
4261 1351 4339 1409 ut

2392 1418 2721 1487 Dominus
2756 1422 3031 1487 dixerat.
3077 1420 3308 1504 Itaque
3346 1444 3583 1488 novum
3622 1424 3749 1488 fuit
3778 1436 3842 1490 et
3877 1425 4334 1494 admirandum

2391 1517 2623 1588 sponte
2689 1507 2835 1573 illos
2898 1508 3160 1572 domum
3228 1529 3369 1574 sese
3428 1510 3732 1593 recipere,
3799 1532 4066 1593 remque
4130 1524 4332 1579 totam

2392 1589 2725 1658 Samuelis
2769 1593 2918 1658 fidei
2964 1593 3381 1659 committere.
3473 1595 3577 1660 Ex
3636 1596 3867 1677 quibus
3912 1600 4331 1680 conspicuum

2393 1690 2491 1742 est
2550 1690 2796 1762 quanta
2853 1679 3232 1763 integritate
3277 1688 3345 1744 et
3387 1679 3760 1746 sinceritate
3809 1680 4074 1748 Samuel
4123 1705 4330 1766 popu·

2392 1765 2524 1828 lum
2576 1765 2758 1830 illum
2804 1765 3289 1850 gubernaverit,
3337 1766 3649 1848 quamdiu
3690 1767 3869 1832 Deus
3911 1769 4330 1836 autoritatem

2389 1850 2488 1915 illi
2548 1850 2948 1917 conciliavit:
3020 1861 3095 1915 ut
3150 1852 3434 1915 maxime
3500 1864 3912 1918 contumaces
3978 1875 4053 1920 ac
4120 1855 4330 1922 veluti

2389 1936 2638 2017 furiosi,
2687 1947 2903 2002 tamen
2952 1936 3172 2001 verbis
3218 1935 3544 2003 Samuelis
3589 1940 4017 2022 acquiescant,
4063 1962 4330 2025 remque

2390 2031 2591 2086 totam
2631 2021 2834 2106 ipsius
2871 2021 3023 2086 fidei
3060 2023 3501 2086 committant:
3542 2045 3739 2105 quum
3780 2037 3997 2090 tamen
4035 2036 4327 2096 metuere

2388 2118 2655 2190 possent
2712 2129 2795 2172 ne
2854 2128 3039 2173 secus
3099 2107 3342 2190 aliquid
3406 2107 3754 2174 accideret:
3822 2111 3934 2175 sed
3996 2113 4327 2195 cognitam

2389 2191 2723 2258 Samuelis
2767 2192 2961 2258 fidem
3007 2202 3074 2257 et
3109 2193 3550 2277 integritatem
3590 2193 3934 2277 habebant,
3979 2209 4057 2261 ut
4091 2200 4327 2266 merito

2388 2300 2529 2345 sese
2574 2279 2752 2344 illius
2796 2278 3104 2343 mandato
3141 2279 3499 2362 praebeant
3539 2281 3984 2364 obsequentes.
4030 2283 4136 2348 Ex
4181 2285 4325 2367 qui-

2388 2365 2508 2429 bus
2570 2366 2679 2448 qui
2746 2363 2824 2429 ad
2892 2365 3520 2448 rerumpublicarum
3591 2366 4031 2467 gubernacula
4101 2370 4332 2436 sedent

2389 2448 2708 2531 discunto‚
2737 2457 2920 2516 tanta
2942 2454 3270 2534 aequitate
3295 2456 3360 2516 et
3384 2451 3761 2535 integritate
3786 2455 4046 2536 negotia
4070 2455 4332 2538 publica

2388 2537 2863 2615 administrare,
2910 2548 2986 2601 ut
3031 2548 3283 2601 tantam
3328 2539 3742 2603 autoritatem
3793 2539 3918 2604 sibi
3963 2541 4330 2622 concilient,

2386 2643 2513 2705 quo
2574 2622 2737 2687 fides
2791 2622 3199 2688 sermonibus
3245 2625 3528 2705 ipsorum
3576 2623 3981 2706 adhibeatur,
4041 2635 4116 2691 ut
4159 2627 4332 2692 exci-

2389 2715 2600 2772 tatum
2664 2707 3000 2774 seditionis
3065 2709 3284 2792 ignem
3352 2710 3455 2774 vel
3523 2713 3891 2792 praesentia
3955 2711 4061 2776 vel
4131 2711 4329 2778 verbo

2388 2792 2615 2858 sedare
2659 2793 2937 2873 valeant,
2982 2803 3174 2876 atque
3223 2794 3437 2859 omnis
3481 2795 3817 2860 seditionis
3860 2807 3923 2858 et
3960 2797 4328 2865 rebellionis

2387 2897 2615 2945 ansam
2661 2878 3049 2962 praecidere.
3115 2879 3421 2945 Vicissim
3469 2882 3664 2944 etiam
3717 2882 3864 2946 hinc
3908 2883 4148 2946 subditi
4194 2880 4329 2949 dis-

2386 2976 2604 3046 cunt0‚
2650 2988 2719 3030 se
2764 2966 2981 3030 minus
3025 2964 3429 3030 excusabiles
3473 2967 3610 3030 fore
3646 2967 3700 3030 si
3739 2968 3878 3049 paci
3915 2967 4323 3034 studentium

2387 3072 2577 3116 voces
2613 3051 2930 3126 reiiciant,
2975 3061 3042 3115 et
3075 3051 3364 3115 omnium
3403 3052 3696 3116 rixarum
3734 3074 3808 3117 ac
3845 3051 4322 3118 dissensionum

2384 3157 2607 3201 ansam
2647 3146 2987 3220 amputare
3022 3137 3398 3202 conantium
3423 3137 3692 3202 consilia
3717 3138 4101 3221 respuerint.
4148 3139 4323 3205 Nam

2383 3221 2738 3302 Israelitae,
2806 3222 2958 3288 licet
3021 3222 3314 3287 seditiosi
3380 3233 3446 3287 et
3505 3223 3704 3286 veluti
3774 3223 4020 3304 furiosi,
4096 3233 4320 3290 tamen

327 3317 619 3393 apparet
698 3307 943 3374 Samue
972 3328 1076 3372 em
1163 3308 1449 3390 aliquam
1540 3308 1755 3375 adhuc
1860 3308 2275 3373 autoritatem
2384 3306 2674 3374 Samueli
2701 3307 3186 3391 acquieverunt,
3231 3310 3417 3374 cuius
3440 3307 3653 3376 fidem.
3698 3307 4103 3391 probitatem,
4151 3310 4320 3376 inte-

328 3395 693 3461 retinuisse
751 3392 923 3477 apud
980 3401 1397 3460 contumaces
1449 3394 1610 3459 istos
1654 3405 1722 3458 et
1763 3393 2055 3470 rebelles,
2118 3416 2278 3476 quos

329 3481 517 3548 dicto
557 3480 786 3547 habuit
819 3477 1176 3560 audientes,
1214 3499 1416 3563 quum
1452 3500 1776 3564 quemque
1797 3479 1991 3543 iussit
2015 3479 2275 3544 domum

324 3567 407 3632 in
445 3566 780 3631 civitatem
816 3587 999 3632 suam
1038 3586 1111 3631 se
1155 3565 1461 3650 recipere,
1499 3565 1820 3648 tantisper
1843 3564 1997 3630 dum
2035 3588 2275 3651 regem,

326 3672 539 3736 quem
614 3652 1041 3735 postularant,
1120 3651 1509 3736 acciperent.
1599 3649 1774 3731 Quid
1841 3652 2036 3727 enim,
2105 3652 2276 3735 quod

324 3759 483 3805 sese
525 3737 791 3804 domum
829 3747 1232 3822 receperunt,
1276 3736 1455 3802 aliud
1501 3736 1622 3801 fuit
1664 3758 1861 3819 quam
1906 3737 2274 3803 testificatio

326 3823 746 3889 reverentiae
787 3821 982 3901 illius,
1027 3843 1159 3906 qua
1197 3824 1417 3907 ipsum
1458 3821 1775 3903 colebant,
1818 3833 1884 3886 et
1918 3822 2058 3888 eius
2093 3831 2276 3889 auto-

327 3909 521 3975 ritati
555 3916 622 3974 et
655 3909 1018 3994 integritati
1055 3928 1195 3974 sese
1230 3906 1760 3974 committebant?
1807 3908 1915 3973 En
1952 3930 2067 3974 cur
2107 3908 2274 3976 Pau-

326 3997 447 4061 lus
499 3995 717 4079 priore
776 3994 856 4061 ad
902 3994 1325 4060 Timotheum
1366 3994 1626 4072 scribit,
1685 4015 1793 4060 eos
1839 3995 1949 4077 qui
1996 3994 2275 4060 fideliter

314 4081 584 4147 faciunt
644 4080 927 4147 officium
994 4089 1062 4145 et
1126 4080 1236 4164 qui
1304 4079 1468 4146 bene
1532 4079 1929 4159 ministrant,
1992 4082 2271 4166 gradum

314 4167 454 4233 sibi
516 4167 759 4233 bonum
813 4165 1167 4248 acquirere.
1255 4165 1476 4248 Atque
1536 4165 1630 4232 ibi
1696 4165 1956 4248 quidem
2019 4165 2271 4233 Paulus

318 4253 413 4319 de
461 4252 647 4317 verbi
694 4251 901 4316 divini
944 4250 1263 4318 ministris
1307 4251 1461 4334 agit,
1507 4251 1621 4317 sed
1666 4261 1888 4318 tamen
1935 4250 2015 4318 de
2059 4255 2273 4320 omni-

318 4341 454 4408 bus
495 4337 988 4422 magistratibus
1033 4337 1257 4403 eadem
1304 4336 1426 4401 dici
1474 4345 1765 4419 possunt,
1828 4348 2022 4422 atque
2066 4337 2146 4403 de
2189 4339 2270 4406 iis

312 4422 633 4491 omnibns
675 4424 787 4507 qui
830 4422 914 4489 ad
958 4422 1206 4507 aliquos
1263 4423 1656 4508 dignitatum
1701 4422 1946 4506 gradus
1990 4424 2269 4508 promoti

312 4520 503 4576 sunt.
603 4509 853 4575 Paulus
917 4509 1139 4593 itaque
1205 4506 1408 4588 docet,
1488 4529 1599 4573 eos
1665 4509 1777 4591 qui
1842 4503 1925 4574 ad
1996 4531 2269 4576 munera

312 4594 591 4680 publica
644 4595 856 4662 vocati
913 4604 1087 4674 sunt,
1141 4603 1437 4677 oportere
1481 4615 1741 4659 summa
1782 4594 2157 4678 integritate
2202 4605 2268 4662 et

316 4681 661 4765 aequitate
694 4681 764 4746 in
800 4681 883 4746 iis
919 4681 1202 4749 versari:
1240 4690 1433 4764 atque
1470 4701 1672 4744 unum
1704 4701 1968 4764 scopum
2005 4682 2265 4762 intueri,

316 4768 461 4833 Dei
492 4767 769 4851 gloriam
806 4774 876 4831 et
909 4767 1361 4849 proximorum
1396 4766 1776 4831 utilitatem:
1819 4765 2050 4850 quibus
2074 4767 2266 4834 rebus

312 4853 538 4919 maior
601 4852 919 4920 autoritas
976 4852 1356 4922 conciliatur
1403 4872 1600 4935 quam
1645 4851 1873 4917 multis
1912 4855 2263 4919 commina-

320 4939 639 5006 tionibus.
726 4938 1050 5021 Exemplo
1110 4948 1247 5004 esto
1295 4937 1624 5004 Samuelis
1667 4936 1843 5019 apud
1886 4936 2263 5004 seditiosum

312 5025 505 5090 hunc
561 5024 878 5108 populum
936 5023 1269 5090 autoritas.
1355 5023 1545 5102 Nam,
1607 5023 1893 5107 obsecre,
1950 5025 2059 5107 qui
2104 5025 2264 5091 adeo

312 5110 693 5178 turbulenti
748 5120 971 5188 erant,
1032 5120 1348 5193 spontene
1407 5108 1671 5175 domum
1732 5131 1802 5175 se
1852 5111 2264 5195 recepissent,

312 5197 455 5264 nisi
514 5207 783 5282 peracta
838 5197 1024 5280 prius
1079 5217 1155 5261 ea
1212 5218 1281 5261 re
1342 5216 1539 5277 quam
1585 5195 2078 5280 flagitaverant,
2136 5198 2263 5264 nisi

529 5298 755 5357 calvini
784 5312 973 5368 opera.
1048 5297 1171 5353 Vol.
1198 5297 1433 5353 XXIX.

2380 3395 2688 3478 gritatem
2749 3405 2816 3458 et.
2869 3392 3119 3477 reliqua
3179 3394 3350 3459 dona
3414 3395 3672 3476 cognita
3739 3395 3897 3458 satis
3964 3395 4310 3463 habebant.

2379 3479 2556 3562 Quid
2615 3479 2817 3562 igitur
2875 3479 3061 3545 nobis
3126 3481 3256 3558 fiet,
3324 3479 3377 3545 si
3446 3479 3694 3544 nullum
3765 3479 4318 3549 admonitionibus

2378 3567 2591 3633 locum
2653 3564 2991 3631 fecerimus
3007 3589 3025 3650 3
3091 3567 3143 3632 si
3211 3567 3383 3631 viros
3451 3566 3834 3649 approbatos
3901 3579 3967 3629 et
4025 3566 4318 3652 integros

2378 3651 2976 3735 contempserimus,
3035 3652 3092 3716 si
3150 3653 3428 3734 denique
3484 3671 3639 3715 sana
3697 3663 3764 3715 et
3808 3665 3984 3716 recta
4044 3655 4317 3722 consilia

2378 3735 2834 3803 reiecerimus‘?
2922 3736 3361 3817 Quamobrem
3421 3737 3488 3800 in
3548 3735 3667 3801 hoc
3712 3737 4180 3816 incumbamus,
4242 3749 4318 3806 ut

2376 3824 2433 3890 si
2477 3824 2643 3888 forte
2687 3832 2876 3887 extra
2907 3822 3184 3888 rationis
3232 3821 3547 3887 terminos
3585 3822 4038 3902 exsilierimus,
4085 3825 4308 3891 melio·

2375 3932 2511 3976 rem
2560 3919 2844 3973 mentem
2891 3908 3261 3992 induamus,
3307 3930 3389 3972 ne
3434 3909 3499 3972 in
3547 3908 3894 3990 perniciem
3934 3920 4001 3974 et
4035 3911 4310 3978 exitium

2373 4004 2602 4078 sponte
2659 4015 2947 4058 ruamus.
3037 3995 3196 4058 Esto
3254 3994 3455 4077 igitur
3496 3994 3795 4076 exemplo
3841 3995 4119 4079 populus
4164 3997 4311 4081 iste,

2375 4081 2484 4166 qui
2559 4079 2710 4146 licet
2788 4079 3257 4145 contumaciter
3332 4100 3473 4144 sese
3552 4078 3866 4145 adversus
3934 4079 4309 4149 Samuelem

2374 4167 2593 4252 gessit,
2639 4179 2857 4230 tamen
2905 4187 3104 4248 quum
3151 4185 3220 4228 se
3265 4163 3345 4228 ad
3391 4165 3590 4248 ipsius
3627 4165 4007 4231 mandatum
4045 4167 4308 4234 domum

2372 4254 2634 4336 recepit,
2701 4246 2851 4316 inde
2916 4251 3073 4316 satis
3127 4262 3398 4335 apparet
3455 4271 3587 4314 non
3653 4252 3747 4315 ita
3809 4253 4169 4333 perrexisse
4235 4255 4306 4320 in

2371 4336 2798 4415 contumacia,
2860 4338 3016 4419 quin
3062 4334 3434 4400 Samuelem
3495 4345 3570 4401 ut
3611 4336 3813 4401 fidum
3863 4338 3984 4401 Dei
4041 4358 4305 4404 servum

2373 4423 2762 4509 agnoverint
2805 4421 3249 4493 etcoluerint.
3306 4423 3587 4487 Tantum
3633 4421 3835 4505 igitur
3878 4422 4088 4486 valuit
4132 4426 4304 4506 apud

2368 4512 2545 4594 ipsos
2599 4507 2963 4584 autoritate,
3025 4515 3100 4571 ut
3158 4507 3237 4572 ad
3297 4509 3504 4591 ipsius
3554 4528 3771 4571 vocem
3831 4506 4092 4572 domum
4161 4532 4304 4577 sese

2369 4594 2753 4678 receperint.
2842 4592 3064 4673 Quare
3119 4593 3446 4658 discamus
3489 4591 3633 4658 Deo
3680 4613 3797 4657 nos
3842 4592 4180 4674 subiicere,
4237 4606 4305 4663 et

2367 4683 2424 4748 si
2485 4680 2683 4745 semel
2754 4701 2794 4744 a
2857 4686 3035 4743 recta
3100 4679 3208 4744 via
3272 4680 3748 4756 recesserimus,
3819 4677 3899 4741 ad
3967 4678 4298 4748 meliorem

2366 4768 2619 4851 frugem
2679 4764 2941 4842 reverti,
3004 4774 3078 4829 ut
3135 4764 3214 4828 ad
3261 4766 3475 4831 Deum
3532 4762 3827 4827 conversi
3888 4775 4299 4844 peccatorum

2365 4853 2808 4919 remissionem
2854 4850 3281 4930 obtineamus,
3340 4862 3407 4914 et
3450 4868 3778 4929 nunquam
3840 4847 3920 4912 ab
3964 4851 4105 4914 eius
4149 4852 4302 4917 obe-

2365 4939 2611 5005 dientia
2649 4937 3031 5002 resiliamus.
3081 4937 3169 5001 Et
3204 4936 3461 5018 quidem
3501 4954 3911 5015 summopere
3935 4937 4298 5005 cavendum

2367 5047 2449 5091 ne
2507 5024 2588 5089 ad
2633 5021 2997 5106 iniquitatis
3056 5022 3385 5088 cumulum
3435 5020 3871 5097 deveniamus,
3930 5031 3995 5085 et
4038 5021 4103 5086 in
4149 5045 4304 5089 sen-

2363 5132 2508 5177 sum
2541 5106 2886 5193 reprobum
2910 5108 3348 5174 coniiciamur.
3393 5103 3641 5168 Verum
3668 5103 3791 5168 Dei
3817 5104 4052 5173 iudicio
4076 5129 4306 5175 occur-

2365 5195 2641 5263 rendum
2709 5203 2827 5273 est,
2895 5201 3090 5276 atque
3155 5203 3410 5256 mature
3479 5193 3666 5255 venia
3733 5189 4156 5273 deprecanda,
4222 5208 4301 5264 ut
