5059 6059
884 317 1010 383 731

883 506 1060 593 apud
1103 505 1322 570 Deum
1378 502 1900 570 constituuntur:
1957 501 2508 585 quemadmodum
2551 504 2825 571 Petrum

883 592 1188 661 audimus
1225 589 1311 655 ‘de
1353 588 1792 674 apostolorum
1834 588 2049 655 officio
2091 587 2490 674 loquentem,
2543 589 2822 656 dixisse:

890 680 1028 746 Nos
1068 696 1211 743 vero
1253 676 1324 741 in
1347 675 1643 757 promtus
1686 679 1742 740 et
1773 674 2324 741 administratione
2354 677 2661 743 emonis

881 762 1275 832 durabimus.
1364 759 1541 842 Quid
1585 781 1763 839 vero,
1808 781 2027 827 nonne
2069 768 2138 826 et
2180 760 2459 827 aliorum
2503 761 2825 831 Christia-

886 870 1122 917 norum
1180 845 1470 913 officium
1529 856 1669 911 erat
1725 845 2029 929 precari?
2119 844 2330 912 Sane:
2391 847 2506 914 sed
2562 868 2640 913 eo
2681 847 2823 914 loco

885 937 1128 1003 Petrus
1188 934 1393 1009 docet,
1453 954 1581 1010 eos,
1641 934 1752 1015 qui
1811 931 2083 999 docendi
2127 953 2369 998 munus
2413 941 2823 1017 acceperunt,

885 1021 1120 1089 debere
1165 1041 1251 1085 ex
1294 1018 1508 1084 officio
1549 1016 1776 1084 sedulo
1812 1018 2026 1084 Deum
2071 1018 2325 1101 precari
2368 1028 2444 1085 ut
2485 1018 2823 1087 ecclesiam

883 1107 1080 1187 tueri,
1124 1125 1367 1189 augere
1411 1113 1480 1170 et
1520 1104 1923 1187 amplificare
1955 1104 2140 1182 velit,
2186 1113 2254 1169 et
2286 1103 2616 1172 laboribus
2658 1106 2825 1189 ipso-

882 1215 1031 1261 rum
1076 1190 1480 1270 benedicere,
1522 1200 1597 1255 ut
1640 1209 1918 1273 regnum
1962 1189 2079 1254 filii
2114 1191 2217 1255 sui
2254 1201 2586 1276 propaget,
2629 1200 2704 1257 ut
2738 1190 2822 1257 ad

882 1300 1070 1348 suam
1112 1276 1547 1361 cognitionem
1594 1283 1853 1341 vocatos
1895 1274 1966 1340 in
2001 1275 2378 1358 obsequium
2414 1298 2604 1343 suum
2649 1298 2820 1344 com·

887 1371 1120 1451 ponat,
1185 1361 1412 1447 procul
1469 1360 1685 1428 adhuc
1749 1368 2033 1427 remotos
2086 1360 2168 1426 ad
2227 1382 2297 1428 se
2355 1371 2562 1429 vocet.
2664 1363 2823 1429 'l'ale

883 1452 1089 1538 igitur
1130 1470 1270 1515 esse
1305 1447 1586 1532 speciale
1619 1446 1928 1530 precandi
1962 1446 2250 1513 studium
2285 1457 2542 1532 oportet
2574 1469 2820 1529 eorum,

886 1556 1052 1623 quos
1094 1535 1278 1601 Deus
1336 1533 1632 1601 doctores
1690 1544 1756 1598 et
1798 1531 2149 1617 prophetas
2191 1535 2531 1601 constituit
2573 1547 2639 1599 et
2680 1557 2823 1618 pas-

882 1634 1057 1690 tores
1144 1620 1400 1705 populis
1486 1619 1818 1703 praefecit.
1926 1618 2148 1701 Atque
2232 1619 2363 1686 huc
2442 1618 2820 1688 Samuelem

881 1708 1246 1792 respexisse
1290 1713 1544 1772 certum
1587 1712 1706 1789 est,
1766 1724 2035 1788 nempe:
2092 1703 2499 1790 Quacunque
2555 1707 2822 1773 tandem

880 1791 1356 1879 ingratitudine
1398 1790 1679 1875 populus
1720 1790 1989 1874 laboret,
2035 1792 2284 1873 peccari
2329 1800 2544 1859 tamen
2588 1815 2629 1860 a
2670 1813 2820 1874 pas-

880 1881 1154 1957 toribus,
1199 1879 1323 1943 nisi
1364 1876 1542 1960 apud
1587 1875 1809 1942 Deum
1853 1896 1971 1959 pro
2018 1876 2159 1958 ipso
2187 1877 2615 1945 intercedant.
2661 1879 2822 1945 Cae·

879 1975 1095 2032 terum
1141 1965 1295 2028 hinc
1339 1963 1540 2029 etiam
1583 1960 2089 2038 observandum,
2149 1962 2317 2027 nihil
2362 1965 2551 2031 nobis
2594 1985 2635 2032 a
2680 1965 2820 2031 Deo

882 2062 1224 2133 tantopere
1268 2048 1733 2124 commendari,
1792 2068 1990 2131 quam
2034 2063 2300 2115 mutuas
2341 2070 2567 2133 preces
2610 2061 2679 2115 et
2717 2051 2818 2116 in·

879 2136 1342 2204 tercessionem
1401 2134 1680 2199 aliorum
1737 2154 1854 2217 pro
1897 2133 2063 2198 aliis.
2149 2134 2242 2198 Et
2283 2135 2546 2219 quidem
2591 2137 2819 2204 iuvare

879 2224 1252 2308 proximum
1297 2220 1435 2285 suis
1475 2218 1893 2286 facultatibus
1936 2219 2208 2304 quisque
2251 2229 2529 2302 tenetur,
2590 2244 2816 2290 verum

882 2320 1103 2377 tamen
1149 2306 1461 2390 quoniam
1516 2304 1699 2371 nulla
1740 2325 1813 2370 re
1856 2306 2067 2389 magis
2112 2307 2396 2388 iuvatur,
2448 2328 2644 2391 quam
2690 2308 2818 2375 Dei

879 2396 1103 2463 favore
1162 2401 1230 2457 et
1290 2391 1739 2470 beneficentia,
1819 2389 2060 2457 idcirco
2125 2390 2268 2456 dico
2347 2413 2466 2459 nos
2528 2394 2816 2461 maxime

884 2479 1092 2546 teneri
1135 2475 1438 2562 precibus
1478 2476 1648 2554 illos,
1695 2497 1781 2541 ex
1823 2476 2035 2543 officio
2076 2477 2385 2558 caritatis,
2442 2488 2511 2545 et
2553 2480 2816 2564 quidem

882 2565 1129 2632 maiore
1173 2571 1239 2628 et
1281 2562 1648 2629 ardentiore
1688 2561 1906 2628 studio
1946 2563 2264 2645 precibus,
2307 2584 2506 2647 quam
2549 2567 2818 2652 reliquis

884 2650 1130 2718 nostris
1207 2647 1641 2729 facultatibus,
1734 2645 2063 2716 adiuvare.
2173 2647 2619 2731 Quamobrem
2695 2654 2815 2720 etsi

883 2736 1322 2805 christianum
1380 2754 1620 2800 nomen
1664 2733 1858 2817 longe
1915 2733 2178 2819 lateque
2221 2744 2422 2818 patet,
2480 2744 2548 2803 et
2589 2740 2817 2823 procul

885 2844 926 2888 a
969 2821 1154 2889 nobis
1198 2820 1407 2886 dissiti
1449 2828 1607 2886 sunt
1641 2818 1982 2887 Christum
2017 2820 2420 2903 profitentes,
2462 2830 2601 2890 tam
2639 2833 2818 2892 arcto

884 2921 1107 2975 tamen
1165 2905 1428 2972 vinculo
1473 2927 1592 2972 nos
1633 2906 1917 2973 invicem
1960 2927 2001 2972 a
2043 2904 2187 2972 Deo
2229 2908 2520 2992 colligari
2563 2920 2818 2978 certum

884 3002 1004 3071 est,
1063 3001 1140 3059 ut
1194 2991 1358 3057 alios
1414 3013 1533 3075 pro
1587 2991 1739 3057 aliis
1796 2994 1967 3076 apud
2013 2992 2230 3057 Deum
2287 2994 2692 3063 intercedere
2736 3019 2818 3063 ex

880 3079 1094 3146 officio
1152 3097 1418 3143 necesse
1470 3078 1573 3143 sit.
1663 3075 1815 3159 Qua
1870 3079 1939 3143 in
1992 3099 2066 3143 re
2125 3098 2256 3142 non
2300 3085 2557 3147 tantum
2599 3084 2819 3166 proxi·

883 3186 1139 3233 morum
1196 3162 1599 3246 inspicienda
1662 3163 2036 3240 necessitas,
2104 3164 2219 3229 sed
2282 3186 2473 3248 quem
2541 3169 2818 3254 quisque

882 3250 1160 3402 {ndum
1226 3247 1553 3315 obtineat:
1617 3256 1692 3315 ut
1755 3248 1865 3332 qui
1931 3249 2014 3314 ad
2078 3249 2375 3316 altiorem
2440 3255 2719 3336 gradum
2777 3277 2818 3322 a

954 3358 1032 3403 eo
1084 3343 1355 3402 vocatus
1413 3343 1533 3413 est,
1594 3354 1670 3399 eo
1725 3355 1796 3399 se
1850 3336 2060 3419 magis
2117 3333 2496 3404 devinctum
2555 3341 2816 3421 sentiat,

883 3430 956 3488 et
1031 3418 1488 3488 vehementius
1560 3420 1735 3504 apud
1800 3419 2018 3486 Deum
2094 3422 2628 3492 intercedendum
2693 3427 2817 3494 sibi

879 3529 1017 3574 non
1060 3507 1338 3590 ignoret.

1050 3593 1283 3675 Pergit
1346 3590 1581 3657 deinde
1646 3589 1935 3670 Samuel,
2000 3599 2067 3656 et
2131 3592 2242 3673 ait,
2306 3598 2364 3660 ct
2425 3595 2643 3662 docebo
2707 3618 2817 3663 vos

878 3679 1056 3744 viam
1097 3676 1321 3744 bonam
1361 3682 1420 3743 et
1469 3682 1713 3743 rectam.
1802 3676 1951 3742 Etsi
2002 3678 2283 3761 populus
2338 3680 2546 3764 ipsius
2589 3681 2816 3782 iugum

883 3770 1280 3840 excusserat,
1348 3762 1773 3828 nihilominus
1837 3771 2061 3828 tamen
2123 3765 2192 3829 in
2259 3787 2329 3831 se
2385 3767 2616 3850 recipit
2670 3769 2817 3835 illos

884 3848 1158 3915 docendi
1213 3856 1282 3913 et
1336 3848 1403 3912 in
1459 3858 1703 3914 rectam
1762 3848 1937 3913 viam
1982 3846 2342 3915 deducendi
2387 3854 2815 3936 provinciam.

879 3933 1124 4001 Verbis
1167 3933 1367 4016 igitur
1408 3935 1552 4001 istis
1596 3933 1795 4013 docet,
1843 3954 1914 3999 se
1950 3934 2165 4000 Deum
2209 3957 2340 4002 non
2376 3939 2815 4023 perfunctorie

881 4041 999 4104 pro
1057 4020 1216 4102 ipsis
1273 4018 1788 4103 deprecaturum,
1845 4017 1957 4084 sed
2015 4041 2091 4086 eo
2134 4022 2371 4089 affectu
2415 4045 2575 4108 erga
2608 4045 2815 4110 popu·

880 4107 1022 4172 lum
1080 4105 1397 4184 futurum,
1455 4112 1526 4170 ut
1582 4105 1787 4187 ipsius
1841 4104 2178 4172 commoda
2233 4117 2302 4173 et
2355 4110 2637 4175 salutem
2696 4132 2815 4194 pro

880 4190 1064 4259 virili
1115 4210 1238 4257 sua
1288 4198 1685 4272 promoveat.
1773 4191 2080 4257 Testatur
2134 4191 2357 4277 itaque
2412 4193 2682 4262 Samuel
2742 4219 2812 4263 se

882 4278 1191 4344 daturum
1248 4296 1533 4358 operam,
1594 4283 1666 4340 ut
1717 4276 1998 4360 populus
2054 4277 2397 4361 intelligat,
2453 4301 2525 4346 se
2576 4283 2644 4348 in
2690 4282 2814 4350 hoc

880 4384 1089 4430 unum
1145 4360 1544 4442 incumbere,
1607 4369 1683 4427 ut
1737 4361 1950 4428 officio
2007 4363 2288 4430 fideliter
2353 4367 2682 4448 fungatur,
2748 4377 2815 4435 et

878 4446 1177 4515 muneris
1233 4446 1413 4512 illius
1471 4446 1647 4530 quod
1691 4467 1734 4512 a
1776 4447 1919 4513 Deo
1960 4450 2209 4534 accepit
2262 4460 2482 4534 partes
2526 4453 2814 4536 impleat,

879 4545 959 4601 ut
1012 4532 1295 4617 populus
1351 4534 1714 4613 erudiatur,
1779 4540 1847 4598 et
1899 4533 1972 4598 in
2028 4543 2273 4602 rectam
2334 4539 2568 4604 salutis
2633 4540 2812 4604 viam

882 4618 1257 4697 deducatur,
1312 4641 1398 4685 ne
1440 4626 1697 4704 pereat:
1757 4618 1928 4702 quod
1979 4642 2050 4686 se
2093 4642 2211 4706 pro
2252 4623 2502 4691 viribus
2547 4625 2814 4693 effectu-

880 4726 1033 4772 rum
1093 4704 1453 4788 pollicetur.
1540 4703 1742 4770 Multi
1802 4704 2087 4787 profecto
2150 4709 2359 4774 multa
2423 4710 2814 4792 pollicentur

879 4790 1122 4869 verbis,
1169 4799 1236 4857 et
1271 4791 1534 4875 quidem
1556 4810 1883 4857 summam
1919 4793 2365 4874 proximorum
2403 4796 2810 4863 dilectionem

878 4897 1036 4961 prae
1091 4897 1163 4943 se
1215 4875 1457 4958 ferunt,
1515 4884 1581 4943 et
1637 4877 1860 4943 Deum
1915 4898 2033 4962 pro
2089 4899 2159 4944 se
2215 4892 2559 4963 precantes
2615 4883 2812 4948 etiam

883 4961 1161 5028 aliorum
1203 4962 1274 5027 in
1332 4964 1469 5029 suis
1511 4965 1813 5046 precibus
1865 4964 2241 5032 meminisse
2286 4966 2495 5034 videri
2539 4969 2806 5036 volunt:

882 5047 998 5114 sed
1039 5068 1223 5113 mera
1262 5055 1520 5114 tantum
1562 5049 1735 5116 inest
1778 5048 1906 5114 illis
1951 5049 2308 5134 hypocrisis
2350 5061 2416 5118 et
2457 5054 2811 5133 simulatio,

881 5130 1054 5215 quod
1096 5153 1421 5200 venenum
1461 5134 1582 5201 sub
1637 5134 2191 5219 blandiloquentia
2233 5142 2472 5219 lateat,·
2528 5149 2597 5205 et
2637 5141 2812 5207 mala

878 5216 1100 5283 omnia
1162 5220 1481 5302 proximis
1537 5220 1804 5289 evenire
1868 5223 2155 5304 cupiant.
2257 5224 2358 5290 Ac
2421 5225 2573 5292 licet
2636 5228 2811 5312 ipsos

2523 312 2937 381 HOMILIA
2981 313 3239 381 XLIV.

4673 321 4750 391 132

2930 524 3061 569 non
3127 504 3597 590 aggrediantur
3661 505 3730 572 vi
3795 504 4015 590 aliqua
4079 506 4341 587 maiore,
4414 515 4484 571 et
4537 508 4756 581 violeum

2923 610 3162 656 manus
3226 612 3358 657 non
3424 590 3732 672 inferant,
3810 591 4239 657 nihilominus
4304 604 4519 658 tamen
4571 613 4761 676 pravum

2688 696 2826 759 per-
2927 677 3232 743 affectum
3292 676 3630 743 declarant
3681 677 3998 744 adversus
4055 697 4187 758 eos,
4241 676 4494 761 quibus,
4545 682 4760 762 quonism

2924 760 3227 841 oderunt,
3282 760 3611 829 invident:
3672 772 3741 828 et
3796 762 3996 830 rebus
4047 763 4348 829 secundis
4405 763 4659 846 ipsorum
4686 789 4763 833 an-

2924 857 3193 932 guntur,
3236 847 3476 930 quibus
3516 850 3739 914 omnia
3769 849 4049 915 adversa
4080 856 4150 914 et
4180 849 4578 916 incommoda
4602 852 4766 936 impro-

2923 941 3173 999 cautur.
3264 932 3535 1001 Samuel
3580 955 3736 1001 vero
3778 954 3851 1000 se
3893 935 4037 1000 sine
4078 935 4495 1001 simulatione
4530 937 4643 1002 suis
4673 959 4768 1021 prs-

2923 1018 3109 1085 cibus
3166 1040 3285 1103 pro
3340 1020 3500 1103 ipsis
3553 1020 3772 1086 Deum
3838 1019 4412 1104 interpellaturum
4478 1022 4686 1106 recipit,
4728 1035 4771 1090 et

2924 1103 3186 1170 interim
3230 1106 3544 1189 populum
3588 1105 3967 1172 edocturum
4012 1106 4416 1190 fideliterque
4460 1108 4587 1173 veri
4620 1118 4769 1191 pasto·

2923 1192 3016 1256 ris
3073 1190 3355 1257 officium
3423 1193 3768 1272 facturum,
3837 1192 3961 1258 etsi
4013 1213 4142 1257 non
4200 1213 4271 1259 se
4336 1201 4627 1276 tanquam
4670 1215 4772 1262 oves

2923 1277 3708 1429 ffiffifffflffioeffff
3723 1276 3899 1447 {³33⁶
3912 1278 4777 1449 „fissffffiffigssinffl

2924 1446 3259 1514 simillimi.

3095 1534 3188 1599 Et
3229 1534 3311 1599 de
3354 1535 3497 1601 istis
3542 1534 3917 1602 hactemus:
3963 1536 4259 1620 sequitur
4300 1534 4596 1618 deinceps
4626 1537 4781 1620 gravit

2924 1618 3329 1685 exhortatio:
3392 1619 3611 1704 Iyitwr
3661 1623 3862 1688 timete
3903 1620 4268 1701 Dominum,
4331 1627 4389 1687 et
4428 1622 4637 1687 servite
4669 1623 4714 1687 ei
4738 1624 4779 1687 is

2922 1704 3181 1771 veritate
3233 1725 3310 1771 a
3366 1707 3960 1784 ιοιοοονάευεεὺνο,
4017 1707 4270 1773 vidistis
4327 1707 4780 1792 enitamaqm‘fim

2921 1810 3083 1872 quae
3124 1791 3194 1855 in
3233 1790 3405 1857 vobis·
3441 1793 3725 1876 ,qe-escrit.
3806 1793 3956 1859 Non
4001 1793 4143 1859 sine
4186 1793 4375 1877 gravi
4420 1812 4610 1859 causa
4642 1813 4781 1876 popu-

2920 1875 3059 1940 lum
3122 1876 3359 1941 iterum
3414 1876 3496 1942 ad
3542 1877 3910 1944 timendum
3954 1879 4192 1957 Deum,
4251 1886 4320 1944 et
4362 1898 4453 1944 ex
4493 1879 4684 1944 animo
4715 1899 4779 1945 co-

2920 1959 3211 2041 lendum,
3270 1972 3336 2028 et
3392 1963 3463 2027 in
3529 1963 3767 2030 timore
3831 1972 3901 2030 et
3954 1964 4235 2030 veritate
4297 1963 4781 2048 perseverandum

2921 2047 3243 2113 hortatur.
3332 2049 3523 2114 Licet
3578 2050 3756 2115 enim
3798 2070 4027 2116 omnes
4067 2051 4469 2117 confitentur
4508 2049 4638 2115 Deo
4672 2048 4782 2114 nihil

2917 2133 3172 2216 gratius
3227 2155 3369 2200 esse
3411 2156 3608 2218 quam
3652 2156 3803 2201 eum
3847 2156 3934 2201 ex
3977 2137 4196 2202 animo
4240 2134 4475 2214 colere,
4532 2134 4699 2218 pauci
4730 2144 4788 2198 n·

2917 2239 3069 2283 men
3135 2219 3430 2285 animum
3496 2221 3578 2286 ad
3644 2222 3787 2288 eius
3850 2220 4103 2287 cultum
4164 2221 4507 2300 adiiciunt,
4573 2230 4636 2285 et
4686 2219 4787 2286 solis

2918 2303 3136 2371 verbis
3176 2326 3249 2370 se
3292 2306 3435 2372 Deo
3479 2307 3869 2373 satisfecisse
3909 2307 4332 2372 arbitrantur.
4378 2310 4475 2372 At
4515 2327 4640 2372 nou
4677 2305 4788 2372 sst'u

2918 2401 3019 2455 est
3052 2410 3174 2456 nos
3215 2392 3417 2456 semel
3461 2390 3797 2458 admoneri
3834 2392 4049 2458 Deum
4083 2414 4169 2458 ex
4201 2392 4425 2458 animo
4464 2413 4603 2458 esse
4630 2391 4785 2457 coles·

2918 2473 3097 2553 dum,
3133 2476 3306 2559 quod
3341 2475 3421 2542 ab
3456 2477 3598 2561 ipso
3632 2478 3700 2544 in
3736 2477 3912 2544 hunc
3946 2478 4145 2544 finem
4180 2479 4382 2544 creati
4420 2492 4489 2544 et
4516 2479 4585 2544 in
4611 2475 4788 2542 mundo

2916 2560 3214 2626 collocati
3256 2562 3481 2643 simus,
3539 2572 3606 2630 et
3662 2585 3796 2629 non
3848 2563 4090 2631 sufficit
4144 2564 4345 2648 probe
4390 2585 4434 2629 a
4479 2563 4658 2629 nobis
4691 2583 4787 2628 snm

2919 2645 3282 2714 doctrinam
3327 2649 3556 2725 teneri,
3599 2650 3714 2715 sed
3758 2670 3875 2715 nos
3918 2670 3995 2715 eo
4037 2650 4250 2734 magis
4293 2670 4371 2715 ac
4418 2651 4625 2735 magis
4658 2669 4789 2732 opor·

2920 2740 3017 2797 tet
3078 2731 3161 2798 ad
3228 2734 3355 2800 Dei
3418 2734 3672 2802 cultum
3736 2735 4030 2802 excitari.
4116 2735 4570 2817 Quamobrem
4627 2755 4789 2800 eorum

2924 2819 3031 2885 hic
3091 2821 3382 2902 graviter
3439 2820 3982 2903 reprehendenda
4037 2829 4139 2888 est
4192 2821 4568 2899 curiositas,
4619 2818 4791 2904 quibm

2921 2925 3179 2988 semper
3231 2926 3423 2972 aures
3480 2907 3789 2990 pruriunt
3844 2926 4067 2973 rerum
4110 2926 4443 2973 novarum
4486 2906 4791 2993 cupiditate,

2921 3011 3201 3075 quarum
3242 3000 3402 3058 sunt
3440 2992 3861 3059 insatiabiles.
3918 2992 4168 3059 Multos
4209 2992 4385 3057 enim
4438 2992 4658 3059 audias
4690 3011 4790 3056 con·

2922 3084 3286 3160 querentes,
3347 3077 3618 3143 eandem
3679 3078 3806 3145 sibi
3847 3076 4240 3145 cantilenam
4282 3098 4553 3162 semper
4594 3077 4717 3143 cani
4746 3073 4793 3139 (ln

2924 3164 3064 3229 Deo
3091 3160 3391 3264 ’colendo
3450 3170 3520 3229 et
3569 3163 3920 3243 adorando,
3979 3165 4142 3264 satis
4198 3184 4531 3248 superque
4583 3163 4684 3229 illa
4714 3159 4793 3257 ab}

2917 3257 3198 3418 3223}
3215 3248 4035 3419 „iiffissssffiffimmff⁶
4076 3250 4795 3418 ‘gggjffigeffgffffiffi

2918 3441 3212 3504 unquam
3273 3420 3447 3503 apud
3506 3441 3575 3488 se
3632 3423 3811 3505 ipsos
3867 3422 4141 3507 ingressi
4202 3421 4356 3498 sint,
4419 3429 4491 3487 et
4545 3416 4795 3505 expende-

2918 3507 3055 3572 rint
3109 3526 3239 3591 qua
3292 3506 3664 3572 conditione
3702 3506 3790 3572 ad
3832 3506 3961 3573 Dei
4015 3507 4263 3574 cultum
4308 3517 4654 3573 vocentur:
4701 3516 4795 3568 mm

2918 3593 3094 3657 enim
3149 3592 3309 3657 satis
3364 3592 3966 3659 animadverterent
4022 3614 4153 3658 non
4214 3612 4359 3658 esse
4404 3593 4583 3658 hanc
4620 3588 4794 3656 doctri·

2918 3699 3075 3744 nam
3118 3679 3536 3761 superfluam.
3596 3677 3829 3762 Itaque
3872 3700 4005 3743 non
4051 3678 4244 3744 debet
4284 3699 4542 3744 novum
4583 3686 4647 3744 et
4681 3677 4800 3741 inso-

2917 3762 3107 3828 litum
3166 3763 3395 3840 videri,
3454 3765 3510 3829 si
3555 3763 3825 3831 Samuel
3886 3764 4079 3830 toties
4137 3764 4260 3832 hoc
4317 3765 4568 3849 populo
4608 3763 4703 3828 isti
4734 3761 4799 3823 in·

2916 3847 3204 3928 culcarit,
3261 3860 3338 3913 ut
3374 3849 3698 3915 servirent
3739 3849 4046 3931 Domino,
4103 3871 4190 3915 ne
4244 3869 4284 3914 a
4326 3849 4622 3916 Domino
4659 3845 4801 3913 detli-

2918 3944 3171 4014 narent,
3226 3934 3535 4001 timerent
3589 3936 3949 4001 Dominum
4007 3957 4092 4002 ex
4134 3944 4273 4000 toto
4328 3936 4551 4002 corde.
4632 3934 4800 4014 Neque

2916 4021 3095 4086 enim
3123 4020 3252 4085 ista
3287 4028 3676 4104 repetuntur
3709 4021 3790 4088 ab
3824 4022 3986 4104 ipso,
4030 4023 4217 4104 quasi
4251 4023 4601 4105 superiora
4628 4020 4800 4111 obscuj

2915 4106 3111 4184 riora,
3179 4106 3563 4173 clarioribus
3629 4116 3697 4172 et
3752 4106 4188 4190 apertioribus
4250 4106 4486 4173 verbis
4550 4105 4798 4190 explicsn

2914 4199 3261 4277 oporteret,
3328 4191 3442 4258 sed
3501 4200 3576 4258 ut
3630 4193 3945 4278 populum
4003 4193 4205 4259 istum
4267 4195 4489 4277 magis
4554 4193 4798 4259 afficeret»

2915 4296 2981 4346 et
3021 4277 3498 4361 quodammodo
3542 4279 3622 4345 ad
3669 4279 3899 4344 vivum
3945 4287 4182 4344 ureret.
4262 4278 4505 4362 Neque
4545 4279 4702 4344 enim
4734 4272 4800 4337 id·

2914 4367 3087 4432 circo
3132 4364 3257 4429 Dei
3301 4366 3575 4430 verbum
3617 4364 3804 4430 nobis
3847 4364 4281 4450 praedicatur,
4326 4376 4407 4430 ut
4440 4363 4610 4429 illud
4641 4360 4799 4427 animo

2915 4458 3171 4516 tantum
3231 4450 3684 4534 percipiamus,
3742 4460 3856 4516 aut
3897 4450 4029 4517 Dei
4068 4450 4483 4516 voluntatem
4527 4452 4597 4515 in
4708 4448 4720 4460 '

2914 4557 3082 4615 mus,
3137 4535 3253 4601 sed
3300 4545 3374 4600 ut
3417 4538 3486 4601 in
3544 4536 3845 4603 cordibus
3883 4536 4130 4602 nostris
4171 4537 4338 4601 altas
4382 4546 4459 4601 et
4501 4555 4619 4619 pro

2912 4621 3165 4688 radices
3208 4630 3377 4705 agat.
3466 4621 3613 4687 Iam
3671 4642 3829 4689 vero
3893 4623 3952 4688 si
4004 4643 4123 4688 nos
4177 4624 4358 4706 ipsos
4403 4618 4801 4705 expendamus

2913 4707 3295 4783 accuratius,
3342 4728 3427 4772 an
3472 4728 3674 4791 quum
3717 4709 4001 4793 primum
4046 4708 4215 4774 docti
4256 4728 4512 4787 sumus,
4567 4716 4688 4771 tam
4723 4699 4799 4764 do·

2911 4793 3069 4861 ciles
3110 4793 3310 4860 fuisse
3352 4814 3472 4860 nos
3516 4796 3931 4877 reperiemus,
3976 4801 4050 4859 ut
4090 4804 4325 4877 sponte
4369 4794 4446 4859 in
4494 4792 4623 4858 Dei
4664 4789 4800 4884 obss-

2912 4880 3135 4964 quium
3194 4899 3315 4944 nos
3356 4881 3934 4961 composuerimus,
3991 4887 4059 4945 et
4099 4878 4268 4944 nihil
4313 4900 4353 4945 a
4399 4878 4596 4945 nobis
4634 4893 4801 4957 reqm·

2912 4964 3148 5031 ratur?
3216 4963 3361 5030 Imo
3404 4966 3641 5049 potius,
3685 4965 3840 5032 licet
3880 4965 4181 5032 doctrina
4223 4986 4346 5031 nos
4391 4963 4696 5037 stimulet,
4730 4968 4800 5023 tt·

2912 5072 3067 5116 men
3102 5051 3222 5117 vix
3266 5063 3532 5135 propter
3575 5051 3884 5117 duritiem
3927 5051 4288 5136 ingenitam
4323 5059 4551 5135 potest
4588 5044 4798 5132 ingenia

2912 5138 3220 5213 excitare,
3280 5145 3349 5202 et
3402 5136 3741 5204 cerebrum
3799 5145 4174 5221 penetrare:
4239 5137 4635 5221 praesertim
4680 5150 4797 5198 vem

2914 5244 3116 5309 quum
3161 5222 3240 5287 ad
3290 5223 3414 5289 Dei
3457 5223 3707 5291 cultum
3743 5243 3867 5289 nos
3900 5223 4221 5306 scriptura
4259 5221 4660 5304 cohortatur,
4696 5228 4796 5283 tum
