5059 6059
850 312 978 382 359

843 506 1086 573 multos
1127 507 1333 591 ipsius
1378 507 1573 574 luxus
1608 520 1675 575 et
1709 509 1838 575 alia
1881 510 2398 595 intemperanter
2433 511 2607 580 facta
2640 532 2784 579 cae-

2489 320 2904 389 HOMILIA
2946 320 3239 389 LXXV.

4672 330 4762 397 360

2905 510 3192 577 niamus:
3282 511 3449 594 quod
3547 511 3842 596 pluribus
3933 511 4235 598 deinceps
4325 536 4546 583 sumus
4609 521 4762 605 expli·

842 593 1074 658 cutiat:
1135 604 1202 657 et
1255 592 1544 660 vicissim
1602 615 1772 660 uxor
1831 617 2051 662 amore
2095 597 2314 662 mariti
2375 598 2470 664 sic
2513 618 2785 682 occupe-
2903 598 3133 663 caturi.

842 688 973 757 tur,
1030 687 1106 744 ut
1147 678 1320 744 sinat
1378 679 1502 746 sibi
1545 681 1930 762 persuaderi
1974 684 2029 748 si
2075 682 2245 767 quod
2289 692 2635 767 peccatum
2679 683 2788 749 ad·

840 764 1098 831 misisse
1150 777 1347 848 neget
1409 787 1500 850 se,
1567 767 1751 834 cuius
1806 788 2038 833 revera
2102 769 2190 833 sit
2248 770 2569 837 conscius.
2674 767 2788 837 Sic

837 859 1143 934 parentes
1199 849 1558 918 liberorum
1617 872 1836 919 amore
1892 854 2093 920 stulto
2148 856 2514 938 capiuntur,
2576 868 2651 921 ut
2705 856 2788 921 ad

839 935 1102 1003 illorum
1137 936 1302 1003 vitia
1349 957 1553 1021 aequo
1611 938 1744 1004 siut
1780 938 2325 1024 indulgentiores,
2387 950 2457 1007 et
2499 940 2583 1007 de
2625 942 2788 1025 ipsis

835 1022 1259 1107 peccantibus
1337 1043 1582 1106 poenas
1655 1045 1916 1090 sumere
1993 1047 2207 1110 neque
2284 1025 2497 1096 velint
2574 1048 2786 1128 neque

836 1109 1007 1175 sumi
1040 1108 1409 1193 patiantur:
1447 1119 1515 1175 et
1550 1108 1835 1176 vicissim
1871 1110 2061 1178 liberi
2105 1111 2187 1177 ad
2223 1122 2576 1197 parentum
2621 1114 2787 1179 vitia

836 1196 1224 1262 caecutiant.
1318 1194 1523 1280 Atqui
1579 1193 1704 1263 hac
1767 1196 2023 1263 ratione
2087 1197 2381 1265 iustitiae
2438 1199 2553 1265 via
2594 1219 2784 1283 prae·

837 1279 1144 1362 cluditur,
1210 1279 1425 1367 etde
1488 1281 1651 1348 solio
1717 1301 1835 1348 suo
1893 1282 2079 1349 Deus
2140 1285 2326 1368 quasi
2395 1284 2784 1365 detrahitur,

837 1364 995 1432 dum
1041 1365 1422 1432 mortalium
1466 1387 1756 1434 amorem
1800 1368 2007 1452 ipsius
2042 1369 2287 1454 gloriae
2333 1371 2783 1454 praeferimus.

838 1452 992 1534 Quo
1037 1452 1255 1537 itaque
1298 1453 1725 1603 procliviores
1768 1463 1926 1521 sunt
1967 1456 2049 1521 ad
2095 1455 2495 1539 peccandum
2545 1457 2670 1522 hac
2711 1457 2784 1521 in

835 1547 1024 1622 parte
1089 1546 1300 1605 morta

838 1623 1057 1699 tanda,
1118 1634 1192 1690 ut
1236 1625 1294 1691 si
1340 1624 1568 1692 amicis
1612 1626 1717 1692 vel
1761 1626 2107 1706 amicitiae,
2168 1628 2271 1695 vel
2316 1647 2561 1695 consan
2613 1630 2781 1695 uini-

838 1710 990 1776 tatis
1046 1710 1194 1775 iure
1249 1708 1536 1777 devincti
1596 1732 1846 1795 sumus,
1906 1732 2038 1777 non
2099 1713 2245 1780 ideo
2293 1724 2512 1780 tamen
2603 1716 2784 1782 iscri-

838 1817 990 1861 men
1055 1795 1211 1862 iusti
1268 1807 1337 1862 et
1379 1797 1604 1863 iniusti
1652 1797 1973 1878 tollamus,
2033 1807 2100 1864 et
2144 1800 2334 1883 quasi
2377 1800 2589 1866 lucem
2635 1822 2783 1867 cum

832 1881 1122 1948 tenebris
1156 1883 1562 1948 misceamus.
1631 1882 1854 1964 Quare
1887 1883 2261 1970 ubicunque
2296 1887 2543 1952 malum
2586 1886 2788 1954 fuerit

837 1968 1195 2034 admissum
1239 1970 1522 2053 ingenue
1557 1968 2129 2036 condemnandum
2174 1980 2293 2048 est,
2340 1973 2483 2039 sive
2517 1974 2584 2038 in
2630 1992 2786 2040 con-

835 2053 1234 2138 sanguineis,
1309 2055 1452 2122 sive
1530 2054 1601 2119 in
1680 2056 1923 2136 amicis,
2003 2057 2147 2123 sive
2210 2058 2281 2121 in
2350 2058 2540 2124 nobis
2605 2057 2784 2142 ipsis.

832 2138 1005 2205 Nam
1051 2140 1109 2205 si
1145 2141 1409 2223 propria
1446 2139 1604 2206 vitia
1642 2141 2009 2225 expendere
2044 2153 2111 2208 et
2142 2141 2434 2210 iudicare
2472 2165 2603 2210 ncn
2639 2165 2785 2228 pos·

837 2246 1084 2305 sumus,
1132 2225 1454 2308 quomodo
1497 2226 1670 2291 iuste
1709 2227 1776 2290 in
1815 2226 1978 2293 alios
2013 2229 2415 2294 sententiam
2451 2230 2782 2297 feremus?

838 2309 1282 2392 Quamobrem
1327 2310 1493 2376 nulli
1539 2312 1944 2394 parcendum
1991 2324 2108 2392 est,
2156 2335 2231 2381 ac
2270 2336 2356 2380 ne
2401 2317 2786 2400 parentibus

835 2396 1116 2480 quidem,
1161 2396 1550 2549 grassertim
1610 2418 1813 2481 quum
1861 2398 1941 2463 de
1987 2399 2114 2465 Dei
2159 2398 2408 2467 honore
2467 2413 2535 2466 et
2578 2403 2786 2487 gloria

837 2482 1078 2567 agitur.
1219 2502 1342 2548 ane
1401 2492 1708 2566 parentes
1767 2482 2031 2568 quidem
2092 2485 2456 2552 tolerandi:
2515 2487 2633 2554 sed
2690 2488 2785 2553 ita

838 2576 1059 2633 tamen
1118 2589 1200 2633 ne
1260 2568 1550 2651 ipsorum
1613 2568 1776 2636 vitia
1829 2570 2196 2638 foveantur.
2290 2570 2365 2639 Si
2417 2574 2563 2656 quis
2606 2573 2784 2640 filius

837 2654 999 2720 vitia
1042 2653 1248 2737 patris
1294 2655 1494 2734 novit,
1538 2653 1655 2720 illa
1699 2653 1891 2721 debet
1932 2655 2163 2738 odisse,
2224 2668 2609 2743 patremque
2669 2659 2782 2727 ad-

835 2760 1121 2820 monere,
1168 2751 1235 2805 et
1278 2740 1334 2806 si
1381 2748 1599 2823 potest
1641 2739 1722 2807 ad
1758 2741 2093 2809 meliorem
2131 2753 2421 2810 mentem
2458 2766 2782 2813 revocare.

833 2825 1055 2892 Huius
1098 2826 1191 2892 rei
1235 2826 1614 2911 exemplum
1659 2836 1799 2893 esto
1841 2827 2274 2911 Ionathanus,
2334 2832 2446 2914 qui
2504 2831 2585 2896 de
2644 2853 2783 2897 ma-

835 2912 979 2979 litia
1018 2912 1280 2996 quidem
1317 2912 1525 2996 pat-ris
1558 2912 1863 2996 loquitur,
1911 2935 2107 2999 quam
2153 2929 2307 2982 ante
2351 2929 2784 3001 cognoverat:

835 2998 948 3066 sed
992 2997 1426 3064 nihilominus
1487 2998 1556 3063 in
1603 2999 1812 3082 ipsius
1872 2999 2246 3069 obedientia
2288 3004 2674 3087 permansit,
2720 3013 2785 3070 et

835 3084 1100 3168 quidem
1160 3084 1237 3151 ad
1286 3096 1564 3151 mortem
1610 3104 1816 3169 usque
1863 3099 1965 3151 est
2021 3088 2234 3170 ipsum
2276 3089 2649 3169 comitatus,
2707 3097 2786 3155 ut

835 3170 1140 3254 deinceps
1182 3170 1577 3239 videbimus.
1664 3172 1774 3236 Ex
1834 3192 1964 3255 quo
2024 3181 2294 3257 apparet
2351 3174 2569 3258 ipsum
2628 3177 2782 3241 ami·

835 3257 986 3324 citia
1050 3277 1272 3323 rerum
1336 3257 1719 3323 mortalium
1784 3278 1919 3324 non
1988 3257 2342 3326 abductum
2411 3261 2492 3327 ab
2563 3281 2784 3328 amore

839 3342 1082 3410 divino.
1171 3340 1285 3409 Sic
1321 3364 1478 3428 ergo
1515 3342 1676 3410 vitia
1711 3344 2165 3426 proximorum
2199 3345 2410 3412 odisse
2447 3345 2783 3428 debemus,

839 3440 914 3494 ut
967 3449 1134 3514 quae
1191 3428 1387 3495 officii
1436 3430 1638 3495 nostri
1700 3440 1922 3512 partes
1983 3431 2326 3513 requirunt
2381 3432 2539 3517 ipsis
2585 3432 2783 3498 facia·

834 3536 1003 3599 mus,
1038 3525 1105 3580 et
1141 3535 1223 3581 ne
1259 3514 1387 3580 Dei
1423 3514 1697 3581 verbum
1736 3517 2146 3599 contemptui
2187 3517 2571 3585 habeamus.
2616 3518 2782 3585 Cae-

835 3609 1049 3668 terum
1108 3622 1309 3686 quum
1369 3598 1792 3668 iureiurando
1851 3612 2242 3668 renovatum
2302 3602 2503 3671 fuisse
2551 3603 2784 3672 foedus

835 3687 1001 3753 illud
1067 3687 1242 3752 inter
1306 3686 1635 3754 Davidem
1699 3697 1764 3754 et
1805 3687 2254 3755 Ionathanum
2310 3690 2782 3757 animadverti-

833 3793 1002 3852 mus,
1060 3793 1143 3838 ex
1187 3792 1264 3838 eo
1307 3781 1584 3857 apparet
1626 3774 1695 3839 in
1741 3773 2118 3841 hominibus
2162 3796 2303 3841 esse
2349 3796 2610 3860 semper
2658 3777 2778 3843 ali-

838 3858 993 3942 quid
1040 3857 1478 3925 diffidentiae:
1541 3859 1711 3943 quod
1770 3882 1890 3926 nos
1950 3881 2081 3926 non
2127 3870 2385 3944 oportet
2426 3860 2778 3929 admodum

835 3944 1085 4010 mirari.
1174 3943 1345 4010 Nam
1391 3944 1448 4010 si
1490 3966 1642 4012 cum
1686 3945 1833 4010 Deo
1874 3945 2012 4011 solo
2059 3967 2164 4012 res
2207 3948 2294 4012 sit
2337 3945 2545 4027 nobis,
2582 3969 2780 4031 quam

836 4030 1063 4097 multis
1122 4048 1363 4114 quaeso
1424 4029 1852 4097 distrahimur
1908 4031 2423 4118 cogitationibus
2479 4046 2548 4100 et
2590 4034 2779 4100 dubi-

838 4115 1217 4197 tationibus,
1277 4115 1510 4200 quibus
1566 4136 1752 4182 mens
1813 4127 2038 4184 nostra
2098 4127 2411 4201 tanquam
2467 4119 2782 4187 fluctibus

836 4202 1085 4286 agitata
1139 4201 1442 4267 aestuat?
1531 4199 1708 4282 Quid
1771 4222 1926 4287 ergo
2762 4207 2776 4221 “

1329 1559 1417 1619 es,
1483 1560 1556 1605 eo
1624 1541 1938 1607 attentius
2004 1540 2164 1608 baec
2222 1539 2522 1608 doctrina
2580 1542 2783 1609 medi-

1986 4203 2283 4270 futurum
2351 4214 2661 4289 putamus
2724 4228 2780 4273 si

835 4307 985 4354 cum
1064 4286 1444 4354 hominibus
1526 4287 1861 4371 negotium
1936 4288 2329 4370 habeamus,
2406 4313 2568 4375 quos
2641 4298 2779 4358 tam

835 4373 1189 4441 variabiles
1233 4382 1302 4439 et
1340 4373 1784 4439 inconstantes
1828 4394 1971 4440 esse
2015 4388 2083 4440 et
2118 4390 2251 4440 tam
2288 4375 2524 4461 plenos
2558 4398 2779 4462 super-

836 4460 982 4526 biae
1037 4467 1107 4525 et
1170 4479 1415 4542 pravae
1481 4459 1847 4526 voluntatis
1913 4461 2266 4528 novimus?
2355 4462 2549 4543 Quod
2621 4483 2779 4548 ergo

834 4544 1253 4612 iureiurando
1311 4543 1540 4610 foedus
1597 4545 1774 4611 inter
1833 4544 2281 4612 Ionathanum
2338 4558 2406 4615 et
2449 4548 2778 4618 Davidem

837 4646 1224 4698 renovatum
1272 4630 1591 4705 videmus.
1652 4630 1899 4698 factum
1943 4644 2045 4699 est
2088 4642 2163 4699 ut
2207 4631 2287 4699 de
2333 4634 2609 4699 alterius
2652 4634 2780 4703 fide

834 4730 1067 4784 neuter
1125 4717 1147 4781 i
1227 4739 1414 4784 orum
1472 4714 1824 4794 dubitaret,
1880 4728 1946 4783 et
2003 4719 2391 4785 nominatim
2453 4730 2526 4785 nt
2581 4720 2778 4787 Iona-

839 4803 1078 4871 thanus
1192 4802 1470 4882 avidem,
1531 4823 1724 4885 quem
1779 4803 1852 4869 in
1909 4813 2125 4869 tantas
2170 4805 2510 4891 angustias
2556 4805 2778 4873 redac-

837 4901 978 4954 tum
1025 4888 1304 4969 videbat,
1361 4889 1704 4956 certiorem
1764 4888 1846 4954 de
1903 4911 2019 4955 sua
2060 4892 2344 4958 amicitia
2401 4900 2469 4957 et
2512 4893 2777 4979 egregia

837 4976 905 5040 in
963 4976 1178 5058 ipsum
1241 4974 1583 5041 voluntate
1642 4974 1903 5041 faceret.
2008 4975 2159 5057 Quo
2215 4978 2515 5061 exemplo
2584 4978 2774 5045 debe-

839 5081 987 5125 mus
1029 5061 1301 5127 excitari
1346 5059 1428 5126 ad
1473 5062 1802 5145 proximos
1846 5060 2309 5145 admonendos,
2367 5085 2568 5147 quum
2612 5064 2777 5130 vitia

3073 682 3215 749 Iam
3259 702 3421 749 vero
3463 683 3657 768 agite,
3696 690 3802 751 etc.

3434 1027 3933 1111 HOMILIA
3979 1029 4312 1113 LXXV·

3061 1194 3160 1262 12.
3213 1195 3538 1280 Quumque
3578 1198 3852 1266 miscent
3892 1199 4071 1265 ambo
4111 1202 4184 1267 in
4225 1222 4473 1286 amm,
4514 1202 4764 1270 uillosa·

2886 1281 3030 1349 thas
3063 1281 3150 1348 ad
3181 1281 3438 1350 David.-
3480 1281 3754 1352 Domine
3784 1284 3968 1352 Deus
4002 1285 4243 1353 Israel.-
4282 1288 4345 1353 si
4385 1288 4768 1372 investiydoem

2886 1368 3525 1451 smmiampatris
3577 1371 3705 1437 mei
3761 1371 4034 1437 crastino
4089 1373 4531 1455 velpa-maie,
4591 1375 4769 1441 doli

2887 1453 3045 1537 quid
3096 1453 3241 1520 boni
3296 1454 3494 1537 fuerit
3536 1475 3728 1538 super
3769 1456 4010 1539 David,
4067 1448 4290 1525 et‘non
4328 1460 4547 1526 statim
4597 1461 4771 1527 mism

2888 1539 2975 1606 ad
3015 1543 3090 1617 te5
3131 1543 3188 1604 et
3224 1544 3437 1606 notum
3481 1540 3600 1606 tibi
3637 1541 3856 1624 fecero,
3906 1543 4007 1610 13.
4052 1542 4229 1611 Haec
4267 1546 4475 1630 faciat
4512 1547 4772 1615 Dominus

2890 1624 3213 1710 Ionathlze,
3272 1625 4158 1695 dhaeoaddatmiautem
4306 1633 4776 1716 sevoeaveritpa-

2888 1712 3011 1777 tris
3050 1712 3173 1777 mei
3216 1711 3468 1779 malian
3527 1713 3868 1781 adversum
3908 1719 3985 1796 te,
4037 1736 4075 1780 r
4373 1737 4595 1783 aurem
4628 1724 4777 1798 mm,

2887 1798 3296 1864 &dimittam
3336 1801 3410 1879 te,
3467 1800 3777 1866 utvadas
3821 1801 4100 1882 iupace,
4154 1802 4779 1871 etsitDominuste-

2886 1902 3045 1962 cunt,
3099 1884 3265 1949 sicut
3313 1883 3442 1966 fuit
3503 1903 3641 1950 cum
3683 1889 3879 1967 patre
3932 1906 4084 1953 meo.
4191 1888 4293 1953 14.
4336 1888 4427 1955 Er
4484 1891 4547 1955 si
4598 1891 4777 1966 viee-o,

2882 1969 3082 2052 facies
3120 1967 3281 2034 mihi
3335 1969 3839 2037 misericordiam
3879 1971 4177 2039 Domini.-
4231 1975 4292 2040 si
4347 1995 4498 2041 vero
4552 1980 4785 2042 mortuus

2883 2055 3085 2138 fuero,
3149 2054 3249 2120 15.
3298 2055 3446 2121 Non
3489 2056 3738 2137 auferes
3793 2057 4289 2126 misericordiam
4329 2066 4513 2127 mm
4567 2082 4607 2126 a
4642 2060 4779 2128 domo

2887 2160 3028 2208 mea
3068 2160 3265 2224 usque
3314 2142 3384 2207 in
3441 2143 3904 2224 sempiternum,
3961 2144 4212 2227 quando
4253 2146 4650 2213 tradicaverit
4683 2146 4784 2213 Do-

2884 2227 3098 2293 minus
3157 2227 3446 2293 manicos
3500 2227 3738 2309 David,
3794 2249 4290 2315 unumquemque
4329 2233 4407 2298 de
4462 2237 4652 2299 terrm
4697 2254 4784 2298 aa·

2883 2312 3055 2395 ferat
3107 2311 3423 2379 Ionathan
3475 2314 3553 2379 de
3607 2313 3783 2380 domo
3838 2335 3980 2395 sua,
4036 2321 4093 2381 et
4146 2317 4435 2400 requirat
4494 2316 4784 2401 Domum,

2888 2397 2964 2463 de
3002 2418 3199 2464 manu
3238 2397 3641 2465 inimicorum
3682 2398 3924 2468 David.
4016 2402 4117 2468 16.
4167 2402 4420 2488 Pepiqit
4462 2425 4606 2488 erqo
4644 2405 4787 2471 Iona·

2887 2484 3029 2549 thas
3067 2484 3290 2567 foedus
3333 2504 3472 2550 cum
3516 2486 3695 2552 donno
3737 2483 3993 2553 David.-
4048 2493 4105 2553 et
4143 2490 4485 2572 requisivit
4525 2489 4788 2555 Domum

2888 2571 2965 2637 de
3017 2588 3214 2636 manu
3269 2570 3672 2637 inimicorum
3722 2571 3962 2639 David.
4057 2574 4158 2641 1⁷.
4213 2573 4305 2640 Et
4346 2575 4604 2643 add-‘dit
4643 2574 4791 2641 Iona-

2889 2655 3032 2723 θιαε
3085 2656 3368 2722 deierare
3425 2653 3666 2734 David,
3725 2677 3793 2724 eo
3849 2657 4015 2739 quod
4068 2660 4347 2745 diligeret
4398 2661 4622 2728 iuum:
4667 2661 4789 2727 eiad

2890 2742 3056 2807 enim
3098 2743 3382 2808 animam
3424 2761 3630 2825 mam,
3672 2742 3768 2809 ita
3809 2743 4106 2828 diliyebat
4145 2767 4319 2812 eum.-
4372 2746 4483 2813 18.
4528 2746 4790 2829 Dixitque

2890 2827 2977 2893 ad
3016 2848 3157 2927 eum
3200 2826 3532 2928 Ionatham
3593 2827 3756 2927 Qras
3793 2828 4102 2897 Ualentino
4138 2837 4320 2912 sunt,
4363 2838 4429 2899 et
4470 2832 4790 2931 required-5,

2887 2915 4107 3101 mreqawetgygnsstmodtssaeffslan
4128 2917 4345 3070 [Imm
4376 2918 4796 3102 Ραῖωᾶωοαωιαῳὼ

2888 3105 2956 3153 es
2998 3105 3066 3151 m
3106 3086 3209 3152 dae
3249 3087 3320 3152 in
3362 3106 3492 3168 qua
3543 3106 3797 3168 operam
3837 3087 3989 3163 laed,
4048 3093 4104 3155 et
4142 3089 4383 3158 sedebis
4445 3092 4630 3158 iuxta
4665 3090 4794 3172 lapi·

2888 3172 3049 3252 dent,
3111 3174 3217 3240 cui
3271 3192 3494 3238 nomen
3553 3178 3643 3239 est
3701 3170 3876 3239 Esel.
3962 3174 4798 3261 2O.Ete90tuassayiuas

2890 3259 3562 3336 mmmmm,
3627 3258 4684 3344 etiaoiamquasiexeraensme‚
4734 3259 4797 3325 ud

2939 3345 2953 3359 ⁶
3145 3395 3159 3411 .
3253 3345 3358 3411 21.
3407 3344 3665 3410 Midam
3719 3364 3954 3427 quoque
4012 3351 4069 3411 et
4111 3367 4415 3429 puerum,
4484 3349 4691 3415 diceus
4735 3348 4799 3411 ei:

2962 3432 3101 3511 ade,
3158 3435 3214 3497 et
3268 3430 3429 3513 affer
3483 3429 3645 3496 mibi
3699 3431 3999 3514 sayittas:
4058 3430 4137 3499 Si
4174 3433 4399 3501 dixero
4429 3453 4658 3516 puero,
4705 3452 4801 3500 00oe

2892 3517 4799 3602 saqittaeintratesunt‚tozleeas:tuveniadme,quia

2877 3623 3023 3686 pax
3064 3602 3179 3668 tibi
3220 3607 3329 3680 est,
3373 3607 3429 3667 et
3458 3601 3627 3667 nihil
3666 3606 3756 3668 est
3788 3602 3964 3680 mali,
4007 3604 4166 3670 vivit
4195 3604 4546 3673 Dominus,
4616 3605 4708 3671 22.
4739 3601 4799 3668 Si

2889 3693 3095 3756 andem
3151 3688 3246 3755 sic
3288 3689 3578 3771 loquutus
3614 3688 3795 3771 fuero
3835 3708 4065 3771 puero.-
4121 3690 4280 3759 Eoee
4334 3693 4621 3777 saqittae
4668 3690 4799 3756 ultra

2888 3779 3169 3860 tesunt,
3249 3774 4797 3857 vadeinpaoe,quiadmisitteDom

2888 3861 2995 3927 23.
3039 3858 3142 3926 De
3182 3859 3363 3927 verbo
3414 3864 3624 3926 autem
3664 3860 3828 3943 quod
3867 3861 4113 3943 loquuti
4152 3882 4416 3930 sumus:
4475 3862 4618 3949 Eyo
4653 3867 4707 3928 et
4736 3865 4799 3935 ἑκ,

2887 3949 2975 4014 sit
3018 3944 3334 4013 Dominus
3375 3947 3538 4012 iuter
3582 3966 3679 4011 me
3722 3952 3780 4011 et
3821 3952 3894 4027 te,
3936 3967 4136 4031 usque
4177 3951 4249 4015 iu
4279 3952 4738 4033 senpiternam.

3057 4118 3394 4184 Hesterna
3434 4118 3748 4185 concione
3806 4119 4140 4202 coepimus
4182 4128 4476 4189 tractue
4519 4122 4797 4207 quomodo

2886 4203 3296 4271 Ionatbanus
3324 4204 3570 4271 Davidi
3595 4204 3900 4271 solatium
3930 4204 4185 4273 adferre
4205 4206 4567 4289 studuerit,
4604 4210 4801 4275 iteum

2935 4289 3316 4357 remissione
3337 4290 3663 4357 amicitiae
3691 4300 3759 4356 et
3776 4310 3955 4357 novo
3976 4291 4407 4360 iureiurando
4430 4296 4794 4361 confirmata

2953 4397 3063 4442 am
3118 4397 3317 4460 quum
3373 4376 3442 4441 in
3502 4397 3615 4443 eas
3668 4377 4009 4462 angustias
4068 4377 4307 4462 aliquis
4355 4379 4700 4466 redigitur,
4744 4388 4797 4443 ut

2886 4469 3321 4546 praesentem,
3356 4483 3742 4545 quocunque
3778 4485 3848 4529 se
3879 4472 4112 4545 vertat,
4154 4472 4438 4532 mortem
4477 4467 4795 4541 intueatur,

2888 4548 2948 4614 ei
2993 4547 3243 4632 aliquid
3277 4547 3778 4614 condonandum
3825 4558 3943 4630 est,
4002 4549 4261 4617 etiamsi
4312 4551 4607 4635 quadam
4645 4550 4793 4617 dubi·

2888 4636 3134 4701 tatione
3176 4644 3243 4700 et
3286 4633 3727 4700 sollicitudine
3769 4634 4049 4701 laboret:
4108 4657 4322 4721 neque
4361 4638 4652 4706 iniuriae
4686 4638 4794 4703 1000

2884 4719 3281 4799 habendum,
3336 4720 3395 4787 si
3452 4721 3687 4803 quibus
3746 4720 4030 4799 deberet,
4092 4744 4222 4788 non
4284 4721 4493 4806 plane
4546 4724 4788 4792 confidit

2885 4806 3057 4872 Nam
3101 4808 3345 4874 scimus
3401 4825 3594 4889 quam
3651 4806 3790 4873 sint
3833 4806 4172 4872 hominum
4232 4810 4580 4892 passiones
4633 4808 4793 4877 vobe-

2884 4904 3156 4970 mentes,
3216 4889 3376 4958 adeo
3435 4901 3510 4957 ut
3565 4892 3691 4958 sibi
3737 4913 3872 4958 non
3915 4894 4169 4976 possint
4211 4894 4550 4962 dominari
4591 4895 4696 4980 qui
4729 4896 4789 4958 ti-

2883 4997 3064 5043 more
3142 4977 3604 5060 percelluntur.
3720 4976 3946 5061 Quare
4010 4977 4367 5047 Ionathani
4450 4980 4789 5077 exemplant

2880 5063 3068 5131 nobis
3110 5062 3506 5129 imitandum
3535 5073 3669 5130 est:
3713 5085 3873 5130 nam
3904 5064 4252 5132 videbatur
4524 5087 4785 5151 ocnqusn

841 5145 1152 5230 quaedam
1222 5148 1291 5212 in
1358 5146 1518 5232 ipsis
1572 5148 1826 5213 occulta
1884 5146 2273 5227 videbimus,
2341 5170 2425 5216 ne
2482 5150 2772 5233 ipsorum
2882 5148 2964 5215 de
3005 5149 3252 5216 iniuria
3293 5147 3416 5217 sibi
3457 5150 3631 5217 facta
3675 5170 3715 5214 a
3747 5148 4028 5230 Davide,
4073 5150 4247 5234 quod
4290 5151 4422 5236 ipsi
4469 5151 4783 5221 diffideret:

840 5232 999 5297 vit-ia
1062 5239 1360 5316 tegentes
1433 5233 1502 5298 in
1571 5241 1826 5317 partem
1893 5233 2125 5317 culpae
2201 5253 2351 5301 cum
2433 5234 2594 5320 ipsis
2659 5257 2772 5303 ve·
2881 5235 2995 5301 sed
3051 5257 3196 5303 eam
3239 5235 3312 5302 in
3357 5236 3614 5303 Davide
3658 5236 3864 5302 animi
3910 5236 4475 5321 perturbationem
4534 5237 4783 5307 animad-
