5059 6059
801 311 931 377 347

800 510 1128 589 poterant.
1195 500 1445 565 Fuerat
1486 499 1659 565 enim
1686 497 1955 566 Samuel
1993 497 2206 564 adhuc
2241 518 2404 581 puer
2440 520 2480 563 a
2514 519 2747 581 paren-

803 592 982 656 tibus
1039 599 1196 652 voto
1242 585 1571 652 adstrictis
1617 586 1744 650 Dei
1801 585 2006 650 cultui
2052 592 2487 649 consecratus.
2578 583 2748 665 Quis

2519 306 2934 379 HOMILIA
2978 312 3068 378 X.

4631 310 4727 379 348

3024 499 3351 582 Deinceps
3394 519 3549 564 vero
3595 500 3909 582 sequitur,
3953 499 4165 563 virum
4206 497 4351 575 Dei,
4396 496 4728 581 prophetam

2851 595 3026 671 puta,
3092 588 3333 651 venisse
3397 587 3484 651 ad
3549 585 3720 668 Heli,
3802 590 3859 650 et
3913 585 4190 650 dixisse:
4275 583 4587 665 Numquid
4638 606 4733 651 non

805 695 1087 761 puerum
1142 672 1326 736 illum
1386 672 1591 754 igitur
1642 672 1866 755 populi
1925 669 2083 736 olim
2146 670 2473 736 vindicem
2530 681 2600 734 et
2644 692 2745 735 as-
2849 678 3059 757 aperte
3115 671 3420 738 revelatus
3473 692 3618 736 sum
3670 672 3887 738 domui
3932 672 4151 752 patris
4203 670 4317 748 tui,
4361 690 4542 750 quum
4579 679 4735 736 assent

805 772 1122 828 sertorem
1181 759 1316 823 fore
1376 779 1665 840 unquam
1723 760 1794 822 in
1852 759 2148 823 animum
2193 754 2585 839 induxisset,
2654 767 2751 820 tot
2848 760 2921 825 in
2985 759 3272 843 Aeyvpto
3337 759 3408 822 in
3469 759 3653 823 domo
3720 756 4132 822 Pharaonis?
4202 755 4289 821 Et
4331 755 4481 838 eleqi
4522 776 4642 819 eum
4675 779 4734 823 ex

804 848 1136 927 tantisque
1180 844 1471 910 victoriis
1515 843 1830 909 adversus
1874 845 2250 909 coniuratos
2309 840 2535 924 populi
2597 842 2747 907 hos-

805 943 904 998 tes
963 931 1358 998 Philistaeos
1421 929 1692 1009 clarum,
1756 941 1888 994 tam
1957 928 2373 994 consiliorum
2439 928 2747 1012 peritum,

807 1029 1064 1084 tantum
1156 1015 1439 1099 denique
1524 1025 1792 1098 tamque
1872 1014 2194 1082 celebrem
2260 1015 2399 1079 fore
2465 1015 2745 1097 prophe·

804 1102 984 1171 tam?
1089 1102 1251 1166 Fuit
1314 1101 1491 1166 enim
1558 1102 1851 1167 omnium
1916 1121 1957 1164 a
2024 1101 2213 1165 Mose
2277 1099 2748 1183 prophetarum

804 1189 1297 1266 celeberrimus,
1376 1189 1559 1252 cuius
1638 1199 1704 1251 et
1768 1187 1881 1270 qui
1944 1196 2095 1269 post
2168 1206 2321 1250 eum
2389 1185 2747 1268 prophetae

805 1276 992 1344 missi
1066 1283 1225 1340 sunt
1294 1275 1695 1338 mentionem
1763 1273 2187 1338 honorificam
2257 1272 2572 1351 fecerunt,
2637 1292 2745 1335 us·

807 1383 935 1447 que
1013 1361 1091 1424 ad
1160 1358 1429 1425 Domini
1513 1361 1718 1425 nostri
1800 1357 1952 1423 Iesu
2034 1357 2284 1424 Christi
2365 1357 2744 1422 adventum.

808 1448 924 1514 Sic
1004 1448 1222 1529 itaque
1311 1467 1441 1511 non
1524 1443 1960 1510 animadverti
2040 1453 2295 1526 poterat
2373 1444 2593 1509 Deum
2665 1442 2746 1506 de

805 1531 1144 1599 liberando
1200 1545 1267 1596 et
1324 1529 1674 1596 asserendo
1736 1529 1973 1614 populo
2031 1551 2151 1594 suo
2195 1529 2510 1613 cogitare:
2574 1528 2746 1610 quod

805 1621 950 1688 viae
1029 1616 1265 1701 quibus
1343 1617 1522 1682 istud
1600 1626 1746 1681 erat
1821 1617 2175 1681 effecturus
2253 1613 2553 1681 sensibus
2626 1614 2744 1678 bu·

806 1705 1017 1770 manis
1094 1713 1313 1769 essent
1393 1704 1784 1786 incognitae.
1898 1702 2224 1767 Docemur
2306 1723 2460 1765 vero
2525 1699 2745 1765 Deum

804 1791 1091 1858 voluisse
1175 1787 1438 1872 quidem
1516 1789 1588 1853 in
1666 1809 1858 1853 suum
1936 1787 2251 1871 populum
2331 1787 2744 1851 animadver-

804 1886 967 1957 tere,
1055 1886 1124 1940 et
1210 1874 1412 1940 variis
1484 1873 1671 1938 illum
1743 1874 1968 1956 poenis
2042 1892 2379 1951 exercere,
2469 1883 2538 1937 at
2616 1892 2746 1936 non

802 1963 947 2028 ideo
1014 1971 1238 2026 tamen
1294 1960 1568 2042 perdere
1626 1970 1693 2024 et
1750 1960 2012 2042 penitus
2072 1959 2320 2035 tollere,
2389 1969 2462 2022 ut
2518 1979 2746 2022 sumus

804 2047 1109 2130 ,deinceps
1144 2047 1376 2111 visuri.
1447 2045 1697 2112 Idcirco
1743 2067 1873 2110 non
1922 2047 2166 2110 frustra
2210 2044 2378 2109 dixit
2423 2043 2580 2108 olim
2604 2043 2745 2107 Ha-

805 2133 1052 2201 bacuch
1100 2132 1436 2215 propbeta,
1483 2131 1697 2197 Deum
1743 2153 1943 2213 quum
1989 2132 2200 2195 iratus
2238 2129 2450 2207 fuerit,
2496 2130 2746 2193 miseri·

802 2221 1062 2288 cordiae
1106 2239 1264 2283 suae
1329 2217 1691 2282 recordari:
1758 2228 1833 2282 ut
1898 2238 2099 2299 quum
2168 2217 2390 2280 omnia
2447 2213 2746 2281 funditus

802 2306 1030 2372 tollere
1075 2304 1246 2370 velle
1292 2304 1610 2383 videatur,
1667 2302 1792 2368 sibi
1854 2313 2071 2367 tamen
2130 2302 2339 2366 modis
2392 2301 2745 2383 incognitis

801 2406 869 2459 et
917 2389 1685 2471 incomprehensibilibus
1733 2389 1988 2472 aliquod
2033 2399 2249 2453 tamen
2290 2398 2528 2466 servet,
2566 2407 2748 2451 suae-

802 2499 927 2561 que
975 2475 1247 2541 bouitati
1305 2488 1371 2538 et
1430 2475 1910 2540 misericordiae
1967 2476 2036 2539 in
2095 2473 2307 2538 medio
2351 2473 2742 2538 iudiciorum

803 2583 1001 2631 cursu
1046 2562 1258 2626 locum
1306 2561 1517 2637 faciat,
1565 2582 1648 2625 ne
1692 2572 1875 2625 tanta
1918 2560 2005 2626 sit
2050 2580 2340 2643 unquam
2375 2558 2596 2623 iudicii
2643 2580 2741 2623 se-

805 2649 1052 2714 veritas
1116 2648 1277 2729 quin
1333 2645 1745 2729 aliquatenus
1813 2648 2097 2712 bonitate
2165 2646 2372 2729 ipsius
2436 2644 2743 2709 leniatur.

806 2733 937 2801 Sed
1005 2732 1313 2799 ecclesiae
1361 2730 1483 2795 Dei
1550 2732 1888 2814 proprium
1947 2744 2047 2797 est
2102 2731 2277 2796 istud
2328 2732 2743 2795 beneficium:

806 2840 958 2885 nam
997 2818 1133 2883 alia
1178 2818 1600 2901 reproborum
1645 2829 1746 2882 est
1801 2818 2100 2897 conditio,
2163 2838 2439 2900 quorum
2499 2835 2745 2898 poenae

803 2915 961 2972 sunt
1004 2905 1449 2987 apparitorum
1496 2903 1722 2984 instar,
1780 2926 1821 2967 a
1862 2904 2102 2985 quibus
2157 2903 2299 2968 dies
2349 2902 2481 2968 illis
2524 2922 2744 2966 coram

804 3012 1063 3058 summo
1130 2988 1340 3055 iudice
1409 2989 1667 3068 dicitur,
1733 2990 2004 3072 gravius
2065 3009 2141 3052 ac
2202 2989 2396 3074 longe
2452 2988 2745 3053 severius

804 3078 958 3143 olim
1018 3074 1332 3141 iudicium
1390 3076 1780 3159 experturis.
1872 3075 2203 3140 Ecclesiae
2263 3096 2422 3140 vero
2483 3084 2746 3158 peccata

806 3163 964 3228 dum
1008 3163 1295 3245 corripit,
1340 3160 1575 3227 domus
1620 3182 1779 3225 suae
1822 3161 2003 3225 labes
2041 3182 2317 3243 purgare
2353 3160 2567 3242 ipsum
2604 3180 2744 3225 cer·

805 3260 945 3315 tum
1004 3258 1122 3327 est,
1182 3250 1273 3313 ita
1332 3257 1554 3311 tamen
1617 3257 1690 3311 ιιι
1742 3247 2247 3331 promissionum
2293 3267 2561 3311 suarum
2611 3265 2745 3310 me·

803 3356 966 3415 mor,
1012 3333 1249 3417 populo
1294 3354 1552 3416 semper
1596 3344 1842 3414 parcat.
1910 3335 2125 3414 Atque
2170 3331 2294 3397 hae
2339 3343 2495 3395 sunt
2542 3332 2743 3397 eccle-

805 3424 938 3488 siae
997 3420 1328 3502 reliquiae,
1385 3418 1464 3483 de
1517 3419 1754 3501 quibus
1812 3419 1953 3501 agit
1998 3419 2266 3498 Paulus,
2313 3417 2548 3482 Esaiae
2604 3438 2748 3499 pro·

804 3505 1042 3591 phetae
1086 3506 1301 3571 locum
1363 3504 1716 3587 explicans,
1786 3506 1887 3568 his
1947 3505 2198 3569 verbis:
2245 3504 2478 3569 Esaias
2522 3514 2746 3568 autem

805 3594 1046 3662 clamat
1102 3611 1305 3673 super
1350 3589 1577 3669 Israel,
1640 3591 1838 3655 etiam
1886 3590 1942 3656 si
1988 3591 2185 3654 fuerit
2228 3610 2541 3655 numerus
2585 3589 2746 3653 filio·

805 3699 951 3742 rum
998 3676 1201 3744 Israel
1250 3688 1318 3740 nt
1368 3697 1568 3741 arena
1625 3677 1841 3755 maris,
1901 3676 2210 3758 reliquiae
2268 3675 2744 3740 servabuntur:

807 3783 1043 3844 nempe
1089 3761 1306 3838 Deum
1348 3760 1649 3827 indic-ans
1694 3763 1773 3826 de
1810 3762 2031 3844 populi
2071 3762 2349 3843 peccatis
2385 3760 2747 3825 vindictam

806 3860 1195 3919 sumentem.
1256 3847 1377 3912 sibi
1419 3848 1728 3913 ecclesiae
1771 3868 1930 3913 snae
1967 3847 2272 3929 reliquias
2307 3861 2746 3911 servaturum.

803 3933 985 3999 Hinc
1039 3933 1242 4017 igitur
1298 3932 1800 4017 observandum,
1847 3934 2064 3998 Deum
2124 3935 2219 3997 sic
2277 3933 2348 3997 in
2407 3933 2744 3996 hominum

804 4031 1075 4104 peccata
1120 4018 1769 4098 animadvertentem,
1831 4032 1905 4083 ut
1950 4017 2330 4102 perditurus
2387 4020 2610 4082 omnia
2651 4018 2748 4081 vi·

802 4104 1053 4178 dentur,
1104 4105 1485 4187 nullumque
1532 4111 1730 4171 tantis
1773 4105 1963 4170 malis
2009 4105 2339 4187 reliquum
2385 4105 2746 4168 remedium

804 4192 1318 4271 superfuturum,
1362 4202 1584 4255 tamen
1628 4193 1720 4256 sic
1766 4194 1932 4255 iram
1976 4190 2318 4270 moderari,
2363 4201 2438 4254 ut
2471 4191 2627 4254 olim
2665 4191 2747 4254 si-

804 4299 952 4343 mus
997 4277 1341 4356 cognituri,
1387 4278 1602 4359 ipsum
1644 4277 1969 4359 reliquum
2018 4276 2278 4359 aliquod
2336 4296 2560 4340 semen
2606 4275 2748 4355 sibi,

805 4363 1016 4428 modis
1076 4362 1258 4426 nobis
1298 4361 1647 4445 incognitis
1690 4372 1756 4426 et
1797 4361 2592 4446 incomprehensibilibus,
2655 4362 2747 4425 fe·

806 4450 990 4514 cisse.
1081 4448 1171 4511 Et
1231 4447 1390 4514 haec
1442 4448 1701 4530 quidem
1767 4448 2083 4513 hactenus
2141 4447 2221 4513 de
2267 4446 2607 4514 Samuele:
2669 4447 2750 4512 de

806 4555 933 4617 quo
994 4545 1212 4597 tamen
1274 4547 1340 4597 et
1382 4533 1555 4597 istud
1605 4532 2110 4617 observandum,
2158 4554 2391 4615 nempe
2436 4532 2562 4597 dici
2609 4554 2747 4598 cre·

806 4622 980 4686 visse
1024 4621 1211 4684 illum
1246 4640 1466 4684 coram
1516 4617 1656 4683 Deo
1702 4629 1771 4684 et
1815 4619 2207 4699 hominibus,
2252 4638 2380 4701 quo
2431 4619 2746 4683 nimirum

810 4705 1117 4770 fidelibus
1191 4704 1404 4769 solatii
1461 4726 1611 4786 spes
1682 4705 1997 4787 quaedam
2049 4705 2411 4789 affulgeret,
2481 4725 2558 4770 ac
2619 4705 2752 4769 fore

810 4802 886 4856 ut
930 4791 1083 4855 Heli
1129 4791 1285 4855 filiis
1329 4791 1408 4856 ad
1456 4803 1709 4855 tantam
1758 4792 2110 4873 nequitiam
2166 4792 2509 4874 provectis,
2577 4791 2751 4856 Deus

807 4876 1008 4941 alium
1080 4878 1430 4958 sufficeret,
1490 4897 1529 4941 a
1572 4898 1699 4960 quo
1755 4879 1855 4942 sui
1915 4878 2131 4941 cultus
2190 4879 2358 4941 ratio
2413 4874 2496 4941 ad
2557 4898 2750 4941 suum

808 4964 1094 5045 primum
1141 4963 1416 5027 nitorem
1462 4972 1528 5028 et
1564 4964 1919 5046 puritatem
1959 4975 2392 5027 revocaretur.
2462 4962 2752 5028 Gustum

2849 845 3135 912 omnibus
3176 844 3465 909 tribubus
3507 843 3719 909 Israel
3759 842 3918 908 mihi
3949 840 4378 908 sacerdotem?
4423 847 4488 905 ut
4527 842 4736 907 adscen-

2848 933 3018 997 deret
3067 932 3155 996 ad
3205 930 3403 996 altare
3455 950 3679 1005 meum,
3738 935 3793 994 et
3842 928 4115 995 adoleret
4151 927 4315 992 mihi
4357 927 4662 1012 incensum,
4696 934 4737 993 d

2841 1022 3117 1101 portaret
3179 1015 3379 1098 ephod
3440 1036 3651 1080 coram
3712 1035 3838 1080 mc.-
3899 1021 3957 1080 et
4010 1015 4156 1080 dedi
4196 1014 4412 1080 domui
4442 1014 4631 1095 patris
4664 1016 4739 1079 tui

2848 1104 3061 1169 omnia
3101 1103 3178 1167 de
3219 1101 3554 1183 sacrifieiis
3579 1101 3860 1182 filiorum
3883 1100 4108 1166 Israel.
4198 1098 4424 1179 Quare
4447 1121 4556 1182 pro
4578 1104 4739 1164 tantis

2853 1188 3184 1255 beneficiis
3243 1188 3414 1253 hanc
3473 1186 3837 1252 mercedem
3885 1187 4045 1251 mihi
4093 1185 4399 1261 retulisti,
4465 1197 4535 1249 ut
4573 1186 4739 1249 altare

2849 1296 3069 1339 meum
3136 1273 3421 1339 filiorum
3490 1283 3751 1337 tuorum
3817 1273 4087 1355 flagitiis
4134 1271 4455 1353 pollutum
4499 1286 4740 1334 contem·

2849 1374 3045 1426 natur
3108 1371 3176 1424 et
3239 1359 3587 1442 opprobrio
3653 1360 3741 1424 sit
3783 1356 4143 1424 Israelitis?
4227 1356 4377 1437 Quo
4448 1356 4642 1421 studio
4694 1372 4743 1420 et

2850 1447 3049 1512 animi
3095 1446 3357 1510 fervore
3401 1446 3618 1510 cultus
3664 1446 3791 1509 mei
3837 1446 4187 1527 puritatem
4237 1451 4489 1508 tutatus
4531 1441 4634 1506 es?
4671 1446 4744 1507 At

2849 1546 2920 1598 ιιι
2967 1533 3178 1615 magis
3222 1530 3559 1595 honorasti
3605 1531 3773 1595 filios
3820 1545 3966 1595 tuos
3999 1551 4193 1612 quam
4233 1549 4373 1593 me:
4419 1548 4611 1611 quare
4642 1550 4741 1592 non

2848 1619 3130 1701 amplius
3175 1618 3398 1696 feram,
3466 1639 3593 1681 non
3640 1617 3870 1700 patiar,
3916 1637 4044 1680 non
4093 1616 4302 1680 sinam
4350 1614 4557 1679 inulta
4596 1614 4744 1696 flagi·

2849 1706 2970 1770 tia:
3033 1703 3147 1769 sed
3208 1705 3579 1786 quicunque
3640 1701 4168 1768 honorificaverit
4229 1722 4351 1782 me,
4419 1700 4746 1783 glorificabo

2850 1812 3030 1868 eum;
3097 1791 3207 1873 qui
3270 1799 3489 1854 autem
3553 1799 3984 1853 contemnunt
4026 1809 4152 1866 me,
4218 1801 4414 1851 erunt
4453 1785 4749 1870 ignobiles.

2851 1875 3042 1957 Quod
3099 1873 3179 1938 ad
3242 1894 3465 1939 vocem
3520 1873 3725 1953 illam,
3782 1875 3885 1938 vir
3944 1873 4087 1954 Dei,
4148 1874 4403 1949 attinet,
4463 1894 4539 1935 ex
4582 1872 4750 1952 scrip·

2851 1974 3035 2026 turae
3082 1982 3204 2025 usu
3251 1961 3716 2043 prophetarum
3756 1960 4018 2042 propria
4052 1973 4177 2024 eet:
4224 1959 4497 2022 minimo
4531 1957 4749 2039 quidem

2849 2046 3019 2131 quod
3080 2068 3208 2111 non
3255 2047 3627 2130 quicunque
3668 2067 3882 2111 coram
3934 2043 4076 2110 Deo
4122 2045 4188 2109 in
4234 2045 4607 2124 integritate
4643 2041 4751 2106 cul·

2850 2148 2958 2200 tus
3025 2134 3163 2197 eius
3221 2131 3557 2197 ambulant
3623 2131 3759 2196 sint
3825 2134 4022 2195 etiam
4084 2130 4181 2195 illi
4228 2131 4351 2195 viri
4401 2128 4546 2203 Dei,
4607 2127 4751 2192 etin

2851 2239 3195 2285 servorum
3264 2228 3459 2300 atque
3533 2217 3695 2283 adeo
3762 2217 4048 2282 filiorum
4116 2237 4383 2282 suorum
4449 2234 4751 2279 numerum

2851 2306 3028 2388 ipsos
3072 2304 3393 2381 admittat,
3450 2303 3560 2368 sed
3607 2300 3736 2366 κατ’
3780 2301 3981 2384 ἐξοχὴν
4027 2302 4107 2366 de
4154 2301 4490 2384 prophetis
4536 2300 4751 2374 dicitur,

2854 2403 2925 2456 ut
2986 2389 3320 2456 doct-rinae
3380 2387 3474 2453 illi
3519 2389 3899 2454 concilietur
3944 2388 4282 2463 autoritas,
4344 2409 4540 2468 quam
4586 2385 4756 2450 bomi-

2857 2477 3049 2542 nibus
3143 2476 3585 2540 annunciandi
3671 2490 4090 2557 praeceptum
4160 2495 4198 2537 a
4261 2474 4549 2538 Domino
4611 2491 4755 2536 acce-

2852 2571 3105 2646 perunt.
3197 2562 3343 2627 Non
3390 2562 3593 2643 igitur
3638 2581 3977 2643 personam
4022 2563 4307 2643 ipsorum
4351 2580 4478 2624 vox
4533 2557 4638 2623 illa
4681 2578 4757 2619 re-

2850 2647 3057 2731 spicit,
3101 2647 3213 2713 sed
3250 2669 3490 2712 munus
3534 2658 3601 2712 et
3643 2645 4029 2729 dignitatem
4074 2666 4203 2727 qua
4245 2659 4407 2710 sunt
4450 2645 4670 2725 ornati,
4705 2649 4759 2705 ιιι

2849 2756 2995 2801 cum
3065 2733 3308 2798 bonore
3373 2743 3442 2797 et
3507 2733 3882 2798 reverentia
3926 2733 4384 2816 suscipiantur,
4454 2752 4530 2796 ac
4572 2748 4756 2794 eorum

2851 2821 3142 2886 doctrina
3221 2841 3347 2883 non
3416 2819 3734 2883 habeatur
3807 2819 4103 2894 ludibrio,
4185 2816 4298 2881 sed
4371 2817 4584 2900 potius
4642 2833 4759 2878 cum

2852 2918 3028 2972 metu
3095 2917 3164 2970 et
3229 2917 3512 2970 tremore
3578 2905 3901 2987 audiatur,
3968 2905 4026 2969 si
4091 2903 4355 2986 quando
4416 2902 4760 2986 praesertim

2852 2992 3139 3057 viventis
3219 2991 3343 3057 Dei
3424 2992 3636 3055 minas
3712 2992 4182 3073 proposuerint.
4271 2990 4467 3064 Nam,
4555 3001 4625 3052 ιιι
4690 2985 4762 3048 ait

2850 3079 3059 3144 Isaiae
3113 3098 3255 3160 cap.
3315 3077 3420 3150 66,
3475 3077 3517 3141 2
3603 3076 3722 3141 bac
3780 3094 3936 3140 nota
3998 3076 4181 3140 Deus
4238 3097 4399 3141 suos
4461 3072 4760 3157 dignoscit,

2850 3167 2904 3230 si
2955 3162 3343 3229 tremuerint
3387 3183 3721 3228 sermones
3766 3182 3938 3226 suos.
4028 3160 4250 3241 Quum
4298 3162 4541 3227 dicitur
4582 3162 4762 3239 itaque

2850 3251 2955 3316 vir
3001 3249 3129 3314 Dei
3177 3250 3432 3314 venisse
3479 3248 3557 3312 ad
3609 3248 3782 3328 Heli,
3828 3269 3957 3312 non
4005 3247 4277 3330 quilibet
4319 3269 4357 3311 e
4406 3246 4623 3329 vulgo,
4672 3240 4759 3307 sed

2849 3337 3130 3420 insignis
3198 3335 3463 3417 quidam
3530 3355 3570 3397 a
3640 3334 3778 3398 Deo
3843 3334 4081 3398 missus
4151 3332 4473 3415 propheta
4519 3346 4761 3404 notatur,

2851 3424 2961 3504 qui
3024 3422 3149 3485 Dei
3211 3421 3473 3485 nomine
3532 3417 3933 3485 sacerdotem
3994 3419 4433 3500 compellaret,
4501 3432 4574 3482 ut
4613 3416 4762 3479 Deus

2850 3508 2991 3591 ipse
3050 3528 3165 3589 per
3225 3505 3606 3588 prophetam
3668 3506 3880 3588 ipsum
3943 3505 4188 3587 alloqui
4235 3503 4571 3569 videatur:
4626 3498 4763 3585 quod

2850 3605 2916 3658 et
2980 3593 3134 3658 Heli
3192 3593 3393 3657 fuisse
3448 3593 3781 3676 cognitum
3841 3592 4002 3656 satis
4056 3612 4138 3656 ex
4185 3612 4261 3655 eo
4305 3601 4584 3672 apparet
4623 3584 4762 3670 quod

2851 3679 2933 3745 ad
2981 3677 3354 3745 istiusmodi
3399 3678 3968 3743 comminationem
4016 3697 4147 3741 non
4196 3678 4619 3757 responsaria
4675 3669 4765 3738 sed

2852 3786 3118 3849 prorsus
3183 3763 3603 3829 obmutuerit.
3691 3764 3781 3827 Et
3838 3763 4071 3827 merito
4128 3776 4347 3826 tamen
4396 3763 4464 3827 id
4513 3765 4764 3827 facturus

2852 3852 3065 3935 prima
3152 3851 3364 3914 fronte
3450 3870 3588 3913 rem
3672 3849 3952 3913 intuenti
4021 3848 4388 3913 videbatur.
4485 3847 4763 3915 Summus

2849 3938 3021 4001 enim
3085 3935 3383 4001 sacerdos
3430 3934 3786 3999 Dominum
3837 3945 4132 3999 nostrum
4181 3934 4405 3998 Iesum
4457 3934 4764 3999 Christum

2852 4020 3403 4105 repraesentabat,
3506 4042 3579 4086 ac
3675 4021 3952 4103 proinde
4042 4020 4377 4102 vulgarem
4468 4019 4764 4083 hominem

2849 4109 3159 4180 aversari.
3222 4120 3286 4170 et
3346 4127 3495 4170 cum
3557 4107 3743 4189 gravi
3800 4107 4253 4190 obiurgatione
4298 4107 4570 4171 relicere
4615 4122 4766 4186 posue

2852 4194 3211 4268 videbatur,
3288 4191 3460 4275 quod
3534 4215 3663 4257 non
3724 4192 3985 4257 deceret
4041 4194 4416 4257 inferiorem
4482 4190 4766 4274 dignitate

2853 4282 3065 4345 virum
3133 4291 3314 4343 tanta
3366 4299 3514 4343 cum
3580 4278 3849 4343 audacia
3893 4292 3959 4341 et
4001 4279 4349 4342 securitate
4396 4276 4764 4343 sacerdotem

2851 4387 3180 4431 summum
3241 4366 3649 4447 compellare,
3717 4376 3784 4428 et
3843 4375 4155 4447 tanquam
4211 4363 4499 4428 iudicem
4559 4375 4666 4427 aut
4698 4358 4765 4422 le-

2850 4467 3075 4534 gatum
3141 4452 3262 4515 Dei
3323 4453 3675 4515 adversum
3735 4451 3950 4530 ipsum
4009 4451 4401 4513 sententiam
4467 4449 4763 4529 evulgare.

2857 4538 3003 4614 His,
3062 4537 3348 4618 inquam,
3410 4550 3523 4600 aut
3582 4537 3903 4601 similibus
3953 4538 4215 4600 vocibus
4260 4536 4418 4600 Heli
4470 4536 4764 4599 hominem

2851 4625 3161 4697 aversari,
3247 4644 3561 4704 suamque
3624 4622 4091 4687 sacerdotalem
4166 4622 4559 4704 dignitatem
4628 4614 4766 4682 tueri

2853 4730 3040 4792 posse
3088 4707 3446 4778 videbatur.
3492 4723 3561 4772 at
3605 4723 3833 4773 contra
3883 4709 4018 4772 Deo
4065 4707 4337 4790 gloriam
4388 4707 4649 4772 dantem
4689 4706 4765 4783 ip·

2852 4816 2997 4859 sum
3058 4815 3323 4878 prorsus
3368 4793 3769 4860 obmutuisse
3816 4792 4128 4858 videmus.
4221 4794 4328 4858 Ex
4367 4815 4500 4876 quo
4543 4788 4764 4871 conspi-

2853 4902 3048 4946 cuum
3107 4895 3205 4944 est
3256 4881 3485 4954 Deum,
3556 4883 3675 4944 etsi
3736 4880 4104 4946 sacerdotes
4158 4879 4448 4961 elegerit,
4516 4900 4664 4961 quos
4699 4869 4764 4936 ad

2854 4987 3146 5031 summos
3196 4967 3472 5031 bonores
3509 4969 3609 5032 sui
3645 4966 3985 5031 sacerdotii
4026 4966 4356 5039 eveheret.
4408 4987 4536 5030 non
4577 4977 4762 5026 tamen

811 5047 1019 5130 igitur
1073 5049 1350 5130 aliquem
1412 5050 1548 5114 suis
1608 5046 1764 5114 dare
1824 5048 2081 5112 volebat
2125 5049 2306 5114 Deus
2365 5049 2625 5113 futurae
2685 5050 2750 5112 in
2859 5052 3013 5116 deos
3073 5052 3362 5116 effecisse
3408 5067 3522 5116 aut
3583 5053 3750 5116 idola
3795 5053 4026 5133 potius,
4075 5073 4282 5133 neque
4327 5050 4763 5134 cupiditatibufl

814 5133 1051 5197 melius
1095 5135 1494 5211 mutationis,
1539 5134 1654 5199 sed
1699 5156 1829 5200 non
1868 5145 2319 5218 perceperunt,
2362 5134 2534 5216 quod
2576 5133 2757 5200 nulla

814 5239 964 5302 spes
1007 5231 1178 5284 esset
1220 5241 1259 5285 a
1301 5220 1614 5286 Samuele
1659 5220 1975 5306 populum
2019 5221 2177 5286 olim
2225 5219 2669 5288 iudicandum.

2859 5138 3150 5221 ipsorum
3214 5138 3502 5202 habenas
3554 5138 3826 5219 laxasse,
3891 5153 3968 5202 ut
4010 5138 4278 5219 quaevis
4322 5138 4401 5201 ad
4454 5133 4762 5202 arbitrium

2862 5245 3060 5289 suum
3114 5237 3311 5306 atque
3368 5224 3705 5289 libidinem
3752 5226 4074 5290 facerent:
4147 5224 4262 5289 sed
4324 5223 4588 5290 divinae
4639 5216 4763 5283 doe·
