5059 6059
288 319 395 387 577

286 508 393 578 Dei
431 503 696 570 decreta.
784 498 1020 582 Qualis
1062 500 1259 583 enim,
1316 500 1600 577 obsecro,
1646 505 2017 584 quantaque
2062 500 2190 566 ista

282 598 429 662 foret
446 588 826 673 arrogantia,
868 596 937 652 et
976 606 1173 669 quam
1218 585 1671 665 abominanda,
1714 588 1771 652 si
1791 607 1913 653 sua
1933 586 2189 652 somnia

282 675 619 748 hominibus
658 681 1116 757 proponerent,
1176 680 1243 737 et
1284 691 1405 755 pro
1445 671 1579 738 Dei
1621 670 1822 737 verbo
1879 671 2079 756 recipi
2125 680 2189 737 et

283 761 511 831 admitti
572 757 863 825 vellent?
952 758 1095 823 Nae
1160 758 1216 824 si
1268 757 1398 841 ipsi
1455 757 1674 843 angeli
1739 777 1858 823 suo
1922 757 2187 822 nomine

279 851 588 916 venientes
653 866 902 910 novum
964 845 1036 908 in
1099 843 1371 911 ecclesia
1427 844 1666 929 dogma
1727 851 2188 928 proponerent,

280 937 518 1002 minime
559 928 868 997 audiendi
911 937 1158 995 essent:
1206 948 1416 1013 neque
1452 939 1638 995 tanta
1670 929 1803 995 illis
1838 927 2187 995 tribuenda

278 1027 429 1087 esset
486 1016 820 1096 autoritas,
884 1025 1196 1099 quantam
1258 1015 1384 1082 sibi
1448 1018 1568 1081 uni
1611 1014 1796 1082 Deus
1860 1013 2182 1081 vendicat.

275 1105 500 1175 Idcirco
580 1102 831 1170 Paulus
908 1101 1236 1185 apostolus
1312 1101 1438 1169 sibi
1513 1102 1931 1167 autoritatem
2008 1099 2185 1185 apud

276 1191 555 1259 ecclesias
597 1188 1078 1263 conciliaturus,
1136 1187 1249 1266 ait,
1306 1208 1379 1253 se
1438 1207 1581 1254 esse
1623 1185 1752 1252 Dei
1795 1185 2181 1271 apostolum,

275 1302 311 1345 a
381 1276 515 1341 Deo
598 1272 682 1340 ad
753 1274 878 1341 hoc
948 1294 1191 1340 munus
1269 1272 1547 1339 electum
1650 1283 1717 1338 et
1782 1269 2179 1338 ordinatum.

273 1363 436 1431 Idem
478 1360 835 1444 prophetae
879 1361 1206 1425 fecerunt:
1264 1379 1428 1443 quos
1484 1376 1643 1424 sane
1686 1359 1835 1442 quis
1870 1358 2183 1424 vanitatis

274 1459 373 1516 aut
410 1446 779 1513 ambitionis
820 1455 1081 1512 accuset
1101 1444 1230 1511 Dei
1274 1444 1679 1511 vocationem
1716 1444 2180 1528 praedicantes,

273 1554 339 1600 ac
376 1554 496 1599 non
540 1532 758 1614 potius
794 1552 1117 1599 summam
1155 1532 1224 1596 in
1259 1530 1419 1615 ipsis
1442 1529 1826 1596 modestiam
1851 1537 2181 1613 agnoscat,

267 1640 453 1705 quum
512 1637 700 1685 suam
766 1618 1183 1686 autoritatem
1242 1614 1640 1701 praedicant,
1705 1625 1785 1682 ut
1841 1614 2026 1681 Deus
2077 1615 2182 1680 ius

266 1725 437 1771 suum
497 1703 672 1788 apud
718 1703 1017 1769 homines
1080 1703 1399 1784 retineat,
1458 1722 1541 1767 ne
1597 1701 1743 1785 quis
1786 1702 1877 1766 im
1968 1702 2184 1767 'netur

265 1792 398 1857 illos
449 1789 692 1873 aliquid
750 1788 832 1855 de
888 1808 1008 1856 suo
1065 1789 1135 1853 in
1194 1787 1483 1855 medium
1541 1785 1838 1854 adferre?
1968 1786 2181 1853 dcirco

266 1877 492 1943 Paulus
552 1876 682 1954 ait,
757 1896 827 1942 se
907 1874 1173 1960 gloriari
1237 1875 1451 1960 gratia
1513 1893 1710 1958 quam
1775 1873 2180 1953 obtinuerat;

265 1982 441 2046 quam
504 1971 691 2027 tanta
753 1961 1152 2028 conscientia
1214 1970 1457 2041 tuetur,
1523 1970 1598 2024 ut
1654 1980 1786 2025 non
1845 1958 2184 2043 permittat

265 2067 393 2113 eam
445 2047 797 2128 contemni,
854 2067 1070 2130 neque
1127 2046 1482 2130 quidquam
1527 2045 1826 2111 remittat
1869 2045 1949 2110 de
1993 2064 2180 2109 reve·

263 2133 454 2200 rentia
506 2134 624 2199 illa
682 2154 882 2216 quam
939 2131 1063 2198 sibi
1114 2131 1335 2198 deberi
1378 2131 1682 2198 ostendit.
1774 2128 1951 2198 Sane
1994 2150 2181 2196 suam

266 2220 392 2302 ipse
460 2239 809 2304 personam
888 2217 1162 2283 minime
1257 2216 1669 2302 adspiciebat,
1746 2236 1960 2300 neque
2025 2235 2182 2282 suae

267 2305 288 2369 i
359 2305 452 2371 ius
494 2305 744 2391 gloriae
782 2303 1062 2388 cupidus
1106 2313 1276 2384 erat;
1344 2303 1460 2370 sed
1503 2302 1836 2369 doctrinae
1887 2322 2086 2384 quam
2143 2321 2183 2366 a

326 2412 394 2457 eo
451 2398 794 2476 acceperat
857 2389 1273 2458 autoritatem
1338 2389 1685 2456 conciliare
1746 2386 2041 2466 volebat,
2108 2396 2186 2451 ut

262 2497 391 2542 eam
431 2475 736 2544 homines
779 2484 1092 2561 tanquam
1136 2496 1177 2542 a
1219 2475 1363 2542 Deo
1408 2496 1539 2541 non
1585 2474 1668 2540 ab
1711 2473 1977 2540 homine
2034 2492 2182 2556 pro-

262 2574 620 2630 manantem
665 2581 816 2630 cum
861 2561 1081 2628 debita
1120 2561 1492 2628 reverentia
1532 2560 1927 2643 reciperent:
1973 2578 2183 2641 neque

264 2648 327 2712 in
381 2648 699 2716 creaturis
754 2647 1137 2715 haererent:
1191 2645 1372 2734 (sunt
1425 2646 1602 2712 enim
1645 2644 1946 2711 homines
1989 2643 2183 2709 valde

259 2732 501 2819 fragilia
541 2732 1011 2820 instrumenta)
1068 2733 1182 2799 sed
1240 2733 1324 2799 ad
1366 2733 1582 2799 Deum
1632 2751 1835 2816 usque
1879 2749 2180 2815 assurge-

259 2831 408 2898 rent,
469 2822 575 2888 cui
624 2829 881 2886 tantum
927 2818 1307 2885 thesaurum
1353 2815 1729 2886 hominibus
1773 2816 2180 2882 committere

256 2905 497 2988 placuit.
589 2909 685 2973 Ac
751 2927 912 2972 sane
976 2906 1031 2971 si
1098 2904 1400 2971 homines
1464 2903 1792 2989 inspicias,
1852 2900 2008 2985 quid
2054 2901 2179 2967 Dei

252 2992 433 3059 verbo
474 2990 710 3060 fieret?
770 3012 967 3076 quam
1010 2989 1193 3057 foede
1239 2990 1320 3057 ab
1365 2989 1740 3057 hominibus
1782 2988 2182 3055 laceraretur

254 3085 313 3141 et
360 3075 864 3163 repudiaretur?
967 3074 1193 3158 Quare
1247 3077 1400 3144 huic
1464 3073 1802 3160 principio,
1867 3084 2179 3157 tanquam

252 3162 423 3231 firmo
484 3163 939 3240 fundamento,
1004 3162 1351 3230 nitendum
1419 3171 1537 3238 est,
1604 3182 1716 3228 eos
1771 3159 1881 3245 qui
1938 3179 1979 3225 a
2035 3161 2180 3225 Deo

252 3249 594 3315 mittuntur
617 3250 788 3316 tales
810 3271 953 3316 esse
986 3256 1304 3332 oportere,
1349 3257 1425 3315 ut
1459 3268 1531 3314 se
1569 3267 1704 3313 non
1728 3266 1845 3313 suo
1888 3245 2182 3329 ipsorum

250 3335 493 3403 nomine
538 3338 823 3414 venisse,
867 3355 1083 3419 neque
1124 3343 1380 3401 tantum
1422 3353 1590 3400 onus
1634 3332 1757 3400 sibi
1790 3332 1955 3416 ipsis
1999 3351 2181 3397 arro-

249 3438 419 3569 {asse
473 3442 549 3488 re
599 3423 755 3505 ipsa
810 3420 1293 3490 demonstrent:
1356 3419 1470 3486 sed
1525 3439 1597 3484 se
1639 3439 1680 3485 a
1727 3419 1871 3485 Deo
1929 3426 2183 3483 tantam

288 3505 623 3590 ignitatem
670 3515 739 3574 et
781 3506 1204 3574 autoritatem
1246 3505 1591 3589 accepisse,
1649 3511 1726 3571 ut
1781 3513 2097 3587 tanquam
2142 3524 2183 3570 a

248 3589 378 3658 Deo
429 3594 621 3660 missi
684 3593 1085 3678 recipiantur
1140 3599 1205 3657 et
1261 3591 1633 3658 audiantur.
1736 3592 1959 3674 Atque
2009 3589 2181 3656 hanc

248 3674 318 3741 ob
356 3697 619 3746 causam
669 3678 942 3747 Samuel
1000 3699 1071 3744 se
1116 3677 1447 3744 videntem
1494 3696 1637 3744 esse
1683 3675 1869 3743 Sauli
1913 3695 2178 3759 respon·

249 3760 352 3841 dit,
394 3776 467 3829 ut
509 3786 667 3833 eum
711 3765 794 3830 ad
838 3763 1214 3847 obsequium
1259 3769 1696 3847 componeret,
1753 3772 1820 3827 et
1877 3760 1960 3826 ad
2016 3759 2183 3827 reci-

246 3846 544 3929 piendum
608 3852 739 3917 Dei
804 3850 1081 3918 verbum
1145 3872 1230 3915 ex
1281 3849 1489 3934 ipsius
1548 3867 1661 3914 ore
1726 3866 1882 3932 prae
1929 3855 2177 3912 araret:

248 3954 325 3999 ne
372 3936 689 4021 deinceps
743 3936 814 4002 in
871 3935 1143 4003 dubium
1200 3946 1465 4002 vocaret
1513 3931 1685 4017 quod
1740 3952 1823 4000 ex
1923 3932 2179 3998 amuele

248 4029 377 4086 erat
416 4022 788 4104 auditurus,
844 4022 959 4088 sed
1004 4031 1182 4088 certo
1226 4040 1576 4106 persuasus
1622 4020 1747 4087 Dei
1789 4018 2178 4085 mandatum

244 4124 392 4183 esse,
440 4107 778 4175 Samuelis
820 4106 1043 4174 verbis
1086 4108 1543 4191 acquiesceret.

401 4191 727 4277 Sequitur
794 4193 1101 4277 deinceps
1156 4214 1199 4259 a
1262 4190 1555 4259 Samuele
1617 4193 1866 4257 iussum
1922 4187 2181 4255 Saulem

244 4275 606 4346 adscendere
649 4284 794 4346 ante
834 4300 901 4345 se
943 4280 1015 4346 in
1056 4277 1380 4360 excelsum,
1421 4283 1509 4358 ut,
1552 4277 1787 4362 inquit,
1849 4275 2180 4343 comedatis

242 4380 466 4431 mam
505 4365 724 4432 hodie:
761 4370 818 4432 et
857 4365 1169 4432 dimittam
1221 4369 1279 4430 te
1334 4383 1555 4430 mane.-
1609 4362 1920 4447 qm'dquid
1977 4366 2183 4428 autem

244 4453 327 4513 est
364 4450 434 4516 iu
476 4452 700 4519 animo
737 4456 844 4519 tuo
884 4450 1014 4517 iam
1056 4451 1265 4517 indico
1305 4448 1452 4516 tibi.-
1492 4469 1708 4533 nempe
1738 4447 1904 4532 qaod
1936 4448 2023 4513 ad
2054 4449 2183 4514 asi·

241 4552 351 4629 {tas
405 4556 573 4618 quae
631 4539 907 4605 amissae
957 4541 1155 4618 erant,
1210 4557 1287 4603 ne
1338 4534 1619 4604 admeto
1673 4535 1977 4610 animum,
2032 4554 2184 4601 nam

240 4627 518 4689 :namtas
572 4629 740 4690 sunt.
829 4625 1049 4707 Atque
1114 4623 1379 4690 interim
1444 4621 1843 4689 mentionem
1896 4619 2181 4702 aliquam

240 4704 440 4773 iniicit
484 4709 921 4776 revelationis
962 4730 1160 4793 quam
1205 4716 1561 4792 acceperat,
1605 4716 1670 4773 et
1704 4705 1881 4772 illius
1917 4716 2180 4789 gustum

243 4788 521 4876 aliquem
544 4796 727 4876 facit,
772 4817 972 4881 quum
1009 4795 1136 4862 ait:
1179 4793 1361 4880 Erya
1402 4813 1583 4878 quem
1617 4797 1824 4859 autem
1865 4796 1955 4856 est
1995 4796 2186 4857 totum

242 4875 623 4947 desiderium
682 4882 953 4949 Israelis
966 4881 1005 4946 ἓ
1071 4900 1273 4947 nonne
1328 4899 1476 4965 erya
1528 4884 1603 4959 te,
1667 4883 1726 4944 et
1788 4897 1938 4962 erya
1994 4881 2186 4943 totam

239 4961 553 5040 familiam
622 4969 841 5049 patris
917 4968 1015 5032 tui
1029 4966 1064 5031 ‚2
1164 4966 1295 5032 Hic
1371 4963 1851 5032 observandum
1932 4982 2183 5030 morem

240 5044 413 5115 illius
475 5054 796 5139 temporis
852 5063 920 5120 et
978 5051 1195 5138 gentis
1248 5053 1453 5119 fuisse
1510 5051 1725 5118 cibum
1786 5069 2017 5132 capere
2059 5049 2182 5115 sub

242 5151 606 5216 vesperam,
675 5140 845 5223 quod
910 5161 1043 5206 non
1081 5148 1331 5204 -essent
1393 5136 1723 5204 ordinaria
1788 5144 1855 5202 et
1920 5145 2182 5202 assueta

241 5221 531 5300 prandia.
630 5223 767 5292 Sub
825 5244 1168 5311 vesperam
1222 5226 1442 5308 itaque
1499 5221 1879 5291 coenabant.
1969 5220 2183 5288 Voces

438 5320 677 5383 Gabini
703 5342 897 5399 opera:
968 5326 1090 5384 Vol.
1119 5324 1354 5384 XXIX.

1598 309 1698 376 IN
1743 310 1794 376 1.
1842 310 2022 377 LIB.
2066 308 2468 378 SAMUEL.
2516 310 2716 378 CAP.
2761 308 2888 377 IX.

4103 312 4231 379 578

2269 508 2510 586 ‚autem
2534 500 2705 580 illae,
2749 500 2837 567 ad
2878 520 3056 582 quem
3091 504 3181 565 est
3212 503 3403 565 totum
3434 498 3839 577 desiderium,
3886 500 4238 584 dupliciter

2287 597 2565 671 possunt
2622 586 2955 669 explicari,
3015 598 3132 650 aut
3189 585 3376 668 quasi
3436 583 3712 669 populus
3757 584 4026 652 Saulem
4082 587 4232 655 fieri

2286 692 2511 755 regem
2556 681 2839 756 expetat,
2896 685 2962 738 et
3011 671 3226 736 solum
3271 669 3457 736 illum
3503 670 3831 754 respiciat,
3893 683 4005 737 aut
4061 672 4233 739 desi-

2288 756 2545 822 derium
2590 777 2707 842 pro
2750 778 2821 822 re
2876 755 3237 823 desiderata
3291 757 3581 840 ponitur,
3644 775 3728 821 ex
3789 778 3910 821 usu
3971 758 4236 844 linguae

2284 840 2625 909 hebraeae.
2716 841 2904 925 Quae
2967 843 3286 926 posterior
3350 841 3696 925 explicatio
3762 842 4027 909 videtur
4080 846 4238 911 sim-

2285 929 2537 1012 plicior,
2578 937 2658 996 ut
2701 927 3096 995 desiderium
3140 948 3257 1012 pro
3303 948 3373 993 re
3418 927 3784 993 desiderata
3817 928 4121 1013 pretiosa,
4166 943 4235 1000 et

2284 1013 2633 1082 excellenti
2717 1023 3019 1099 ponatur.
3141 1014 3451 1098 Regnum
3539 1013 3750 1098 igitur
3825 1014 4236 1101 intelligitur.

2283 1100 2567 1168 Interim
2645 1100 3124 1168 observandum
3192 1109 3295 1166 est
3357 1098 3577 1166 Deum
3647 1097 3869 1165 Saulis
3934 1103 4234 1168 animum

2285 1187 2685 1270 disposuisse
2708 1186 2791 1254 ad
2816 1185 3145 1253 Samuelis
3172 1184 3379 1252 verba
3398 1184 3783 1269 simpliciter
3805 1186 4236 1254 admittenda.

2282 1273 2454 1339 Nam
2511 1272 2828 1359 suspicari
2884 1281 3160 1355 poterat,
3226 1282 3479 1356 patrem
3541 1271 3815 1337 anxium
3874 1291 4014 1338 esse
4073 1272 4232 1357 quid

2284 1357 2366 1423 de
2410 1379 2481 1425 se
2525 1360 2768 1424 factum
2813 1368 3004 1437 esset,
3062 1376 3137 1423 ao
3194 1355 3467 1440 proinde
3517 1376 3588 1423 se
3632 1356 3805 1442 apud
3849 1355 4233 1426 Samuelem

2282 1465 2622 1525 excusare,
2666 1453 2732 1510 et
2776 1442 3223 1509 dimissionem
3269 1453 3521 1526 petere:
3571 1442 3685 1510 sed
3729 1443 3897 1508 nihil
3941 1445 4073 1511 tale
4116 1446 4228 1512 fit:

2284 1529 2583 1598 Samueli
2626 1551 2696 1596 se
2738 1530 2810 1594 in
2854 1528 3155 1595 omnibus
3199 1527 3668 1612 obsequentem
3712 1550 3788 1595 ac
3829 1531 4233 1614 morigerum

2282 1617 2573 1701 praebet.
2659 1614 2888 1699 Neque
2953 1636 3114 1681 sane
3180 1614 3449 1681 dubium
3516 1624 3617 1679 est
3680 1615 3840 1698 quin
3898 1613 4233 1684 Dominus

2283 1723 2436 1767 eum
2480 1700 2775 1767 flexerit:
2821 1699 3368 1785 quemadmodum
3413 1721 3519 1765 res
3564 1721 3792 1766 omnes
3835 1702 4045 1786 ipsius
4086 1723 4237 1786 pro-

2284 1786 2582 1855 videntia
2644 1788 2787 1873 regi
2851 1794 3104 1854 eertum
3170 1795 3287 1852 est.
3375 1784 3628 1852 Idcirco
3692 1784 3963 1853 Samuel
4027 1790 4232 1855 etiam

2283 1873 2501 1941 verbis
2543 1873 2682 1939 suis
2724 1870 3204 1956 quodammodo
3249 1869 3447 1937 fidem
3484 1872 3657 1952 fecit,
3702 1885 3776 1938 ut
3811 1873 4024 1939 maius
4059 1875 4234 1957 apud

2281 1959 2471 2025 illum
2518 1957 2838 2025 haberent
2877 1957 3156 2043 pondus,
3216 1967 3283 2022 et
3324 1978 3404 2023 ea
3445 1965 3760 2042 tanquam
3804 1978 3843 2022 a
3883 1959 4030 2024 Deo
4074 1981 4233 2044 pro-

2283 2047 2454 2112 fecta
2511 2045 2643 2111 reci
2694 2054 2849 2124 eret,
2909 2065 3108 2128 quum
3170 2042 3440 2124 addidit,
3505 2064 3571 2110 se
3625 2044 3761 2126 ipsi
3812 2045 4121 2129 quidquid
4157 2048 4230 2113 in

2281 2132 2495 2198 animo
2561 2065 2820 2196 augebat
2891 2130 3321 2196 indicaturum
3335 2180 3354 2209 ,
3437 2129 3515 2195 de
3576 2130 3883 2196 asinabus
3946 2132 4231 2200 amissis.

2284 2216 2481 2297 Quod
2514 2238 2675 2283 sane
2696 2216 2836 2282 fieri
2874 2217 3018 2282 sine
3054 2215 3367 2300 peculiari
3405 2214 3804 2281 revelatione
3840 2238 3971 2282 non
3994 2217 4233 2302 potuit.

2285 2304 2509 2385 Quare
2546 2302 2816 2370 Saulem
2860 2304 3164 2387 oportuit,
3206 2301 3334 2367 nisi
3379 2300 3645 2368 omnino
3688 2310 4042 2368 contumax
4085 2325 4232 2371 esse

2285 2388 2607 2455 adversus
2651 2388 2869 2453 Deum
2915 2387 3133 2463 vellet.
3182 2407 3557 2472 agnoscere,
3602 2384 3981 2454 Samuelem
4026 2388 4111 2455 ad
4155 2410 4229 2458 se

2284 2475 2486 2541 fuisse
2527 2475 2826 2555 missum,
2883 2485 2957 2539 ut
3014 2473 3114 2539 illi
3171 2473 3245 2539 in
3303 2474 3604 2539 omnibus
3663 2493 3909 2541 morem
3951 2487 4233 2561 gereret,

2284 2571 2353 2626 et
2395 2560 2614 2627 iussus
2656 2580 2996 2625 remanere
3040 2558 3213 2643 apud
3258 2558 3655 2638 Samuelem,
3702 2561 3928 2626 volens
3970 2562 4233 2629 faceret.

2285 2645 2421 2714 Sed
2462 2666 2599 2713 non
2641 2645 2842 2712 fuisse
2887 2645 3268 2712 diuturnam
3315 2645 3511 2710 istam
3536 2644 3762 2712 Saulis
3795 2643 4233 2713 obedientiam

2284 2732 2481 2817 paulo
2548 2739 2697 2817 post
2760 2731 3146 2798 videbimus.
3244 2729 3693 2796 Nihilominus
3750 2752 3834 2797 ex
3900 2732 4023 2799 hoc
4088 2733 4232 2800 loco

2287 2817 2621 2898 discimus,
2679 2828 2978 2901 oportere
3036 2829 3113 2882 nt
3168 2837 3372 2899 quum
3415 2816 3633 2882 Deum
3691 2816 4030 2901 loquutum
4086 2839 4233 2886 esse

2285 2924 2404 2988 per
2459 2924 2729 2970 suorum
2794 2922 3137 2969 servorum
3203 2902 3641 2968 ministerium
3706 2904 4232 2989 cognoverimus,

2286 3010 2406 3056 nos
2465 2990 2550 3056 ad
2603 2990 2893 3073 ipsorum
2954 2988 3317 3055 doctrinam
3373 2989 3872 3068 conformemus,
3929 2988 4229 3074 dictoque

2285 3075 2418 3141 illis
2461 3075 2806 3141 audientes
2847 3075 3084 3142 simus:
3144 3094 3220 3142 ac
3276 3073 3532 3139 nullam
3574 3076 4072 3142 excusationem
4113 3082 4234 3142 aut

2286 3161 2605 3261 effugium
2647 3180 3040 3245 quaeramus
3086 3160 3143 3227 si
3184 3160 3259 3226 in
3300 3159 3512 3226 officio
3556 3159 3851 3227 faciendo
3895 3162 4233 3248 segniores

2283 3248 2626 3313 fuerimus.
2692 3246 2997 3330 Denique
3039 3247 3550 3331 quotiescunque
3592 3266 3727 3311 non
3772 3246 3989 3315 dubiis
4024 3247 4234 3333 signis

2282 3332 2788 3418 cognoverimus
2831 3331 3052 3400 Deum
3117 3353 3261 3400 esse
3327 3332 3436 3416 qui
3494 3332 3799 3417 loquitur,
3868 3334 4106 3401 dociles
4166 3341 4236 3398 et

2283 3430 2566 3486 attentos
2629 3439 2748 3485 nos
2811 3418 3270 3503 praebeamus,
3352 3438 3425 3484 ac
3511 3437 3898 3503 quacunque
3965 3419 4235 3487 duxerit

2282 3512 2514 3590 sponte
2571 3512 2634 3572 et
2700 3503 2902 3571 alacri
2960 3505 3179 3571 animo
3235 3523 3606 3588 sequamur.
3693 3504 3901 3572 Porro
3957 3507 4232 3573 Deusne

2282 3590 2610 3675 loquatur,
2676 3610 2760 3655 an
2822 3611 2956 3657 non
3013 3590 3204 3658 facile
3262 3610 3520 3674 semper
3583 3610 3620 3655 a
3714 3611 4031 3673 oscemus,
4099 3590 4235 3658 nisi

2283 3698 2401 3742 nos
2462 3675 2870 3762 negligentia
2927 3684 2995 3743 et
3056 3675 3366 3759 superbia
3429 3676 3607 3759 impe
3652 3677 3940 3744 iverint?
4049 3679 4226 3745 Nam

2281 3763 2395 3847 qui
2452 3764 2530 3829 fit
2584 3771 2663 3828 ut
2719 3762 3009 3828 maxima
3061 3783 3217 3847 pars
3276 3760 3620 3829 bominum
3673 3762 3806 3829 Dei
3862 3765 4229 3834 voluntatis

2280 3849 2514 3933 ignara
2573 3847 2680 3925 sit,
2748 3848 2875 3913 nisi
2935 3846 3111 3932 quod
3168 3848 3240 3913 in
3284 3848 3479 3914 rebus
3524 3847 3718 3914 nihili
3761 3849 4100 3935 falluntur,
4164 3864 4233 3919 et

2281 3955 2451 4019 quae
2514 3934 2649 3999 Dei
2711 3943 2869 3999 sunt
2930 3955 3065 4002 non
3131 3931 3412 4001 curant?
3501 3933 3595 3999 At
3658 3955 3847 4000 suam
3912 3938 4012 4005 illi
4074 3961 4235 4008 sane

2279 4020 2649 4087 mercedem
2715 4019 2965 4100 ferent,
3034 4019 3206 4103 quod
3271 4020 3485 4086 instar
3550 4020 3918 4088 belluarum
3984 4036 4232 4095 temere

2278 4115 2610 4192 vagentur
2652 4112 2720 4170 et
2761 4106 3147 4190 praecipites
3189 4106 3504 4172 ferantur.
3594 4104 3816 4188 Quare
3866 4110 4228 4194 optandum

2280 4202 2357 4257 ut
2396 4192 2584 4258 Deus
2628 4190 2917 4258 habenas
2960 4193 3222 4259 strictas
3275 4190 3460 4259 nobis
3504 4200 3744 4271 teneat,
3802 4215 3887 4260 ne
3944 4196 4015 4260 in
4069 4217 4228 4263 con-

2281 4278 2633 4344 tumaciam
2677 4286 2745 4342 et
2767 4275 3274 4344 rebellionemad
3305 4298 3534 4344 versus
3577 4279 3794 4361 ipsum
3838 4281 4230 4366 praecipites

2281 4364 2587 4430 feramur.
2678 4361 2927 4430 Contra
2981 4363 3037 4429 si
3096 4364 3332 4430 attenti
3392 4374 3460 4429 et
3504 4362 3851 4450 diligentes
3892 4365 4229 4451 fuerimus,

2282 4456 2537 4517 certum
2616 4457 2717 4514 est
2776 4448 2994 4515 Deum
3076 4449 3262 4516 nobis
3343 4451 3522 4515 viam
3589 4469 3783 4534 quam
3846 4451 4233 4522 insistamus

2284 4541 2825 4602 monstraturum.
2913 4534 3048 4602 Sed
3106 4536 3471 4602 maximum
3529 4535 3759 4601 multis
3800 4536 4234 4621 impedimen-

2284 4630 2428 4686 tum
2486 4627 2554 4687 et
2606 4639 2865 4687 remora
2922 4631 3024 4688 est
3080 4621 3404 4706 superbia.
3492 4620 3684 4704 Nam,
3742 4621 4028 4701 obsecro,
4073 4644 4234 4708 quo·

2283 4705 2672 4791 tusquisque
2750 4706 3115 4792 integritati
3191 4719 3255 4774 et
3319 4708 3682 4774 sinceritati
3746 4708 3926 4773 vitae
3991 4710 4236 4793 studet,

2284 4801 2402 4860 aut
2459 4791 2545 4858 ad
2597 4792 2818 4858 Deum
2875 4794 3127 4860 sincere
3188 4793 3485 4861 converti
3531 4791 3822 4875 expetit?
3913 4792 4230 4876 Quinimo

2283 4899 2473 4945 suam
2532 4878 2808 4962 quisque
2858 4879 3250 4963 opinionem,
3310 4888 3378 4943 et
3433 4896 3554 4943 sua
3608 4879 3862 4944 somnia
3912 4882 4234 4966 sequitur,

2283 4974 2349 5030 et
2391 4964 2463 5029 in
2507 4964 2656 5030 avia
2699 4983 3009 5049 praeceps
3054 4965 3278 5044 fertur,
3337 4963 3440 5029 sui
3483 4963 3692 5047 ipsius
3734 4983 3954 5032 amore
3999 4968 4236 5052 decep-

2284 5060 2413 5131 tus,
2480 5058 2548 5116 et
2608 5048 2734 5116 sibi
2799 5050 2928 5135 ipsi
2992 5052 3265 5116 nimium
3332 5048 3611 5132 sapiens.
3711 5049 3983 5118 Accedit
4047 5053 4232 5121 aliud

2283 5135 2479 5221 longe
2546 5136 2823 5220 gravius
2890 5136 3155 5213 malum,
3222 5133 3396 5220 quod
3457 5134 3923 5220 cupiditatibus
3983 5142 4232 5209 nostris

2284 5221 2597 5303 cedimus,
2665 5222 2901 5306 quibus
2965 5224 3180 5306 potius
3246 5242 3443 5306 quam
3504 5220 3699 5287 rectis
3764 5224 4056 5292 consiliis
4120 5247 4236 5309 pa-
