5059 6059
852 335 979 402 431

855 543 1053 621 quam
1097 521 1411 586 defutura.
1499 518 1722 600 Quare
1764 517 1916 584 licet
1958 516 2310 599 contempti
2354 516 2578 595 simus,
2632 518 2782 582 licet

856 607 1293 676 conviciorum
1340 626 1414 671 ac
1485 605 2028 671 contumeliarum
2101 603 2278 666 omni
2337 623 2575 686 genere
2635 624 2781 685 pro-

858 693 1247 770 scindamur,
1306 690 1458 755 licet
1517 691 1726 755 instar
1783 689 2275 788 quisquiliarum
2322 710 2396 753 ac
2440 688 2782 752 retrimen-

862 791 1073 844 torum
1118 776 1293 860 apud
1338 777 1532 841 huius
1576 775 1815 840 saeculi
1874 775 2171 839 homines
2214 774 2436 850 simus,
2504 775 2784 858 denique

862 865 1045 930 nobis
1088 862 1241 928 licet
1283 862 1570 926 mundus
1613 862 1905 937 insultet,
1952 873 2016 925 et
2060 882 2175 942 pro
2219 860 2466 923 viribus
2506 860 2783 939 resistat,

861 961 1079 1016 tamen
1147 949 1203 1012 si
1268 947 1681 1030 evangelium
1740 966 1897 1011 vera
1955 946 2081 1010 fide
2125 945 2406 1027 amplexi
2452 945 2785 1024 fuerimus,

859 1036 916 1100 si
984 1043 1545 1100 sacramentorum
1606 1033 1969 1115 legitimum
2030 1052 2219 1097 usum
2280 1031 2650 1108 babeamus,
2728 1032 2783 1095 si

858 1120 991 1184 Dei
1063 1139 1302 1183 nomen
1359 1119 1430 1182 in
1484 1116 1613 1183 fide
1673 1128 1739 1182 et
1794 1118 2069 1183 veritate
2132 1116 2458 1199 supplices
2529 1118 2782 1181 invoca·

857 1206 1169 1283 verimus,
1235 1206 1289 1269 si
1357 1224 1509 1269 vere
1573 1214 1643 1268 et
1707 1224 1788 1268 ex
1856 1204 2071 1266 animo
2128 1223 2248 1266 nos
2308 1201 2432 1265 Dei
2476 1203 2780 1284 populum

862 1291 1135 1373 professi
1190 1290 1528 1364 fuerimus,
1591 1298 1658 1353 et
1714 1289 1950 1352 nostris
2010 1287 2072 1350 id
2131 1288 2432 1368 operibus
2477 1299 2782 1352 testatum

861 1377 1223 1452 fecerimus,
1283 1397 1367 1439 ne
1399 1395 1710 1474 ‘unquam
1765 1373 2054 1438 animum
2102 1372 2644 1454 despondeamus:
2709 1395 2785 1438 ac

862 1462 1016 1526 licet
1058 1461 1350 1525 omnium
1396 1461 1650 1524 iniuriis
1696 1460 1973 1558 expositi
2021 1458 2376 1533 videamur,
2423 1471 2640 1523 tamen
2679 1458 2785 1522 ad-

863 1548 998 1613 fore
1042 1545 1257 1611 Deum
1296 1545 1638 1620 vindicem,
1685 1565 1759 1609 ac
1796 1545 1967 1609 vires
2004 1565 2208 1608 novas
2243 1509 2515 1608 subinde
2552 1545 2782 1609 suffec-

862 1643 1082 1697 turum
1150 1651 1528 1714 persuasum
1589 1596 1963 1694 habeamus.
2051 1628 2264 1709 Quam
2310 1650 2464 1692 sane
2510 1629 2683 1693 viam
2728 1630 2785 1693 si

861 1719 1359 1802 perrexerimus,
1396 1738 1479 1780 ne
1513 1715 1886 1780 dubitemus
1917 1716 2070 1797 quin
2098 1716 2309 1778 Deum
2334 1714 2782 1780 auxiliatorem

862 1815 927 1867 et
951 1815 1370 1878 servatorem,
1394 1803 1761 1884 quicunque
1785 1821 1972 1866 casus
1996 1802 2320 1900 ingruant,
2344 1801 2784 1882 experiamur:

864 1899 928 1953 et
962 1888 1155 1953 modo
1190 1886 1272 1953 ad
1308 1888 1496 1951 illum
1535 1909 1662 1951 non
1697 1888 1847 1951 ficta
1883 1888 2277 1986 poenitentia
2312 1897 2784 1962 convertamur,

864 1975 944 2039 ab
1020 1973 1161 2056 ipso
1233 1973 1684 2037 remissionem
1740 1973 2029 2036 omnium
2089 1982 2495 2054 peccatorum
2553 1972 2786 2053 quibus

861 2061 1000 2125 eius
1044 2061 1207 2124 iram
1253 2079 1511 2123 eramus
1557 2058 1909 2140 promeriti,
1960 2058 2265 2121 facillime
2299 2077 2785 2140 consequamur.

1030 2145 1175 2210 Iam
1219 2164 1380 2210 vero
1424 2165 1642 2209 coram
1687 2142 1815 2207 Dei
1855 2150 1957 2209 etc.

1410 2398 1902 2480 HOMILIA
1945 2398 2257 2480 XVIII·

1040 2534 1141 2600 13.
1191 2534 1512 2632 mumque
1569 2532 1673 2597 ille
1732 2534 2028 2599 venisset.-
2093 2533 2243 2600 Heli
2296 2534 2540 2600 sedebat
2601 2556 2791 2635 super

864 2621 1084 2689 sellam
1140 2623 1351 2685 eontra
1408 2618 1580 2682 viam
1638 2623 1941 2702 spectans.
2033 2617 2202 2685 Erat
2259 2625 2464 2685 autem
2509 2640 2612 2684 cor
2653 2623 2790 2686 eius

855 2726 1099 2791 pavens
1144 2725 1269 2787 pro
1319 2724 1471 2769 arca
1514 2703 1662 2768 Dei.
1766 2703 1880 2768 Vir
1921 2711 2132 2771 autem
2174 2705 2278 2770 ille
2327 2712 2657 2788 postquam
2695 2707 2790 2771 in-

860 2812 1115 2877 yressus
1156 2794 1263 2870 est,
1318 2789 1642 2854 nunciavit
1683 2789 1844 2865 urbi,
1898 2796 1952 2854 et
1992 2791 2261 2856 ululavit
2305 2793 2508 2855 omnis
2549 2793 2785 2857 civitas.

868 2878 967 2943 14.
1018 2877 1103 2942 Et
1142 2840 1384 2941 audivit
1419 2874 1569 2940 Heli
1609 2876 1878 2940 sonitum
1910 2877 2227 2957 clamoris,
2270 2877 2587 2958 dixitque.-
2632 2878 2789 2959 Quis

861 2968 952 3029 est
993 2962 1094 3029 hic
1136 2962 1381 3028 sonitus
1424 2962 1723 3025 tumultus
1764 2960 1983 3028 huius.
1972 2963 2005 3011 9
2074 2961 2163 3026 At
2203 2926 2308 3027 ille
2346 2963 2686 3041 festinavit,
2731 2967 2787 3027 ει

862 3049 1044 3128 venit,
1103 3052 1161 3113 et
1199 3047 1521 3113 nunciavit
1565 3045 1730 3110 Heli.
1824 3046 1921 3112 15.
1970 3045 2119 3112 Heli
2160 3053 2363 3112 autem
2419 3053 2554 3113 erat
2596 3069 2784 3112 nona-

859 3135 1044 3218 ginta
1096 3139 1155 3198 et
1203 3137 1329 3198 octo
1388 3151 1713 3209 annorum,
1767 3135 1819 3195 ει
1863 3133 2023 3199 oculi
2067 3133 2204 3196 eius
2243 3133 2685 3215 caliyaverant,
2729 3138 2786 3199 ει

859 3219 1069 3284 videre
1108 3238 1233 3282 non
1267 3222 1529 3299 poterat.
1625 3180 1724 3281 16'.
1771 3214 1860 3280 Et
1900 3219 2066 3283 dixit
2109 3218 2195 3284 ad
2236 3217 2420 3283 Heli.-
2466 3217 2602 3302 qu
2642 3239 2784 3283 sum

858 3305 969 3387 qui
1025 3304 1167 3369 veni
1218 3303 1294 3368 de
1342 3302 1607 3385 praelio,
1673 3306 1730 3365 ει
1782 3322 1885 3386 eqo
1941 3304 2054 3385 qui
2097 3303 2169 3367 ᾶε
2212 3304 2342 3369 acie
2381 3303 2523 3386 fuyi
2579 3304 2780 3371 hodie.

864 3388 987 3456 Cui
1043 3389 1152 3455 ille
1193 3389 1320 3453 ait.-
1382 3387 1549 3468 Quid
1589 3391 1797 3451 actum
1837 3394 1945 3471 est,
1983 3388 2083 3469 fili
2124 3389 2264 3454 mi?
2355 3388 2454 3454 17.
2503 3389 2781 3473 Respon-

861 3475 1014 3540 dens
1071 3479 1276 3539 autem
1334 3473 1441 3537 ille
1480 3472 1592 3554 qui
1635 3472 2000 3538 nunciabat.-
2043 3473 2257 3557 Fuyit,
2298 3475 2519 3556 inquit,
2579 3476 2785 3541 Israel

860 3578 1069 3624 coram
1096 3559 1468 3631 Philistiim,
1513 3564 1571 3623 ει
1610 3560 1803 3622 ruina
1845 3579 2080 3642 mayna
2109 3560 2481 3641 factae-stin
2517 3562 2780 3642 populo·

857 3644 1118 3726 insuper
1160 3650 1217 3708 ει
1252 3644 1376 3708 duo
1405 3644 1531 3726 filii
1574 3645 1669 3708 tui
1711 3646 1938 3708 mortui
1971 3650 2137 3728 sunt,
2188 3645 2397 3725 Ophni
2417 3651 2475 3711 et
2493 3646 2779 3730 Phineos,

857 3733 913 3794 ει
955 3749 1106 3794 arca
1151 3728 1282 3795 Dei
1324 3734 1508 3810 capta
1551 3735 1658 3794 est.
1748 3729 1848 3794 18.
1903 3730 2220 3813 Quumque
2259 3731 2366 3797 ille
2406 3733 2784 3798 nominasset

855 3834 1072 3880 arcam
1114 3812 1259 3892 Dei,
1316 3815 1533 3879 cecidit
1587 3815 1663 3879 de
1717 3814 1873 3879 sella
1925 3820 2271 3880 retrorsum
2315 3818 2493 3881 iuxta
2536 3819 2779 3900 ostium,

859 3903 916 3965 ει
978 3899 1207 3980 fractis
1264 3899 1599 3964 cervicibus
1653 3905 1940 3965 mortuus
1995 3906 2098 3966 est.
2191 3900 2391 3966 Senex
2447 3905 2613 3967 enim
2652 3909 2786 3968 erat

860 3985 979 4059 vir,
1039 3989 1098 4048 et
1136 3984 1568 4066 yrandaevus.
1616 3990 1673 4048 et
1726 3987 1861 4064 ipse
1903 3986 2208 4051 iudicavit
2251 3986 2457 4052 Israel
2511 3989 2782 4069 quadra-

857 4069 1039 4154 yinta
1095 4069 1301 4135 annis,
1396 4069 1494 4133 19.
1541 4069 1770 4136 Nurus
1824 4075 2031 4135 autem
2086 4073 2242 4150 εἰπε,
2297 4093 2457 4137 uxor
2498 4073 2782 4157 Phinees,
2865 4113 2870 4118 ι

852 4173 1224 4238 praeqnans
1289 4159 1455 4232 erat,
1529 4156 1855 4237 vicinaque
1902 4158 2159 4239 partui,
2215 4162 2271 4222 ει
2307 4159 2520 4223 audito
2562 4161 2784 4225 nuncio

862 4242 1025 4322 quod
1087 4245 1270 4323 capta
1327 4245 1478 4305 esset
1534 4261 1683 4305 arca
1739 4241 1884 4316 Dei,
1948 4247 2342 4307 etmortuus
2404 4249 2555 4308 esset
2615 4264 2784 4310 socer

861 4346 1040 4410 suuS,
1084 4330 1140 4390 et
1181 4325 1283 4389 vir
1326 4345 1501 4400 suus,
1548 4327 1895 4391 incurvavit
1934 4347 1999 4392 se
2041 4333 2096 4391 ει
2130 4329 2400 4427 peperit.
2462 4330 2786 4396 irruerant

860 4412 1030 4477 enim
1082 4411 1153 4475 in
1194 4430 1334 4474 eam
1388 4410 1625 4476 dolores
1665 4411 1873 4476 subiti.
1958 4413 2059 4477 20.
2106 4413 2191 4477 In
2237 4414 2371 4495 ipso
2412 4420 2616 4480 autem
2655 4435 2783 4479 mo·

861 4503 1059 4563 mento
1100 4497 1318 4562 mortis
1351 4496 1506 4578 eius,
1551 4496 1843 4562 dixerunt
1863 4497 1921 4562 ei
1940 4518 2098 4578 quae
2136 4499 2379 4564 stabant
2410 4503 2579 4565 circa
2620 4521 2786 4567 eam.-

866 4582 969 4649 Ne
1006 4582 1246 4659 timeaS,
1284 4582 1435 4662 quia
1475 4582 1683 4663 filium
1712 4583 2067 4664 perperisti.
2161 4584 2330 4665 Quae
2370 4605 2495 4649 non
2540 4607 2787 4668 respon·

863 4668 959 4732 dit
1012 4668 1122 4740 eis,
1179 4687 1370 4748 neque
1426 4668 1884 4733 animadvertit.
1970 4669 2071 4733 21.
2121 4668 2208 4733 Et
2248 4672 2482 4735 vocavit
2510 4692 2786 4752 puerum

865 4751 1152 4835 Ickabod,
1195 4752 1437 4817 dicens.-
1494 4753 1835 4818 Translata
1877 4757 1965 4817 est
2000 4754 2206 4837 yloria
2250 4755 2325 4821 de
2366 4755 2592 4835 Israel,
2636 4759 2787 4840 quia

861 4843 1048 4920 capta
1104 4843 1195 4903 est
1249 4857 1401 4903 arca
1443 4838 1586 4904 Dei.
1676 4838 1765 4903 Et
1804 4860 1922 4921 pro
1973 4859 2179 4904 socero
2221 4861 2354 4916 suo,
2399 4847 2454 4906 et
2482 4863 2609 4926 pro
2650 4845 2786 4909 viro

864 4942 980 4989 suo
1021 4922 1137 4989 ait:
1206 4922 1308 4988 22.
1353 4924 1703 4990 Translata
1745 4929 1834 4990 est
1870 4924 2079 5008 pluria
2122 4924 2200 4990 ab
2238 4925 2476 4992 Israel:
2516 4948 2588 4993 εο
2628 4930 2787 5011 qnod

862 5014 1047 5089 capta
1088 5014 1241 5074 esset
1281 5030 1431 5076 arca
1472 5009 1617 5076 Dei.

1036 5126 1141 5191 De
1182 5128 1359 5194 obitu
1402 5129 1639 5193 summi
1683 5127 2031 5195 sacerdotis
2073 5128 2227 5195 Heli
2271 5139 2337 5195 et
2380 5141 2585 5197 morte
2627 5153 2785 5198 uxo·

867 5208 962 5276 ris
1005 5209 1303 5296 Phinees,
1349 5234 1513 5297 quae
1558 5214 1799 5297 duplex
1839 5215 2154 5300 quaedam
2198 5225 2266 5281 et
2297 5218 2625 5302 geminata
2664 5218 2787 5284 fuit

2474 327 2884 395 HOMILIA
2927 327 3193 394 XVIII.

4630 338 4721 404 432

2884 517 3078 601 plaga
3123 538 3252 601 qua
3293 517 3566 600 populus
3610 538 3650 581 a
3685 517 3829 580 Deo
3874 536 4096 582 caesus
4130 523 4248 595 est,
4293 518 4486 583 acturi
4537 542 4728 591 sumus.

2885 604 3113 685 Neque
3177 603 3348 666 enim
3417 613 3670 667 tantum
3738 610 3879 666 erat
3931 623 4225 668 summus
4283 604 4553 671 sacerdos
4595 607 4730 694 Heli,

2885 689 3018 771 sed,
3064 697 3138 753 ut
3181 688 3288 754 hic
3332 687 3517 753 docet
3558 697 3916 765 contextus,
3974 709 4088 770 per
4130 709 4332 755 annos
4373 660 4730 789 quadraginta

2888 774 3196 874 populum
3261 785 3537 839 rexerat.
3626 772 3847 854 Quare
3891 773 4067 838 obitu
4112 774 4287 839 illius
4329 776 4451 839 viri
4489 791 4728 845 sanctua-

2888 862 3053 923 rium
3099 880 3216 924 suo
3259 859 3501 924 honore
3539 868 3606 924 et
3650 859 3964 942 dignitate
4006 860 4348 941 spoliatum
4391 862 4603 927 iacere:
4651 865 4732 930 de·

2887 944 3039 1009 inde
3085 946 3280 1009 etiam
3345 945 3735 1044 reipublicae
3801 945 4271 1009 administratio
4336 949 4636 1027 corruisse,
4683 959 4732 1015 et

2889 1029 3063 1095 unde
3107 1050 3363 1096 summa
3393 1033 3459 1094 in
3485 1029 3816 1096 Israelitas
3859 1030 4233 1114 impendere
4276 1030 4562 1098 desolatio
4599 1034 4732 1101 vide-

2891 1116 3097 1182 batur.
3167 1117 3567 1180 Nominatim
3613 1137 3764 1181 vero
3809 1117 4068 1198 quidam
4096 1116 4200 1182 bic
4245 1116 4471 1182 dicitur
4491 1139 4562 1183 ex
4594 1140 4732 1219 prse-

2888 1203 2976 1266 lio
3019 1203 3363 1301 aufugisse,
3432 1203 3735 1267 nuntium
3781 1200 3956 1266 hunc
4018 1203 4372 1281 adlaturus,
4435 1212 4496 1268 et
4546 1207 4735 1287 ipsoin

2890 1289 3115 1352 urbem
3183 1289 3494 1371 ingresso,
3562 1295 3627 1351 et
3691 1287 3974 1352 recitatis
4032 1287 4111 1353 iis
4176 1308 4342 1370 quae
4405 1288 4735 1370 accidissent,

2889 1385 3145 1438 tautum
3192 1373 3492 1439 omnibus
3526 1384 3855 1455 stuporem
3900 1373 4187 1451 allatum,
4233 1383 4309 1437 ιιι
4351 1383 4538 1438 totam
4560 1376 4736 1443 urbem

2889 1460 3222 1523 inconfusa
3267 1458 3613 1524 multitudo
3659 1458 4010 1523 ululatibus
4053 1459 4439 1542 impleverit,
4481 1460 4651 1525 donec
4677 1461 4738 1525 ad

2889 1546 3098 1627 ipsum
3144 1544 3345 1608 Helin
3391 1544 3711 1609 tumultus
3755 1544 3865 1608 ille
3909 1546 4330 1626 pervenisset.
4409 1544 4474 1610 Is
4515 1567 4646 1611 vero
4678 1545 4738 1610 ad

2891 1647 3023 1694 tam
3081 1631 3432 1694 infaustum
3479 1630 3785 1695 nuncium
3833 1639 4079 1694 vestem
4127 1631 4454 1711 laceravit,
4495 1641 4554 1697 et
4590 1641 4740 1714 caput

2890 1716 3159 1798 pulvere
3214 1715 3539 1798 respersit,
3585 1716 3699 1797 qui
3758 1725 3914 1780 tunc
3965 1737 4105 1780 mos
4155 1715 4497 1794 obtinebat,
4537 1725 4596 1781 et
4629 1738 4740 1800 grs-

2892 1801 3137 1864 vissimi
3208 1799 3418 1865 luctus
3475 1802 3737 1884 signum
3797 1810 3953 1866 erat.
4039 1801 4269 1883 Neque
4330 1823 4479 1867 vero
4531 1823 4742 1884 prorsus

2888 1886 3137 1951 inutilis
3212 1887 3635 1962 caeremonia,
3724 1886 3893 1969 quod
3960 1887 4052 1951 ita
4117 1885 4448 1953 discebant
4507 1887 4743 1951 homines

2889 1992 3034 2038 sese
3090 1991 3308 2035 coram
3365 1972 3488 2036 Dei
3545 1972 3879 2037 maiestate
3935 1971 4228 2052 deiicere,
4295 1993 4489 2057 seque
4530 1973 4744 2037 miseros

2891 2068 3251 2141 peccatores
3317 2076 3682 2140 agnoscere,
3748 2078 3949 2141 quum
4011 2057 4218 2142 plagis
4281 2079 4394 2124 eos
4454 2060 4613 2124 Deus
4660 2057 4745 2122 ali·

2892 2143 3125 2226 quibus
3169 2141 3507 2208 afficiebat.
3595 2143 3742 2208 Etsi
3787 2164 3939 2209 vero
3984 2164 4116 2208 non
4160 2154 4316 2210 sunt
4359 2142 4588 2209 hodio
4571 2165 4630 2208 ιιι
4659 2163 4746 2208 usu

2891 2230 3043 2293 illae
3087 2228 3530 2295 caeremoniae
3574 2249 3738 2310 quae
3780 2229 3934 2295 olim
3979 2230 4305 2311 vigebant,
4351 2239 4560 2295 tamen
4591 2250 4745 2312 quum

2893 2337 2933 2380 a
2991 2313 3133 2378 Deo
3190 2314 3592 2397 corripimur,
3650 2323 3716 2379 et
3772 2314 3980 2397 plagis
4037 2314 4388 2396 caedimur,
4440 2335 4522 2380 ex
4569 2314 4749 2398 quibus

2896 2421 3014 2465 nos
3057 2399 3231 2464 illius
3271 2400 3341 2463 in
3387 2420 3504 2464 nos
3547 2401 3714 2463 iram
3756 2400 4112 2465 concitasse
4147 2401 4600 2484 cognoscimus,
4637 2397 4753 2482 quid

2893 2494 3188 2569 superest
3245 2485 3372 2549 nisi
3431 2495 3505 2548 ut
3551 2485 3780 2549 saltem
3839 2484 4022 2551 luctu
4066 2495 4339 2551 externo
4383 2484 4691 2551 dolorem
4677 2505 4751 2547 m·

2894 2583 3149 2636 ternum
3195 2579 3527 2647 testemur,
3570 2568 3742 2654 quod
3786 2571 3923 2655 ipse
3969 2570 4153 2636 nobis
4197 2572 4383 2637 Deus
4425 2571 4617 2637 veluti
4653 2569 4751 2635 bel·

2892 2658 3025 2721 lum
3092 2655 3403 2721 indixerit
3467 2667 3529 2720 et
3595 2656 3810 2738 ipsum
3884 2657 4367 2739 antagonistam
4425 2656 4750 2722 habeamus:

2893 2753 3087 2825 atque
3126 2752 3386 2824 peccata
3428 2743 3831 2820 confitentes,
3874 2743 4151 2825 gratiam
4198 2751 4264 2808 et
4298 2739 4751 2809 misericordiam

2892 2828 3030 2893 eius
3086 2826 3412 2910 supplices
3467 2827 3857 2906 invocemus,
3917 2828 4377 2927 gravioresque
4420 2848 4636 2911 poenas
4670 2824 4751 2889 de-

2890 2910 3267 2997 precemur?
3312 2911 3708 2976 Nominatim
3755 2932 3907 2978 vero
3942 2913 4139 2979 etiam
4180 2913 4335 2979 Heli
4371 2925 4585 2979 contra
4617 2911 4751 2977 viam

2887 3008 3210 3082 spectasse
3253 2997 3508 3079 dicitur,
3551 3007 3618 3062 et
3658 2997 3789 3064 illic
3832 2997 4065 3063 sedens
4109 3019 4305 3082 super
4349 2991 4566 3066 sellam
4596 3015 4751 3080 propo

2888 3084 3327 3150 sanctuarium
3411 3082 3492 3146 de
3571 3093 3755 3147 tanta
3831 3083 4013 3149 clade
4090 3084 4403 3149 nuncium
4466 3082 4748 3165 accepisse.

2888 3171 3234 3234 Praeterea
3291 3187 3493 3250 quum
3547 3168 3832 3233 filiorum
3892 3168 4108 3236 obitus
4149 3170 4249 3235 illi
4291 3170 4751 3243 renunciarem,

2888 3276 3014 3320 non
3072 3253 3232 3319 adeo
3289 3262 3645 3319 commotus
3701 3254 3955 3329 dicitur.
4017 3254 4172 3338 quin
4231 3255 4488 3339 placide
4527 3262 4751 3320 mortem

2887 3340 3146 3404 illorum
3208 3338 3448 3415 tulerit,
3513 3337 3628 3405 sed
3684 3339 3764 3404 ad
3828 3339 4120 3405 auditum
4168 3344 4486 3407 nuncium
4528 3339 4601 3406 de
4638 3355 4753 3404 aros

2882 3425 3160 3491 foederis
3215 3425 3286 3488 in
3328 3425 3771 3507 captivitatem
3816 3424 3897 3490 ab
3942 3425 4235 3491 hostibus
4278 3427 4570 3506 abducta,
4620 3429 4753 3490 tant-

2884 3530 3078 3593 opere
3149 3510 3501 3593 perculsus,
3576 3522 3648 3575 ιιι
3702 3523 3966 3594 repente
4024 3513 4318 3577 animum
4375 3513 4661 3579 abiiciens
4694 3506 4752 3572 ds

2883 3597 3040 3662 sella
3083 3594 3405 3674 deciderit,
3447 3596 3821 3679 cerviceque
3864 3598 4069 3663 fracta
4109 3610 4408 3664 mortuns
4437 3599 4536 3664 sit.
4614 3595 4752 3660 'Pris-

2884 3683 2970 3748 tis
3045 3701 3202 3747 sane
3256 3691 3321 3746 et
3374 3680 3709 3748 luctuosus
3763 3683 3929 3748 tanti
3982 3684 4108 3749 viri
4151 3685 4222 3747 in
4266 3693 4455 3749 tanta
4495 3681 4755 3766 dignitate

2881 3766 3232 3845 constituti,
3304 3768 3543 3867 summi
3603 3777 3763 3851 puta
3818 3766 4169 3834 sacerdotis
4224 3777 4291 3833 et
4347 3769 4419 3835 in
4476 3767 4757 3851 republica

2885 3854 3009 3917 viri
3055 3853 3347 3935 primarii
3390 3853 3626 3953 exitus:
3714 3854 3990 3918 Minime
4030 3853 4296 3937 quidem
4340 3855 4453 3920 ille
4487 3873 4628 3921 sane
4656 3850 4753 3915 for·

2884 3937 3108 4016 tuitus,
3173 3937 3343 4021 quod
3406 3939 3702 4021 superius
3764 3949 4040 4004 mortem
4105 3939 4387 4005 filiorum
4453 3940 4545 4005 illi
4596 3936 4756 4003 fuisso

2886 3988 3275 4106 praedictam
3320 4024 3781 4100 audiverimus,
3827 4033 3895 4089 et
3935 4025 4266 4110 ingentem
4311 4025 4386 4091 in
4429 4026 4757 4091 universum

2886 4109 3150 4175 Israelis
3221 4109 3530 4208 populum
3599 4108 4080 4176 desolationem.
4166 4110 4391 4191 Quare
4447 4112 4610 4176 iusto
4663 4103 4761 4171 Dei

2886 4193 3118 4261 iudicio
3175 4196 3392 4260 virum
3455 4194 3630 4260 hunc
3674 4195 3984 4261 cecidisse
4028 4195 4149 4262 hoc
4192 4218 4345 4262 casu
4393 4195 4759 4289 conspicuum

2888 4291 3002 4345 est.
3089 4279 3197 4346 Ex
3261 4300 3390 4363 quo
3456 4279 3758 4381 exemplo
3819 4280 4149 4360 discimus,
4216 4302 4411 4366 quam
4477 4301 4662 4366 grave
4693 4275 4759 4341 sit

2884 4364 3048 4429 iram
3108 4364 3232 4431 Dei
3278 4386 3409 4430 non
3455 4366 3854 4449 praevenire,
3918 4368 3971 4433 si
4018 4369 4400 4449 praesertim
4444 4376 4628 4433 antea
4661 4380 4754 4427 nos

2882 4461 3140 4516 mature
3195 4452 3693 4552 praemonuerit,
3759 4461 3826 4516 et
3867 4451 3951 4517 ad
3991 4454 4199 4535 ipsum
4246 4452 4582 4519 accedendi
4620 4451 4753 4516 irae·

2885 4558 3012 4619 que
3095 4538 3297 4620 ipsius
3374 4537 3724 4620 placandae
3787 4538 4067 4621 spatium
4132 4541 4538 4605 concesserit.
4617 4535 4753 4601 Nam

2886 4634 3137 4687 mature
3172 4624 3646 4705 praemonitum
3686 4623 3883 4688 Helin
3919 4626 4118 4690 misso
4154 4624 4235 4690 ad
4258 4624 4445 4689 illum
4470 4621 4754 4720 propheta,

2885 4718 2952 4773 et
3008 4707 3267 4789 quidem
3325 4709 3605 4790 repetita
3648 4729 3764 4808 per
3809 4708 4200 4790 Samuelem,
4259 4711 4412 4776 licet
4452 4709 4648 4775 adhuc
4679 4706 4752 4769 iu·

2889 4814 3135 4872 venem,
3198 4794 3464 4858 Domini
3511 4796 3772 4859 nomine
3815 4796 4318 4862 comminatione
4359 4794 4643 4879 superius
4678 4787 4754 4856 11·

2885 4877 3116 4945 dimus.
3205 4879 3304 4944 Ac
3360 4878 3516 4944 licet
3558 4878 3669 4944 ille
3713 4879 3838 4945 Dei
3883 4882 4094 4947 minas
4137 4902 4265 4947 non
4302 4881 4618 4965 spreverit
4644 4874 4756 4959 qui

2887 4965 3051 5040 dem,
3097 4984 3309 5048 neque
3350 4961 3662 5030 adversus
3704 4986 3852 5030 eum
3898 4967 4354 5032 murmurarit:
4421 4965 4532 5032 sed
4571 4971 4756 5030 contr·

2885 5051 3098 5132 potius
3158 5050 3478 5116 submisso
3536 5071 3611 5116 ac
3667 5049 3914 5132 placido
3958 5053 4175 5118 animo
4216 5073 4357 5118 sese
4402 5053 4541 5118 Deo
4579 5047 4756 5115 subie-

2886 5136 3063 5213 cerit,
3120 5145 3187 5201 et
3230 5134 3454 5221 plagas
3497 5138 3887 5219 exspectarit
3924 5158 4082 5221 quas
4127 5140 4410 5204 Domino
4452 5138 4756 5203 immittere

2885 5220 2983 5285 1111
3041 5222 3414 5306 placuisset.
3479 5243 3611 5288 non
3668 5229 3885 5290 tamen
3929 5222 4012 5289 ad
4054 5222 4320 5291 Domini
4353 5233 4630 5290 mentem
4665 5215 4757 5285 ad·
