5059 6059
273 366 398 433 325

266 555 530 636 cambit,
585 556 760 622 hanc
802 554 1163 624 doctrinam
1206 554 1534 638 meditari,
1593 563 1662 622 et
1703 576 1935 623 cavere
1978 577 2060 623 ne
2104 577 2211 624 ca-

267 642 500 708 thedra
558 643 861 708 veritatis
905 662 1023 708 sua
1067 642 1205 706 ulla
1250 642 1441 724 culpa
1485 644 1709 708 veniat
1753 644 1818 707 in
1874 642 2214 708 hominum

268 741 737 812 contemptum,
800 749 964 793 neve
1027 727 1153 792 Dei
1210 729 1426 793 cultus
1471 729 1886 812 negligatur:
1953 738 2068 794 aut
2111 750 2218 794 sa-

272 830 610 881 cramenta
667 815 803 880 suis
862 815 1255 880 facinoribus
1309 822 1374 878 et
1450 815 1744 898 improba
1806 815 1951 881 vita
2008 813 2209 880 viles-

266 913 444 982 cant,
490 915 608 966 aut
653 922 782 966 non
820 902 979 966 satis
1016 900 1295 965 fideliter
1329 899 1896 967 administrentur.
1986 901 2216 984 Neque

268 988 445 1054 enim
511 986 650 1051 fleri
710 996 960 1070 postest
1018 987 1173 1069 quin
1237 986 1474 1051 misera
1533 986 1731 1069 plebs,
1793 988 2217 1069 quantumvis

263 1073 455 1139 rudis
498 1082 564 1137 01
606 1072 862 1156 ignara,
920 1073 1311 1156 flagitiosam
1359 1073 1630 1138 istorum
1676 1075 1882 1138 vitam
1928 1073 2214 1152 intuens,

265 1171 339 1225 et
398 1160 483 1222 ab
547 1158 778 1223 iisdem
842 1158 1297 1224 administrata
1362 1168 1773 1224 sacramenta
1832 1159 2214 1241 percipiens,

262 1244 587 1330 paulatim
640 1245 869 1309 eadem
912 1255 1306 1322 contemnat,
1377 1257 1490 1309 aut
1533 1244 1764 1310 saltem
1812 1265 1947 1309 non
1992 1244 2214 1310 debita

262 1329 639 1397 reverentia
698 1343 763 1394 et
816 1329 1059 1394 honore
1104 1330 1292 1396 colat.
1381 1329 1605 1411 Quare
1651 1351 1814 1413 quos
1861 1329 2045 1395 Deus
2090 1329 2213 1396 hoc

262 1417 521 1482 honore
587 1415 895 1501 dignatus
962 1425 1080 1494 est,
1168 1424 1243 1480 ut
1316 1415 1495 1481 verbi
1563 1418 1663 1480 sui
1731 1415 2213 1499 dispensatores

264 1503 510 1579 fecerit,
571 1513 828 1584 oportet
887 1501 1236 1586 diligenter
1274 1521 1508 1567 cavere
1551 1523 1636 1567 ne
1681 1523 1802 1567 sua
1845 1502 2037 1584 culpa
2083 1500 2210 1568 Dei

264 1587 545 1655 verbum
592 1608 668 1653 ac
710 1587 1071 1654 christiana
1106 1588 1337 1673 religio
1376 1588 1600 1652 veniat
1633 1588 1704 1652 in
1739 1597 2208 1671 contemptum,

264 1674 439 1759 quod
486 1673 631 1739 Deo
674 1675 811 1740 sint
852 1673 1006 1738 olim
1054 1694 1215 1738 snae
1260 1672 1845 1738 administrationis
1891 1674 2209 1739 rationem

262 1759 609 1827 reddituri.
698 1759 1091 1843 Quanquam
1141 1781 1298 1825 vero
1334 1761 1601 1844 propria
1636 1761 1761 1824 ista
1797 1771 1950 1825 sunt
1984 1781 2208 1824 eorum

263 1845 506 1931 quibus
551 1847 734 1912 verbi
780 1843 985 1910 divini
1031 1846 1511 1910 administratio
1555 1846 1903 1912 commissa
1946 1854 2062 1924 est,
2128 1843 2209 1910 ad

261 1932 562 2015 singulos
613 1942 838 1997 tamen
897 1952 1121 1996 eorum
1184 1933 1416 2014 quibus
1478 1933 1656 1997 Deus
1703 1934 1970 1997 verbum
2019 1953 2208 1997 suum

260 2019 570 2103 patefecit
652 2018 853 2084 etiam
930 2018 1238 2083 minimos
1315 2027 1632 2102 spectant.
1723 2018 1969 2083 Sancte
2033 2019 2211 2082 enim

260 2118 461 2188 atque
540 2103 840 2188 religiose
884 2124 1005 2169 nos
1053 2104 1275 2168 vivere
1318 2114 1596 2186 oport-et,
1663 2111 1736 2168 01
1781 2101 1934 2170 11001
1968 2103 2209 2187 1101110·

257 2190 497 2256 borum
551 2204 748 2273 atque
806 2190 1282 2274 flagitiosorum
1331 2190 1669 2255 hominum
1718 2188 2028 2273 improbis
2073 2209 2227 2278 mo·-

261 2277 452 2342 ribus
509 2277 770 2361 pellecti
838 2296 1170 2359 nunquam
1229 2286 1450 2341 tamen
1512 2296 1551 2339 a
1609 2287 1806 2357 recto,
1875 2296 2210 2357 nunquam

264 2360 351 2427 ab
429 2363 643 2429 officio
722 2362 1185 2428 dimoveamur.
1278 2360 1463 2427 Deus
1538 2362 1710 2426 enim
1778 2382 1896 2426 nos
1964 2363 2213 2427 honore

268 2449 562 2514 maximo
627 2448 951 2532 dignatur,
1011 2447 1184 2531 quod
1231 2459 1456 2513 sancte
1502 2448 1799 2513 viventes
1844 2446 2209 2513 doctrinam

265 2536 627 2600 servatoris
674 2536 875 2599 nostri
924 2535 1048 2599 Dei
1095 2555 1422 2610 ornamus,
1469 2532 2007 2615 quemadmodum
2056 2552 2213 2615 apo-

266 2622 478 2688 stolus
524 2623 665 2705 ipse
709 2621 914 2685 docet.
1005 2620 1251 2685 Contra
1296 2640 1453 2684 vero
1490 2619 1928 2684 certissimum
1967 2629 2087 2698 081,
2133 2619 2215 2684 118

264 2708 381 2791 qui
426 2707 992 2773 christianismum
1038 2707 1445 2788 profitentur,
1491 2705 1900 2787 filiorumque
1924 2702 2051 2769 Dei
2098 2727 2214 2769 no-

265 2794 446 2858 mine
507 2794 890 2878 gloriantur,
967 2793 1288 2876 flagitiose
1346 2791 1719 2857 viventibus
1777 2791 2006 2856 salutis
2065 2789 2210 2856 doc·

266 2881 513 2944 trinam
577 2879 917 2953 infamari,
980 2889 1173 2961 atque
1233 2886 1392 2944 nota
1451 2875 1730 2960 quadam
1778 2875 1981 2960 pollui
2022 2886 2217 2958 atque

262 2966 625 3049 profanari.
718 2965 815 3031 Ac
875 2964 1033 3029 vitio
1092 2963 1354 3046 quidem
1402 2964 1744 3028 hominum
1788 2962 1853 3027 id
1898 2963 2041 3028 fieri
2086 2963 2216 3045 spi-

264 3053 437 3117 ritus
493 3060 761 3116 sanctus
808 3061 1106 3127 testatur,
1168 3061 1236 3115 at
1280 3050 1423 3133 quis
1472 3050 1596 3113 Dei
1642 3048 2050 3114 maiestatem
2098 3048 2215 3113 ho·

265 3138 526 3202 minum
606 3137 852 3200 malitia
916 3146 984 3200 et
1047 3137 1329 3219 peccatis
1395 3135 1748 3213 obscurari,
1845 3134 1948 3199 vel
2016 3134 2213 3199 etiam

266 3223 459 3300 laedi,
506 3243 715 3306 aequo
758 3221 979 3287 animo
1022 3221 1234 3286 ferat?
1297 3221 1523 3305 Neque
1569 3242 1728 3286 vero
1768 3241 2050 3304 aequum
2093 3228 2212 3303 est,

264 3308 412 3375 ideo
479 3309 654 3391 quod
722 3309 1022 3374 homines
1082 3308 1161 3372 ad
1230 3307 1392 3374 vitia
1449 3306 1769 3390 proclives
1827 3315 2005 3382 sunt,
2065 3305 2215 3372 doc·

264 3397 536 3472 trinam,
597 3415 761 3478 quae
818 3394 981 3459 recti
1025 3405 1090 3457 et
1133 3393 1390 3458 honesti
1437 3393 1665 3477 regula
1707 3400 1825 3469 est,
1887 3391 2057 3456 male
2100 3411 2215 3457 au·

265 3481 440 3547 dire:
501 3480 682 3564 atqui
730 3481 1070 3546 honimum
1115 3479 1366 3545 malitia
1409 3478 1476 3543 id
1518 3478 1785 3544 evenire
1830 3477 2217 3561 plerumque

264 3567 728 3651 conspicimus,
794 3575 991 3649 81000
1048 3566 1344 3643 nimium,
1411 3564 1578 3648 proh
1644 3563 1857 3629 dolorl
1949 3574 2217 3647 propter

264 3651 700 3736 quorumdam
775 3652 1281 3735 improbitatem,
1360 3671 1588 3716 sanam
1648 3649 2032 3726 doctrinam,
2111 3648 2214 3715 vel

262 3740 479 3823 parvi,
566 3739 673 3804 vel
741 3737 929 3804 nihili
998 3738 1159 3816 fieri,
1224 3738 1615 3819 experimur.
1707 3736 1960 3801 Verum
2028 3743 2214 3799 tanto

266 3825 525 3890 maiore
588 3844 747 3890 cura
810 3834 879 3890 et
940 3824 1161 3890 studio
1227 3823 1414 3888 nobis
1481 3832 1583 3887 est
1647 3823 1714 3885 in
1783 3822 1905 3888 hoc
1963 3821 2214 3887 incum-

268 3909 567 3975 bendum
628 3919 707 3974 ut
770 3929 986 3976 coram
1055 3908 1426 3975 hominibus
1487 3909 1581 3975 sic
1635 3907 2064 3987 ambulemus,
2130 3927 2217 3972 ne

266 4016 476 4078 quam
551 3994 922 4062 divinarum
992 4017 1210 4061 rerum
1280 3996 1462 4078 parvi
1531 3993 1989 4071 faciendarum,
2058 4003 2218 4075 puta

264 4083 369 4147 vel
411 4080 617 4148 divini
656 4081 861 4158 verbi,
898 4081 1001 4148 vel
1038 4090 1598 4148 sacrosanctorum
1636 4090 2215 4159 sacramentorum,

260 4171 677 4234 occasionem
722 4166 841 4233 ulli
879 4167 1323 4251 praebeamus.
1419 4167 1505 4230 Et
1537 4166 1797 4249 quidem
1838 4166 2047 4230 fateor
2082 4185 2214 4230 non

261 4254 535 4320 eosdem
597 4273 740 4319 0880
793 4266 1170 4319 nostrorum
1231 4263 1429 4335 atque
1487 4252 1797 4337 legalium
1845 4272 2212 4316 sacramen-

255 4349 487 4406 torum
555 4340 721 4407 ritus
783 4349 976 4423 81000
1032 4343 1507 4405 caeremonias:
1575 4346 2032 4403 verumtamen
2087 4337 2215 4403 illis

257 4425 487 4490 Deum
556 4445 701 4491 sese
769 4446 1089 4509 suamque
1148 4425 1548 4491 voluntatem
1608 4424 1794 4489 nobis
1849 4424 2213 4506 patefacere

257 4527 523 4577 certum
569 4519 691 4595 est,
746 4525 1063 4594 quantum
1110 4512 1294 4577 nobis
1338 4509 1602 4593 expedit
1645 4518 1710 4575 01
1754 4509 1916 4574 01110
1959 4519 2092 4573 est:
2136 4530 2212 4575 80

256 4597 541 4681 proinde
577 4600 823 4663 maiore
857 4597 1074 4663 studio
1108 4597 1176 4662 10
1217 4597 1384 4662 hanc
1420 4617 1643 4663 curam
1679 4594 2207 4671 incumbendum,

257 4692 335 4748 ut
392 4684 572 4748 inter
631 4683 998 4750 incredulos
1063 4695 1400 4749 versantes
1443 4683 1698 4747 nullum
1742 4680 2207 4746 offendiculum

254 4769 425 4853 ipsis
490 4769 891 4835 obiiciamus.
982 4769 1120 4835 Cur
1176 4791 1336 4835 vero
1394 4767 1644 4834 Paulus
1700 4766 1881 4832 iubet
1938 4787 2058 4832 nos
2116 4768 2209 4833 sic

255 4877 413 4920 011111
471 4855 779 4921 omnibus
823 4856 1074 4921 versari
1121 4865 1195 4920 01
1243 4857 1421 4920 Deus
1467 4851 1910 4938 glorificetur?
1973 4873 2209 4937 nempe

255 4941 437 5025 qnod
503 4942 789 5025 improbi
856 4953 919 5007 et
965 4942 1271 5026 flagitiosi
1316 4943 1613 5006 homines
1655 4937 1864 5004 modis
1908 4938 2209 5004 omnibus

252 5028 325 5092 in
391 5049 685 5093 errorem
733 5048 853 5095 nos
890 5027 1272 5111 pertrahere
1317 5039 1655 5106 conantur,
1715 5046 1798 5089 ne
1844 5025 2025 5090 Deus
2070 5024 2206 5109 glo·

251 5113 577 5180 rificetur.
670 5114 776 5180 En
835 5134 951 5180 cur
993 5115 1163 5180 facta
1205 5113 1504 5197 dictaque
1542 5121 1764 5176 008118
1799 5109 2061 5194 singula
2097 5132 2208 5176 ex-

252 5200 542 5284 plorant,
634 5209 710 5264 ut
780 5201 1074 5266 incautos
1152 5198 1662 5284 deprehendant,
1750 5207 1817 5262 et
1891 5206 2204 5280 tanquam

1634 366 1736 434 IN
1781 367 1836 433 I.
1884 366 2065 434 LIB.
2105 366 2508 435 SAMUEL.
2559 368 2758 434 CAP.
2804 367 2894 433 11.

4133 367 4262 433 326

2318 556 2528 640 ipsius
2574 557 2944 624 illudentes.
3036 558 3258 640 Atque
3300 555 3464 623 haec
3505 556 3730 622 omnia
3762 556 4057 642 quotidie
4092 557 4265 625 acci-

2320 643 2486 709 dunt
2545 653 2611 709 et
2667 644 2736 709 in
2796 644 3016 710 oculos
3076 653 3332 710 nostros
3385 643 3753 723 incurrunt,
3808 644 4151 729 flagitiosis
4194 650 4263 710 et

2317 729 2631 813 improbis
2690 730 3065 796 hominibus
3126 749 3241 794 008
3300 729 3455 795 11100
3499 728 3653 795 10110
3697 728 4133 816 cingentibus,
4190 739 4268 798 et

2318 814 2444 880 Dei
2504 815 2998 900 blasphemandi
3058 816 3462 882 occasionem
3506 815 3574 879 in
3620 817 3807 882 nobis
3851 817 4261 901 investigan-

2317 902 2511 985 tibus,
2572 925 2699 988 quo
2761 901 2903 969 Deo
2948 909 3013 967 01
3058 900 3258 966 verbo
3306 901 3510 985 ipsius
3555 902 3766 984 magis
3811 922 3887 968 ac
3931 903 4142 988 magis
4184 902 4262 970 11·

2316 986 2566 1054 ludant.
2657 988 3097 1070 Quamobrem
3143 1008 3541 1071 magnopere
3585 987 3968 1066 cavendum,
4016 1009 4099 1053 ne
4143 987 4270 1058 im-

2317 1074 2541 1157 probis
2615 1074 2987 1139 hominibus
3047 1072 3170 1138 Dei
3226 1073 3571 1138 veritatem
3629 1095 3748 1156 pro
3809 1074 4066 1139 viribus
4122 1076 4268 1142 8018

2319 1159 2740 1242 111881111οωἰί8
2805 1158 3321 1242 profanantibus,
3390 1167 3456 1222 01
3520 1157 3832 1242 0011100111
3898 1159 3980 1225 811
4050 1160 4260 1242 1118108

2316 1245 2570 1312 00110111
2630 1246 2786 1310 facit
2841 1244 3309 1329 polluentibus,
3367 1245 3841 1312 caecutiamus:
3901 1246 4017 1311 8011
4063 1266 4270 1328 0080·

2316 1352 2573 1414 000000
2626 1331 2708 1396 811
2753 1331 3267 1397 aedificationem
3311 1329 3678 1413 proderunt
3718 1351 4125 1413 quaeramus,
4184 1354 4272 1399 80

2316 1438 2740 1501 0080000000
2813 1415 3277 1483 offendiculum
3351 1418 3645 1499 paritura
3715 1427 3876 1482 sunt
3933 1417 4270 1501 fugiamus

2316 1519 2514 1586 atque
2596 1503 2896 1569 vitemus.
2986 1503 3091 1568 En
3162 1523 3359 1584 quam
3426 1502 3605 1566 utilis
3662 1523 3825 1585 0080
3900 1502 4007 1568 1110
4077 1503 4263 1571 nobis

2318 1588 2614 1654 doctrina
2656 1588 3063 1673 proponitur,
3125 1608 3450 1670 quamque
3495 1588 3664 1654 serio
3707 1587 4116 1672 pensitanda,
4176 1610 4264 1656 ne

2314 1673 2604 1739 divinam
2651 1676 2721 1740 in
2767 1696 2884 1740 008
2931 1672 3286 1741 vindictam
3332 1673 3401 1738 in
3448 1681 3784 1739 aeternum
3833 1695 4265 1758 provocemus

2313 1771 2507 1843 atque
2543 1761 2969 1837 attrahamus,
3008 1760 3064 1825 81
3099 1779 3360 1826 causam
3398 1759 3892 1844 praebuerimus
3928 1762 4068 1827 eius
4105 1782 4257 1843 pro·

2312 1846 2579 1912 sanandi
2647 1857 2842 1930 atque
2909 1844 3386 1925 contemnendi,
3457 1866 3648 1928 quem
3715 1867 3753 1910 a
3821 1846 4008 1912 001118
4075 1846 4259 1912 Deus

2313 1941 2625 2016 tanquam
2666 1932 2957 1998 debitum
2991 1932 3242 1999 cultum
3289 1943 3356 1996 et
3399 1930 3713 1996 honorem
3758 1932 3902 1997 iure
3945 1952 4064 1997 suo
4104 1952 4262 2017 pos·

2314 2017 2500 2096 tulat,
2564 2028 2637 2083 ut
2691 2018 3110 2104 glorificetur,
3183 2025 3249 2081 et
3311 2016 3379 2081 in
3433 2028 3771 2082 aeternum
3817 2017 4259 2084 benedicatur.

2312 2103 2618 2188 Denique
2661 2126 2860 2188 quum
2904 2103 3061 2170 Heli
3106 2102 3276 2168 filios
3318 2103 3528 2187 ipsius
3572 2103 3841 2187 spiritus
3896 2104 4105 2170 sancti
4163 2105 4260 2170 iu-

2314 2188 2483 2257 dicio
2551 2191 2658 2256 hic
2723 2189 3142 2256 condemnari
3208 2189 3666 2274 conspicimus,
3733 2190 3962 2274 quanti
4028 2212 4066 2255 a
4114 2191 4256 2256 Deo

2316 2278 2477 2342 fiant
2522 2287 2787 2342 sanctae
2832 2275 3187 2342 oblationes
3224 2273 3583 2356 discamus,
3627 2296 3700 2342 ac
3738 2274 4010 2358 proinde
4046 2279 4257 2362 magis

2316 2384 2391 2429 ac
2418 2365 2625 2449 magis
2654 2362 2733 2428 ad
2778 2371 3037 2428 nostrae
3084 2362 3442 2427 vocationis
3487 2371 3555 2426 et
3597 2361 3796 2426 officii
3844 2363 4072 2427 munia
4110 2384 4258 2446 per-

2318 2449 2595 2514 ficienda
2653 2448 3048 2514 excitemur:
3114 2468 3265 2512 nam
3321 2446 3644 2531 evangelii
3707 2447 4260 2530 praedicationem

2318 2555 2460 2600 0880
2504 2535 2805 2601 sacrificii
2851 2535 3057 2598 instar
3092 2553 3310 2597 coram
3362 2531 3505 2597 Deo
3549 2532 3886 2599 sciendum
3930 2544 4048 2599 est.
4137 2534 4262 2600 At·

2317 2643 2445 2704 que
2501 2621 2595 2686 ita
2649 2643 2718 2686 se
2778 2620 3027 2685 Paulus
3079 2617 3161 2683 ad
3219 2618 3413 2683 Rom.
3473 2618 3557 2683 15
3601 2620 3814 2701 capite
3857 2619 4261 2686 sacerdotem

2319 2707 2623 2785 ostendit,
2661 2726 2779 2791 per
2814 2704 3141 2790 evangelii
3176 2704 3743 2787 praedicationem,
3780 2714 3853 2769 01
3891 2706 4032 2771 Deo
4068 2717 4261 2791 grata

2319 2793 2409 2858 sit
2472 2792 2715 2857 oblatio
2761 2792 3077 2876 gentium.
3166 2791 3303 2856 Nos
3362 2811 3519 2873 ergo
3577 2790 3895 2856 eiusmodi
3941 2793 4260 2858 sacrificia

2324 2880 2464 2944 Deo
2489 2879 2769 2944 libenter
2791 2879 3158 2955 offeramus,
3190 2896 3350 2959 quos
3381 2876 3505 2941 sibi
3529 2876 3730 2941 verbo
3762 2898 3879 2941 suo
3915 2875 4258 2957 dedicavit,

2322 2975 2513 3048 atque
2600 2966 2881 3030 sciamus
2945 2963 3070 3047 ipsi
3138 2962 3309 3049 grati
3376 2962 3595 3027 odoris
3660 2963 4049 3027 sacrificium
4116 2983 4258 3029 esse

2320 3070 2749 3134 quaecunque
2807 3072 2886 3114 ex
2945 3050 3159 3115 officio
3218 3059 3655 3132 praestamus:
3722 3067 3796 3112 ac
3853 3048 4007 3113 licet
4050 3070 4258 3133 parva

2319 3136 2432 3201 illa
2476 3145 2543 3200 et
2566 3138 2806 3220 exigua
2827 3137 2978 3210 sint,
3026 3156 3101 3201 ac
3135 3154 3344 3220 paene
3380 3134 3623 3198 nullius
3661 3135 3990 3213 momenti,
4034 3142 4257 3200 tamen

2319 3242 2655 3288 sacrorum
2714 3221 3179 3289 sacrificiorum
3242 3221 3504 3284 nomine
3562 3218 3841 3303 dignari.
3931 3219 4078 3301 Quo
4135 3241 4258 3287 nos

2319 3309 2522 3392 igitur
2586 3308 2745 3385 zelo,
2812 3326 2941 3391 quo
3008 3306 3226 3372 studio
3296 3306 3465 3372 affici
3525 3305 3709 3371 decet
3767 3309 3835 3370 et
3877 3306 4129 3390 impelli
4171 3305 4256 3371 ad

2318 3395 2459 3460 eius
2521 3394 2790 3471 cultum,
2860 3392 2940 3456 ad
3009 3413 3128 3458 nos
3195 3401 3365 3457 totos
3429 3391 3553 3475 ipsi
3611 3389 3958 3470 dedendos,
4024 3411 4256 3458 conse-

2316 3478 2594 3545 crandos
2638 3491 2704 3545 01
2746 3477 3132 3556 offerendos,
3193 3486 3387 3560 atque
3429 3477 3510 3542 ad
3555 3476 3875 3542 orandum
3920 3478 4137 3563 ipsum
4183 3485 4260 3543 ut

2317 3567 2723 3632 voluntatem
2784 3574 3073 3630 nostram
3134 3575 3202 3629 et
3252 3563 3749 3647 intelligentiam
3798 3575 3999 3647 regat,
4066 3573 4132 3629 et
4174 3562 4259 3628 ad

2317 3674 2395 3718 ea
2439 3673 2606 3735 quae
2651 3650 2731 3717 ad
2778 3650 3086 3718 ecclesiae
3130 3671 3288 3716 suae
3322 3648 3601 3714 salutem
3637 3649 3928 3714 instituit
3964 3649 4262 3717 facienda

2316 3737 2631 3804 inclinet?
2678 3737 2902 3819 Quare
2937 3737 3130 3820 agite,
3171 3736 3429 3812 fratres,
3463 3734 3529 3799 in
3567 3733 3738 3798 hanc
3770 3755 3998 3799 omnes
4032 3757 4259 3802 curam

2318 3845 2449 3889 000
2492 3845 2811 3891 00080080
2858 3822 3342 3887 incumbamus:
3405 3830 3472 3884 et
3514 3820 4034 3903 quandoquidem
4080 3823 4258 3888 eius·

2318 3910 2490 3976 modi
2551 3910 2912 3976 oblationes
2960 3909 3140 3973 Deus
3184 3906 3419 3990 accipit
3462 3921 3530 3970 et
3575 3907 3797 3990 magni
3842 3907 4018 3988 facit,
4061 3929 4258 3992 quae-

2317 4015 2580 4079 cunque
2645 4015 2970 4061 remoram
3035 3994 3320 4076 aliquam
3380 4002 3600 4057 essent
3651 3993 3990 4073 iniectum,
4055 3994 4257 4060 vehe-

2320 4082 2522 4147 menti
2591 4080 2808 4147 studio
2867 4079 3219 4165 fugiamus,
3283 4088 3350 4143 et
3408 4097 3571 4161 quae
3628 4077 3709 4142 ad
3767 4078 4016 4144 cultum
4065 4101 4257 4145 suum

2316 4168 2602 4234 instituit
2644 4166 3050 4249 impleamus.
3137 4164 3268 4231 Hic
3313 4184 3469 4230 vero
3513 4163 3795 4229 vicissim
3843 4185 4257 4249 summopere

2316 4251 2687 4321 cavendum
2734 4250 2971 4336 nequid
3019 4250 3099 4317 de
3142 4251 3351 4334 ipsius
3398 4250 3595 4315 verbo
3642 4249 4087 4328 detrahamus,
4147 4271 4256 4315 110·

2316 4340 2474 4423 00111
2520 4341 2720 4404 etiam
2766 4338 2975 4403 eidem
3022 4336 3432 4403 adiiciamus:
3500 4335 3613 4400 sed
3661 4345 3735 4400 ut
3778 4334 4101 4419 quaelibet
4147 4335 4257 4402 ho-

2316 4425 2569 4491 minum
2630 4426 2903 4489 inventa
2959 4423 3349 4500 reiiciamus,
3411 4430 3608 4504 atque
3653 4419 4006 4487 auditionis
4051 4421 4256 4487 divini

2315 4513 2518 4591 verbi,
2564 4509 2973 4594 publicarum
3020 4530 3307 4593 precum,
3350 4516 3416 4573 et
3461 4516 4015 4574 sacramentorum
4055 4506 4262 4572 admi·

2314 4598 2721 4663 nistrationis
2780 4616 2923 4662 csse
2967 4615 3237 4679 scopum
3283 4595 3597 4670 norimus,
3660 4592 3786 4656 Dei
3833 4591 4140 4657 honorem
4187 4603 4256 4657 et

2313 4684 2626 4768 gloriam:
2670 4693 2864 4765 atque
2908 4681 3069 4747 adeo
3115 4702 3195 4746 ne
3240 4679 3322 4744 ab
3367 4679 3507 4744 eius
3550 4678 3734 4746 cultu
3778 4678 3881 4744 vel
3923 4677 4252 4742 tantillum

2313 4769 2756 4845 deflectamus,
2802 4777 2870 4832 et
2914 4787 2997 4832 ne
3032 4766 3115 4832 ab
3149 4767 3312 4851 ipso,
3359 4766 3730 4850 quicunque
3767 4761 4030 4828 tandem
4066 4783 4258 4829 casus

2308 4855 2705 4940 ingruerint,
2751 4863 3148 4932 avertamur,
3194 4863 3310 4917 aut
3356 4849 3567 4917 taedio
3612 4850 3746 4915 ullo
3789 4848 4174 4916 afficiamur.

2481 4941 2616 5006 Sed
2664 4951 2920 5024 tempus
2963 4949 3065 5006 est
3105 4936 3273 5025 ew)

2482 5161 2543 5229 ‘)
2588 5162 3043 5220 Precatiuneuzao
3074 5164 3138 5218 ia
3177 5162 3358 5217 codice
3391 5159 3684 5228 unicuiqae
3716 5157 3970 5213 homiliae
3986 5159 4262 5213 subiectae

2309 5246 2451 5302 quae
2502 5231 2586 5286 vel
2636 5235 2790 5303 ipsae
2841 5248 2953 5288 non
2999 5233 3195 5302 ubique
3231 5233 3472 5299 inteorae
3508 5228 3592 5284 ibi
3618 5227 3953 5293 referuntur,
4007 5227 4264 5296 deinceps

248 5297 449 5371 parta
505 5285 592 5351 de
652 5284 841 5351 nobis
900 5286 1179 5352 victoria
1224 5285 1651 5370 triumphent,
1715 5284 1855 5348 Deo
1899 5293 1965 5349 01
2008 5284 2206 5351 verbo
2311 5301 2629 5358 eminemus.

3839 5379 3941 5436 21·
