5059 6059
271 353 381 420 405
1592 351 1690 416 IN
1728 351 1780 417 1.
1827 350 2008 417 Lm.
2054 348 2455 417 smum..
2502 348 2697 417 cAP.
2740 347 2937 418 xxl.
3638 387 3683 452 4
4122 350 4251 416 406

268 538 575 613 concludit
595 547 981 624 quaerentes
1002 538 1363 603 Dominum
1388 559 1519 603 non
1545 540 1753 603 minui
1788 539 1965 604 omni
2003 538 2188 603 bono.

265 628 448 711 Atqui
470 625 687 692 David
725 626 863 708 ipse
899 624 1139 689 famem
1170 644 1404 707 passus
1440 636 1612 689 erat:
1660 624 1773 690 sed
1821 636 2191 707 opportuno

267 732 541 796 tempore
586 709 770 776 Deus
824 710 920 775 illi
968 709 1324 775 remedium
1370 709 1685 775 adversus
1731 710 1968 774 famem
2013 709 2190 773 exhi-

267 804 507 869 buerat:
565 817 640 863 ac
701 795 971 879 proinde
1027 808 1228 880 negat
1270 795 1452 860 illam
1496 796 1697 861 fuisse
1739 795 2188 878 indigentiam.

208 890 217 905 ’
261 887 416 954 Nam
471 881 701 949 fideles
743 880 872 947 Dei
930 880 1372 947 misericordia
1415 879 1562 946 freti
1606 902 1947 964 nunquam
1993 881 2190 946 rebus

263 969 629 1038 necessariis
669 967 1124 1046 destituentur,
1161 987 1373 1049 neque
1393 966 1575 1033 Deus
1611 967 1787 1050 ipsos
1825 967 2191 1031 laborantes

261 1058 518 1124 deseret.
585 1052 814 1138 Neque
863 1073 1014 1118 vero
1061 1066 1278 1118 tamen
1325 1052 1476 1119 hinc
1514 1052 1807 1136 sequitur
1851 1051 1980 1116 Dei
2026 1051 2190 1116 filios

261 1142 446 1210 nullis
504 1159 798 1223 unquam
854 1138 957 1203 vel
1015 1138 1473 1204 afflictionibus
1519 1139 1620 1203 vel
1668 1138 1852 1217 fame,
1914 1137 2019 1202 vel
2065 1137 2191 1215 siti,

261 1229 353 1295 vel
391 1235 596 1304 aestu,
643 1225 748 1289 vel
786 1224 1028 1309 frigore
1065 1222 1492 1290 exercendos:
1540 1222 1653 1288 sed
1690 1224 1925 1306 quibus
1969 1236 2188 1286 tamen

256 1316 403 1382 satis
439 1332 581 1378 esse
626 1310 819 1376 debet
862 1308 1034 1392 quod
1079 1319 1236 1374 sunt
1278 1310 1346 1373 in
1370 1308 1644 1374 Domini
1690 1308 1894 1374 tutela
1935 1321 2003 1374 et
2046 1327 2192 1391 pro-

256 1400 554 1467 tectione:
614 1393 1160 1479 quemadmodum
1215 1407 1281 1460 et
1340 1395 1499 1459 illud
1549 1399 1866 1479 propheta
1909 1403 2192 1458 testatur

257 1487 361 1552 Ps.
415 1483 537 1549 37:
599 1482 822 1546 Iustos
880 1480 1073 1546 famis
1128 1492 1418 1564 tempore
1475 1479 1823 1558 satiandos,
1863 1494 1928 1544 et
1970 1478 2190 1543 Deum

254 1590 519 1636 manum
569 1568 856 1650 ipsorum
901 1576 1442 1644 sustentaturum,
1502 1566 1567 1631 id
1613 1577 1732 1646 est,
1776 1565 1996 1630 Deum
2038 1585 2191 1630 suos

249 1657 619 1722 laborantes
663 1662 731 1718 et
773 1652 955 1717 omni
998 1652 1247 1716 auxilio
1290 1653 1574 1717 humano
1605 1651 1969 1728 destitutos,
2008 1660 2076 1714 et
2118 1651 2188 1714 in

254 1744 406 1825 ipsis
475 1740 706 1804 mortis
773 1738 1064 1805 faucibus
1130 1738 1506 1815 collocatos,
1573 1760 1693 1805 sua
1759 1737 2044 1802 bonitate
2107 1755 2189 1800 ex

247 1826 551 1893 omnibus
608 1823 798 1889 malis
853 1835 1227 1888 eruturum:
1289 1844 1363 1889 ac
1409 1823 1561 1888 licet
1603 1822 1685 1887 ad
1720 1823 1980 1906 aliquod
2027 1831 2188 1887 tem·

248 1935 368 1998 pus
405 1911 619 1995 pressi
656 1908 977 1994 angustiis
1010 1909 1271 1986 fuerint,
1316 1919 1384 1974 et
1402 1907 1589 1975 Deus
1623 1908 1865 1975 oblitus
1903 1908 2189 1991 ipsorum

246 1999 568 2074 videatur,
613 1993 1042 2060 nihilominus
1086 2004 1308 2059 tamen
1345 2004 1605 2078 praeter
1640 1994 2190 2077 exspectationem

244 2100 308 2151 et
377 2104 568 2166 spem
630 2081 790 2164 ipsis
844 2078 1242 2160 adfuturum,
1309 2094 1378 2144 et
1436 2091 1776 2164 paternam
1830 2101 1959 2162 qua
2016 2080 2191 2162 ipsos

243 2169 711 2254 complectitur
782 2164 1310 2231 benevolentiam
1368 2186 1440 2231 re
1493 2167 1638 2249 ipsa
1693 2166 2189 2250 patefacturum,

239 2266 380 2321 tum
443 2254 738 2319 maxime
781 2270 986 2334 quum
1032 2250 1324 2317 derelicti
1366 2261 1434 2317 et
1477 2252 1656 2316 omni
1700 2249 1948 2315 auxilio
1995 2249 2189 2316 desti·

242 2342 364 2407 tuti
413 2338 837 2407 videbuntur.

408 2425 568 2492 Hoc
608 2424 813 2509 igitur
839 2421 1104 2487 Psalmo
1147 2421 1475 2488 Davidem
1522 2422 1936 2505 complexum
1983 2428 2188 2486 totam

237 2533 396 2580 suae
435 2509 842 2577 liberationis
879 2506 1219 2573 historiam
1265 2508 1597 2573 videmus:
1645 2505 2190 2591 quemadmodum

233 2610 300 2664 et
358 2620 449 2664 ex
499 2598 580 2663 iis
624 2606 894 2679 apparet
939 2593 1152 2659 verbis
1191 2594 1424 2676 quibus
1469 2593 1683 2659 Deum
1730 2592 1889 2659 dicit
1930 2593 2186 2660 vultum

233 2683 517 2750 Domini
563 2701 705 2747 esse
748 2701 943 2762 super
1000 2680 1311 2747 facientes
1356 2679 1561 2744 mala:
1617 2678 1851 2763 quibus
1895 2699 2023 2744 non
2069 2678 2190 2743 du·

231 2770 417 2836 bium
483 2775 588 2833 est
645 2765 804 2848 quin
849 2765 1153 2848 Doegum
1194 2776 1423 2831 notare
1468 2765 1763 2831 voluerit.
1850 2764 2023 2830 Nam
2069 2764 2188 2829 etsi

229 2860 567 2921 adversus
615 2851 915 2932 Doegum
975 2851 1366 2935 peculiarem
1411 2851 1751 2916 Psalmum
1808 2849 2186 2933 composuit,

224 2962 362 3007 non
427 2952 658 3005 tamen
719 2938 861 3001 sine
919 2957 1114 3002 causa
1173 2937 1362 3015 dicit,
1424 2936 1675 3003 vultum
1721 2936 1988 3002 Domini
2048 2956 2190 3002 csse

225 3048 433 3110 super
482 3024 797 3090 facientes
841 3024 1031 3103 mala,
1074 3033 1154 3087 ut
1196 3023 1493 3088 ostendat
1535 3044 1605 3086 se
1648 3042 1689 3085 a
1717 3021 2006 3086 Domino
2052 3042 2188 3087 ser-

229 3124 469 3177 vatum
510 3112 580 3175 in
625 3108 858 3173 mediis
905 3108 1208 3190 periculis
1251 3108 1567 3174 adversus
1588 3107 1802 3190 Doegi
1847 3107 2187 3185 malitiam,

221 3218 260 3263 a
297 3218 440 3281 quo
479 3195 702 3261 fuerat
737 3194 913 3276 apud
958 3215 1179 3278 regem
1205 3192 1471 3261 Saulem
1518 3193 1786 3259 delatus.
1851 3191 2191 3263 Gloriatur

220 3284 436 3368 igitur
487 3278 713 3347 David
771 3278 853 3344 de
896 3280 1023 3345 Dei
1082 3279 1392 3357 custodia,
1438 3299 1567 3344 non
1614 3288 1873 3343 tantum
1917 3277 2187 3343 Domini

215 3370 456 3435 oculos
522 3366 829 3450 inquiens
879 3387 1021 3431 esse
1066 3385 1260 3448 super
1302 3366 1530 3448 iustos,
1590 3374 1658 3430 et
1700 3384 1890 3429 aures
1933 3364 2073 3428 eius
2116 3364 2187 3427 in

219 3475 461 3521 eornm
551 3473 780 3536 preces
858 3473 999 3518 esse
1063 3451 1384 3518 intentas:
1467 3448 1580 3517 sed
1662 3450 1860 3516 etiam
1923 3448 2190 3534 angelos

214 3539 514 3607 Domini
577 3559 720 3605 esse
762 3537 1061 3605 custodes
1103 3537 1175 3601 in
1217 3537 1493 3604 circuitu
1538 3535 1909 3601 timentium
1953 3536 2191 3619 ipsum,

212 3639 276 3691 ct
321 3627 644 3708 ipsorum
690 3625 979 3707 potentia
1022 3623 1297 3707 protegi,
1341 3643 1540 3704 quum
1585 3621 1668 3686 ad
1711 3620 1927 3686 Deum
1973 3642 2188 3686 recur-

205 3722 397 3777 runt.
503 3707 729 3790 Quam
773 3710 1164 3774 sententiam
1212 3707 1432 3773 multis
1475 3707 1739 3790 quidem
1786 3706 2003 3771 verbis
2047 3727 2192 3788 per-

205 3798 557 3880 sequitur,
617 3808 685 3860 et
740 3795 1002 3861 tandem
1060 3794 1154 3859 ita
1211 3792 1561 3860 concludit:
1624 3791 1792 3872 Quis
1851 3801 1952 3856 est
1996 3791 2190 3856 homo

205 3887 318 3965 qui
367 3882 543 3949 vult
578 3882 803 3955 vitam,
848 3892 918 3945 et
952 3880 1062 3963 qui
1108 3878 1322 3963 diligit
1363 3878 1502 3943 dies
1547 3877 1766 3944 videre
1810 3876 2059 3942 bonos?
2106 3877 2186 3941 ad

201 3968 449 4034 Deum
519 3968 595 4032 in
654 3968 1031 4051 integritate
1089 3975 1156 4030 et
1209 3965 1581 4030 sinceritate
1634 3962 2002 4045 confugito:
2062 3962 2189 4027 lin-

203 4074 421 4139 gnam
489 4073 688 4119 suam
743 4073 782 4116 a
841 4051 1010 4117 malo
1071 4049 1422 4133 prohibeto,
1484 4059 1548 4114 et
1590 4048 1760 4115 labia
1802 4067 1923 4115 sua
1967 4070 2050 4113 ne
2095 4047 2187 4113 lo·

203 4150 531 4222 quantur
594 4137 816 4203 dolum
873 4136 1184 4202 divertite
1242 4157 1283 4200 a
1326 4134 1517 4215 malo,
1578 4143 1644 4198 et
1684 4133 1880 4199 facito
1923 4134 2186 4200 bonum.

204 4224 496 4307 Quibus
590 4224 805 4290 verbis
873 4223 1180 4288 docemur
1240 4220 1466 4287 fideles
1534 4220 1735 4287 variis
1801 4218 1932 4283 Dei
1998 4220 2187 4285 casti·

199 4309 622 4394 gationibus
654 4309 968 4375 obnoxios
1002 4328 1167 4391 esse,
1212 4328 1251 4373 a
1294 4306 1528 4390 quibus
1571 4327 1701 4371 non
1746 4324 2014 4389 prorsus
2057 4304 2191 4370 exi-

198 4408 534 4475 muntur,
599 4395 713 4462 sed
770 4405 988 4459 tamen
1047 4403 1409 4477 opportuno
1467 4402 1760 4476 tempore
1802 4390 2183 4456 liberantur.

195 4481 634 4549 Necessaria
715 4481 1005 4564 profecto
1086 4479 1272 4545 nobis
1327 4479 1450 4545 hoc
1517 4489 1809 4561 tempore
1875 4476 2186 4556 doctrina,

199 4590 379 4651 quae
448 4568 834 4650 longiorem
892 4563 1151 4648 quidem
1208 4573 1561 4629 tractatum
1619 4573 1982 4628 mereretur
1999 4612 2016 4643 ,
2073 4561 2187 4628 sed

194 4654 398 4721 cuius
467 4663 712 4719 tamen
769 4671 1024 4716 summa
1068 4648 1255 4715 nobis
1298 4649 1598 4728 sufficiet,
1655 4656 1732 4712 ut
1776 4659 2185 4731 praesentem

195 4740 596 4805 historiam
672 4737 752 4802 ad
835 4746 1125 4801 nostram
1203 4735 1699 4801 instructionem
1769 4733 2183 4818 applicemus.

195 4824 576 4894 Davidem
610 4824 821 4907 igitur
855 4821 1041 4887 nobis
1083 4822 1137 4888 si
1181 4829 1438 4887 tantum
1485 4839 1921 4905 proponamus
1945 4818 2184 4885 Philis-

193 4924 533 4977 taeorum
580 4911 797 4975 minas
837 4911 1220 4987 intuentem,
1265 4929 1305 4973 a
1340 4907 1578 4990 quibus
1617 4915 1948 4986 correptus
1994 4914 2060 4969 et
2104 4904 2186 4970 ad

194 5017 443 5083 regem
518 4994 770 5063 ductus
828 4993 908 5060 ad
968 5005 1242 5058 mortem
1289 4991 1758 5075 postulabatur,
1801 4998 1868 5056 et
1909 4989 2186 5056 eundem

191 5103 466 5168 magno
535 5091 728 5146 metu
787 5078 1180 5166 perculsum,
1239 5079 1401 5145 haec
1451 5077 1723 5144 historia
1763 5076 1999 5142 nostris
2042 5097 2185 5142 sen-

193 5170 400 5235 sibus
461 5166 680 5234 valde
737 5164 976 5252 frigida
1029 5177 1095 5229 et
1137 5164 1413 5231 ridicula
1457 5163 1796 5239 videbitur,
1840 5161 1952 5226 sed
1998 5162 2057 5227 si
2102 5161 2186 5227 ad

2297 537 2563 603 Psalmo
2600 539 2789 605 nobis
2823 538 3228 623 proponitur,
3272 537 3345 603 in
3387 559 3517 687 gua
3560 539 3891 604 intuemur
3933 544 4247 623 tanquam

2297 625 2368 688 in
2413 622 2676 708 speculo
2697 624 3027 690 Davidem
3073 624 3229 690 hinc
3272 625 3385 708 qni
3431 645 3534 688 em
3580 622 3661 688 de
3706 624 3845 689 vita
3892 623 4242 707 desperan-

2297 722 2431 774 tem
2475 726 2544 774 et
2587 709 2667 775 ad
2713 721 2991 776 mortem
3036 710 3437 790 damnatum,
3499 709 3653 774 inde
3698 730 3851 775 vero
3896 709 3978 774 ad
4024 712 4247 778 Deum

2297 808 2769 880 assurgentem,
2836 816 3037 880 supra
3102 796 3306 862 iustos
3373 794 3777 880 vigilantem,
3844 808 3909 860 et
3958 809 4246 865 attentas

2300 901 2493 946 aures
2552 882 2903 947 habentem
2964 880 3045 946 ad
3095 902 3203 948 eos
3248 882 3359 966 qui
3404 881 3486 946 ad
3529 880 3738 964 ipsius
3782 880 4099 947 auxilium
4145 883 4246 948 fu-

2297 967 2510 1049 giunt,
2566 966 2691 1032 Dei
2751 966 3230 1051 providentiam
3290 981 3357 1031 et
3414 966 3770 1033 bonitatem
3817 967 3970 1033 totis
4013 970 4247 1036 animis

2296 1053 2740 1134 suspiciemus.
2808 1051 3145 1136 Quidquid
3186 1052 3389 1136 igitur
3430 1051 3649 1119 David
3695 1051 3965 1117 humani
4011 1075 4242 1137 passus

2297 1148 2397 1201 est
2425 1138 2496 1202 in
2534 1138 2736 1203 tantis
2770 1137 2903 1207 illis
2940 1138 3281 1223 angustiis,
3325 1137 3486 1203 adeo
3531 1136 3789 1221 quidem
3832 1146 3907 1202 ut
3942 1140 4247 1207 insanum
4334 1142 4343 1153 '

2295 1230 2361 1287 et
2383 1222 2637 1288 fatuum
2661 1224 2973 1290 simulare
3006 1235 3266 1292 coactus
3309 1224 3411 1301 sit,
3459 1222 3538 1288 ad
3566 1222 3782 1288 Deum
3830 1238 4048 1290 tamen
4094 1247 4243 1309 pre-

2295 1307 2479 1374 cibus
2546 1308 2900 1393 confugere
2964 1310 3150 1375 illum
3216 1330 3350 1374 non
3417 1309 3742 1374 destitisse
3804 1322 4063 1375 certum
4122 1323 4240 1377 est.

2293 1392 2497 1458 Illum
2554 1394 2815 1476 quidem
2860 1417 3016 1461 sane
3061 1415 3298 1481 magno
3342 1407 3520 1459 metu
3570 1396 3989 1477 perterritum
4033 1394 4239 1464 fuisse

2295 1500 2427 1545 non
2494 1478 2668 1545 imus
2728 1481 3009 1547 infitias:
3067 1502 3277 1565 neque
3321 1480 3495 1546 enim
3544 1479 3765 1545 fideles
3808 1490 3965 1546 sunt
4008 1502 4239 1550 sensus

2297 1566 2507 1631 omnis
2574 1575 2882 1649 expertes
2947 1577 3015 1632 et
3074 1565 3538 1649 impassibiles,
3603 1565 3717 1631 scd
3782 1568 4236 1650 praesentibus

2296 1650 2485 1716 malis
2538 1651 2916 1717 afficiuntur
2974 1662 3038 1717 et
3098 1662 3621 1730 commoventur,
3693 1658 3761 1716 at
3821 1672 3952 1716 nou
4012 1662 4235 1720 tantus

2295 1734 2406 1801 ille
2462 1737 2656 1801 timor
2714 1738 2857 1817 fuit,
2915 1758 2955 1802 a
3011 1758 3139 1821 quo
3183 1738 3404 1803 Deum
3446 1736 3754 1804 invocare
3797 1737 3991 1802 fuerit
4033 1739 4232 1822 impe-

2295 1820 2489 1888 ditus.
2538 1822 2768 1905 Neque
2804 1823 2980 1889 enim
3017 1845 3087 1889 se
3131 1843 3171 1889 a
3194 1823 3334 1889 Deo
3379 1843 3603 1907 preces
3645 1843 3798 1889 suas
3842 1821 4236 1890 exaudiente

2293 1907 2597 1972 adiutum
2640 1908 2820 1994 dicit,
2865 1908 2992 1975 nisi
3035 1908 3342 1993 quoniam
3385 1911 3523 1991 ipse
3566 1918 3853 1974 mentem
3898 1908 3980 1974 ad
4017 1911 4234 1974 Deum

2295 1992 2556 2058 direxit.
2617 1994 2923 2060 Psalmus
2957 1995 3160 2079 igitur
3203 1996 3324 2059 iste
3372 1994 3557 2059 nobis
3601 2004 3701 2059 est
3735 1995 3943 2060 instar
3985 1995 4234 2079 speculi

2293 2080 2361 2143 in
2407 2098 2536 2162 quo
2578 2079 2706 2144 Dei
2746 2081 3102 2147 bonitatem
3147 2079 3539 2159 intueamur,
3599 2078 3924 2145 Davidem
3969 2103 4053 2145 ex
4096 2082 4237 2164 ipsa

2295 2176 2504 2230 morte
2561 2164 2932 2232 liberantis:
2989 2164 3159 2249 quod
3201 2186 3406 2250 quum
3449 2165 3707 2230 nullum
3751 2165 4077 2231 evasionis
4120 2188 4235 2250 ap·

2296 2258 2553 2333 pareret
2616 2251 2977 2334 periculum
2997 2299 3012 2327 ,
3073 2251 3146 2316 in
3206 2252 3424 2316 Deum
3491 2261 3714 2316 tamen
3778 2252 4015 2318 mentis
4077 2272 4235 2320 suae

2295 2340 2500 2402 aciem
2538 2334 2867 2414 direxerit,
2905 2350 2972 2402 et
3006 2338 3087 2404 ab
3123 2337 3348 2402 eodem
3385 2335 3703 2402 auxilium
3740 2338 4233 2421 exspectaverit.

2293 2420 2489 2502 Quod
2541 2422 2623 2487 ad
2667 2422 2937 2505 angelos
2981 2434 3195 2488 autem
3243 2421 3324 2487 de
3368 2422 3601 2504 quibus
3645 2423 3963 2505 propheta
4005 2424 4233 2488 memi-

2295 2506 2412 2584 nit,
2459 2527 2591 2572 non
2628 2520 2785 2572 sunt
2823 2507 2921 2572 illi
2958 2520 3194 2573 natura
3228 2511 3510 2591 quadam
3546 2528 3854 2592 corporea
3890 2521 3956 2573 et
3990 2507 4235 2574 visibili

2293 2591 2590 2675 praediti,
2648 2593 2762 2658 sed
2828 2592 3152 2677 spirituali
3204 2603 3277 2658 ut
3331 2593 3661 2677 corporeis
3717 2594 3921 2660 oculis
3963 2613 4004 2658 a
4047 2593 4234 2662 nobis

2291 2678 2580 2761 conspici
2661 2688 3017 2763 nequeant:
3097 2676 3212 2745 sed
3290 2688 3515 2744 tamen
3577 2678 3873 2762 ipsorum
3937 2679 4233 2746 custodia

2292 2762 2476 2830 nobis
2531 2765 2658 2829 hoc
2714 2764 2855 2830 loco
2906 2765 3311 2849 proponitur,
3355 2774 3432 2829 ut
3474 2775 3650 2830 certo
3694 2766 3986 2847 persuasi
4029 2766 4233 2831 simus

2291 2871 2412 2915 nos
2486 2849 2639 2916 licet
2707 2851 3013 2934 miseros,
3081 2860 3145 2914 et
3203 2848 3491 2933 quotidie
3548 2851 3870 2917 sexcentis
3928 2852 4230 2935 periculis

2294 2937 2524 3002 mortis
2561 2936 2897 3014 obnoxios,
2935 2935 3174 3001 habere
3210 2946 3430 3000 tamen
3467 2935 3730 3019 angelos
3753 2934 3879 3000 Dei
3915 2936 4230 3017 custodes,

2292 3022 2405 3103 qui
2447 3022 2518 3086 in
2565 3031 2854 3088 nostram
2898 3022 3174 3088 salutem
3219 3031 3529 3105 perpetuo
3569 3020 3935 3105 invigilent.
4001 3020 4230 3104 Neque

2291 3126 2451 3172 vcro
2487 3107 2595 3175 hic
2637 3106 2912 3191 singulis
2955 3107 3255 3173 fidelibus
3299 3127 3455 3172 suus
3499 3105 3772 3190 angelus
3816 3106 4227 3172 attribuitur:

2291 3190 2405 3257 sed
2448 3193 2515 3257 in
2561 3214 2800 3277 genere
2846 3194 3028 3260 Deus
3071 3213 3225 3258 suos
3268 3191 3535 3276 angelos
3578 3191 3659 3256 ad
3703 3213 3970 3257 suorum
4015 3205 4229 3259 custo-

2294 3277 2463 3341 diam
2511 3278 2772 3344 mittere
2817 3278 3073 3344 dicitur.
3139 3278 3346 3344 Porro
3381 3276 3567 3343 Deus
3610 3276 3992 3361 angelorum
4035 3297 4231 3361 opera

2293 3383 2423 3427 non
2447 3363 2719 3449 indiget,
2754 3366 2939 3431 cuius
2974 3364 3113 3431 sola
3146 3365 3361 3429 virtus
3396 3363 3478 3428 ad
3501 3384 3764 3428 suorum
3789 3362 4229 3429 defensionem

2291 3447 2553 3514 sufficit.
2618 3450 3091 3516 Verumtamen
3127 3450 3481 3516 bonitatem
3527 3468 3713 3513 suam
3756 3469 3913 3534 erga
3958 3449 4230 3516 miseros

2293 3546 2358 3598 et
2417 3534 2694 3602 afflictos
2755 3536 2877 3603 hac
2937 3536 3185 3601 ratione
3240 3535 3451 3619 magis
3507 3554 3581 3600 ac
3638 3535 3848 3619 magis
3907 3536 4226 3618 patefacit.

2292 3619 2486 3702 Nam,
2546 3641 2807 3703 quaeso,
2865 3621 3055 3705 quale
3113 3632 3561 3705 quantumque
3619 3620 3877 3687 divinae
3924 3621 4231 3687 bonitatis

2292 3720 2392 3772 est
2458 3707 2899 3773 testimonium
2920 3756 2935 3785 ,
3014 3705 3186 3791 quod
3252 3705 3400 3771 vilis
3466 3715 3534 3770 et
3596 3704 3847 3770 abiecta
3909 3719 4229 3786 creatura,

2292 3791 2482 3874 inops
2541 3803 2608 3858 et
2661 3814 2887 3877 egena,
2946 3808 3157 3857 terrae
3216 3791 3493 3873 denique
3543 3789 3899 3857 lumbricus
3942 3804 4008 3857 et
4052 3813 4233 3859 mera

2292 3878 2626 3961 corruptio
2680 3899 2811 3943 non
2868 3900 3070 3943 unum
3133 3890 3386 3942 tantum
3447 3876 3753 3960 angelum
3803 3877 4037 3943 salutis
4075 3899 4231 3945 suae

2293 3963 2682 4039 ministrum,
2728 3964 2841 4030 sed
2878 3963 3096 4047 plures
3132 3964 3323 4027 etiam
3374 3961 3639 4028 habeat:
3683 3961 4229 4045 quamadmodum

2292 4061 2358 4113 et
2400 4049 2539 4131 ipse
2566 4048 2890 4116 Dominus
2933 4060 3152 4115 noster
3197 4048 3383 4113 Iesus
3425 4046 3735 4113 Christus
3778 4069 3897 4114 nos
3939 4048 4113 4114 istud
4157 4051 4226 4116 in

2290 4134 2633 4218 evangelio
2716 4134 2919 4201 docet.
3058 4134 3205 4200 Non
3282 4131 3554 4199 dubium
3619 4133 3842 4218 itaque
3906 4142 4005 4200 est
4067 4135 4227 4217 quin

2293 4218 2509 4285 David
2554 4221 2747 4285 istam
2792 4219 3241 4287 liberationem
3288 4232 3422 4284 tam
3466 4218 3909 4295 excellentem,
3967 4228 4226 4302 tamque

2295 4306 2710 4387 magnificam
2776 4307 3119 4390 agnoverit
3142 4357 3158 4384 ,
3241 4306 3424 4389 quasi
3489 4305 3779 4389 ipsorum
3846 4302 4227 4389 angelorum

2293 4391 2651 4456 exercitum
2731 4391 2985 4457 misisse
3050 4392 3230 4457 Deus
3309 4391 3655 4458 videretur.
3769 4390 3992 4473 Neque
4072 4412 4225 4457 vero

2292 4474 2480 4541 nobis
2538 4477 2644 4543 hic
2701 4477 2920 4561 aliqua
2968 4477 3280 4563 fingenda
3322 4476 3576 4542 oculata
3619 4475 3994 4559 angelorum
4040 4476 4225 4557 visi0,

2293 4582 2453 4644 quos
2508 4582 2644 4627 non
2701 4571 2801 4629 est
2843 4564 3197 4631 verisimile
3239 4562 3561 4629 Davidem
3608 4559 3812 4626 oculis
3854 4560 4228 4628 carnalibus

2290 4648 2822 4732 contemplatum,
2880 4649 2994 4714 sed
3038 4649 3270 4716 salutis
3311 4648 3631 4722 effectum,
3693 4666 3893 4728 quum
3935 4646 4227 4731 ipsorum

2291 4752 2414 4816 ope
2471 4743 2537 4798 et
2593 4734 2833 4800 auxilio
2891 4755 2961 4800 se
3021 4733 3386 4814 liberatum,
3450 4741 3516 4797 et
3573 4753 3655 4796 ex
3708 4731 4009 4798 manibus
4064 4733 4225 4798 Phi-

2289 4818 2669 4885 l'lstaeornm
2727 4828 2985 4885 erutum
3031 4821 3331 4904 agnovit:
3390 4817 3587 4883 huius
3630 4817 4030 4883 liberationis
4073 4840 4218 4902 per-

2291 4918 2564 4989 petuum
2589 4916 3083 4971 monumentum
3108 4926 3248 4971 esse
3282 4906 3351 4968 in
3385 4902 3655 4970 ecclesia
3690 4903 3863 4969 hunc
3886 4902 4224 4970 Psalmum

2293 4990 2518 5056 voluit.
2603 4990 3045 5072 Quamobrem
3091 5010 3174 5055 ex
3215 4989 3338 5055 hoc
3382 4988 3521 5052 loco
3565 4988 3690 5053 Dei
3735 4988 4086 5055 bonitatem
4131 4990 4224 5058 sic

2292 5077 2525 5142 efferre
2584 5087 2648 5142 et
2692 5077 3064 5162 praedicare
3105 5075 3450 5151 discamus,
3510 5084 3585 5139 ut
3627 5094 3758 5138 non
3803 5086 4060 5141 tantum
4105 5099 4225 5143 nos

2288 5162 2414 5245 ipsi
2471 5163 2773 5229 fiduciam
2831 5174 3120 5230 nostram
3162 5161 3233 5226 in
3276 5159 3421 5226 Deo
3460 5158 3862 5241 collocemus,
3911 5159 4025 5228 sed
4067 5163 4228 5231 alios

191 5277 346 5322 eam
446 5254 838 5320 doctrinam
919 5249 1429 5334 respexerimus,
1509 5272 1672 5333 quae
1749 5266 1947 5331 supra
2012 5246 2183 5314 dicto
2291 5246 2486 5313 etiam
2523 5249 2606 5315 ad
2650 5247 2822 5313 idem
2867 5246 3225 5316 faciendam
3269 5245 3699 5312 cohortemur.
3768 5246 3939 5313 Nam
3983 5249 4227 5333 etipse

3714 5348 3815 5405 26*
