5059 6059
308 246 439 312 553

317 453 386 504 et
451 443 764 517 tanquam
832 434 1131 513 κειμήλιον
1204 456 1395 502 suum
1477 457 1846 515 asservare,
1925 438 2260 522 vitamque

318 531 616 589 nostram
675 519 882 585 veluti
938 520 1009 586 in
1067 521 1371 587 fasciculo
1428 533 1862 604 compactam,
1924 523 2063 590 loco
2120 534 2260 590 tuto

319 619 637 689 tauquam
673 607 743 670 in
788 625 937 671 arca
979 627 1100 671 sua
1143 606 1494 673 recondere
1532 607 1704 686 velit,
1752 629 1836 673 ne
1871 608 2149 693 praedae
2194 621 2262 674 et

324 693 576 777 rapinis
620 692 905 757 hostium
968 713 1227 777 semper
1285 701 1521 775 pateat,
1578 694 1690 758 sed
1753 694 1934 760 velut
1988 696 2059 759 in
2119 704 2262 760 tuto

318 779 634 847 collocata
698 778 788 843 sit
853 797 1099 843 secura.
1187 778 1420 861 Neque
1483 799 1639 844 vero
1703 792 1920 844 tamen
1987 781 2117 846 ista
2181 781 2264 845 de

319 865 627 930 omnibus
693 863 761 927 in
830 884 1068 947 genere
1135 862 1449 944 dicantur,
1514 864 2035 948 quandoquidem
2103 867 2262 931 haec

320 950 653 1017 sententia
695 949 941 1032 pendet
985 950 1067 1015 ab
1111 950 1192 1014 iis
1234 969 1400 1032 quae
1445 950 1639 1033 paulo
1676 958 1829 1016 ante
1864 950 2262 1030 audivimus,

321 1057 559 1119 nempe
601 1033 881 1100 Davidis
923 1035 1233 1111 animam,
1294 1035 1398 1101 cui
1446 1036 1628 1102 Deus
1684 1047 1816 1101 tam
1861 1037 2072 1102 multa
2115 1058 2264 1122 pro-

321 1124 623 1199 miserat,
705 1118 787 1184 ab
851 1119 1075 1185 eodem
1145 1120 1330 1186 velut
1393 1121 1464 1185 in
1531 1122 1894 1187 viventium
1960 1123 2265 1189 fasciculo

321 1207 663 1275 contineri.
776 1205 1219 1287 Quamobrem
1287 1207 1351 1271 in
1435 1207 1851 1291 simplicitate
1929 1207 2266 1273 ambulare

319 1314 543 1361 coram
589 1291 733 1357 Deo
779 1290 1119 1368 discamus,
1183 1302 1250 1357 et
1289 1291 1498 1375 ipsius
1542 1292 1881 1358 clientelae
1927 1315 2046 1359 nos
2089 1314 2264 1359 eom·

321 1382 604 1453 mittere,
649 1388 828 1442 certo
872 1377 1168 1461 persuasi
1213 1398 1332 1442 nos
1375 1378 1666 1443 eiusdem
1715 1379 2005 1445 beneficii
2063 1382 2264 1463 parti-

318 1467 500 1549 cipes
545 1465 701 1542 fore,
758 1463 1093 1546 vitamque
1153 1473 1443 1528 nostram
1500 1462 1583 1528 ab
1639 1465 1780 1546 ipso
1836 1466 1904 1529 iu
1966 1465 2266 1532 fasciculo

321 1550 695 1618 viventium
756 1551 1118 1631 repositum
1175 1549 1276 1616 iri.
1379 1549 1586 1613 Porro
1653 1550 1708 1615 si
1767 1549 1951 1616 Deus
2016 1562 2266 1616 tantam

320 1657 548 1704 euram
590 1635 764 1717 gerit
808 1654 1098 1712 suorum,
1142 1635 1322 1699 vitae
1348 1635 1630 1700 caducae
1672 1647 1739 1701 et
1783 1637 1995 1702 instar
2015 1636 2268 1703 flosculi

321 1721 701 1801 decidentis,
743 1720 896 1802 quid
935 1720 1016 1785 de
1051 1720 1418 1785 animarum
1457 1730 1722 1786 aeterna
1744 1723 1954 1787 salute
1974 1731 2268 1788 statuen-

321 1808 483 1874 dum
528 1805 970 1873 arbitramur?
1020 1806 1163 1870 Nae
1205 1807 1260 1871 si
1287 1807 1472 1871 Deus
1514 1808 1811 1890 fragilem
1856 1819 1925 1873 et
1956 1808 2271 1875 caducam

319 1896 518 1960 istam
565 1894 772 1958 vitam
831 1911 1059 1956 curare
1118 1899 1186 1956 et
1229 1893 1398 1956 tueri
1466 1890 1804 1976 dignatur.
1862 1908 2110 1960 certum
2171 1899 2272 1959 est

321 1980 696 2046 animarum
744 1986 1115 2043 nostrarum
1164 1978 1391 2053 vitam,
1451 1976 1648 2061 longe
1690 1979 1816 2062 ipsi
1857 1981 2270 2046 commenda-

321 2068 562 2132 tiorem
608 2084 778 2129 esse:
840 2074 906 2128 et
950 2083 1080 2146 quo
1123 2071 1223 2128 est
1265 2063 1380 2127 illa
1421 2064 1635 2145 fragili
1693 2064 1889 2148 longe
1948 2065 2270 2130 excellen-

321 2153 473 2230 tior,
517 2151 714 2216 etiam
746 2171 886 2214 esse
929 2148 1128 2232 longe
1150 2149 1361 2232 magis
1384 2151 1756 2231 pretiosam.
1825 2149 2268 2232 Quamobrem

321 2260 413 2302 ne
459 2237 829 2302 dubitemus
872 2236 1030 2318 quin
1074 2235 1526 2318 confugientes
1584 2235 1706 2300 sub
1762 2236 1972 2320 ipsius
2015 2235 2269 2303 alarum

321 2322 726 2408 praesidium
788 2329 1104 2405 protegat,
1158 2321 1319 2385 adeo
1361 2331 1454 2398 ut,
1515 2321 1667 2387 lieet
1710 2322 1932 2387 multis
1991 2323 2268 2405 expositi

321 2408 654 2493 periculis,
720 2417 943 2472 tamen
1000 2406 1326 2472 tutissimo
1389 2405 1533 2471 loco
1598 2407 1754 2490 sint,
1820 2416 1888 2472 et
1951 2408 2136 2472 velut
2199 2408 2268 2472 in

321 2503 557 2579 portu,
616 2491 787 2576 quod
846 2493 1110 2557 illorum
1169 2512 1394 2556 curam
1452 2501 1522 2557 et
1579 2491 2020 2558 defensionem
2081 2493 2268 2558 Deus

321 2580 658 2663 suscipiat.
726 2577 945 2658 Quam
992 2577 1351 2643 doctrinam
1396 2597 1524 2659 quo
1566 2578 1802 2644 melius
1846 2580 2268 2662 comprehen-

321 2668 594 2743 damus,
660 2666 839 2748 agite
903 2666 1449 2746 comparationem
1515 2663 1691 2728 inter
1754 2664 1881 2729 ista
1946 2666 2271 2730 contraria

318 2752 778 2819 instituamus.
882 2749 1042 2813 Vita
1131 2748 1416 2813 hominis
1486 2750 1845 2814 secundum
1927 2762 2268 2815 externam

317 2838 585 2914 faciem,
630 2838 915 2904 obsecro.
961 2833 1171 2917 qualis
1216 2833 1362 2900 est?
1424 2834 1663 2899 Nonne
1705 2834 1924 2901 fumus
1980 2846 2098 2915 est,
2157 2849 2271 2901 aut

319 2924 600 2996 halitus,
647 2923 758 3005 qui
803 2920 991 2986 facile
1037 2923 1103 2984 iu
1151 2940 1345 2985 auras
1382 2919 1564 2986 abit?
1612 2921 1849 2986 Nonne
1884 2921 2269 2987 inconstans

319 3020 434 3076 est
476 3022 542 3074 et
585 3007 854 3092 fragilis,
910 3019 983 3070 ut
1028 3005 1195 3070 nihil
1242 3006 1557 3072 incertius
1614 3028 1755 3072 esse
1814 3027 2003 3090 posse
2048 3006 2268 3073 videa-

320 3093 484 3161 tur?
543 3092 685 3157 Imo
744 3105 811 3157 et
856 3102 1232 3157 nostrarum
1291 3093 1660 3156 animarum
1721 3093 1859 3157 vita
1915 3092 2267 3177 fragillima

318 3191 434 3248 est
476 3180 655 3244 mille
700 3178 1007 3261 perieulis
1063 3177 1362 3254 obnoxia,
1424 3177 1678 3242 diabolo
1735 3189 1802 3243 et
1855 3178 2079 3261 pravis
2134 3178 2267 3245 illis

317 3264 670 3351 spiritibus
714 3265 896 3329 mille
941 3263 1145 3328 modis
1187 3263 1313 3344 ipsi
1357 3262 1818 3328 insidiantibus
1871 3273 1941 3329 et
1994 3265 2269 3329 exitium

320 3350 766 3419 molientibus.
855 3348 1296 3429 Quamobrem
1344 3349 1399 3413 si
1447 3349 1645 3413 vitam
1695 3350 2070 3428 humanam,
2131 3358 2268 3415 tam

321 3439 592 3505 animae
637 3455 830 3520 quam
855 3437 1161 3517 corporis,
1207 3434 1537 3517 inspicias,
1583 3447 1652 3498 et
1694 3458 1774 3500 ex
1798 3457 2014 3500 rerum
2051 3445 2268 3501 exter-

321 3543 572 3590 narum
616 3532 885 3604 aspectu
927 3520 1172 3587 iudices
1216 3520 1296 3583 de
1343 3520 1678 3585 homiuum
1722 3529 1916 3598 statu,
1977 3522 2267 3587 derelicti

319 3633 372 3676 a.
417 3608 564 3673 Deo
609 3607 998 3681 videbimur,
1059 3616 1128 3670 et
1183 3628 1266 3669 ne
1321 3618 1721 3670 momentum
1783 3606 2043 3688 quidem
2103 3617 2266 3672 tem·

321 3695 511 3780 poris
554 3693 795 3759 habere
840 3703 1078 3768 tutum,
1123 3691 1236 3756 sed
1284 3700 1600 3774 perpetuo
1645 3692 1880 3757 incerti
1922 3694 2265 3776 fluctuare,

321 3789 406 3848 et
460 3800 578 3864 pro
635 3780 778 3844 vita
833 3798 1028 3859 quam
1087 3777 1288 3842 unius
1350 3776 1548 3840 horae
1613 3778 1899 3859 spatium
1968 3776 2267 3845 ducimus

323 3866 518 3933 mille
559 3865 790 3930 mortis
833 3861 1223 3929 circumdari
1269 3862 1597 3944 periculis,
1643 3861 1932 3944 adeoque
1969 3865 2263 3929 omnium

317 3972 476 4020 esse
546 3949 1006 4032 infelicissimi,
1080 3958 1153 4013 ut
1209 3947 1464 4013 nullum
1530 3946 1702 4011 diem
1763 3969 2036 4033 agamus
2107 3953 2261 4032 quin

317 4038 470 4104 vita
508 4044 731 4101 nostra
779 4034 1025 4100 centies
1074 4033 1313 4098 millies
1357 4033 1782 4117 periclitetur:
1842 4034 2261 4100 statuendum

317 4131 436 4190 est
478 4144 595 4187 nes
639 4120 902 4204 quidem
926 4121 1183 4185 animae
1229 4127 1492 4184 nostrae
1533 4128 1599 4184 et
1634 4121 1921 4203 corporis
1964 4129 2263 4203 respectu

317 4208 498 4277 nihil
544 4228 705 4282 esse,
751 4217 818 4271 et
859 4205 1143 4289 fragiles,
1189 4206 1483 4270 infirmos
1526 4215 1595 4270 et
1636 4206 1910 4272 caducos
1954 4227 2128 4279 esse.
2188 4226 2264 4273 ac

317 4293 602 4380 proinde
635 4304 964 4358 momento
985 4291 1189 4356 dilabi
1230 4302 1296 4356 et
1318 4291 1603 4369 effluere,
1649 4289 1928 4375 denique
1949 4312 2263 4378 vaporem

318 4400 477 4448 esse
535 4379 647 4463 qui
703 4378 925 4443 statim
982 4379 1054 4442 in
1112 4397 1307 4442 auras
1362 4376 1569 4442 abeat.
1660 4375 1773 4443 Sic
1829 4378 2125 4444 vicissim
2178 4376 2261 4442 ad

317 4466 555 4533 Deum
598 4461 1074 4546 assurgendum
1120 4471 1239 4541 est,
1284 4463 1399 4545 qui
1423 4464 1627 4526 vitam
1651 4472 1946 4529 nostram
1965 4465 2035 4529 in
2060 4484 2260 4529 manu

320 4553 547 4629 habet,
607 4561 674 4616 et
729 4561 1041 4633 tanquam
1098 4546 1466 4632 depositum
1526 4548 1826 4627 custodit,
1886 4560 1961 4614 ut
2016 4550 2264 4615 Petrus

319 4639 522 4705 docet
564 4637 780 4719 priore
823 4635 1098 4718 epistola
1132 4655 1272 4714 sua,
1313 4646 1382 4698 et
1415 4634 1686 4716 proinde
1703 4634 2020 4701 adversus
2062 4655 2260 4719 quae-

318 4745 462 4808 que
500 4721 788 4807 pericula
831 4720 1113 4804 protegit
1155 4731 1220 4783 et
1266 4720 1573 4785 defendit.
1652 4719 1765 4787 Sic
1808 4722 2063 4786 animae
2106 4727 2263 4785 sunt

317 4810 741 4878 firmissimae
810 4815 877 4871 et
919 4806 1393 4871 ‚securissimae
1458 4806 1627 4888 apud
1698 4806 1935 4872 Deum.
2037 4806 2263 4891 Digna

316 4897 549 4979 itaque
594 4903 693 4958 est
727 4914 861 4958 vox
905 4892 1041 4970 illa,
1082 4892 1256 4974 apud
1288 4891 1516 4972 Deum,
1561 4892 1858 4976 diligenti
1893 4893 2261 4958 considera-

321 4983 529 5061 tione,
573 5000 702 5064 qua
742 4997 1090 5044 monemur
1146 4976 1341 5042 rebus
1392 4976 1732 5043 hominum
1790 4979 2095 5063 opinione
2153 4976 2264 5042 de·

315 5066 603 5154 ploratis
637 5064 851 5129 Deum
891 5073 1111 5130 tamen
1155 5063 1410 5129 adferre
1453 5063 1837 5138 remedium,
1882 5074 1952 5128 et
1983 5065 2261 5130 salutem

317 5155 442 5222 ubi
502 5152 641 5219 sola
684 5149 1048 5234 desperatio
1091 5148 1321 5215 relicta
1365 5149 1730 5216 videbatur.
1819 5148 2261 5231 Quamobrem

1615 248 1715 313 IN
1761 249 1811 316 1.
1858 249 2039 315 LIB.
2085 249 2488 319 SAMUEL.
2534 251 2733 317 OAP.
2775 250 3002 317 XXV.

4165 249 4295 316 554

2365 439 2687 504 discamus
2732 440 2801 503 in
2846 438 2972 504 Dei
3018 458 3256 503 manus
3299 459 3420 503 nos
3464 439 3639 520 ipsos
3682 451 3749 502 et
3798 447 4022 503 nostra
4077 441 4296 505 omnia

2363 545 2696 607 reponere,
2754 536 2825 589 ut
2870 546 3026 590 vere
3080 537 3144 589 et
3186 523 3329 588 sine
3373 523 3786 589 simulatione
3842 544 3994 589 cum
4038 524 4299 592 Davide

2364 611 2579 677 dicere
2636 612 2990 694 possimus,
3053 610 3351 684 Domine,
3410 611 3614 674 vitam
3680 629 3891 674 meam
3951 611 4020 674 in
4063 632 4299 678 manus

2365 705 2513 761 tuas
2580 697 2985 761 commendo.
3096 696 3448 760 Caeterum
3529 716 3727 776 quum
3811 695 4049 760 dicitur
4112 696 4297 763 Dens

2365 781 2811 848 custoditurus
2868 783 3153 846 animam
3216 792 3329 845 aut
3388 780 3593 845 vitam
3649 780 3928 846 Davidis
3988 780 4299 848 adversus

2366 867 2698 931 hominem
2743 867 2923 931 illam
2968 879 3487 950 persequentem,
3546 887 3622 930 eo
3665 866 3974 932 docemur
4020 868 4297 933 homini·

2367 954 2490 1019 bus
2534 952 2720 1016 nobis
2764 955 2974 1017 minas
3018 952 3518 1034 intentantibus,
3563 960 3631 1016 et
3674 954 3870 1017 variis
3907 953 4114 1018 modis
4152 976 4297 1038 per-

2367 1039 2809 1121 sequentibus,
2854 1047 2921 1102 et
2962 1038 3327 1106 coniuratis
3372 1037 3680 1103 ecclesiae
3725 1038 4024 1103 hostibus
4069 1040 4300 1104 dentes

2368 1135 2436 1189 et
2477 1124 2702 1207 gulam
2750 1123 2830 1189 ad
2876 1144 2995 1188 nos
3040 1122 3383 1188 laniandos
3427 1124 3912 1206 apparantibus,
3958 1126 4038 1187 ad
4078 1124 4298 1189 Deum

2367 1209 2720 1292 confugero
2752 1208 2831 1273 ad
2870 1210 3081 1292 ipsum
3122 1211 3292 1273 votis
3338 1209 3730 1282 ardentibus,
3777 1210 4302 1293 quandoquidem

2369 1305 2527 1361 tunc
2572 1305 3010 1379 opportunum
3058 1307 3156 1360 est
3198 1304 3473 1376 tempus.
3535 1316 3663 1376 quo
3722 1316 3791 1359 se
3838 1295 4021 1360 Deus
4078 1296 4300 1362 defen-

2368 1401 2582 1446 sorem
2630 1390 3107 1463 tutatoremque
3149 1392 3467 1459 nostrum,
3526 1381 3584 1444 si
3640 1401 3923 1463 unquam
3980 1381 4142 1447 alias
4200 1391 4302 1448 est

2369 1487 2441 1531 re
2485 1467 2632 1549 ipsa
2691 1467 3153 1550 patefacturus.
3245 1464 3470 1546 Quare
3522 1465 4013 1550 insurgentibus
4070 1466 4301 1532 adver-

2369 1573 2481 1617 sus
2542 1572 2661 1616 nos
2718 1549 3131 1630 mortalibus,
3204 1563 3272 1614 et
3329 1572 3448 1615 nos
3506 1572 3719 1634 angue
3775 1564 3841 1616 et
3896 1573 4059 1617 caue
4116 1554 4305 1636 peius

2371 1636 2517 1703 odio
2578 1637 2997 1716 habentibus,
3069 1645 3366 1719 testaque
3426 1638 3689 1719 lutoque
3748 1640 4304 1720 persequentibus,

2372 1744 2457 1787 ne
2501 1743 2787 1805 unquam
2834 1724 3126 1786 animum
3196 1721 3730 1804 despondeamus,
3788 1724 3900 1787 sed
3961 1723 4040 1788 ad
4088 1723 4305 1790 Deum

2371 1809 2848 1891 confugiamus,
2905 1810 3013 1891 qui
3073 1818 3206 1871 tam
3269 1806 3432 1871 bene
3490 1809 3559 1872 in
3614 1809 3989 1875 fasciculum
4051 1812 4304 1875 animas

2372 1904 2630 1960 nostras
2665 1896 3140 1976 compositurus
3170 1904 3288 1970 est,
3327 1903 3394 1957 et
3429 1914 3667 1959 arcano
3704 1894 3843 1960 loco
3881 1896 4302 1978 repositurus,

2373 1990 2446 2045 ut
2490 1980 2711 2045 nullus
2755 1999 2866 2043 eas
2909 2000 2993 2043 ex
3031 1980 3336 2044 manibus
3374 1979 3581 2061 ipsius
3624 1980 3874 2063 eripere
3910 1983 4144 2064 possit:
4190 1981 4304 2047 sed

2372 2066 2678 2148 quamvis
2722 2063 2945 2130 hostes
2981 2067 3236 2147 magnis
3271 2066 3523 2129 viribus
3562 2066 3867 2131 instructi
3911 2068 4063 2146 sint,
4109 2068 4304 2151 longe

2375 2163 2598 2216 tamen
2664 2151 2823 2233 ipsis
2886 2151 3181 2234 superior
3246 2165 3345 2214 est
3410 2152 3686 2228 futurus,
3752 2163 3818 2216 et
3884 2173 4307 2235 quaecunque

2373 2237 2748 2313 moliantur,
2793 2257 2915 2301 sua
2959 2237 3204 2301 virtute
3226 2234 3675 2318 dissipaturus,
3721 2257 4034 2320 suamque
4077 2249 4302 2320 poten·

2374 2323 2529 2387 tiam
2577 2322 2893 2387 invictam
2939 2321 3255 2387 adversus
3297 2322 3474 2404 ipsos
3530 2322 3612 2387 ad
3673 2344 3792 2389 nos
3837 2322 4147 2388 tutandos
4189 2343 4305 2389 ex·

2373 2420 2687 2474 serturus.

2545 2491 2727 2573 Quin
2792 2491 2990 2556 etiam
3071 2513 3156 2556 ex
3237 2493 3383 2558 istis
3462 2493 3682 2559 verbis
3748 2493 4072 2577 Abigailis
4159 2515 4307 2561 eam

2375 2588 2646 2661 apparet
2690 2577 2889 2643 veluti
2935 2576 3138 2661 digito
3175 2577 3441 2644 Saulem
3490 2578 3777 2644 indicare
3811 2579 4121 2662 voluisse,
4165 2591 4307 2647 tum

2375 2666 2552 2729 vitae
2604 2662 2876 2734 Davidis
2929 2662 3369 2740 insidiantem,
3429 2679 3493 2728 et
3551 2666 3767 2748 ipsum
3826 2666 4038 2731 instar
4094 2665 4306 2732 rabidi

2373 2759 2441 2815 et
2486 2750 2712 2815 furiosi
2756 2750 2964 2814 leonis
3009 2749 3087 2813 ad
3139 2749 3464 2813 lanienam
3507 2751 4011 2834 investigantem
4054 2764 4120 2817 et
4163 2773 4308 2836 per-

2373 2847 2776 2918 sequentem.
2877 2835 3232 2899 Hominem
3294 2844 3513 2900 autem
3573 2835 3755 2900 illum
3815 2849 4033 2911 vocat,
4096 2850 4171 2901 ut
4228 2857 4309 2902 ea

2373 2943 2532 2988 voce
2577 2921 2845 2985 denotet
2889 2920 3070 2985 illum
3114 2921 3387 2986 consilia
3429 2940 3549 2985 sua
3591 2931 3658 2984 et
3701 2932 3973 2986 conatus
4030 2923 4306 2988 minime

2372 3008 2838 3091 perfecturum,
2895 3004 3411 3089 quandoquidem
3469 3027 3575 3070 res
3637 3009 3756 3089 ipsi
3814 3009 3903 3072 sit
3944 3028 4095 3072 cnm
4139 3008 4304 3086 Deo,

2373 3094 2481 3174 qni
2526 3092 2864 3157 conatibus
2917 3093 3123 3174 ipsius
3175 3092 3359 3156 facile
3420 3093 3699 3157 resistat.
3783 3090 3943 3157 Ideo
4006 3115 4130 3158 vox
4191 3093 4307 3160 illa

2373 3179 2673 3243 Homini-s·
2736 3189 2837 3243 est
2895 3177 3242 3261 diligenter
3300 3176 3726 3255 observanda,
3799 3189 3872 3243 ut
3928 3179 3985 3244 si
4044 3178 4307 3262 quando

2372 3285 2486 3329 nos
2531 3263 2878 3346 contigerit
2900 3263 3215 3346 gravibus
3259 3264 3477 3345 urgeri
3502 3262 3827 3347 periculis,
3873 3277 3949 3328 ut
3992 3264 4072 3328 de
4094 3264 4304 3330 salute

2370 3360 2593 3415 nostra
2637 3348 2937 3414 videatur
2979 3362 3215 3425 actum,
3262 3349 3327 3412 in
3352 3346 3497 3413 Deo
3521 3350 3800 3431 positam
3836 3370 3977 3416 oese
4012 3361 4302 3416 nostram

2368 3435 2645 3501 salutem
2692 3435 3007 3517 persuasi,
3052 3446 3114 3498 et
3160 3454 3282 3498 nos
3326 3434 3395 3497 in
3440 3435 3645 3516 ipsius
3689 3455 3831 3500 esse
3873 3436 4182 3513 custodia,
4228 3438 4299 3502 iu

2367 3520 2751 3586 memoriam
2789 3540 3169 3585 revocemus
3193 3539 3364 3602 quae
3401 3518 3685 3585 hocloco
3706 3518 4033 3598 docemur,
4077 3522 4299 3589 hostes

2368 3608 2683 3672 nimirum
2731 3616 3003 3687 nostros,
3048 3616 3112 3670 et
3157 3604 3399 3688 eosqui
3443 3625 3562 3670 nos
3586 3617 4086 3690 persequuntur,
4133 3606 4301 3673 nihil

2368 3693 2496 3758 nisi
2555 3692 2855 3756 homines
2908 3712 3069 3756 esse.
3158 3690 3336 3771 Quid
3394 3701 3613 3756 autem
3681 3707 3780 3757 est
3843 3692 4080 3758 homo?
4158 3693 4300 3760 Nae

2365 3777 2587 3861 pulvis
2650 3786 2750 3841 est
2771 3825 2788 3860 ,
2866 3778 3124 3842 vanitas
3201 3790 3267 3841 et
3343 3778 3692 3859 corruptio.
3804 3778 4026 3844 Nosne
4098 3780 4301 3864 igitur

2367 3864 2869 3930 homuncionem
2916 3874 3129 3926 terrae
3173 3860 3561 3927 lumbricum
3610 3863 3928 3930 adversus
3967 3865 4181 3930 Deum
4224 3866 4295 3930 in

2366 3950 2609 4015 nostris
2653 3949 2966 4033 personis,
3010 3969 3170 4031 quas
3213 3948 3283 4011 in
3326 3968 3512 4013 suam
3576 3949 3848 4016 tutelam
3908 3961 3977 4014 et
4032 3951 4297 4016 cliente·

2365 4035 2496 4100 lam
2558 4035 2806 4119 recepit
2871 4035 3321 4116 insurgentem
3377 4034 3918 4101 formidaremus?
3992 4035 4296 4118 Denique

2365 4140 2448 4185 ex
2495 4122 2618 4187 hoc
2660 4120 2799 4185 loco
2846 4119 3121 4184 Davidis
3164 4118 3371 4184 altera
3415 4119 3529 4184 illa
3578 4122 3906 4186 sententia
3946 4121 4292 4186 coufirma-

2366 4216 2505 4288 tur,
2571 4202 3091 4289 quandoquidem
3139 4226 3257 4288 pro
3300 4225 3403 4270 me
3464 4213 3596 4270 stat
3635 4205 3990 4282 Dominus,
4057 4207 4288 4290 ecquid

2363 4291 2527 4356 mihi
2570 4312 2723 4357 caro
2764 4289 3005 4357 faciet?
3052 4289 3378 4356 Deus-est
3408 4290 3576 4356 mihi
3618 4312 3738 4374 pro
3782 4291 4180 4375 ugnaenlum
4225 4304 4295 4358 et

2362 4398 2480 4442 arx
2555 4377 2897 4443 tutissima.
2997 4374 3442 4456 Quamobrem
3525 4313 3838 4460 improgis
3920 4377 4297 4444 hominibus

2360 4463 2707 4529 adversum
2756 4483 2876 4527 uos
2916 4462 3425 4545 insurgentibus,
3470 4471 3538 4526 et
3578 4462 3863 4527 invicem
3908 4464 4292 4548 conspiran-

2362 4548 2555 4634 tibus,
2594 4568 2928 4649 pravaque
2987 4547 3336 4613 adversum
3400 4556 3654 4612 nostras
3713 4548 3967 4613 animas
4024 4549 4295 4616 consilia

2360 4634 2759 4713 ineuntibus,
2800 4654 3157 4717 necemque
3192 4646 3482 4698 nostram
3520 4632 3998 4714 quaerentibus,
4043 4647 4117 4699 ut
4159 4634 4292 4699 iam

2360 4721 2600 4786 nostris
2638 4720 2966 4804 capitibus
3011 4720 3311 4784 ultimum
3359 4717 3629 4782 exitium
3672 4720 4015 4785 imminere
4074 4721 4292 4786 videa·

2361 4817 2492 4885 tur,
2558 4815 2626 4870 et
2689 4806 2876 4888 ignes
2940 4804 3228 4888 undique
3291 4803 3594 4880 ardeant,
3661 4815 3729 4869 et
3792 4806 3920 4869 iam
3985 4807 4055 4870 in
4119 4807 4295 4889 ipsas

2362 4891 2647 4957 hostium
2704 4891 2920 4957 fauces
2976 4891 3236 4955 venisse
3293 4889 3636 4954 videamur
3693 4890 4016 4959 laniandi:
4072 4901 4295 4956 tamen

2362 4997 2516 5042 vere
2574 4996 2917 5059 possumus
2974 4976 3306 5041 affirmare
3364 4972 3512 5039 illos
3579 4975 3752 5043 nihil
3810 4979 3940 5046 nisi
3995 4977 4299 5042 homines

2361 5082 2522 5141 esse,
2566 5070 2634 5128 et
2676 5072 2889 5127 terrae
2931 5069 3366 5141 excrementa,
3410 5060 3525 5142 qui
3565 5060 3925 5138 adversum
3980 5081 4105 5129 nos
4148 5062 4307 5126 effe-

2361 5156 2619 5214 runtur.
2684 5148 2855 5214 Nam
2901 5148 3025 5213 etsi
3067 5145 3316 5212 viribus
3355 5145 3491 5211 illis
3528 5148 3747 5225 simus
3792 5162 4110 5242 impares,
4150 5144 4314 5209 adeo
