5059 6059
802 301 930 367 347

801 491 995 571 xerit,
1034 493 1186 558 licet
1206 491 1622 556 iureiurando
1646 491 2049 574 promisisset
2069 512 2138 556 se
2161 491 2241 556 ab
2266 491 2519 576 incepto
2546 491 2737 558 desti-

807 590 1047 643 turum.

978 661 1111 730 Sed
1184 670 1399 728 tamen
1476 663 1881 728 Ionathanus
1953 661 2127 729 istud
2186 665 2551 746 perspicere
2607 685 2735 728 non

803 750 1032 834 potnit,
1100 748 1642 832 quemadmodum
1713 770 1793 812 ex
1849 748 2055 831 ipsius
2108 769 2423 832 responso
2480 749 2738 833 conspi-

804 855 1003 902 cuum
1056 844 1188 900 est:
1252 835 1399 900 Non
1437 835 1612 917 facit,
1672 835 1904 916 inquit,
1956 839 2145 917 pater
2185 855 2359 899 meus
2399 835 2741 918 quidquam

800 921 1040 1007 yrande
1082 920 1177 986 vel
1206 941 1505 1003 parvum,
1549 921 1680 985 nisi
1708 921 1905 1001 prius
1944 920 2315 986 indicaverit
2346 920 2539 986 mihi:
2579 922 2741 987 hunc

806 1026 953 1089 erqo
1010 1004 1228 1072 celavit
1284 1026 1380 1071 me
1422 1011 1607 1088 pater
1661 1025 1836 1071 meus
1888 1026 2225 1072 sermonem
2270 1007 2737 1073 tantummodo?

811 1092 1233 1175 ,Nequaquam
1290 1092 1405 1156 erit
1457 1091 1648 1156 istud.
1734 1090 1953 1174 Atque
2010 1092 2102 1156 ita
2144 1091 2576 1157 Ionathanum
2622 1113 2738 1157 ex-

808 1188 1143 1245 caecatum
1199 1176 1401 1242 fuisse
1444 1175 1740 1243 videmus
1785 1185 1860 1240 ut
1902 1178 2107 1261 patris
2151 1178 2461 1242 malitiam
2507 1199 2738 1261 appre-

807 1262 1096 1329 hendere
1132 1284 1260 1328 non
1297 1263 1597 1345 potuerit,
1633 1263 1757 1328 nisi
1803 1263 2013 1328 David
2051 1284 2193 1327 eam
2231 1264 2351 1346 ipsi
2377 1265 2737 1347 patefaciat.

810 1349 990 1415 Hinc
1031 1349 1110 1412 fit
1150 1349 1566 1431 conspicuum
1612 1347 1878 1415 Saulem
1914 1350 2007 1413 ita
2042 1348 2242 1414 fuisse
2278 1350 2738 1430 dementatum,

812 1445 888 1499 ut
943 1434 1139 1499 fuerit
1182 1434 1249 1498 in
1307 1434 1556 1498 malitia
1611 1436 1911 1517 pertinax
1968 1444 2033 1499 et
2076 1433 2398 1500 Davidem
2447 1437 2736 1517 pervica-

810 1522 974 1586 citer
1036 1519 1116 1584 ad
1183 1532 1456 1584 mortem
1523 1520 1608 1585 sit
1661 1530 2126 1603 persequutus:
2191 1527 2256 1584 et
2301 1520 2557 1603 quidem
2605 1541 2738 1585 non

809 1605 1095 1671 indicato
1129 1604 1398 1670 consilio
1433 1605 1801 1671 Ionathano
1838 1607 1939 1671 cui
1974 1625 2247 1672 coronae
2269 1607 2738 1672 successionem

810 1691 1210 1775 procurabat.
1299 1691 1549 1773 Nempe
1605 1691 1860 1757 nolebat
1918 1690 2214 1775 impediri
2271 1689 2350 1756 ab
2407 1695 2569 1776 ipso,
2624 1694 2737 1758 sed

811 1777 1009 1843 semel
1078 1775 1398 1841 Davidem
1466 1776 1692 1841 tollere
1757 1799 1792 1841 e
1859 1777 2045 1857 vivis,
2126 1783 2200 1841 ut
2265 1778 2467 1859 ipsius
2531 1787 2738 1843 morte

809 1862 1243 1947 ignominiosa
1296 1872 1431 1927 tota
1485 1863 1687 1945 patris
1745 1862 1992 1927 familia
2049 1865 2242 1927 etiam
2304 1862 2614 1930 dedecore
2671 1872 2740 1929 et

808 1947 1173 2032 ignominia
1248 1959 1562 2031 perpetua
1637 1958 1987 2014 notaretur.
2075 1948 2268 2015 Hanc
2329 1950 2411 2014 ob
2476 1970 2735 2015 causam

811 2033 1032 2099 David
1110 2031 1523 2098 iureiurando
1603 2054 1672 2098 se
1751 2034 1921 2118 apud
1997 2032 2435 2098 Ionathanum
2502 2046 2741 2119 purgat

810 2120 990 2183 omni
1035 2117 1350 2184 adversus
1390 2131 1640 2202 patrem
1684 2133 1964 2203 peccat0,
2010 2118 2180 2201 quod
2224 2139 2380 2184 sane
2416 2120 2739 2185 iusiuran-

813 2205 969 2269 dum
1038 2204 1308 2270 minime
1360 2204 1484 2269 fuit
1544 2204 1621 2268 de
1679 2204 1901 2271 nihilo.
1990 2204 2159 2270 Nam
2216 2203 2297 2268 de
2354 2206 2493 2271 vita
2537 2207 2740 2286 ipsius

810 2288 1090 2356 Davidis
1133 2291 1465 2373 agebatur,
1507 2300 1574 2353 et
1619 2288 1698 2354 de
1742 2292 2061 2374 promisso
2095 2290 2224 2373 ipsi
2258 2311 2459 2376 regno
2500 2290 2578 2356 de
2613 2311 2740 2374 quo

811 2375 1250 2443 Ionathanum
1313 2376 1652 2459 oportebat
1694 2377 1834 2441 fieri
1876 2377 2234 2458 certiorem,
2293 2397 2332 2441 a
2374 2397 2498 2458 quo
2541 2378 2737 2441 etiam

817 2458 1034 2527 David
1092 2481 1277 2544 opem
1336 2473 1397 2525 et
1456 2460 1776 2526 auxilium
1819 2463 2252 2545 exspectabat.
2338 2461 2561 2543 Quare
2608 2484 2736 2526 non

818 2555 919 2610 est
990 2545 1361 2611 babendum
1418 2545 1592 2612 istud
1647 2546 2099 2612 iusiurandum
2156 2547 2301 2611 leve
2352 2558 2466 2612 aut
2523 2548 2737 2626 inane,

815 2640 894 2695 ut
947 2631 1328 2714 plerumque
1385 2631 1683 2697 homines
1740 2633 2071 2697 temerarii
2127 2643 2281 2698 sunt
2325 2635 2391 2697 in
2434 2634 2735 2699 iurando:

816 2716 928 2781 sed
988 2717 1371 2783 necessitate
1423 2725 1716 2782 coactum
1763 2716 2082 2785 Davidem
2128 2718 2443 2784 iuravisse
2487 2729 2736 2784 certum

814 2810 932 2867 est.
1019 2802 1187 2866 Nam
1247 2803 1531 2886 primum
1591 2802 1671 2868 de
1726 2803 1932 2888 ipsius
1991 2805 2129 2868 vita
2186 2803 2500 2886 agebatur
2542 2826 2736 2888 quam

811 2888 882 2952 in
938 2888 1148 2970 pretio
1201 2887 1442 2952 habere
1501 2886 1790 2967 debebat,
1857 2887 2370 2972 quandoquidem
2414 2902 2556 2955 erat
2600 2889 2736 2955 Do·

813 2973 975 3038 mini
1032 2974 1237 3038 nostri
1293 2972 1444 3039 Iesu
1490 2972 1742 3038 Christi
1784 2976 2017 3057 figura.
2101 2972 2358 3040 Deinde
2399 2975 2739 3042 accedebat

811 3058 1166 3124 Ionathani
1252 3060 1528 3124 caecitas
1607 3061 1718 3143 qui
1791 3059 1957 3124 falsa
2050 3061 2350 3142 opinione
2433 3057 2737 3145 deceptus

811 3145 1015 3227 patris
1074 3142 1385 3209 malitiam
1450 3166 1577 3210 non
1639 3154 1888 3229 poterat
1943 3145 2479 3227 animadvertere,
2544 3168 2735 3230 quem

812 3242 1039 3295 contra
1096 3229 1471 3313 deposuisse
1534 3251 1809 3313 pravum
1867 3231 2154 3297 animum
2216 3250 2369 3314 erga
2413 3230 2734 3297 Davidem

814 3315 936 3381 sibi
1001 3314 1450 3400 persuadebat,
1518 3325 1582 3380 et
1646 3317 1740 3381 ita
1800 3317 2102 3382 incautus
2170 3317 2407 3383 Davidi
2462 3319 2735 3383 exitium

814 3400 1160 3466 adferebat.
1248 3399 1472 3482 Quare
1514 3403 1802 3485 oportuit
1836 3401 2156 3468 Davidem
2194 3401 2276 3467 ad
2313 3403 2735 3469 excitandum

813 3485 1160 3552 Ionathani
1242 3495 1566 3570 torporem
1649 3487 2065 3554 iureiurando
2144 3489 2476 3571 querelam
2554 3509 2735 3553 suam

815 3572 1201 3637 confirmare
1243 3582 1310 3637 et
1352 3583 1560 3639 ratam
1604 3573 1832 3639 facere.
1920 3574 2391 3639 Verumtamen
2436 3576 2506 3639 in
2544 3574 2738 3640 huius

812 3658 1236 3722 iurisiurandi
1308 3658 1585 3724 formula
1647 3658 1962 3742 quaedam
2029 3680 2158 3726 vox
2217 3681 2348 3725 non
2414 3661 2608 3726 debet
2669 3664 2738 3725 in

815 3764 1008 3808 usum
1067 3740 1342 3807 admitti.
1429 3745 1599 3809 Nam
1655 3745 1723 3808 in
1768 3745 2151 3811 iuramentis
2196 3746 2405 3812 solum
2454 3748 2576 3812 Dei
2621 3767 2739 3811 no-

815 3848 966 3895 men
1021 3848 1338 3911 usurpare
1397 3850 1519 3894 nos
1573 3851 1756 3896 sacra
1809 3830 2129 3914 scriptura
2171 3831 2385 3898 docet:
2444 3832 2557 3898 sed
2603 3833 2735 3897 Da-

813 3913 986 3979 vidis
1067 3913 1508 3980 infirmitatem
1589 3917 1768 3980 Deus
1835 3917 1958 3982 hac
2019 3917 2090 3982 in
2156 3928 2341 4001 parte
2404 3917 2736 3984 toleravit:

811 4020 1012 4081 quum
1072 3999 1195 4064 ait:
1267 3999 1435 4065 Vivit
1473 3999 1671 4066 Dom'
1716 4022 1812 4083 ns,
1871 4008 1928 4067 et
1966 4004 2104 4068 vitii
2144 4004 2361 4069 anima
2402 4009 2531 4070 tua.
2620 4005 2737 4070 Di·

814 4087 1032 4150 ximus
1076 4085 1145 4149 in
1190 4085 1570 4152 iuramentis
1605 4108 1675 4152 so
1701 4110 1812 4152 um
1850 4087 1978 4153 Dei
2014 4108 2252 4153 nomen
2290 4089 2736 4173 usurpandum

812 4171 1233 4254 quamobrem
1280 4171 1482 4253 siquis
1527 4184 1892 4238 creaturam
1938 4173 2141 4238 ullam
2184 4173 2516 4254 admiscet,
2596 4177 2738 4242 Deo

814 4257 1058 4322 socium
1123 4255 1370 4334 tribuit,
1436 4257 1606 4339 quod
1672 4259 1867 4325 nimis
1931 4258 2324 4324 horrendum
2382 4270 2483 4327 est
2541 4261 2737 4328 dictu.

815 4341 1066 4409 Idcirco
1127 4341 1420 4408 videmus
1473 4342 1690 4408 Deum
1758 4346 2140 4410 nominatim
2181 4346 2251 4410 in
2296 4346 2437 4431 lege
2481 4368 2741 4430 praece-

818 4431 988 4511 pisse
1053 4427 1134 4492 de
1196 4428 1601 4506 iuramentis,
1665 4438 1741 4494 ut
1801 4451 1919 4513 per
1982 4450 2219 4496 nomen
2283 4433 2491 4514 ipsius
2530 4433 2740 4499 solum

814 4515 1095 4579 iuretur:
1155 4513 1702 4596 quemadmodum
1743 4515 1975 4581 Esaias
2017 4515 2334 4600 propheta
2376 4519 2591 4584 docet:
2655 4518 2743 4584 Et

814 4601 927 4680 qui
967 4599 1143 4664 θυι-ατ
1181 4600 1249 4665 in
1290 4604 1477 4678 terra,
1522 4599 1758 4664 iurabit
1790 4601 1861 4665 in
1894 4600 2048 4681 Deo,
2093 4622 2290 4668 amen
2379 4604 2504 4668 Est
2539 4605 2741 4687 igitur

820 4685 979 4750 haec
1020 4686 1530 4751 iuramentorum
1569 4685 1815 4769 regula,
1861 4696 1935 4751 ut
1972 4706 2121 4752 cum
2162 4687 2410 4753 honore
2451 4701 2522 4755 et
2566 4712 2741 4755 reve-

818 4771 1031 4835 rentia
1082 4770 1208 4836 Dei
1265 4789 1499 4835 nomen
1554 4780 1940 4853 assumatur,
2005 4771 2519 4856 quandoquidem
2564 4775 2739 4842 solus

814 4858 955 4939 ipse
997 4855 1337 4921 hominum
1379 4854 1576 4921 corda
1617 4870 1683 4921 et
1722 4879 1914 4922 renes
1948 4867 2309 4924 scrutatur:
2353 4861 2532 4926 solus
2569 4861 2737 4925 veri·

817 4949 1016 5007 tatem
1072 4941 1241 5007 tueri
1286 4949 1513 5022 potest.
1601 4942 1691 5007 Et
1733 4943 1904 5008 hanc
1945 4943 2026 5008 ob
2070 4964 2329 5009 causam
2371 4948 2738 5012 iuramento

816 5025 1086 5092 dissidia
1128 5046 1245 5092 sua
1288 5024 1585 5092 homines
1619 5047 2001 5112 componere
2037 5030 2329 5096 volentes
2368 5033 2585 5096 iurant
2620 5053 2738 5116 per

820 5112 1130 5177 maiorem
1195 5133 1283 5191 se,
1350 5111 1656 5178 nimirum
1699 5136 1818 5198 per
1881 5113 2010 5180 Dei
2074 5115 2280 5199 ipsius
2339 5139 2595 5200 nomen,
2662 5130 2739 5185 ut

820 5198 1109 5264 omnium
1148 5196 1343 5263 iudex
1386 5206 1454 5262 et
1495 5199 1739 5265 vindex
1780 5210 2189 5286 agnoscatur.
2277 5201 2491 5269 David
2535 5205 2738 5290 igitur

2397 300 2807 370 HOMILIA
2856 304 3180 371 LXXIV.

4622 307 4713 376 348

2842 492 3066 557 iurans
3123 513 3240 577 per
3298 492 3426 558 Dei
3481 514 3721 560 nomen
3778 505 3847 561 et
3902 516 4018 579 per
4073 493 4357 560 animam
4398 492 4730 577 Ionathaui,

2844 577 3049 644 videri
3108 591 3323 662 posset
3380 582 3460 646 ab
3519 580 3643 645 hac
3697 581 3927 665 regula
3982 580 4294 646 recesisse
4350 600 4546 663 quam
4580 602 4728 648 sacra

2842 665 3165 747 scriptura
3236 665 3634 747 praescribit.
3721 665 3901 734 Saue
3970 665 4214 749 aliquid
4292 666 4358 729 in
4420 665 4542 732 hoc
4589 668 4726 733 iun-

2841 763 3064 815 mento
3121 748 3409 816 defectus
3467 772 3609 817 esse
3666 753 3998 819 fatendum
4043 764 4159 830 est,
4218 749 4331 816 sed
4379 773 4511 816 non
4550 753 4728 818 existi·

2843 833 3151 900 mandum
3208 845 3431 902 tamen
3491 838 3772 905 voluisse
3831 837 4158 906 Davidem
4216 838 4460 920 aliquid
4520 838 4594 902 de
4628 837 4731 903 Dei

2843 921 3187 988 autoritate
3245 922 3623 989 detrahere:
3682 934 3747 989 et
3802 947 3932 990 non
3986 925 4237 989 iurasse
4278 945 4396 1007 per
4443 924 4730 989 viventem

2842 1008 3126 1073 animam
3172 1007 3541 1094 Ionathani,
3588 1018 3662 1076 ut
3703 1010 4040 1094 aequalem
4084 1009 4263 1074 illam
4312 1011 4454 1075 Deo
4496 1009 4732 1075 faceret:

2842 1092 2952 1158 sed
2992 1103 3063 1158 ut
3101 1114 3422 1158 summam
3465 1097 3813 1161 amicitiam
3844 1116 3967 1179 qua
3992 1097 4206 1179 ipsum
4228 1094 4735 1178 complectebatur

2841 1187 3145 1244 testatam
3218 1180 3490 1245 faceret:
3575 1183 3757 1264 quasi
3823 1182 4066 1247 dictum
4133 1180 4360 1245 vellet:
4450 1180 4739 1248 Dominus

2842 1264 3025 1345 vivit,
3083 1277 3149 1329 et
3203 1276 3458 1329 tantum
3521 1269 3655 1331 vita
3714 1278 3828 1332 tua
3885 1267 4048 1332 mihi
4112 1287 4267 1332 cara
4329 1275 4436 1331 est
4478 1274 4547 1330 et
4587 1278 4737 1332 tanto

2842 1359 2907 1416 te
2950 1372 3168 1416 amore
3209 1350 3620 1433 complector,
3681 1364 3752 1417 ut
3791 1352 4031 1418 millies
4076 1353 4236 1417 mori
4280 1350 4531 1431 malim,
4573 1373 4740 1434 quam

2842 1435 3081 1519 aliquid
3140 1447 3367 1502 contra
3425 1449 3710 1503 nostram
3769 1439 4120 1504 amicitiam
4178 1458 4468 1522 peccare,
4535 1436 4740 1504 idcirco

2839 1523 3205 1586 iuramento
3243 1522 3365 1587 isto
3408 1523 3662 1588 affirmo
3706 1544 3841 1588 rem
3886 1525 3981 1589 ita
4022 1545 4163 1591 esse
4195 1532 4269 1588 ut
4304 1521 4463 1589 dixi.
4552 1522 4743 1604 Quare

2840 1607 3294 1672 iusiurandum
3361 1615 3464 1672 est
3525 1610 3807 1674 mixtum
3873 1608 4277 1674 adiuratione
4341 1609 4424 1673 ab
4486 1609 4745 1675 amicitia

2888 1712 3007 1756 uae
3075 1694 3250 1758 inter
3312 1692 3749 1760 Ionathanum
3809 1703 3877 1759 et
3930 1693 4257 1761 Davidem
4312 1692 4745 1761 intercedebat

2841 1713 3019 1860 Quin
3066 1779 3195 1843 imo
3230 1778 3606 1861 frequentes
3647 1788 3802 1844 sunt
3834 1779 4208 1845 istiusmodi
4241 1781 4747 1859 asseverationes,

2841 1879 2913 1928 ut
2980 1863 3211 1946 aliquis
3270 1865 3341 1928 in
3400 1866 3681 1931 animam
3729 1874 3794 1932 et
3838 1866 4047 1930 vitam
4092 1886 4277 1931 suam
4321 1865 4536 1930 iuret:
4602 1866 4746 1949 quod

2842 1971 2972 2014 non
3038 1961 3137 2015 est
3178 1950 3613 2015 iuramentum
3659 1951 3972 2017 eiusmodi
4015 1971 4143 2036 quo
4186 1972 4256 2017 se
4298 1950 4503 2017 faciat
4545 1972 4748 2036 aequa-

2840 2034 2969 2100 lem
3035 2033 3196 2113 Deo,
3261 2035 3373 2100 sed
3435 2046 3767 2103 asseveret
3823 2049 3958 2102 tam
4004 2047 4252 2101 certum
4298 2037 4362 2101 id
4413 2057 4560 2103 esse
4601 2038 4748 2121 quod

2843 2121 2937 2185 ait
3014 2141 3208 2203 quam
3287 2133 3537 2186 certum
3617 2132 3717 2187 est
3796 2142 3867 2187 se
3946 2124 4185 2188 vivere.
4292 2120 4753 2188 Verumtamen

2840 2226 3097 2273 summa
3139 2206 3204 2271 in
3250 2207 3392 2272 istis
3434 2207 3819 2273 iuramentis
3863 2207 4179 2274 sobrietas
4221 2218 4320 2273 est
4362 2207 4753 2274 adhibenda:

2843 2313 2917 2358 ac
2959 2291 3229 2375 proinde
3274 2293 3670 2358 tutissimum
3717 2314 3848 2359 non
3894 2293 4115 2378 egredi
4159 2293 4403 2358 limites
4446 2315 4614 2377 quos
4646 2292 4751 2358 Dei

2844 2380 3117 2443 verbum
3156 2378 3590 2462 praescripsit.
3676 2378 3849 2444 Nam
3884 2381 4249 2462 quicunque
4284 2399 4407 2479 per
4444 2390 4753 2446 creaturas

2844 2465 3033 2543 iurat,
3085 2461 3422 2529 idololatra
3465 2474 3581 2529 est.
3672 2462 3785 2531 Sic
3827 2465 4135 2548 papistae,
4195 2484 4311 2546 qui
4354 2465 4425 2529 in
4475 2466 4753 2530 omnibus

2843 2549 3183 2613 manifeste
3225 2560 3380 2614 sunt
3414 2548 3811 2629 idololatrae,
3854 2571 3972 2633 per
4008 2549 4090 2614 D.
4128 2551 4429 2628 Petrum,
4478 2550 4756 2627 Paulum,

2842 2645 3132 2698 sanctam
3198 2636 3559 2701 Barbaram
3625 2650 3690 2699 et
3749 2636 3909 2701 alios
3964 2635 4328 2701 istiusmodi
4389 2636 4756 2713 deieranoes,

2842 2718 3107 2784 totidem
3162 2721 3334 2785 idola
3391 2721 3461 2785 in
3518 2720 3642 2786 Dei
3704 2721 3913 2785 locum
3961 2720 4279 2786 evehunt:
4340 2742 4517 2804 quae
4562 2732 4758 2787 tamen

2842 2826 3025 2871 saera
3104 2807 3423 2889 scriptura
3502 2807 3740 2889 passim
3816 2806 4003 2871 valde
4066 2828 4295 2872 severe
4358 2807 4757 2872 condemnat.

2843 2889 3022 2971 Quid
3090 2891 3195 2956 hic
3258 2913 3412 2976 ergo
3476 2891 3649 2957 facto
3721 2901 3823 2957 est
3876 2891 4080 2975 opus?
4166 2892 4430 2975 Nempe
4491 2894 4758 2958 iurantes

2843 2977 3058 3041 Deum
3112 2978 3424 3043 advocent
3468 2977 3674 3047 solum
3720 2988 3951 3043 testem
3996 2990 4063 3042 et
4102 2977 4415 3045 iudicem.
4513 2979 4676 3044 Nam
4714 2980 4759 3043 si

2841 3071 3287 3129 creaturarum
3333 3082 3569 3129 nomen
3613 3063 4065 3145 admisceatur,
4109 3065 4321 3129 socius
4368 3064 4525 3129 Deo
4570 3066 4759 3147 datur,

2841 3156 2907 3212 et
2950 3147 3029 3213 de
3070 3148 3273 3231 ipsius
3316 3149 3664 3214 autoritate
3697 3148 4105 3214 tantumdem
4143 3148 4547 3215 detrahitur.
4592 3149 4760 3234 Opti·

2840 3253 3019 3298 mum
3085 3235 3285 3334 igitur
3344 3233 3702 3299 remedium
3755 3247 3853 3300 est
3913 3236 4086 3300 intra
4128 3237 4294 3300 fixos
4338 3237 4665 3302 terminos
4702 3237 4759 3300 in

2842 3319 3175 3402 evangelio
3220 3320 3588 3386 subsistere.

3008 3406 3149 3471 Iam
3197 3427 3353 3471 vero
3399 3406 3590 3490 agite,
3634 3411 3737 3472 eto.

3340 3748 3836 3833 HOMILIA
3877 3749 4264 3832 LXXIV.

3008 3918 3071 3986 4.
3115 3919 3204 3985 Et
3237 3921 3328 3985 ait
3365 3919 3676 3987 Ionathas
3704 3920 3790 3985 ad
3815 3919 4065 3986 David:
4105 3920 4530 4006 Quodcunque
4552 3922 4763 3988 dixerit

2840 4006 2998 4072 mihi
3050 4008 3268 4071 anima
3308 4011 3419 4071 tna
3457 4006 3696 4088 faciam
3737 4006 3869 4071 tibi.
3955 4005 4018 4072 5.
4063 4005 4259 4072 Discit
4301 4014 4520 4075 autem
4564 4005 4763 4073 David

2842 4093 2929 4158 ad
2979 4091 3320 4158 Ionatham
3376 4091 3534 4157 Ecce
3586 4091 3875 4157 calendae
3915 4096 4060 4157 sunt
4100 4093 4397 4175 crastino,
4458 4100 4521 4160 et
4562 4114 4664 4179 eye
4699 4113 4764 4156 ec

2842 4197 3012 4243 more
3050 4179 3258 4243 sedere
3298 4177 3462 4243 soleo
3502 4177 3683 4243 iuxta
3724 4198 3927 4261 reqem
3966 4177 4054 4242 ad
4094 4180 4501 4245 vescendum.-
4545 4179 4764 4246 denseo

2841 4284 2982 4347 erqo
3049 4284 3145 4328 me
3205 4267 3277 4328 ut
3337 4260 3689 4329 abscondar
3751 4264 3819 4328 in
3885 4283 4040 4346 αρνο
4082 4284 4277 4345 usque
4316 4266 4411 4331 ad
4456 4286 4761 4347 vesperem

2841 4350 2973 4416 diei
3044 4350 3275 4415 tertiae.
3362 4348 3423 4414 6.
3470 4347 3546 4414 Si
3614 4348 3954 4429 respiciens
4015 4350 4375 4430 requisierit
4442 4372 4548 4417 me
4600 4355 4763 4433 pater

2839 4442 3007 4518 tuus,
3046 4434 3442 4516 respondebis
3482 4435 3572 4500 ei:
3626 4433 3894 4518 Royavit
3935 4454 4029 4500 me
4069 4434 4307 4517 David,
4349 4442 4429 4501 ut
4470 4438 4594 4503 iret
4632 4434 4762 4502 eele-

2840 4523 2995 4586 nter
3070 4521 3140 4586 in
3203 4518 3556 4586 Bethlehem
3615 4521 3920 4586 civitatem
3981 4540 4195 4586 suom.-
4267 4524 4433 4605 quia
4502 4525 4761 4589 viam

2840 4606 3118 4673 solennes
3174 4606 3263 4671 ibi
3316 4611 3463 4672 sunt
3501 4606 3815 4671 universis
3855 4605 4296 4673 contribulibus
4336 4609 4512 4675 suis.
4602 4609 4658 4674 Ἰ.
4698 4604 4760 4673 Si

2839 4693 3102 4758 dixerit.-
3165 4691 3373 4758 Bene:
3423 4710 3566 4773 pax
3627 4691 3748 4757 erit
3801 4711 3975 4758 servo
4031 4697 4153 4776 tuo,
4219 4694 4282 4758 si
4322 4698 4554 4760 autem
4591 4692 4759 4777 faerit

2840 4779 3061 4855 iratus,
3127 4778 3278 4843 seito
3336 4778 3487 4859 qnia
3528 4777 3825 4859 completa
3865 4782 3955 4843 est
3993 4777 4239 4845 malitia
4281 4779 4443 4845 eins.
4538 4778 4602 4847 8.
4647 4777 4758 4844 Fac

2837 4884 2979 4947 erqo
3019 4863 3511 4931 misericordiam
3554 4864 3625 4928 in
3663 4883 3909 4928 servum
3945 4868 4150 4930 tunm.-
4190 4867 4345 4948 quio
4376 4865 4611 4946 foedus
4644 4865 4755 4930 Do·

2838 4950 2998 5014 mini
3048 4970 3143 5014 me
3180 4950 3490 5030 famulum
3531 4953 3705 5014 tuum
3745 4955 3939 5015 tecum
3976 4951 4143 5015 inire
4182 4952 4423 5033 fecisti:
4466 4952 4534 5017 si
4576 4956 4755 5017 auste-

2837 5039 2928 5100 est
2967 5035 3270 5118 iniqnitas
3310 5035 3529 5117 aliqua
3571 5036 3642 5099 in
3678 5056 3793 5112 me,
3847 5040 3915 5099 tu
3954 5057 4051 5101 me
4091 5036 4383 5117 interfice,
4432 5042 4497 5104 et
4538 5040 4753 5119 adpa-

2833 5125 2996 5186 trem
3058 5126 3238 5187 tunm
3299 5141 3376 5187 ne
3435 5121 3794 5192 introducas
3835 5142 3948 5188 me.
4035 5121 4097 5187 9.
4159 5121 4246 5188 Et
4287 5122 4383 5188 ait
4431 5122 4752 5189 zonat-¹10⁸.-

2837 5204 3023 5272 Absit
3077 5205 3188 5275 hoc
3242 5228 3285 5273 a
3338 5211 3421 5272 te.-
3482 5224 3677 5288 neque
3733 5206 4327 5292 enimfieripotest,
4394 5211 4751 5277 “isicem
