5059 6059
278 348 383 415 653

272 554 439 603 nores
487 531 851 597 evehantur
894 531 1318 598 vehementer
1363 533 1669 617 superbia
1712 535 2175 617 intumescant,

268 643 332 688 ac
368 639 507 685 suas
546 617 705 702 alas,
750 632 823 684 ut
866 618 957 683 ita
1000 619 1232 697 dicam,
1278 620 1473 702 longe
1496 619 1753 704 lateque
1797 623 2176 700 extendant,

271 721 327 773 et
348 725 541 771 mores
583 725 735 771 cum
783 705 1191 771 vestimentis
1234 716 1302 770 et
1344 715 1533 790 gestu
1557 709 1925 772 immutent.
1970 707 2179 773 Deni-

268 814 377 876 que
416 790 571 855 nihil
618 797 757 855 tam
800 788 1105 874 arduum,
1152 812 1278 874 quo
1323 813 1451 857 non
1496 792 1917 871 contendant,
1964 803 2031 858 et
2069 815 2178 860 su-

266 898 370 962 pra
406 877 611 960 ipsum
656 898 877 941 aerem
921 877 1144 942 efferri
1190 898 1267 943 ac
1308 876 1517 962 digito
1562 878 1819 943 coelum
1852 879 2180 964 attingere

265 966 551 1028 nitantur.
640 961 892 1026 Contra
973 961 1153 1039 Saul,
1237 985 1351 1028 rex
1431 964 1614 1029 licet.
1648 964 2045 1048 designatus,
2111 973 2179 1030 et

261 1047 503 1132 quidem
559 1068 695 1113 non
739 1047 956 1113 dubiis
999 1048 1207 1134 signis
1251 1050 1695 1133 confirmatus,
1750 1050 2178 1117 nihilominus

260 1136 323 1201 in
362 1135 567 1219 priore
611 1134 784 1201 vitae
827 1143 1005 1200 statu
1042 1145 1110 1198 et
1153 1135 1523 1202 conditione
1559 1147 1890 1202 remanet:
1932 1147 1999 1202 et
2032 1138 2177 1220 qui-

256 1221 391 1286 dem
441 1241 570 1285 non
632 1219 717 1284 ab
776 1219 1148 1287 bominibus
1188 1222 1262 1286 in
1311 1222 1481 1288 hanc
1525 1221 1933 1307 dignitatem,
1990 1223 2178 1289 cuius

256 1306 437 1372 etiam
492 1304 779 1370 honores
818 1306 1110 1371 nondum
1158 1318 1302 1372 erat
1342 1315 1752 1391 assequutus,
1810 1308 1925 1374 sed
1970 1310 2178 1376 veluti

250 1391 368 1457 Dei
424 1392 630 1475 ipsius
672 1411 879 1456 mann
926 1393 1134 1457 fuerat
1180 1402 1475 1473 evectus;
1530 1395 1840 1476 quoniam
1885 1394 2177 1461 nondum

252 1499 441 1562 regno
498 1475 860 1561 fruebatur,
913 1490 982 1545 et
1038 1500 1171 1545 non
1228 1485 1569 1563 acceperat
1623 1479 1887 1544 oraetilo
1948 1479 2174 1547 divino

254 1572 493 1647 tempus
552 1584 679 1646 quo
735 1583 1014 1648 regnum
1073 1574 1544 1648 assequuturus
1598 1575 1664 1630 et
1722 1564 2178 1634 dominaturus

246 1661 396 1730 erat,
462 1649 671 1732 patris
729 1662 1029 1715 armenta
1087 1661 1153 1715 et
1195 1672 1448 1736 greges,
1508 1661 1591 1718 ιιι
1631 1659 1803 1730 ante,
1848 1661 2068 1718 curat:
2114 1661 2180 1718 et

246 1744 545 1818 tanquam
608 1734 890 1802 rusticae
947 1737 1121 1802 vitae
1166 1757 1397 1802 amans
1434 1738 1635 1805 boves
1678 1748 1747 1801 et
1791 1759 2021 1805 vaccas
2062 1760 2177 1823 pa·-

244 1821 357 1887 tris
418 1831 598 1905 agat.
687 1819 1131 1902 Quamobrem
1196 1824 1474 1907 insignis
1540 1835 1638 1889 est
1695 1822 1803 1889 hic
1847 1824 2047 1904 locus,
2112 1834 2180 1890 et

244 1908 599 1972 attentione
670 1927 930 1973 summa
996 1909 1254 1994 dignus,
1336 1920 1413 1974 ut
1477 1930 1861 1994 quacunque
1926 1911 2178 1977 ratione

236 1993 408 2058 Deus
475 2013 603 2058 nos
666 1992 1066 2077 gubernarit,
1144 1993 1436 2061 modeste
1504 2005 1573 2060 et
1636 1996 2039 2062 abstinenter
2102 2018 2178 2064 ac

230 2077 564 2144 moderate
611 2099 734 2146 nos
778 2101 1139 2164 geramus3-
1180 2102 1255 2146 ac
1296 2081 1352 2145 si
1398 2102 1689 2147 summos
1732 2081 2013 2148 honores
2056 2102 2178 2149 nos

230 2164 387 2231 velit
438 2165 709 2247 assequi
767 2165 943 2232 inter
1002 2165 1323 2247 hemines,
1381 2166 1808 2233 nihilominus
1850 2188 2175 2233 summam

226 2271 381 2333 prae
421 2252 627 2316 nobis
664 2251 1048 2316 modestiam
1096 2253 1398 2330 feramus,
1471 2273 1680 2335 neque
1718 2273 1843 2318 nos
1884 2275 2176 2337 unquam

227 2335 310 2401 ab
362 2334 694 2401 bonorum
751 2337 1177 2421 amplitudine
1234 2340 1526 2404 sinamus
1570 2338 1933 2405 excaecari:
2000 2360 2077 2404 ac
2118 2340 2174 2406 si

219 2443 335 2488 nos
376 2422 450 2487 in
497 2421 727 2488 medio
765 2441 961 2489 cursu
1008 2424 1171 2489 velit
1209 2425 1581 2503 subsistere,
1644 2446 1853 2508 neque
1899 2425 2174 2492 ulterius

218 2507 549 2593 progredi,
603 2509 782 2573 intra
814 2511 1060 2592 positos
1095 2511 1412 2578 terminos
1446 2511 1916 2591 contineamur,
1961 2532 2173 2596 neque

212 2591 463 2678 aliquid
524 2594 710 2660 ultra
767 2596 970 2679 ipsius
1013 2596 1416 2661 voluntatem
1458 2606 1867 2680 appetamus.
1958 2599 2049 2663 Et
2094 2597 2174 2664 de

213 2679 437 2746 Saulis
482 2679 820 2746 modestia
860 2681 1201 2747 hactenus.

378 2766 853 2832 Nihilominus
914 2787 1075 2834 vero
1117 2768 1415 2833 functum
1460 2768 1636 2853 regis
1680 2777 1745 2833 et
1789 2768 1943 2834 boni
1987 2767 2174 2835 ducis

204 2852 422 2918 officio
512 2852 830 2936 deinceps
908 2854 1233 2936 scriptura
1310 2861 1653 2919 memorat.
1740 2855 1933 2920 Licet
1995 2855 2175 2920 enim

200 2937 505 3005 abiectae
568 2938 975 3004 conditionis
1028 2938 1378 3018 videretur,
1435 2949 1599 3022 puta
1640 2939 1790 3005 vilis
1833 2940 2175 3021 bubulcus,

200 3033 428 3090 tamen
481 3045 650 3091 cnm
691 3024 1048 3091 autoritate
1082 3024 1310 3104 edixit,
1357 3025 1603 3091 severis
1638 3025 1879 3091 additis
1910 3027 2177 3092 commi-

198 3110 635 3190 nationibus,
690 3119 840 3193 post
884 3110 1299 3177 membratim
1344 3111 1629 3179 divisum
1674 3133 1793 3194 par
1838 3113 2052 3193 boum,
2108 3119 2175 3178 et

195 3199 692 3263 transmissum
738 3195 807 3260 in
848 3205 1061 3261 totum
1099 3198 1453 3263 terminum
1494 3196 1779 3276 Israelis,
1826 3209 1900 3263 ιιι
1935 3197 2174 3264 armati

192 3302 426 3348 omnes
494 3281 821 3348 adessent
883 3283 1126 3348 exituri
1184 3294 1331 3366 post
1392 3281 1660 3350 Saulem
1720 3293 1789 3348 et
1846 3295 1989 3367 post
2052 3282 2173 3351 Sa-

184 3368 528 3434 muelem:
591 3377 662 3433 et
695 3369 810 3452 qui
845 3391 1034 3436 secus
1072 3370 1301 3448 faxint,
1346 3369 1576 3435 eodem
1612 3369 1802 3437 modo
1841 3369 2174 3438 habendos

184 3464 251 3518 et
308 3455 645 3539 ipsorum
691 3467 986 3520 armenta
1045 3477 1176 3539 quo
1223 3457 1420 3521 boves
1461 3454 1563 3520 illi
1605 3477 1651 3520 a
1689 3477 1761 3521 se
1805 3455 2019 3523 divisi.
2067 3457 2172 3522 En

180 3538 471 3608 Saulem
546 3541 778 3607 verbis
833 3541 1095 3624 quidem
1155 3542 1425 3606 minime
1476 3543 1918 3625 magnificum,
1986 3543 2177 3608 tactis

178 3637 421 3693 tamen
493 3635 576 3693 et
641 3626 1027 3692 fortitudine
1068 3628 1421 3712 insignem,
1477 3648 1551 3693 ac
1599 3627 1819 3712 regiae
1863 3627 2175 3713 dignitati

174 3713 663 3779 conveniente
721 3714 1079 3778 autoritate
1123 3714 1393 3780 clarum.
1481 3712 1676 3794 Quod
1719 3713 2176 3781 observatione

174 3798 480 3883 dignum
555 3807 688 3864 est.
779 3797 950 3863 Nam
1008 3799 1146 3864 fere
1201 3799 1393 3864 hodie
1436 3800 1813 3883 principum
1855 3800 2174 3870 fortitudo

168 3894 238 3950 et
302 3883 867 3970 magnanimitas
924 3886 993 3949 in
1054 3885 1208 3950 solis
1267 3885 1485 3953 verbis
1528 3895 1627 3950 est
1670 3887 1885 3969 posita
1922 3895 1993 3951 et
2034 3909 2177 3971 spe-

169 3972 273 4037 cie
323 3974 490 4038 sola
546 3970 851 4050 virtutis,
927 3971 1040 4054 qui
1103 3984 1410 4054 tanquam
1472 3972 1684 4054 pictae
1741 3973 2065 4056 imagines
2106 3974 2178 4039 in

162 4058 731 4125 admirationem
787 4057 891 4121 sui
952 4057 1258 4122 miseram
1303 4056 1556 4141 plebem
1602 4057 1908 4123 trahunt:
1965 4059 2177 4126 multa

156 4146 498 4230 insignes
558 4163 809 4226 pompa
852 4154 918 4207 et
960 4142 1304 4226 splendido
1347 4153 1693 4228 appan-aem
1757 4143 1999 4227 quibus
2040 4166 2176 4211 om-

156 4231 375 4298 nibus
444 4230 704 4295 miseri
764 4228 1065 4294 homines
1110 4230 1545 4311 decipiuntur.
1634 4229 1764 4294 His
1807 4231 2067 4315 pompis
2111 4245 2177 4298 et

150 4319 396 4400 specie
468 4316 640 4383 sola
700 4314 960 4398 populis
1015 4315 1398 4398 imponitur:
1460 4315 1563 4380 his
1621 4316 1952 4400 principes
1996 4325 2175 4386 auto-

152 4405 461 4469 ritatem
540 4401 678 4467 sibi
738 4400 1106 4483 conciliant,
1162 4400 1275 4466 sed
1322 4400 1476 4466 alibi
1522 4401 1897 4483 quaerenda
1940 4403 2175 4486 virtus,

146 4491 325 4557 alibi
393 4485 778 4563 fortitudo,
842 4486 997 4553 alibi
1059 4487 1341 4569 denique
1395 4486 1606 4552 divini
1648 4487 1918 4569 spiritus
1964 4490 2065 4555 vis
2108 4499 2176 4556 et

146 4597 494 4659 quaecnn
558 4594 656 4639 ue
730 4571 812 4637 ad
868 4571 1038 4637 tanti
1093 4573 1392 4639 muneris
1451 4572 1840 4658 dignitatem
1905 4575 2172 4643 faciunt.

141 4663 439 4730 Contra
590 4658 705 4724 aul
766 4666 1065 4724 armenta
1124 4661 1329 4743 patris
1373 4657 1531 4724 dum
1594 4660 1784 4744 regit,
1850 4660 2033 4727 intus
2079 4668 2174 4726 ta-

139 4771 316 4814 men
416 4765 745 4830 magnos
813 4746 1063 4810 animos
1129 4744 1330 4830 gerit,
1411 4746 1667 4829 Deique
1734 4747 2171 4828 praesentiam

137 4837 528 4920 patefacit,
618 4852 695 4897 ac
750 4829 877 4895 Dei
937 4830 1018 4895 de
1063 4852 1133 4896 se
1179 4830 1511 4898 decretum
1558 4853 1692 4894 non
1737 4830 1937 4896 fuisse
1979 4833 2175 4898 inane

137 4924 387 5004 palam
464 4917 738 5002 aperit,
798 4937 997 5000 quum
1055 4929 1325 4999 repente
1386 4917 1515 4982 Dei
1568 4916 1838 4999 spiritus
1890 4916 1966 4981 in
2022 4939 2172 4984 eum

137 5009 379 5088 irruit,
468 5014 559 5072 et
649 5002 811 5068 utile
877 5003 1219 5068 consilium
1285 5003 1635 5087 suggessit.
1718 5001 1953 5085 Neque
2019 5026 2174 5070 vero

137 5109 311 5161 ante
362 5115 537 5159 non
604 5099 946 5172 receperat
990 5109 1132 5154 eam
1178 5090 1445 5172 spiritus
1480 5088 1847 5173 portionem
1887 5109 2053 5171 quae
2088 5088 2171 5154 ad

137 5193 436 5247 tantam
537 5175 1009 5242 sustinendam
1087 5173 1488 5257 provinciam
1552 5174 2022 5257 requirebatur,
2099 5185 2173 5240 ut

137 5291 361 5353 snpra
404 5263 755 5332 vidimus
767 5285 784 5341 3
821 5259 937 5326 sed
972 5281 1175 5343 quum
1212 5260 1418 5327 veluti
1455 5281 1658 5326 novas
1695 5259 1869 5327 vires
1904 5263 2169 5344 accepit,

1586 344 1686 410 IN
1727 346 1780 411 1.
1828 345 2010 412 LIB.
2057 344 2463 414 SAMUEL.
2508 347 2706 413 OAP.
2751 347 2880 412 XI.

4096 345 4225 409 654

2280 538 2464 605 Deus
2509 539 2605 602 ita
2650 544 2964 603 testatum
3010 534 3241 613 voluit,
3298 555 3422 602 nos
3461 534 3536 598 in
3578 530 3855 617 singulis
3899 531 4090 602 factis
4132 533 4228 601 di-

2283 625 2440 690 vina
2500 645 2626 708 ope
2686 633 2752 688 et
2808 621 3054 688 anulio
3115 621 3358 689 habere
3387 641 3600 703 ¹cums,
3661 641 3702 686 a
3744 638 3874 701 quo
3918 640 4229 704 regamur

2282 716 2351 774 et
2394 730 2564 775 novo
2609 709 2881 793 spiritus
2924 709 3153 773 robore
3189 706 3558 792 induamur.
3649 702 3812 782 Saul
3845 703 4228 790 adtqmpus

2282 795 2811 879 prophetaverat,
2872 815 2948 860 ac
2990 794 3238 859 donum
3283 790 3746 875 temporarium
3791 791 4227 875 prophetandi

2283 882 2399 948 illa
2443 882 2719 947 facultas
2763 880 2906 959 fuit,
2961 900 3090 964 quo
3133 877 3318 944 Deus
3361 877 3710 943 nobilitare
3752 875 3941 942 illum
3986 886 4053 942 et
4095 878 4227 944 cla-

2283 990 2431 1033 rum
2490 966 2706 1032 facere
2762 965 2937 1049 apud
2991 964 3329 1030 Israelitas
3389 963 3601 1031 voluit
3657 976 3968 1046 tanquam
4028 963 4229 1048 insig-

2283 1054 2480 1121 nibus
2524 1062 2593 1117 et
2634 1050 3111 1129 stemmatibus,
3153 1051 3402 1136 ‘quibus
3445 1048 3622 1122 inter
3663 1048 3810 1114 illos
3854 1048 4223 1115 excelleret.

2283 1139 2578 1225 Spiritus
2637 1140 2834 1203 etiam
2895 1137 3024 1201 Dei
3064 1145 3210 1220 post
3252 1135 3531 1201 electum
3575 1135 3791 1216 ipsum
3835 1135 4115 1218 gratiam
4162 1147 4228 1200 et

2280 1228 2456 1292 dona
2510 1246 2633 1291 sua
2685 1222 2783 1288 illi
2823 1222 3309 1306 multiplicavit,
3368 1231 3566 1304 atque
3603 1220 3681 1290 in
3724 1241 3971 1298 novum
4013 1220 4225 1290 homi-

2282 1335 2455 1389 nem,
2512 1319 2592 1377 ιιι
2630 1311 3028 1394 promissum
3073 1317 3233 1386 erat,
3291 1306 3686 1380 immutavit.
3778 1304 4223 1387 Quamobrem

2281 1400 2415 1465 iam
2472 1398 2879 1480 superfluum
2939 1393 3224 1473 videtur,
3284 1393 3426 1458 dari
3483 1392 3582 1458 illi
3623 1412 3857 1460 rursus
3900 1392 4223 1478 spiritum.

2280 1484 2419 1551 Sed
2483 1482 2834 1566 diligenter
2891 1481 3114 1548 omnia
3167 1479 3354 1548 nobis
3389 1477 3979 1561 investigantibus,
4051 1477 4225 1548 istud

2283 1579 2384 1636 est
2414 1567 2889 1653 colligendum,
2949 1575 3013 1633 et
3055 1565 3298 1632 animis
3341 1564 3582 1632 nostris
3626 1562 4049 1648 infigendum,
4107 1587 4226 1638 nos

2282 1657 2437 1722 licet
2503 1656 2631 1720 Dei
2691 1653 2880 1719 donis
2923 1660 3192 1729 auctos,
3277 1659 3439 1733 puta
3487 1651 3848 1732 sapientia,
3929 1649 4223 1728 scientia,

2283 1741 2657 1827 prudentia,
2699 1738 3084 1806 fortitudine
3117 1746 3186 1803 et
3220 1735 3546 1804 similibus
3582 1733 3956 1814 virtutibus,
3997 1745 4223 1820 tamen

2284 1850 2414 1893 non
2459 1826 2762 1893 sufficere
2801 1825 2932 1892 nisi
2963 1822 3247 1908 siugulis
3282 1821 3632 1888 momentis
3666 1819 3893 1888 eadem
3927 1821 4000 1894 in
4033 1822 4222 1894 nobis

2282 1913 2457 1980 dona
2496 1913 2848 1980 confirmet
2883 1920 2950 1976 et
2995 1920 3253 1993 augeat,
3311 1908 3828 1991 quotiescunque
3872 1907 4222 1978 necessitas

2281 1999 2590 2084 postulat.
2674 1997 2848 2063 Nam
2879 2017 3042 2064 sane
3083 1993 3227 2061 fieri
3273 2005 3488 2076 potest
3515 1993 4002 2077 et-plerumque
4035 1995 4115 2062 fit
4150 2009 4224 2062 ut

2281 2086 2394 2169 qui
2447 2084 2714 2168 optimis
2769 2083 3010 2148 nititur
3063 2080 3426 2165 principiis,
3489 2085 3556 2145 et
3615 2078 3982 2148 certissima
4024 2077 4223 2154 habet

2281 2171 2656 2238 testimonia
2695 2190 2770 2235 se
2803 2189 2841 2233 a
2878 2167 3022 2234 Deo
3058 2166 3146 2233 ad
3175 2186 3288 2233 res
3315 2186 3600 2249 magnas
3629 2165 3872 2248 vocari,
3911 2164 3991 2238 in
4026 2166 4223 2244 rebus

2278 2265 2503 2323 tamen
2561 2256 2768 2339 parvi·
2807 2254 3154 2338 momenti.
3177 2250 3474 2322 baereat:
3534 2251 3659 2317 nisi
3717 2250 4052 2334 praesenti
4093 2251 4220 2322 Dei

2278 2343 2527 2412 auxilio
2563 2343 2870 2408 iuvetur.¹
2907 2338 3142 2421 Quare·
3169 2338 3298 2406 hoc
3333 2336 3682 2421 diligenter
3718 2335 4221 2436 observandum,

2279 2452 2409 2496 non
2453 2429 2751 2494 sufficere
2796 2434 2873 2492 ut
2913 2446 3107 2494 suum
3151 2425 3226 2492 in
3268 2423 3459 2496 nobis
3500 2443 3666 2510 epus
3707 2421 4218 2506 Deufflincipiat,

2279 2515 2396 2582 sed
2475 2522 2778 2598 oportere
2844 2521 2919 2578 ut
2982 2510 3144 2576 illud
3189 2510 3328 2592 ipse
3393 2510 3717 2592 perficiat:
3801 2519 4221 2590 nostramque

2280 2619 2544 2667 omnem
2586 2619 2814 2666 curam
2857 2606 2925 2662 et
2964 2595 3472 2666 sollicitudinem
3515 2596 3586 2668 in
3629 2593 3752 2670 hoe
3783 2614 3931 2668 mse
3967 2591 4217 2672 debere,

2278 2696 2359 2754 ιιι
2412 2687 2497 2751 ad
2553 2706 2712 2751 eum
2765 2683 3237 2767 confugiamus.
3321 2681 3555 2764 Itaque
3612 2676 4220 2765 prudentissimi‚et

2279 2771 2707 2840 oculatissimi
2743 2770 2993 2853 quique
3034 2773 3438 2852 agnoscente
3483 2787 3554 2834 se
3595 2788 3636 2834 a
3672 2765 3816 2834 Deo
3853 2786 4041 2848 posse
4078 2788 4214 2846 mo-

2278 2867 2501 2925 mento
2561 2856 2915 2923 excaecari.
3002 2853 3378 2920 For-tissimi
3437 2862 3505 2917 et
3561 2851 3989 2934 magnanimi,
4057 2873 4216 2918 suas

2281 2946 2467 3011 vires:
2507 2945 2726 3012 etiam«
2765 2939 3092 3006 debilitari
3147 2952 3220 3004 et
3276 2937 3630 3021 prostrati:
3681 2937 3812 3002 nisi
3856 2957 4058 3019 quum
4103 2941 4216 3006 ne-

2279 3031 2550 3096 cessitas
2605 3027 3033 3113 postulaverit
3090 3046 3211 3092 sua
3269 3026 3340 3094 in
3401 3023 3558 3096 illis,
3593 3021 3770 3098 dena
3817 3023 4215 3106 et,gratiam

2278 3118 2624 3183 confirmet
2696 3125 2761 3180 et
2833 3112 3174 3197 adaugeat.
3262 3110 3482 3192 Atque
3538 3109 3633 3178 ita
3686 3107 4044 3186 tenendum
4098 3119 4216 3207 est,

2276 3223 2415 3268 non
2466 3211 2732 3266 tantum
2783 3199 2884 3264 in⁴
2907 3196 3458 3283 generalitatius.
3490 3196 3668 3270 vitae
3703 3204 3966 3266 nostrae
4001 3215 4216 3264 curn-

2274 3288 2424 3355 eulo
2467 3286 2600 3352 Dei
2642 3284 3118 3369 providentiam
3154 3293 3222 3349 et
3253 3281 3598 3365 specialem
3633 3300 3860 3346 euram
3895 3278 4218 3362 danobis,

2277 3373 2395 3441 sed
2449 3372 2648 3438 etiam
2699 3373 2771 3437 in
2826 3370 3106 3453 singulis
3162 3369 3354 3434 factis
3403 3365 3902 3450 agnoscendam,
3967 3374 4041 3429 ut
4097 3388 4217 3432 nos

2272 3459 2377 3525 illi
2434 3468 2607 3526 totos
2660 3456 3029 3523 debeamus.
3118 3457 3342 3537 Atque
3395 3451 3710 3520 haetenus
3768 3450 4012 3520 dictum
4060 3463 4219 3534 esto,

2276 3544 2359 3610 de
2418 3545 2634 3610 fructu
2693 3552 2760 3609 et
2804 3542 3090 3609 utilitate
3130 3561 3323 3622 quam
3370 3539 3614 3606 referre
3656 3535 3966 3604 debemus
4011 3557 4096 3610 ex
4139 3537 4223 3612 iis

2278 3630 2497 3698 verbis
2542 3630 2782 3712 quibus
2824 3628 3066 3694 dicitur
3095 3624 3225 3692 Dei
3259 3624 3530 3708 spiritus
3563 3624 3634 3692 in
3671 3621 3944 3690 Saulem
3979 3624 4221 3690 iterum

2274 3717 2566 3784 irruisse.
2655 3715 2756 3781 Ac
2815 3711 3091 3798 proinde
3150 3711 3307 3778 hinc
3359 3711 3562 3778 etiam
3619 3711 4046 3794 magistratus
4092 3707 4223 3776 dis-

2272 3815 2494 3880 cunto,
2556 3802 2615 3868 si
2673 3801 2961 3868 officium
3021 3799 3236 3866 facere
3277 3796 3497 3864 volent
3539 3803 3615 3860 ut
3659 3794 3865 3878 decet,
3921 3807 4220 3879 oportere

2278 3899 2354 3955 ut
2406 3888 2462 3954 si
2507 3888 2704 3954 hodie
2741 3885 3048 3971 spiritum
3106 3883 3236 3952 Dei
3280 3891 3690 3965 acceperunt,
3745 3901 3891 3950 cras
3937 3877 4215 3947 eundem

2277 3973 2400 4040 sibi
2460 3974 2605 4039 dari
2660 3970 3028 4057 postulent,
3063 3968 3257 4053 'quod
3315 3969 3602 4051 alioquin
3647 3967 3812 4036 nihil
3854 3975 4031 4033 recte
4075 3969 4216 4034 sine

2276 4061 2393 4125 illo
2435 4059 2597 4126 duce
2640 4060 2776 4125 sint
2810 4058 3036 4125 acturi.
3123 4055 3304 4124 Hinc
3337 4054 3536 4120 etiam
3571 4052 3758 4120 verbi
3794 4052 4001 4120 divini
4040 4073 4219 4135 prae-

2277 4167 2472 4214 cones
2528 4151 2948 4229 agnoscunto,
2973 4163 3080 4210 ,se
3135 4141 3411 4210 nimium
3468 4138 3733 4208 difficile
3791 4159 3956 4216 onus
4015 4138 4217 4204 susti-

2276 4253 2455 4312 nere,
2514 4233 2646 4298 nisi
2702 4231 2888 4297 Deus
2947 4229 3087 4312 ipse
3145 4228 3316 4293 vires
3360 4225 3443 4294 ad
3487 4225 3649 4294 illud
3694 4222 4036 4294 ferendum
4081 4223 4215 4292 suf·

2276 4318 2486 4384 ficiat:
2559 4339 2635 4384 ac
2702 4339 2840 4381 non
2894 4315 3215 4394 sufficere,
3280 4309 3533 4395 aliquas
3597 4309 3847 4394 ingenii
3915 4309 4087 4407 vires
4148 4318 4217 4374 et

2277 4403 2739 4469 dexteritatem
2785 4401 2909 4467 nisi
2954 4399 3142 4466 Deus
3186 4401 3326 4482 ipse
3369 4419 3559 4464 suum
3594 4419 3758 4481 opus
3801 4396 3870 4462 in
3913 4415 4096 4492 ipsis,
4142 4409 4217 4459 ut

2275 4491 2505 4572 eoepit,
2563 4490 2659 4554 ita
2713 4489 3025 4573 perficiat.
3109 4484 3300 4554 Idem
3343 4483 3587 4552 dictum
3629 4493 3770 4552 esto
3811 4481 3896 4546 de
3938 4479 4215 4579 singulis

2276 4576 2551 4659 privatis
2602 4573 3000 4650 hominibus,
3060 4572 3226 4638 nihil
3273 4589 3566 4654 unquam
3611 4568 3773 4633 bene
3820 4585 4032 4647 neque
4071 4564 4215 4631 feh-

2274 4663 2437 4727 citer
2490 4659 3071 4737 administraturis,
3129 4680 3212 4723 ne
3269 4660 3324 4722 ei
3372 4655 3632 4738 quidem
3678 4652 3817 4717 sola
3859 4672 4009 4716 cum
4058 4651 4210 4718 duo·

2274 4747 2399 4813 bus
2444 4745 2732 4813 tribusve
2777 4745 2999 4812 liberis
3043 4742 3334 4828 regenda
3375 4743 3462 4806 sit
3506 4760 3691 4817 uxor,
3737 4738 3861 4804 nisi
3906 4735 4035 4835 Dei
4080 4735 4214 4838 vir-

2275 4841 2412 4898 tute
2456 4841 2792 4916 regantur.
2879 4830 3028 4898 Imo
3069 4839 3138 4895 et
3179 4826 3360 4894 istud
3407 4846 3638 4894 verum
3681 4833 3804 4903 est,
3849 4843 3931 4888 ne
3975 4843 4030 4887 si
4068 4844 4214 4906 qui-

2273 4917 2423 4984 dem
2488 4918 2668 4983 solus
2736 4919 2822 4984 sit
2887 4915 3142 4999 aliquis,
3207 4913 3287 4978 ad
3355 4934 3430 4978 se
3489 4909 3845 4994 regendum
3906 4908 4213 4974 idoneum

2272 5025 2414 5070 esse
2459 5008 2618 5087 quin
2661 5002 2944 5087 singulis
2985 4997 3334 5067 momentis
3377 4997 3636 5064 labatur
3679 5005 3748 5061 et
3789 4995 4083 5094 graviter
4122 4993 4216 5059 of-

2272 5089 2514 5164 fendat,
2601 5090 2726 5155 nisi
2808 5088 3032 5154 divina
3097 5086 3340 5151 virtute
3405 5083 3821 5150 sustineatur.
3911 5080 4214 5164 Demque

2273 5174 2428 5242 hinc
2482 5195 2709 5241 omnes
2755 5174 3080 5242 discamus
3123 5173 3216 5236 ita
3259 5170 3403 5235 Deo
3451 5191 3570 5234 nos
3613 5165 4091 5250 commendare,
4150 5178 4216 5231 et

2272 5262 2413 5328 eius
2474 5262 2547 5327 in
2600 5262 2787 5328 nobis
2831 5261 3002 5328 dona
3045 5277 3414 5342 agnoscere,
3474 5266 3546 5320 ut
3589 5255 3672 5321 ab
3714 5254 3826 5320 illo
3870 5252 4006 5318 solo
4052 5274 4212 5336 pen·
