5059 6059
244 320 345 387 717

237 508 369 591 cipis
388 503 471 570 im
585 502 644 568 'o
671 503 918 583 subest,
963 503 1388 571 vehementer
1409 506 1641 571 metuit
1669 506 1854 573 illum
1901 506 2104 572 offen-

235 595 380 659 dere.
519 610 553 655 c
608 589 662 655 ai
715 589 957 655 offendi
1013 589 1379 673 contigerit,
1424 612 1613 657 nemo
1656 614 1789 657 non
1836 612 2104 676 magno·

1498 316 1594 382 IN
1640 319 1697 383 I.
1743 319 1921 384 LIB.
1962 316 2360 385 SAMUEL.
2406 316 2605 384 OAP.
2649 317 2813 384 XII.

4002 322 4129 389 718

2201 505 2375 571 Num
2427 506 2727 573 videmus
2782 506 3017 573 Mosen
3057 508 3124 572 in
3168 507 3284 573 illo
3327 505 3710 573 admirando
3755 508 3885 575 Dei
3929 531 4127 593 opere

2206 591 2608 657 liberationis
2648 591 2871 676 populi
2918 591 3121 659 fuisse
3161 593 3304 659 Deo
3337 595 3777 673 coniunctum,
3818 616 3952 660 non
3988 597 4127 679 qui-

235 698 364 763 pere
412 673 634 741 metuit
688 683 758 739 et
798 675 961 740 iram
1006 675 1332 759 Principis
1375 676 1615 743 horret.
1703 681 1795 744 At
1837 679 1892 743 si
1935 698 2108 742 mor·
2208 676 2357 742 dem
2415 687 2723 760 tanquam
2781 678 3047 756 socium,
3104 677 3218 744 sed
3276 689 3587 762 tanquam
3645 699 3960 764 organum
4023 682 4127 747 sui

233 764 360 830 talis
397 759 666 826 hominis
708 759 956 827 offensa
996 769 1255 827 tantum
1289 763 1517 829 mortis
1550 761 1887 829 horrorem
1922 763 2110 829 nobis

229 847 425 926 iniicit,
477 844 629 927 quid
684 844 978 912 futurum
1035 856 1135 913 est
1189 867 1389 930 quum
1447 848 1573 913 Dei
1624 849 1980 933 potentiam
2038 849 2107 913 in

226 932 570 999 memoriam
616 929 803 997 nobis
843 932 1410 999 revocaverimus?
1454 933 1546 999 Et
1588 945 1924 1017 praeterea
1965 935 2111 1017 quis

225 1016 775 1171 ἓοὶᾜέῗῗιῗέἓ
811 1016 1336 1170 ῗιὲῗὲἰῖέἒξὲἓῗ
1371 1028 1647 1189 :tw
1682 1020 2108 1186 &²335ssss

220 1210 324 1255 nos
383 1187 789 1267 admonente,
856 1198 922 1253 et
976 1200 1386 1271 peccatorum
1440 1211 1702 1257 sensum
1758 1191 2106 1266 iniiciente,

220 1270 554 1342 cavendum
617 1292 1029 1355 summopere
1085 1295 1168 1339 ne
1222 1277 1290 1340 in
1347 1274 1478 1341 illis
1531 1284 1923 1359 torpeamus,
1995 1273 2108 1340 sed

215 1360 407 1445 potius
470 1355 686 1424 danda
750 1378 949 1442 opera
1013 1367 1087 1424 ιιι
1148 1362 1369 1426 statim
1432 1362 1975 1445 expergiscamur,
2043 1371 2110 1426 et

215 1442 611 1528 quodcunque
665 1444 909 1510 malum
968 1444 1289 1525 acciderit,
1345 1467 1479 1511 non
1523 1448 1713 1514 modo
1755 1468 1876 1513 nos
1917 1448 2109 1528 longe

212 1529 474 1612 gravius,
527 1527 647 1593 sed
704 1530 900 1596 etiam
944 1538 1220 1596 mortem
1264 1539 1591 1597 aeternam
1635 1552 1776 1599 esse
1815 1534 2106 1610 meritos,

211 1614 365 1681 ultro
424 1614 750 1679 fateamur
801 1624 871 1680 et
924 1635 1371 1699 agncwamus.
1458 1616 1681 1699 Quare
1735 1640 1860 1703 quo
1902 1618 2110 1684 maior

212 1709 298 1765 est
333 1708 549 1766 noster
593 1698 718 1765 hac
758 1700 830 1765 in
872 1711 1058 1783 parte
1099 1709 1344 1786 stupor,
1402 1722 1479 1769 ec
1523 1702 1896 1789 diligentius
1938 1705 2107 1770 hanc

209 1784 546 1851 doctrinam
602 1804 727 1851 nos
763 1793 1022 1868 oportet
1060 1788 1367 1853 meditari
1410 1798 1475 1853 et
1516 1810 1851 1873 usurpare.
1935 1789 2107 1855 Nam

205 1870 572 1953 plerumque
629 1869 881 1948 accidit,
940 1879 1013 1937 ιιι
1067 1872 1126 1938 si
1168 1871 1351 1940 Deus
1390 1896 1508 1941 nos
1549 1875 1656 1940 vel
1699 1874 1944 1956 morbo,
1999 1873 2108 1940 vel

204 1955 412 2039 quavis
464 1955 601 2021 alia
660 1955 1030 2022 calamitate
1073 1959 1479 2040 percusserit,
1534 1980 1724 2025 nemo
1768 1961 1848 2026 de
1891 1981 1962 2026 se
2003 1980 2108 2026 co·

202 2041 363 2125 gitet‚
408 2050 481 2106 ut
523 2061 598 2107 se
641 2052 1049 2124 peceat-orem
1093 2063 1451 2127 agnoscens
1485 2045 1567 2111 ad
1603 2045 1823 2111 Deum
1858 2046 2110 2112 sincera

201 2136 260 2191 et
361 2145 480 2192 ura
541 2135 772 2193 mente
839 2136 1275 2210 convertatur,
1344 2139 1414 2195 et
1470 2129 1554 2195 ad
1608 2130 1814 2215 ipsius
1855 2130 2108 2197 miseri-

206 2230 276 2276 co
346 2212 472 2277 iam
554 2211 914 2297 confugiat.
999 2211 1135 2279 Sed
1211 2223 1469 2281 tantum
1538 2217 1607 2282 in
1672 2217 1919 2283 malum
1982 2235 2109 2300 quc

200 2296 546 2379 premimur
589 2298 852 2377 intenti,
914 2296 998 2363 ad
1039 2297 1169 2366 Dei
1211 2302 1591 2367 memoriam
1633 2311 1987 2386 stupemus,
2044 2309 2111 2366 et

193 2381 386 2446 instar
470 2388 865 2450 truncorum
945 2403 1191 2451 sumus.
1278 2386 1428 2452 Etsi
1504 2388 1647 2454 Deo
1708 2388 2108 2471 percutiente

191 2487 367 2533 nemo
420 2487 560 2533 non
622 2470 795 2535 ictus
852 2469 1073 2549 sentit,
1133 2481 1200 2535 et
1253 2469 1471 2537 Deum
1515 2494 1586 2540 se
1627 2472 1974 2540 offendisse
2005 2474 2105 2537 fa-

189 2561 382 2617 tetur:
422 2553 540 2619 sed
589 2574 728 2620 non
770 2555 939 2621 serio
982 2564 1386 2637 peccatorum
1431 2559 1946 2642 magnitudinem
1988 2579 2105 2640 ap-

185 2636 540 2720 prehendit.
634 2638 807 2706 Nam
859 2639 1132 2706 ulterius
1172 2642 1712 2725 progrediendum
1756 2643 1941 2709 nobie
1984 2651 2102 2720 est,

186 2744 404 2807 nempe
476 2724 847 2805 fatendum,
912 2745 1032 2792 nos
1101 2736 1401 2793 aeternae
1457 2730 1686 2794 mortis
1740 2750 1882 2795 esse
1939 2748 2101 2793 rece.

184 2807 404 2892 Itaque
459 2831 590 2877 nce
646 2810 729 2876 ad
786 2810 1090 2878 minimas
1132 2811 1358 2896 plagas
1398 2822 1653 2897 oportet
1694 2814 1981 2892 excitari,
2037 2820 2106 2878 et

177 2903 456 2960 metuere
515 2917 608 2962 ne
654 2895 1005 2964 adversum
1048 2917 1166 2963 nos
1209 2918 1442 2965 manus
1483 2899 1692 2982 ipsius
1736 2898 1958 2966 durior
2001 2899 2104 2963 in·

181 2981 2106 3151 mm&ttglffikffiizfflffiffiffiffi

183 3148 528 3217 adversum
591 3172 718 3217 nos
777 3117 1092 3217 armatam
1149 3155 1525 3234 sentiamus,
1583 3175 1752 3239 quae
1795 3178 1911 3222 nos
1955 3157 2105 3222 licet

177 3233 340 3301 ferro
406 3250 478 3302 et
545 3235 835 3322 chalybe
900 3236 1215 3318 duriores,
1283 3251 1500 3306 tamen
1563 3241 1840 3308 coelitus
1899 3241 2105 3307 veluti

175 3319 440 3388 fulmine
501 3343 855 3405 percussos
895 3323 965 3389 in
1010 3323 1291 3390 nihilum
1332 3326 1603 3410 redigat,
1644 3336 1712 3393 et
1751 3328 2106 3411 liquescere

177 3403 375 3483 ficiat,
440 3418 526 3473 ut
597 3407 814 3473 solent
868 3409 1056 3475 nives
1108 3410 1338 3475 ardore
1388 3412 1543 3477 solis
1583 3412 1883 3479 dissolui:
1948 3432 2105 3496 que-

173 3492 604 3559 madmodum
662 3494 982 3577 propheta
1035 3494 1206 3561 Psal.
1264 3495 1368 3563 97.
1428 3496 1599 3577 dicit,
1657 3500 1915 3565 unicam
1970 3500 2106 3564 irae

175 3575 290 3641 Dei
344 3578 722 3645 scintillam
776 3578 1077 3647 sufficere
1119 3579 1202 3646 ad
1244 3580 1544 3648 homines
1583 3583 1846 3666 penitus
1884 3583 2106 3650 abscr-

173 3661 429 3732 bendos.
525 3663 978 3745 Quamobrem
1035 3665 1358 3733 immissas
1412 3668 1596 3735 nobis
1650 3690 1691 3733 a
1732 3668 1878 3735 Deo
1917 3668 2106 3735 casti·

169 3749 477 3829 gationoe,
528 3751 686 3816 sive
725 3749 1002 3827 morbos,
1044 3751 1190 3817 sive
1230 3761 1698 3836 paupertatem,
1739 3755 1880 3821 sive
1911 3755 2105 3820 aliam

165 3834 530 3915 quamlibet
586 3835 1024 3902 calamitatem
1082 3835 1178 3901 ita
1232 3838 1631 3921 recipiendas
1675 3838 1972 3917 sciamus,
2028 3847 2108 3905 ut

164 3916 423 4000 longina
468 3921 847 4004 cogitemus
890 3941 1084 4004 quam
1121 3920 1202 3988 de
1235 3923 1407 3989 malo
1440 3926 1794 4007 praesenti:
1839 3925 1952 3992 sed
1990 3946 2107 3991 nos

164 4016 502 4072 aeternam
551 4015 838 4072 mortem
883 4008 1150 4073 meritos
1185 4009 1512 4076 norimus:
1555 4030 1630 4077 ac
1663 4011 1934 4095 proinde
1968 4032 2106 4075 ma·

163 4110 312 4155 num
375 4091 520 4157 Dei
588 4091 940 4158 adversum
999 4114 1119 4159 nos
1173 4106 1492 4160 armatam
1536 4107 1924 4177 metuamus,
1981 4097 2107 4161 nisi

162 4174 236 4239 ad
293 4177 531 4260 ipsum
591 4176 1043 4262 confugiamus
1083 4185 1153 4243 et
1196 4179 1456 4245 veniam
1499 4180 1952 4265 deprecemur:
2010 4194 2106 4247 at-

161 4282 278 4341 que
347 4263 526 4329 haee
600 4261 966 4346 colligenda
1029 4264 1323 4330 doctrina
1384 4273 1486 4331 cat
1549 4286 1632 4332 ex
1690 4269 1902 4334 verbis
1943 4267 2107 4334 illis:

167 4345 260 4411 Tu
303 4346 703 4429 precabaris
742 4368 871 4431 pro
924 4348 1104 4414 nobie
1157 4370 1236 4415 ne
1276 4370 1625 4431 pereffluas,
1710 4354 1818 4418 Ex
1874 4354 2109 4436 quibus

160 4433 373 4500 verbis
435 4432 853 4518 percipimus
907 4434 1086 4501 hunc
1141 4435 1450 4519 populum
1503 4435 1587 4502 ad
1644 4439 1855 4504 Deum
1909 4440 2109 4506 fuisse

159 4535 592 4597 conversum,
654 4526 721 4585 et
776 4541 1036 4586 sensum
1082 4519 1388 4587 habuisse
1428 4532 1836 4605 peccatorum
1880 4537 1949 4591 et
1990 4527 2108 4590 im-

157 4604 475 4672 minentis
541 4603 872 4671 miseriae.
961 4605 1127 4670 Nam
1185 4603 1558 4674 Samuelem
1600 4622 1807 4694 rogat,
1871 4620 1948 4675 ut
1988 4631 2109 4693 pro

157 4708 221 4753 se
277 4692 466 4774 apud
535 4690 764 4755 Deum
822 4690 1202 4770 intercedat,
1275 4693 1542 4760 territus
1595 4715 1804 4778 poena
1859 4696 2108 4776 mortis,

157 4796 343 4856 quam
393 4796 474 4843 se
523 4776 785 4841 centies
826 4775 1064 4843 millies
1106 4777 1525 4859 promeritum
1568 4782 1934 4847 confitetur.
2019 4782 2111 4848 Et

157 4861 396 4927 idcireo
469 4879 696 4942 snpra
749 4861 1123 4928 audivimus
1179 4863 1486 4947 populum
1545 4866 1835 4933 timuisse
1892 4866 2106 4932 Deum

157 4954 216 5011 et
293 4944 734 5016 Samuelem.
819 4946 1011 5028 Quod
1084 4947 1282 5014 etiam
1363 4971 1490 5015 non
1570 4952 1800 5018 leviter
1862 4964 2112 5035 praete-

157 5033 491 5100 reundam
557 5044 685 5129 eat,
743 5031 1259 5116 quandoquidem
1301 5055 1492 5118 saepe
1533 5038 1604 5102 in
1647 5038 1847 5105 saeris
1890 5039 2107 5105 istius-

157 5118 324 5185 modi
381 5117 675 5202 phrase
730 5118 1042 5185 occurrit:
1108 5127 1175 5184 et
1230 5121 1616 5188 nominatim
1658 5144 1859 5206 quum
1905 5125 2110 5191 Mesia

157 5206 485 5283 meminit,
560 5202 678 5269 eni
723 5202 903 5271 Deus
947 5210 1193 5269 tantam
1240 5207 1651 5275 autoritatem
1695 5209 2104 5276 attribuerat.

2206 762 2471 844 spiritus
2523 762 2608 827 ad
2649 762 2779 828 Dei
2818 762 3219 830 voluntatem
3262 764 3504 846 populo
3546 764 4124 849 interpretandam.

2205 846 2423 929 Atque
2489 847 2729 915 idcirco
2800 849 3074 933 populus
3136 849 3247 915 ille
3303 849 3688 916 israeliticus
3747 850 3982 916 dicitur
4038 852 4125 916 ti-

2206 932 2450 998 muisse
2493 933 2713 998 Deum
2756 945 2822 999 et
2862 934 3115 1001 Mosen.
3201 937 3304 1001 An
3354 955 3509 1003 vero
3544 937 3795 1016 Mosen,
3839 936 4124 1015 obsecro,

2208 1037 2529 1083 summam
2590 1019 3009 1085 autoritatem
3057 1040 3096 1084 a
3137 1019 3280 1087 Deo
3322 1029 3791 1104 consequutum
3836 1021 4126 1088 dicemus

2205 1102 2278 1167 in
2353 1102 2578 1169 eodem
2652 1123 2803 1169 cum
2865 1105 3004 1188 ipso
3067 1106 3274 1190 gradu
3334 1105 3766 1173 collocatum?
3853 1106 4131 1173 Minime

2207 1189 2522 1274 gentium.
2609 1187 2744 1255 Sed
2798 1190 2893 1255 ita
2938 1191 3347 1275 significatur
3388 1190 3699 1275 populum
3745 1213 3877 1257 nen
3922 1192 4131 1258 credi·

2208 1273 2377 1341 disse
2420 1273 2586 1351 Deo,
2628 1275 2754 1340 nisi
2796 1296 2914 1358 per
2956 1275 3315 1343 doctrinam
3360 1297 3559 1360 quam
3599 1278 3818 1343 Moses
3861 1276 3989 1343 Dei
4032 1278 4135 1343 in-

2208 1368 2458 1442 terpres
2542 1367 2611 1424 et
2693 1361 3141 1427 internuncius
3217 1362 3638 1445 proponebat.
3726 1363 3875 1431 Etsi
3952 1364 4129 1429 enim

2207 1443 2393 1511 Deus
2457 1445 2525 1511 in
2585 1454 2805 1511 monte
2860 1444 3050 1512 Sinai
3107 1445 3378 1530 loquens
3422 1447 3684 1513 auditus
3725 1457 3842 1528 est,
3908 1457 4126 1514 tamen

2207 1530 2611 1596 voluntatem
2671 1552 2858 1596 suam
2912 1552 3032 1615 per
3087 1532 3263 1598 servi
3305 1534 3406 1598 sui
3446 1531 3853 1599 ordinarium
3897 1534 4126 1599 minis-

2207 1615 2442 1681 terium
2528 1616 2764 1701 populo
2824 1617 3027 1682 voluit
3082 1618 3340 1701 exponi.
3427 1617 3613 1684 Idem
3670 1617 3749 1683 de
3824 1618 4127 1685 Samuele

2208 1698 2571 1766 dicendum.
2657 1700 2963 1768 Vidimus
2997 1703 3171 1768 enim
3206 1703 3393 1768 initio
3428 1703 3626 1770 fuisse
3660 1704 3849 1770 illum
3887 1704 4129 1789 populo

2208 1786 2601 1869 praefectum
2660 1807 2699 1851 a
2749 1785 2894 1853 Deo
2935 1808 3127 1870 quem
3286 1795 3425 1854 eret
3466 1796 3535 1854 et
3576 1789 3971 1873 gubernaret
4012 1810 4129 1872 per

2206 1872 2409 1953 ipsius
2451 1871 2906 1938 ministerium.
2995 1872 3217 1952 Quare
3327 1894 3473 1939 eum
3518 1888 3809 1939 metuere
3849 1875 4127 1958 populus

2208 1977 2338 2022 non
2381 1965 2657 2040 poterat,
2723 1958 2850 2024 nisi
2891 1956 3186 2024 Samueli
3228 1959 3671 2038 subiiceretur,
3732 1980 4010 2043 eumque
4054 1967 4127 2024 ut

2208 2042 2519 2108 eximium
2580 2043 2958 2127 prophetam
3011 2065 3052 2110 a
3094 2043 3237 2109 Deo
3278 2045 3652 2110 suscitatum
3695 2057 4123 2111 revereretur.

2208 2126 2646 2209 Quamobrem
2711 2128 3193 2195 observandum
3250 2149 3369 2195 nos
3424 2130 3643 2196 Deum
3703 2129 3933 2197 timere
3990 2151 4125 2195 non

2206 2233 2414 2297 posse,
2458 2214 2617 2295 quin
2662 2215 2800 2280 eius
2843 2215 3041 2280 verbo
3084 2234 3407 2299 regamur,
3453 2224 3519 2279 et
3554 2216 3884 2282 ministros
3919 2216 3942 2281 i
4023 2216 4125 2281 ius

2207 2317 2345 2363 non
2385 2308 2891 2377 contemnamus,
2935 2298 3046 2365 sed
3091 2301 3160 2364 in
3204 2300 3451 2365 honore
3494 2300 3865 2367 habeamus.
4017 2321 4126 2366 am

2206 2392 2437 2450 mutuo
2502 2384 2680 2449 inter
2741 2406 2813 2451 se
2876 2404 3049 2450 nexu
3113 2386 3312 2451 immo
3374 2385 3713 2452 individuo
3775 2385 4126 2453 cohaerent

2208 2468 2337 2536 Dei
2394 2469 2592 2535 timor
2645 2477 2713 2536 et
2768 2471 3155 2554 reverentia,
3212 2491 3364 2538 eum
3417 2471 3665 2537 honore
3716 2490 3844 2553 quo
3900 2491 4124 2554 prose·

2208 2554 2470 2637 quimur
2510 2555 2657 2621 illos
2701 2575 2863 2639 quos
2910 2555 3095 2622 Deus
3127 2556 3330 2621 mittit
3364 2557 3549 2622 nobis
3582 2577 3739 2622 suae
3772 2557 4127 2623 voluntatis

2208 2642 2614 2724 interpretes,
2649 2650 2719 2706 et
2751 2641 3148 2708 subiectione
3182 2662 3312 2724 qua
3344 2663 3463 2708 nos
3505 2662 3636 2707 non
3671 2641 3931 2725 quidem
3982 2663 4125 2743 per-

2208 2727 2383 2876 :323⁶
2399 2726 3937 2878 fitzfflssffiffimffifflfflwae
3979 2727 4125 2878 {¹1¹3}

2208 2916 2352 2962 esse
2410 2895 2733 2962 timendos
2790 2897 3106 2975 homines,
3164 2907 3239 2962 ut
3294 2896 3505 2962 solent
3547 2896 3949 2980 hypocritae:
4008 2897 4126 2963 scd

2208 2980 2351 3047 Deo
2404 3003 2590 3047 suam
2648 2982 3106 3049 reservandam
3162 2983 3596 3066 autoritatem,
3661 2993 3735 3048 ιιι
3791 3000 4121 3048 summum

2206 3065 2482 3152 gradum
2537 3068 2859 3134 obtineat:
2922 3068 3220 3135 homines
3277 3088 3432 3133 vero
3488 3090 3614 3133 non
3674 3067 3864 3133 aliter
3917 3066 4118 3134 hono-

2208 3161 2455 3232 rentur,
2511 3173 2724 3235 neque
2762 3153 2835 3217 in
2878 3155 3088 3237 pretio
3127 3153 3505 3231 habeantur,
3561 3174 3756 3237 quam
3800 3160 4123 3236 quatenus

2205 3238 2364 3321 ipsis
2419 3246 2490 3303 ut
2551 3239 3001 3305 instrumentis
3057 3239 3140 3304 ad
3197 3261 3385 3305 suum
3444 3260 3481 3304 o
3528 3260 3608 3305 us
3656 3236 4119 3323 perficiendum

2206 3324 2433 3388 utitur.
2524 3321 2704 3391 Sane
2806 3324 3102 3408 lerosque
3156 3324 3344 3391 hodie
3390 3326 3453 3388 vi
3500 3344 3610 3390 eas
3653 3323 3977 3391 abstinere
4018 3325 4118 3388 in-

2204 3409 2410 3487 iuriis,
2453 3418 2755 3475 contume
2782 3410 2879 3488 iis,
2922 3419 2989 3475 et
3032 3409 3429 3493 blasphemis
3471 3412 3538 3475 in
3583 3410 3797 3476 Deum
3832 3408 4123 3488 vocibus,

2205 3507 2273 3561 et
2311 3494 2458 3560 aliis
2497 3494 2798 3562 omnibus
2841 3494 3141 3579 turpibus
3182 3496 3388 3575 factis,
3439 3496 3494 3561 si
3536 3515 3844 3579 praescus
3886 3494 4121 3577 aliquis

2205 3601 2289 3645 ex
2310 3580 2629 3645 ministris
2649 3580 2946 3659 adfuerit,
2980 3595 3048 3646 et
3068 3580 3373 3647 simulare
3395 3601 3714 3646 summam
3736 3579 4121 3663 sapientiam

2206 3679 2272 3732 et
2332 3663 2734 3746 modestiam,
2799 3665 2959 3731 adeo
3021 3674 3096 3731 ιιι
3159 3667 3371 3748 primo
3423 3667 3666 3732 intuitu
3723 3665 3939 3750 angeli
3982 3686 4123 3731 esso

2204 3750 2574 3831 videantur,
2626 3761 2692 3816 et
2748 3749 2829 3817 ad
2872 3772 3190 3817 summam
3236 3750 3689 3834 perfectionem
3735 3752 4121 3834 pervenisse.

2206 3836 2342 3903 Sed
2384 3835 2591 3903 sicubi
2633 3837 2889 3919 privato
2922 3837 2995 3902 in
3029 3836 3170 3903 loco
3202 3837 3461 3913 fuerint,
3506 3838 3574 3902 in
3609 3857 3736 3921 quc
3771 3836 4124 3921 reprehen-

2206 3923 2451 3989 sionem
2498 3942 2630 3987 non
2674 3931 2988 4001 metuant,
3032 3920 3345 3988 diabolice
3388 3922 3638 4001 vivant,
3683 3931 3751 3987 et
3791 3922 4123 3988 luxuriose

2208 4031 2284 4074 ac
2326 4009 2837 4090 intemperanter
2879 4009 3097 4074 omnia
3140 4018 3206 4072 et
3249 4006 3589 4072 libidinose
3630 4008 3903 4072 faciant:
3964 4006 4123 4072 Dei-

2209 4113 2334 4177 que
2369 4113 2605 4158 nomen
2641 4093 3031 4176 blasphemis
3069 4092 3329 4160 vocibus
3362 4093 3795 4176 proscindant,
3843 4093 4121 4174 denique

2207 4198 2439 4245 verum
2491 4178 2566 4243 in
2606 4177 2737 4244 illis
2778 4179 3154 4245 inveniatur
3196 4178 3365 4262 quod
3409 4178 3653 4249 dictum
3698 4190 3827 4244 est:
3888 4177 4120 4244 Curios

2208 4264 2518 4330 simulent
2571 4264 2747 4346 apud
2789 4263 3094 4330 honestos
3138 4266 3332 4342 viros,
3392 4276 3462 4330 et
3499 4265 3804 4348 privatim
3848 4262 4120 4330 baccha-

2208 4350 2385 4416 nalia
2437 4349 2685 4415 vivant.
2774 4349 2917 4415 Nae
2977 4349 3339 4416 istiusmodi
3381 4350 3675 4415 homines
3732 4347 4120 4426 Samuelem,

2208 4434 2935 4606 ἱίοξἛῗὲξθῗῗΐέζᾈ
2951 4437 3259 4603 ‘ffimm‘
3291 4432 4119 4585 2¹5³?2333m03332?

2207 4571 2345 4675 sed’
2388 4626 2522 4671 non
2555 4605 2700 4672 ideo
2734 4626 2773 4670 a
2805 4606 2976 4672 malo
3010 4606 3398 4682 recederent,
3445 4605 3601 4688 quin
3636 4605 3849 4687 potins
3883 4603 4120 4686 impro-

2209 4693 2410 4759 bitate
2451 4691 2629 4776 pleni
2673 4690 3014 4757 libidinose
3057 4702 3124 4756 et
3159 4693 3670 4774 intemperanter
3704 4689 4018 4767 viverent,
4061 4689 4119 4753 si

2208 4779 2349 4845 sine
2414 4776 2687 4844 testibus
2750 4787 3015 4861 possent
3079 4799 3119 4843 a
3182 4776 3418 4859 quibus
3483 4797 3614 4840 non
3671 4784 4118 4875 arguerentur.

2207 4864 2428 4947 Quare
2482 4862 2649 4929 nihil
2704 4863 2777 4928 in
2832 4863 2962 4928 illis
3015 4862 3141 4928 nisi
3196 4882 3453 4928 summa
3505 4859 3901 4945 hypocrisis:
3955 4878 4120 4943 ques

2208 4950 2400 5017 etiam
2444 4948 2679 5015 meritc
2720 4949 3043 5032 scriptura
3084 4948 3249 5013 filios
3291 4945 3500 5012 Belial
3541 4945 3851 5011 nominat.

2374 5035 2741 5118 Pergamus
2825 5033 3126 5115 deinceps
3208 5031 3291 5097 ad
3374 5031 3714 5114 sequentia
3797 5028 4122 5097 Samuelis

2209 5121 2429 5201 verba,
2470 5119 2705 5203 quibus
2746 5119 2989 5203 populo
3019 5126 3153 5182 tam
3190 5116 3429 5183 factum
3463 5115 3640 5182 istud
3674 5136 3869 5199 quam
3903 5116 4125 5182 omnia

2206 5204 2653 5292 pmoedentia
2740 5202 3106 5288 exprobrat,
3194 5200 3725 5286 quemadmodum
3807 5213 3872 5266 et
3949 5202 4125 5286 ipsos
