5059 6059
843 322 972 397 523

841 529 1192 597 adversum
1235 547 1357 594 nos
1400 533 1468 591 et
1509 545 1831 610 nusquam
1880 536 2024 591 tnta
2065 527 2251 608 quies
2292 537 2623 610 appareat,
2667 526 2780 592 sed

844 617 1033 682 modo
1074 615 1146 679 in
1190 614 1379 691 hanc,
1438 612 1629 677 modo
1671 613 1742 677 in
1803 612 1983 677 illam
2044 621 2296 696 partem
2352 613 2779 694 expellamur,

846 701 1273 767 nihilominus
1318 707 1538 764 tamen
1583 697 2008 781 imperterriti
2051 697 2363 763 fiduciam
2407 698 2592 764 illam
2630 699 2780 764 reti·

845 789 1162 868 nebimus,
1205 797 1273 852 et
1308 783 1607 852 hostibus
1635 784 1939 849 omnibus
1975 784 2456 860 insultabimus,
2504 784 2781 850 Davidis

846 896 1068 941 vocem
1121 872 1304 939 illam
1363 882 1788 953 usurpantes:
1856 869 1943 935 In
1985 869 2263 936 Domino
2318 870 2568 951 confide,
2628 870 2783 953 quid

713 973 724 986 ’
846 961 1178 1028 adversum
1241 979 1338 1024 me
1391 955 1703 1043 potestis?
1783 954 1932 1021 Hoc
1996 955 2200 1039 igitur
2264 953 2494 1038 clypeo
2540 955 2780 1020 muniti

846 1046 1178 1113 molestias
1211 1066 1436 1110 omnes
1471 1043 1936 1126 superabimus,
1984 1052 2051 1107 et
2071 1060 2296 1107 omnes
2333 1041 2781 1120 contumelias,

849 1140 917 1197 et
957 1132 1371 1215 blasphemas
1426 1128 1869 1213 improborum
1931 1127 2268 1193 hominum
2330 1147 2520 1192 voces
2566 1127 2779 1211 despi-

848 1219 1114 1300 ciemus,
1173 1227 1240 1282 et
1302 1214 1628 1299 intrepide
1671 1215 1741 1278 in
1802 1223 2027 1279 nostra
2080 1211 2494 1294 simplicitate
2561 1233 2780 1295 perse·

847 1305 1244 1382 verabimus,
1301 1300 1469 1384 qnod
1513 1300 1584 1365 in
1629 1299 1773 1365 Deo
1817 1299 2120 1365 fiduciam
2168 1297 2559 1365 collocantes
2595 1297 2782 1363 nulla

852 1391 950 1457 vis
996 1388 1333 1455 hominum
1375 1386 1579 1471 possit
1621 1383 1969 1452 offendere.
2015 1385 2184 1450 Nam
2222 1384 2345 1449 etsi
2382 1385 2592 1448 multa
2635 1384 2780 1467 qui-

852 1476 1004 1541 dem
1047 1478 1386 1541 incurrent
1427 1474 1496 1537 in
1540 1473 1758 1538 oculos
1805 1468 2216 1537 incommoda
2252 1479 2318 1535 et
2360 1491 2593 1554 graves
2638 1479 2781 1535 ten-

850 1563 1133 1628 tationes
1175 1569 1565 1643 exsurgent:
1610 1558 1739 1623 fide
1763 1566 1984 1623 tamen
2013 1577 2240 1622 omnes
2278 1556 2782 1639 superabuntur,

846 1646 1392 1731 quemadmodum
1450 1643 1775 1710 Davidem
1853 1644 2159 1726 conqueri
2219 1641 2518 1707 videmus
2548 1691 2566 1722 ,
2637 1662 2784 1725 pec-

845 1741 1096 1800 catores
1139 1730 1497 1797 intendisse
1533 1750 1775 1814 arcum,
1823 1740 1889 1794 et
1931 1728 2264 1812 paravisse
2309 1729 2584 1810 sagittas
2627 1748 2782 1793 suas

844 1839 1043 1902 super
1103 1839 1382 1884 nervum
1437 1816 1749 1883 adversus
1804 1837 1894 1894 se,
1956 1812 2187 1898 quibus
2245 1822 2462 1878 tamen
2518 1834 2589 1879 se
2648 1834 2781 1879 non

844 1925 1032 1990 posse
1069 1904 1240 1970 laedi
1276 1904 1387 1969 ait.
1459 1901 1640 1983 Quin
1678 1903 1876 1967 etiam
1911 1901 2052 1983 ipsa
2092 1897 2320 1965 mnndi
2357 1898 2783 1964 fundamenta

843 1990 1161 2057 convulsa
1204 1989 1378 2066 dicit,
1432 2010 1566 2052 non
1611 1989 1875 2071 quidem
1921 1987 2103 2070 quasi
2146 1984 2244 2051 sol
2287 1995 2402 2050 aut
2443 1984 2623 2065 luna,
2668 1995 2780 2050 aut

844 2088 1117 2143 naturae
1161 2075 1320 2141 ordo
1362 2074 1668 2141 confusus
1713 2081 1903 2152 esset,
1949 2071 2062 2137 sed
2099 2073 2374 2137 miserae
2410 2070 2595 2136 illins
2623 2092 2778 2136 con-

845 2161 1113 2228 ditionis
1155 2170 1452 2245 respectu
1496 2161 1801 2244 loquitur,
1858 2159 1930 2224 in
1987 2177 2183 2241 qnam
2238 2166 2380 2222 erat
2436 2156 2779 2222 hominum

845 2248 1147 2332 opinione
1191 2249 1539 2314 coniectus.

1018 2333 1153 2400 Sed
1212 2335 1318 2399 isti
1379 2329 1728 2399 tentationi
1785 2329 2091 2413 clypeum
2147 2329 2422 2394 fiduciae
2480 2328 2655 2393 illins
2710 2328 2778 2393 in

845 2421 1064 2485 Deum
1109 2419 1344 2498 obiicit,
1405 2430 1473 2484 et
1531 2419 1622 2482 ait
1664 2415 1881 2480 Deum
1930 2414 2168 2480 habere
2212 2414 2429 2480 sedem
2476 2434 2663 2478 suam
2709 2414 2780 2478 in

841 2506 1073 2583 coelis,
1154 2516 1222 2571 et
1286 2514 1585 2588 oportere
1649 2501 1976 2585 improbos
2042 2522 2184 2566 sese
2247 2499 2401 2565 illus
2467 2497 2782 2565 tribunali

846 2591 1096 2671 sistere,
1151 2603 1217 2656 et
1258 2590 1523 2656 meritas
1579 2607 1819 2671 poenas
1864 2587 2036 2653 dare.
2118 2584 2339 2651 David
2381 2586 2584 2671 igitur
2630 2586 2780 2653 licet

845 2677 916 2741 in
962 2679 1268 2760 spelunca
1312 2677 1425 2742 illa
1470 2685 1779 2757 tanquam
1827 2674 1893 2736 in
1936 2672 2231 2755 sepulcro
2276 2672 2565 2752 latuisse,
2610 2683 2778 2736 etex

846 2760 1068 2828 eadem
1116 2766 1180 2827 in
1227 2761 1404 2828 alind
1448 2759 1774 2826 desertum
1820 2759 2042 2841 fugere
2085 2767 2346 2824 coactus
2401 2758 2653 2838 fnisset,
2715 2767 2781 2822 et

845 2847 1075 2914 nullibi
1131 2857 1344 2914 tutum
1404 2847 1722 2930 refugium
1780 2843 2098 2924 invenire,
2156 2853 2224 2911 et
2275 2842 2606 2911 videretur
2648 2845 2775 2907 iam

845 2934 1121 3001 alterum
1167 2936 1232 3000 in
1270 2935 1440 3000 fossa
1477 2932 1706 3016 pedem
1744 2929 1998 3005 habere,
2045 2939 2111 2995 et
2147 2949 2230 2995 ne
2269 2928 2351 2996 ad
2374 2939 2777 2993 momentum

843 3019 1105 3105 quidem
1155 3021 1465 3104 temporis
1508 3020 1638 3084 otio
1692 3016 1907 3099 aliquo
1953 3016 2294 3092 frueretur,
2353 3014 2779 3080 nihilominus

844 3121 1065 3172 tamen
1110 3107 1191 3172 ad
1236 3106 1455 3171 Deum
1495 3104 1715 3171 oculos
1757 3101 2037 3181 sustulit,
2096 3117 2161 3166 et
2204 3102 2274 3166 in
2318 3102 2519 3185 ipsius
2557 3100 2776 3183 provi-

845 3194 1067 3259 dentia
1126 3213 1307 3276 spem
1368 3210 1551 3257 snam
1611 3187 1920 3271 reposuit,
2024 3186 2147 3253 uod
2205 3190 2274 3252 in
2332 3187 2511 3253 coelo
2556 3186 2776 3251 sedem

843 3278 1102 3356 habeat,
1150 3290 1217 3344 et
1259 3278 1599 3344 hominnm
1645 3276 1815 3339 facta
1859 3295 1985 3356 exp
2013 3285 2172 3339 oret.
2219 3273 2362 3338 Nae
2399 3272 2590 3338 multi
2637 3272 2778 3353 qui-

842 3364 988 3430 dem
1013 3364 1232 3430 Deum
1276 3365 1344 3429 in
1388 3362 1585 3428 coelis
1629 3380 1771 3427 esse
1805 3358 2050 3437 dicunt,
2094 3357 2208 3424 sed
2244 3380 2462 3425 rerum
2499 3358 2777 3423 istarum

842 3451 1252 3516 infirmarum
1294 3449 1539 3515 nnllam
1567 3447 1805 3512 hahere
1827 3464 2072 3523 curam,
2119 3466 2321 3529 quum
2347 3455 2570 3509 tamen
2593 3442 2777 3509 Deus

845 3558 883 3602 e
927 3536 1103 3601 coelo
1147 3558 1307 3618 opus
1350 3555 1539 3600 sunm
1583 3532 1806 3598 foveat
1862 3541 1930 3596 et
1983 3540 2342 3605 conservet,
2405 3543 2470 3594 et
2514 3528 2777 3613 singula

844 3621 1181 3687 hominum
1224 3622 1399 3687 facta
1441 3620 1754 3703 exploret.
1815 3616 2158 3683 Caeterum
2205 3637 2405 3701 quum
2451 3615 2777 3680 Dominus

841 3707 913 3772 in
960 3708 1136 3774 coelo
1179 3707 1418 3772 habere
1461 3705 1677 3771 sedem
1725 3702 1980 3782 dicitur,
2028 3724 2159 3767 non
2193 3712 2291 3768 est
2325 3721 2539 3767 crasse
2582 3700 2776 3765 intel·

842 3792 1179 3877 ligandum
1238 3792 1420 3876 quasi
1466 3791 1649 3857 Dens
1711 3790 2019 3854 thronum
2081 3789 2368 3866 haberet,
2429 3797 2504 3851 nt
2563 3787 2778 3852 solent

842 3880 1089 3944 terreni
1131 3899 1319 3962 reges
1374 3898 1451 3944 ac
1511 3876 1853 3959 principes.
1934 3874 2035 3940 Ne
2082 3893 2163 3938 ne
2221 3875 2394 3938 enim
2440 3874 2623 3938 Deus
2678 3881 2778 3937 est

844 3984 1214 4047 corporeus,
1275 3985 1481 4045 neque
1539 3983 1702 4044 opus
1745 3960 1942 4027 habet
1984 3960 2052 4025 ul
2078 3961 2134 4024 is
2176 3960 2587 4036 adiumentis,
2641 3960 2777 4041 qui-

843 4050 965 4116 bus
1021 4052 1430 4116 maiestatem
1489 4069 1673 4113 suam
1730 4045 2172 4126 commendet,
2229 4046 2333 4111 cui
2393 4044 2602 4129 gloria
2658 4064 2777 4108 sua

839 4137 1098 4203 sufficit.
1176 4133 1311 4202 Sed
1354 4154 1558 4217 quum
1600 4131 1819 4198 David
1864 4131 1945 4197 de
1986 4131 2116 4197 Dei
2160 4129 2310 4195 sede
2355 4130 2659 4213 loquitur,
2706 4130 2773 4193 in

842 4223 1017 4290 coelo
1073 4223 1216 4288 vult
1274 4223 1489 4303 ipsum
1550 4219 1829 4303 agnosci,
1888 4227 1964 4283 ut
2020 4217 2301 4283 iudicem
2360 4216 2651 4282 omnium
2710 4222 2778 4278 et

840 4310 1364 4393 gubernatorem,
1410 4306 1595 4372 cuius
1635 4302 2040 4387 providentia
2076 4303 2169 4368 sic
2207 4304 2427 4367 omnia
2462 4311 2776 4385 regantur

842 4407 908 4460 et
952 4393 1498 4459 administrentur
1541 4391 1610 4455 in
1659 4390 1759 4454 his
1802 4391 2016 4467 terris,
2077 4403 2151 4454 ut
2213 4387 2376 4453 nihil
2421 4400 2666 4452 temere
2710 4398 2776 4451 et

840 4480 1107 4546 fortuito
1153 4480 1417 4557 feratur,
1464 4476 1576 4543 sed
1622 4486 1798 4541 recto
1841 4476 2109 4542 consilio
2153 4475 2358 4557 ipsius
2404 4474 2624 4538 omnia
2667 4471 2777 4538 ad-

840 4567 1314 4632 ministrentur.
1382 4563 1845 4646 Quare'quum
1887 4581 2042 4626 snos
2086 4560 2167 4626 ad
2214 4571 2473 4644 tempus
2517 4559 2772 4644 affligit,

840 4667 906 4718 et
953 4652 1151 4718 variis
1191 4648 1668 4716 calamitatibus
1713 4659 1974 4714 exercet
2025 4646 2094 4711 in
2153 4649 2447 4730 ipsorum
2491 4666 2773 4711 commo·

841 4737 997 4803 dum
1043 4745 1109 4804 et
1152 4737 1427 4803 salntem
1469 4733 1656 4813 cedit,
1718 4732 2127 4815 declaratque
2171 4754 2242 4798 se
2298 4732 2589 4814 ipsorum
2634 4730 2773 4815 cly-

839 4844 1036 4909 peum
1096 4831 1162 4888 et
1220 4820 1777 4907 propugnaculum
1835 4839 2000 4885 esse.
2080 4819 2139 4884 Ε
2184 4818 2510 4884 contrario
2557 4827 2770 4883 autem

837 4911 1344 4993 quotiescunque
1403 4906 1683 4990 improbi
1741 4915 1806 4969 et
1871 4902 2186 4970 increduli
2253 4904 2639 4978 lasciviunt,
2706 4911 2774 4966 et

839 5014 1271 5078 quaecunque
1330 4995 1400 5058 in
1473 4993 1739 5058 buccam
1809 4992 2083 5057 veniunt
2176 5002 2245 5054 ut
2305 4988 2567 5075 dicitur)
2625 5010 2775 5055 evo·

841 5095 1050 5158 munt,
1113 5093 1179 5146 et
1238 5081 1330 5144 ita
1375 5076 1676 5144 obstinati
1738 5089 1912 5153 sunt,
1975 5087 2045 5141 ut
2090 5097 2128 5141 a
2233 5076 2469 5141 bonam
2513 5075 2768 5159 frugem

840 5168 1024 5232 nullo
1069 5166 1255 5232 modo
1300 5163 1532 5231 adduci
1592 5163 1860 5247 possint,
1917 5163 2350 5228 certissimum
2409 5170 2508 5225 est
2555 5162 2768 5227 Deum

838 5251 1061 5319 sedem
1105 5273 1289 5319 suam
1334 5250 1573 5317 habere
1616 5250 1687 5314 in
1721 5249 1917 5315 coelis
1953 5247 2034 5313 ad
2072 5268 2268 5331 quam
2306 5248 2480 5330 ipsos
2527 5246 2607 5312 de
2630 5268 2768 5312 om·

2363 335 2772 404 HOMILIA
2825 336 3293 405 LXXXVIII.
4629 349 4715 417 524

2886 529 3076 594 nibus
3121 530 3443 594 rationem
3482 531 3851 597 reddituros
3888 532 4031 598 sisti
4068 541 4339 614 oportet.
4386 532 4554 598 Hanc
4582 537 4721 620 igitur

2884 612 2965 677 ob
3010 636 3271 680 causam
3309 615 3490 680 addit
3512 614 3753 696 David,
3799 618 4023 683 oculos
4043 619 4171 683 Dei
4208 621 4487 683 intentos
4514 622 4571 684 in
4591 644 4721 690 omne

2888 700 3222 766 hominum
3284 723 3526 785 genus,
3601 715 3668 767 et
3726 703 3988 768 tandem
4048 703 4261 785 ipsum
4320 705 4389 767 in
4448 719 4727 787 peccatores

2885 785 3102 866 ignem
3148 807 3340 851 snum
3386 789 3792 870 emissurum,
3837 808 4155 872 pauperes
4193 798 4412 854 antem
4446 798 4507 853 et
4530 792 4728 858 afflictos

2884 870 3112 936 fideles
3170 884 3609 939 servaturum.
3697 874 3914 957 Atque
3971 878 4040 939 in
4095 895 4172 939 eo
4229 875 4583 941 admiranda
4627 889 4732 944 sunt

2887 959 3026 1023 eius
3060 958 3317 1023 indicia.
3365 958 3553 1039 Quae
3575 972 3734 1025 sunt
3765 961 3954 1025 nobis
3993 969 4293 1027 accurate
4314 961 4575 1027 notanda
4593 984 4731 1045 quum

2888 1042 3212 1108 Davidem
3237 1053 3336 1109 tot
3357 1043 3840 1111 calamitatibus
3876 1046 4193 1111 afflictum
4237 1046 4438 1112 fuisse
4458 1049 4736 1126 videamus,

2888 1141 2952 1193 et
3008 1129 3159 1195 licet
3217 1130 3783 1215 propugnaculum
3844 1131 4149 1197 habuerit
4206 1132 4278 1196 in
4336 1132 4497 1215 quod
4545 1155 4602 1199 sc
4634 1156 4737 1200 cum

2886 1215 3024 1280 suis
3069 1216 3333 1298 recepit,
3390 1228 3458 1280 et
3493 1215 3805 1284 adversus
3849 1217 4069 1283 hostes
4112 1238 4182 1283 se
4227 1228 4475 1285 tutatus
4515 1231 4613 1297 est,
4645 1241 4739 1285 non

2886 1310 3106 1367 tamen
3152 1302 3353 1367 fuisse
3397 1309 3532 1366 tam
3579 1311 3815 1381 tntum,
3872 1305 4028 1388 quin
4074 1312 4339 1369 coactus
4382 1306 4480 1384 sit,
4516 1307 4742 1388 quamvis

2884 1386 3070 1451 illum
3097 1385 3259 1452 Saul
3304 1386 3389 1453 ad
3440 1397 3700 1473 tempus
3737 1410 3867 1454 non
3905 1390 3994 1453 sit
4050 1401 4497 1474 persequutus,
4550 1391 4741 1476 longius

2888 1483 3107 1538 tamen
3144 1493 3185 1537 a
3222 1472 3463 1538 Iudaea
3505 1473 3823 1541 recedere.
3870 1475 4051 1540 Hinc
4094 1475 4300 1559 igitur
4335 1474 4743 1542 discamusani-

2887 1578 3068 1623 mum
3092 1558 3471 1625 nullomodo
3495 1559 4047 1643 despondendum,
4096 1561 4348 1644 quoties
4370 1563 4451 1627 ab
4470 1562 4747 1626 afflictione

2885 1651 2951 1709 et
2996 1646 3358 1710 tentatione
3416 1647 3483 1709 in
3545 1648 3914 1730 graviorem
3978 1645 4350 1726 incidimus,
4408 1648 4559 1712 adeo
4606 1648 4748 1712 utin

2885 1728 3170 1795 hostium
3210 1738 3575 1797 nostrorum
3615 1734 3917 1799 manibus
3954 1731 4198 1815 captivi
4233 1733 4446 1797 teneri
4468 1733 4747 1798 videamur.

2886 1814 3067 1897 Quin
3111 1818 3325 1899 potius
3380 1817 3743 1883 doctrinam
3805 1818 3996 1884 istam
4042 1818 4125 1883 ob
4182 1818 4405 1884 oculos
4446 1820 4617 1885 nobis
4649 1838 4753 1901 prc-

2886 1923 3219 1986 ponamns‚
3265 1924 3395 1986 qua
3437 1903 3629 1969 valde
3670 1904 4062 1988 indigemus,
4107 1915 4175 1969 et
4211 1903 4498 1969 frontem
4533 1904 4754 1986 exporri-

2886 2009 3137 2072 gamns‚
3185 2010 3269 2053 ne
3291 1989 3435 2053 Deo
3479 2010 3599 2055 nos
3637 1991 3836 2055 variis
3871 1989 4083 2055 modis
4118 2000 4485 2067 exercente,
4525 1990 4756 2074 quamvis

2885 2074 3224 2140 nobiscum
3283 2095 3539 2139 summo
3599 2077 3743 2142 inre
3802 2096 3936 2141 non
3997 2086 4170 2159 agat,
4228 2075 4421 2140 varia
4476 2083 4669 2141 tamm
4711 2075 4757 2139 in

2886 2160 3106 2224 animo
3151 2160 3514 2226 volvamus.
3563 2159 4008 2243 Quamobrem
4049 2182 4252 2245 quum
4298 2182 4418 2228 nos
4462 2163 4625 2229 varia
4659 2179 4758 2225 cer·

2886 2246 3136 2311 tamina
3201 2245 3563 2329 urgebunt,
3628 2256 3693 2312 et
3765 2248 4030 2314 crebrae
4095 2248 4525 2325 tentationes,
4584 2246 4759 2330 quibus

2886 2331 3192 2397 facillime
3262 2332 3865 2410 succumberemus,
3946 2333 4071 2398 nisi
4138 2333 4267 2398 Dei
4334 2331 4757 2415 provindentiae

2885 2421 3201 2481 memoria
3254 2417 3760 2501 sustineremur,
3826 2416 4109 2484 Davidis
4166 2418 4544 2502 exemplum
4598 2419 4759 2483 intue-

2885 2523 3095 2583 amur,
3139 2504 3251 2586 qui
3290 2503 3515 2568 multis
3547 2506 3876 2571 exercitus
3900 2505 4393 2582 tentationibus,
4444 2506 4586 2571 licet
4621 2503 4759 2568 homo

2883 2587 3113 2653 iisdem
3174 2590 3579 2672 passionibus
3648 2591 3887 2672 quibus
3968 2609 4089 2656 nos
4161 2589 4521 2667 obnoxius,
4594 2597 4761 2653 tamen

2885 2675 3144 2739 fortiter
3188 2697 3299 2740 eas
3343 2675 3697 2761 superavit,
3743 2676 3872 2741 Dei
3907 2676 4152 2742 anxilio
4190 2677 4425 2741 fretus.
4470 2675 4760 2759 confugis·

2884 2781 3034 2825 mus
3077 2761 3282 2844 igitur
3338 2760 3420 2825 ad
3465 2762 3771 2846 spiritum
3815 2761 4100 2841 virtutis,
4160 2782 4447 2845 eumque
4487 2779 4761 2846 precemur

2883 2856 2958 2911 ut
3001 2858 3290 2912 nostram
3328 2848 3779 2944 infirmitatem
3814 2847 4128 2927 sublevet,
4172 2855 4240 2912 et
4271 2857 4762 2932 opportunotcm-

2884 2952 3039 3015 pore
3083 2935 3417 3018 suppetias
3460 2934 3644 3000 ferat.

3055 3019 3418 3103 Pergamus
3473 3020 3555 3084 ad
3612 3019 3885 3103 reliqua,
3945 3019 4181 3103 quibus
4245 3019 4493 3086 dicitur
4545 3022 4765 3084 mortuus

2885 3103 3145 3170 Samuel
3184 3109 3240 3171 et
3281 3109 3690 3190 conyreyatus
3722 3106 4060 3171 universus
4093 3106 4306 3173 Israel
4341 3107 4433 3172 ad
4469 3125 4602 3172 eum
4628 3101 4764 3182 plm-

2880 3191 3186 3274 9endum:
3231 3212 3411 3273 quem
3451 3190 3823 3272 sepelierunt
3863 3194 3937 3256 in
3977 3191 4157 3257 domo
4191 3211 4317 3258 sua
4360 3193 4435 3257 in
4484 3187 4766 3256 Rumam

2881 3275 3012 3342 Hic
3056 3278 3124 3341 in
3171 3277 3399 3359 primis
3456 3276 3938 3343 observandum
3985 3274 4363 3344 Samuelem
4424 3278 4493 3343 in
4536 3285 4767 3342 extrem

2882 3372 3146 3429 senecta
3196 3383 3348 3429 cum
3405 3362 3714 3429 maximis
3769 3361 4264 3430 difficultatibus
4340 3374 4414 3428 et
4477 3357 4764 3427 horrendis

2883 3449 3352 3515 tentationibus
3410 3448 3728 3514 luctatum
3785 3449 4003 3514 fnisse.
4083 3448 4428 3531 Propheta
4492 3447 4612 3513 Dei
4649 3453 4766 3520 ent,

2883 3533 3105 3616 populi
3163 3535 3442 3599 salntem
3503 3553 3542 3598 a
3600 3533 3883 3600 Davidis
3942 3554 4148 3619 regno
4207 3534 4505 3618 pendere
4554 3530 4766 3612 sciebat,

2886 3617 3149 3685 Saulem
3198 3620 3435 3703 populo
3494 3641 3715 3704 regem
3777 3619 3932 3685 dare
3989 3620 4211 3686 iussus
4257 3622 4480 3686 fuerat
4521 3641 4597 3683 ex
4638 3617 4767 3681 tribu

2884 3705 3252 3784 Beniamin,
3298 3727 3428 3770 non
3474 3716 3690 3771 autem
3736 3727 3772 3770 e
3818 3705 3994 3770 tribu
4032 3705 4199 3771 Inda
4233 3707 4609 3783 oriundum,
4645 3721 4769 3767 eun·

2884 3788 3029 3855 dem
3090 3801 3601 3869 exauctoratum,
3649 3801 3714 3857 et
3748 3812 3787 3856 a
3833 3791 4121 3856 Domino
4164 3792 4488 3859 reiectum
4534 3789 4767 3855 vident:

2882 3876 3117 3959 quibus
3160 3876 3462 3942 omnibus
3504 3877 3932 3943 vehementer
3974 3878 4342 3961 perturbari
4406 3895 4593 3963 posse
4630 3871 4765 3938 vide·

2885 3962 3094 4042 batur,
3154 3984 3356 4045 quum
3403 3971 3500 4027 tot
3542 3964 3937 4028 mutationes
3982 3961 4258 4044 videret,
4318 3975 4390 4027 et
4443 3960 4766 4047 praesertim

2882 4069 3085 4131 quum
3131 4047 3453 4115 Davidem
3513 4049 3751 4116 reiecto
3799 4047 3999 4114 Saule
4042 4071 4292 4133 ungere
4336 4058 4409 4115 et
4454 4067 4657 4132 regem
4692 4045 4767 4108 de-

2882 4135 3144 4219 signare
3188 4156 3227 4199 a
3270 4133 3556 4200 Domino
3595 4136 3808 4200 iussus
3854 4143 3975 4200 est.
4034 4134 4206 4200 Nam
4251 4135 4325 4200 in
4372 4134 4626 4201 Davide
4659 4149 4767 4213 spoe

2881 4220 3162 4302 reposita
3183 4219 3531 4285 videbatur
3551 4219 3781 4285 salutis
3824 4219 4065 4304 populi,
4113 4237 4178 4287 et
4200 4221 4430 4306 regiae
4465 4217 4764 4303 dig-nitatis,

2879 4307 3235 4389 quinetiam
3280 4315 3584 4371 aeternae
3620 4306 3848 4372 salutis
3881 4306 4242 4372 firmandae
4278 4309 4337 4372 si
4360 4305 4585 4371 David
4613 4319 4766 4387 regno

2880 4392 3225 4467 frueretur,
3269 4400 3337 4456 et
3380 4391 3511 4456 otio
3556 4411 3630 4456 ac
3676 4391 4149 4475 tranquillitate
4196 4392 4654 4474 rempublicam
4683 4384 4765 4450 td·

2880 4477 3302 4558 ministraret,
3337 4498 3566 4542 verum
3590 4498 3791 4560 quum
3816 4477 4375 4544 animadverteret
4398 4474 4764 4548 contrarium·

2878 4571 2946 4627 et
2970 4562 3289 4629 Davidem
3334 4563 3404 4626 in
3434 4562 3655 4629 Saulis
3699 4563 3921 4628 odium
3959 4564 4217 4630 venisse
4261 4575 4537 4648 propter
4568 4560 4765 4626 nncfio·

2877 4669 3029 4713 nem
3087 4670 3280 4733 quam
3330 4649 3458 4713 Dei
3515 4649 3699 4714 iussn
3758 4647 4024 4715 Samuel
4081 4647 4677 4724 administraverat,
4718 4649 4765 4705 el

2878 4745 3212 4816 praeterea
3266 4732 3538 4800 Saulem
3594 4734 3780 4799 illum
3835 4735 3929 4800 ita
3984 4737 4282 4819 persequi
4358 4748 4440 4801 nt
4499 4747 4763 4814 nusquam

2875 4820 3120 4885 Davidi
3164 4830 3348 4886 tutus
3390 4820 3571 4886 locus
3617 4829 3809 4899 esset,
3855 4830 3922 4885 et
3961 4842 4092 4885 non
4139 4831 4399 4886 tantum
4441 4820 4525 4885 ad
4558 4811 4761 4966 sliguod

2879 4915 3137 4990 tempus
3181 4927 3328 4972 cum
3375 4906 3518 4971 istis
3563 4905 4058 4973 difficultatibus
4101 4905 4427 4973 luctatum
4472 4906 4638 4970 Davi
4674 4919 4761 4968 cm.

2876 4990 2988 5056 sed
3037 4992 3286 5057 nullum
3332 4994 3529 5056 finem
3575 4991 3871 5057 laborum
3916 4994 4188 5058 istorum
4241 4991 4761 5083 animadverteret

2878 5078 3234 5144 verisimile
3276 5088 3377 5143 est
3419 5080 3635 5160 ipsum
3679 5079 4103 5161 gravissimas
4162 5081 4562 5145 tentationes
4615 5087 4763 5139 susu-

2877 5162 3119 5230 nuisse.
3182 5163 3411 5248 Neque
3455 5164 3630 5228 enim
3674 5173 3811 5228 erat
3854 5164 4173 5249 stupidus,
4217 5186 4337 5231 nec
4384 5158 4765 5229 insensibili&

2875 5247 2988 5314 sed
3034 5259 3296 5333 praeter
3339 5247 3750 5333 prudentiam
3797 5269 3994 5333 qnam
4052 5271 4092 5315 a
4138 5249 4279 5317 Deo
4338 5255 4673 5333 accepim&
4718 5249 4765 5306 θ*
