5059 6059
858 323 986 395 115

862 518 1044 598 olim,
1101 513 1268 599 quod
1325 524 1390 580 et
1433 535 1609 581 nunc
1660 514 2243 600 pseudochristiani
2311 513 2628 598 papistici,
2693 514 2805 598 qui

867 605 950 670 ab
996 601 1276 667 ethnicis
1319 599 1510 665 modo
1550 601 1670 664 hos
1692 600 1884 665 modo
1917 600 2065 665 illos
2103 602 2269 666 ritus
2316 600 2595 666 mutuati
2632 611 2804 680 sunt,

870 699 936 755 et
1005 707 1263 770 semper
1329 687 1491 751 alios
1552 686 1700 752 aliis
1763 685 2205 752 cumularunt.
2319 685 2805 768 Nonnunquam

871 794 1027 840 vero
1094 773 1185 838 sic
1244 791 1283 835 a
1341 771 1485 836 Deo
1550 774 1863 837 recedunt
1933 773 2246 852 homines,
2316 783 2389 836 ut
2449 783 2670 836 tamen
2741 777 2804 835 in

872 862 1082 943 specie
1143 857 1565 923 condemnari
1632 877 1765 921 non
1825 859 2098 939 possint.
2184 856 2491 941 Exempli
2559 858 2808 942 gratia:

872 944 1099 1011 Iudaei
1146 943 1582 1026 praescriptos
1628 965 1665 1007 a
1708 942 1854 1007 Deo
1900 945 2067 1008 ritus
2112 944 2177 1008 in
2239 943 2381 1028 lege
2425 962 2616 1026 saepe
2660 942 2805 1007 dili-

872 1040 1106 1117 genter
1150 1028 1601 1106 observarunt,
1648 1026 1882 1093 oblatis
1918 1030 1983 1092 in
2010 1029 2138 1092 Dei
2170 1028 2412 1112 templo
2457 1028 2808 1108 sacrificiis,

873 1128 942 1181 et
983 1116 1258 1181 caeteris
1317 1115 1615 1178 omnibus
1673 1133 1839 1197 quae
1899 1113 2046 1198 lege
2090 1114 2652 1198 praecipiebantur
2695 1114 2804 1179 ob-

873 1202 1168 1268 servatis.
1276 1197 1409 1265 Sed
1464 1200 1730 1263 interim
1790 1198 1917 1264 Dei
1987 1199 2268 1264 nominis
2333 1211 2807 1283 contemptores

878 1298 1084 1366 erant,
1127 1285 1434 1352 falsitatis
1481 1298 1545 1349 et·
1590 1283 1961 1349 rebellionis
2019 1304 2236 1350 coram
2294 1286 2434 1368 ipso
2487 1285 2613 1349 rei:
2659 1306 2805 1350 cru-

878 1372 1054 1438 deles
1099 1382 1165 1436 et
1211 1370 1457 1453 perfidi,
1503 1369 1858 1450 fraudibus,
1903 1371 2150 1454 rapinis
2193 1379 2258 1435 et
2294 1370 2549 1453 praedis
2585 1370 2807 1449 dediti,

877 1459 991 1543 qui
1051 1472 1263 1521 tamen
1313 1457 1451 1521 Deo
1497 1456 1921 1521 caeremoniis
1986 1455 2116 1521 illis
2181 1457 2470 1524 externis
2538 1455 2807 1540 pulchre

878 1543 1279 1610 satisfactum
1326 1541 1654 1607 volebant.
1740 1539 1934 1606 Unde
1978 1542 2208 1606 merito
2265 1542 2688 1624 conqueritur
2729 1540 2808 1606 de

877 1631 1011 1695 illis
1056 1627 1399 1708 Dominus,
1461 1627 1797 1711 inquiens:
1857 1626 1962 1691 An
2023 1627 2252 1692 domus
2298 1647 2441 1691 mea
2497 1627 2809 1709 spelunca

878 1727 981 1782 est
1040 1711 1412 1778 latronum?
1502 1712 1638 1777 Vos
1698 1713 1869 1776 enim
1929 1712 2106 1795 pleni
2163 1714 2320 1777 estis
2363 1712 2629 1796 rapinis.
2720 1712 2809 1777 Et

880 1798 1477 1966 ῧῗὲἀοᾶἒζίἲὲἳέἱ
1496 1798 2009 1949 -P‘ssfflssffla
2064 1797 2601 1965 mmmm
2578 1798 2811 1950 stim?

885 1972 1016 2038 tur-i
1069 1989 1230 2052 quae
1283 1968 1445 2034 mihi
1503 1974 1651 2034 sum
1708 1968 2189 2035 abominationi!
2258 1968 2403 2034 Nae
2459 1988 2564 2052 eqo
2621 1990 2727 2035 vos
2770 1991 2812 2034 a

879 2059 1047 2142 facie
1103 2075 1242 2121 mea
1295 2056 1604 2133 reiiciam,
1655 2054 1826 2134 ferre
1882 2074 1987 2120 vos
2043 2054 2318 2137 amplius
2359 2073 2482 2118 non
2527 2074 2810 2135 possum.

885 2146 974 2211 Et
1033 2141 1202 2223 apud
1261 2141 1561 2204 Esaiamz
1637 2139 1761 2221 Qui
1822 2139 2102 2205 immolat
2162 2139 2388 2216 bovem,
2453 2141 2639 2220 quasi
2702 2141 2815 2223 qui

883 2227 1216 2307 interficiat
1256 2227 1496 2291 virum.-
1539 2226 1650 2306 qui
1691 2230 1919 2289 mactat
1951 2245 2163 2307 pecus,
2208 2226 2395 2305 quasi
2437 2225 2548 2305 qui
2583 2243 2813 2291 excere-

886 2315 1014 2381 bret
1045 2331 1299 2378 canem:
1341 2313 1451 2392 qui
1491 2313 1665 2391 offert
1699 2309 2079 2394 oblationem,
2116 2311 2429 2392 quasiqui
2447 2312 2816 2394 sanquinem

886 2399 1150 2467 suillum
1194 2399 1441 2474 offerat:
1483 2397 1595 2476 qui
1634 2396 1996 2461 recordatur
2035 2397 2262 2475 thuris,
2320 2397 2508 2477 quasi
2565 2397 2676 2477 qui
2717 2396 2815 2461 be-

888 2485 1134 2551 nedicat
1176 2481 1357 2548 idolo.
1446 2480 1619 2546 Haec
1659 2482 1870 2546 omnia
1914 2481 2216 2564 ezeqerunt
2260 2481 2330 2546 in
2379 2480 2507 2545 viis
2549 2483 2706 2562 suis,
2763 2489 2819 2548 et

888 2573 959 2637 in
1017 2565 1581 2633 abominationibus
1635 2566 1775 2630 suis
1825 2568 2043 2632 anima
2100 2586 2315 2631 eorum
2369 2565 2663 2633 delectata
2707 2574 2815 2634 est.

889 2655 1144 2721 Idcirco
1189 2654 1381 2716 etiam
1408 2651 1672 2716 Psalmo
1707 2649 1794 2715 50
1816 2650 1997 2717 Deus
2034 2651 2398 2717 istiusmodi
2443 2649 2819 2736 hypocritas

890 2742 984 2808 sic
1027 2737 1396 2820 compellat:
1462 2736 1790 2817 Numquid
1829 2736 2141 2803 comedam
2181 2755 2428 2803 carnem
2469 2744 2819 2820 taurorum,

890 2832 949 2894 et
1007 2824 1377 2907 sanquinem
1439 2821 1754 2887 hircorum
1817 2821 2073 2887 bibam?
2167 2823 2311 2889 Non
2374 2825 2684 2905 accipiam
2748 2826 2821 2890 de

890 2914 1068 2980 domo
1108 2916 1217 2974 tua
1259 2907 1504 2988 caulos,
1547 2927 1739 2989 neque
1777 2909 1855 2974 de
1884 2908 2179 2992 precibus
2212 2910 2342 2974 tuis
2397 2907 2633 2975 hircos:
2675 2931 2818 2992 quo·

890 3000 1068 3064 uiam
1124 3015 1294 3060 meae
1353 2998 1498 3060 sumt
1552 3013 1760 3059 omnes
1811 2994 1987 3076 ferae
2041 2995 2380 3078 sylvarum,
2433 2996 2709 3061 iumenta
2751 2997 2821 3061 iu

890 3081 1198 3150 montibus
1237 3086 1294 3145 et
1336 3078 1533 3144 bocca.
1596 3077 1674 3144 Si
1715 3080 2013 3159 esuriere,
2055 3098 2183 3145 non
2226 3081 2432 3146 dicam
2466 3080 2607 3146 tibi.-
2648 3101 2824 3147 meus

891 3171 1057 3236 enim
1101 3172 1191 3234 est
1227 3164 1400 3231 orbis
1438 3170 1641 3229 terrae
1676 3170 1733 3229 et
1761 3166 2088 3246 plenitudo
2125 3166 2280 3232 eius.
2362 3163 2580 3235 Vestra
2613 3168 2824 3248 itaque

889 3253 1204 3335 sacrificia
1226 3255 1458 3317 natura
1478 3255 1626 3316 curat
1657 3271 1821 3315 vana
1856 3256 1912 3315 et
1953 3252 2194 3329 inania,
2238 3254 2346 3319 sed
2388 3255 2449 3319 si
2489 3252 2824 3336 afflictione

891 3343 1113 3423 aliqua
1168 3336 1544 3421 uryeamini,
1601 3355 1908 3416 quaenam
1963 3336 2126 3403 milii
2177 3343 2362 3423 prata
2409 3340 2545 3423 fore
2610 3340 2822 3406 existi-

892 3424 1134 3493 matis?
1221 3421 1547 3488 Immolete
1589 3420 1724 3487 Deo
1766 3421 2149 3503 sacrificium
2189 3423 2434 3491 laudis.-
2488 3430 2544 3490 et
2590 3424 2827 3491 reddite

896 3511 1231 3578 Altissimo
1268 3512 1412 3572 vota
1454 3511 1675 3572 vestra.
1757 3507 2048 3573 Innovate
2088 3527 2186 3573 me
2227 3510 2296 3573 in
2337 3510 2439 3575 die
2483 3509 2827 3575 tribulatio-

895 3599 1021 3677 nis,
1079 3601 1135 3660 et
1197 3611 1418 3657 eruam
1453 3611 1577 3671 vos,
1634 3597 1693 3657 et
1748 3592 2239 3674 honorificabitis
2287 3613 2403 3661 me.
2493 3594 2601 3660 En
2656 3615 2826 3677 quae

899 3679 1212 3749 sacrificia
1257 3678 1442 3742 Deus
1483 3676 1728 3754 laudet,
1789 3691 1854 3743 et
1898 3698 2062 3761 quas
2108 3681 2401 3747 victimas
2447 3691 2668 3765 gratas
2709 3681 2825 3747 ha-

896 3769 1080 3835 beat:
1146 3783 1220 3828 ac
1284 3763 1561 3845 proinde
1627 3765 1910 3828 ostendit
1976 3763 2122 3831 illas
2178 3786 2403 3832 omnes
2462 3768 2707 3851 figuras
2763 3777 2827 3831 et

900 3854 1165 3920 umbras
1220 3850 1450 3914 inanes
1499 3869 1646 3914 esse
1706 3857 1773 3914 et
1830 3849 2132 3925 ludicras.
2191 3854 2316 3918 nisi
2376 3852 2457 3917 ad
2502 3853 2699 3917 finem
2747 3854 2827 3919 ab

897 3941 1052 4092 2¹?ss
1088 3934 1410 4086 {11²3ss&ss
1416 3943 1586 4084 ‘3321
1596 3935 2006 4103 ’ξῖῖῗέἒέι
2052 3937 2830 4089 friffssnffimnfflffig

901 4124 1122 4178 tamen
1172 4106 1481 4188 sequitur,
1538 4105 1703 4169 nibil
1763 4107 1938 4171 aliud
1984 4108 2048 4171 in
2096 4110 2301 4191 ipsius
2341 4072 2519 4176 cultu
2566 4111 2832 4195 requiri,

897 4197 1016 4263 sed
1061 4193 1180 4260 sub
1231 4211 1358 4255 una
1394 4203 1578 4274 parte
1615 4192 1864 4275 reliqua
1920 4194 2139 4258 omnia
2174 4196 2623 4260 continentur:
2671 4217 2834 4281 quae

901 4284 1264 4366 scripturae
1328 4290 1427 4341 est
1492 4278 1729 4340 usitata
1808 4278 2108 4359 loquendi
2190 4281 2374 4347 ratio.
2488 4278 2599 4346 Sic
2665 4282 2832 4364 apud

902 4367 1272 4436 Michaeam
1353 4361 1732 4445 prophetam
1813 4362 1993 4427 Deus
2072 4368 2379 4448 populum
2464 4369 2834 4450 compellat:

921 4450 1249 4534 Numquid
1281 4447 1540 4530 placari
1575 4452 1773 4528 potest
1797 4448 2111 4515 Dominus
2144 4452 2214 4517 iu
2246 4452 2522 4517 millibus
2555 4455 2838 4534 arietum,

918 4546 1030 4608 aut
1069 4540 1140 4602 in
1181 4534 1399 4600 multis
1441 4529 1717 4599 millibus
1757 4533 2069 4599 hircorum
2101 4538 2495 4622 pinquium?
2542 4536 2840 4605 Indicabo

919 4626 1052 4706 tibi,
1108 4644 1142 4688 o
1187 4620 1382 4699 home,
1522 4619 1592 4682 id
1648 4620 1734 4684 sit
1790 4620 2028 4696 bonum,
2087 4629 2139 4686 et
2194 4624 2348 4705 quid
2389 4622 2705 4689 Dominus
2745 4645 2840 4690 re-

916 4713 1130 4796 quirat
1172 4729 1211 4771 a
1255 4711 1346 4771 te.-
1406 4639 1625 4786 ὥῖραε
1662 4705 1871 4787 facere
1917 4707 2234 4786 iudicium,
2279 4715 2334 4773 et
2368 4708 2622 4791 diziyere
2655 4710 2840 4775 mise-

917 4797 1274 4867 ricordiam,
1323 4795 1376 4855 et
1415 4790 1725 4856 solicitum
1765 4790 2085 4857 ambulare
2125 4812 2261 4858 cum
2304 4792 2442 4859 Deo
2483 4799 2606 4859 tuo.

1093 4881 1441 4947 Caeterum
1501 4877 1816 4959 quaedam
1880 4878 1946 4941 in
2006 4880 2146 4943 istis
2191 4881 2620 4962 repugnantia
2666 4857 2867 4946 Vidffi.

921 4978 1119 5042 retur,
1166 4984 1366 5050 quum
1414 4961 1537 5028 ait:
1602 4963 1829 5029 Iuvoca
1870 4982 1984 5042 me,
2030 4979 2097 5028 et
2140 4963 2329 5029 alibi:
2393 4965 2726 5031 Ambulato
2772 4968 2844 5031 in

913 5057 1148 5132 timore,
1195 5055 1250 5116 et
1290 5049 1629 5114 humiliare
1680 5068 1891 5114 coram
1931 5048 2085 5115 Deo.
2175 5048 2308 5114 Sed
2356 5050 2537 5115 nulla
2578 5051 2840 5116 omnino

914 5149 1015 5204 est
1080 5159 1234 5220 repu
1287 5135 1544 5213 nantia,
1610 5134 2131 5218 quandoquidem
2189 5135 2323 5200 illis
2379 5136 2597 5200 verbis
2654 5136 2840 5202 Deus

911 5221 1193 5289 ostendit
1295 5241 1420 5287 unc
1474 5241 1614 5287 esse
1671 5220 1798 5286 sibi
1856 5231 2117 5306 gratum
2172 5220 2419 5287 cultum
2482 5241 2681 5304 quum
2725 5222 2839 5287 ho-

2531 322 2943 393 HOMILIA
2987 322 3173 392 LIV.

4661 323 4742 390 116

2907 514 3115 578 mines
3158 511 3280 578 sibi
3326 514 3483 598 ipsis
3525 514 4004 592 renunciantes,
4064 531 4205 577 sese
4264 519 4431 578 totos
4474 511 4596 580 Doo
4628 515 4748 584 dedi-

2908 608 3078 675 cant,
3138 612 3204 663 et
3261 619 3477 663 coram
3545 600 3684 664 eius
3729 599 4070 666 maiestate
4115 608 4378 681 propter
4419 613 4752 682 peccatorum

2907 705 3171 751 suorum
3230 704 3494 749 sensum
3551 695 3871 766 tremunt;
3937 697 4002 750 et
4060 691 4417 767 praeterea,
4483 706 4650 767 quum
4696 692 4752 756 ad

2907 772 3120 854 ipsum
3188 770 3383 836 rebus
3450 770 3739 836 adversis
3805 772 4210 921 confugiunt.
4319 769 4541 855 Itaque
4597 775 4756 844 nullus

2910 856 3088 922 locus
3145 857 3423 937 amplius
3480 857 3833 934 sacrificiis,
3895 858 4007 922 nul
4037 877 4076 922 o
4134 856 4452 939 sanguine
4512 860 4756 941 pecudum

2910 953 2983 1006 ut
3036 942 3190 1005 olim
3246 942 3367 1007 sub
3429 942 3568 1025 lege
3626 942 3708 1005 ad
3755 941 3973 1007 Deum
4033 941 4413 1025 placandum
4477 964 4619 1027 opus
4664 959 4759 1014 est:

2908 1026 3024 1092 sed
3086 1027 3292 1109 ipsius
3349 1027 3687 1110 promissis
3748 1027 4073 1092 standum.
4180 1027 4396 1110 Atque
4466 1030 4563 1094 hic
4616 1053 4761 1113 purus

2909 1129 3260 1198 gratusque
3306 1123 3373 1176 et
3415 1122 3715 1196 acceptus
3752 1111 3893 1178 Deo
3937 1115 4151 1178 cultus
4195 1134 4310 1178 est.
4375 1113 4651 1199 Denique
4677 1118 4761 1185 hoc

2910 1198 3263 1263 tenendum
3310 1201 3569 1263 axioma
3612 1210 3729 1274 est,
3792 1200 4004 1263 Deum
4051 1200 4317 1264 reiicore
4360 1211 4429 1263 ot
4472 1203 4763 1269 abominari

2906 1304 3357 1366 quemcunque
3400 1283 3643 1347 cultum
3692 1304 3733 1348 a
3775 1304 3904 1367 quo
3964 1284 4308 1367 integritas
4364 1287 4568 1353 cordis
4617 1289 4764 1366 abest,

2908 1369 3024 1434 sed
3063 1368 3199 1433 sola
3233 1371 3784 1434 caeremoniarum
3806 1383 4220 1435 externarum
4249 1391 4502 1455 pompa.
4546 1374 4768 1457 Magnus

2909 1459 3083 1520 enim
3129 1457 3253 1518 iste
3293 1465 3705 1538 contemptus
3748 1467 3847 1519 est
3891 1453 4153 1520 divinae
4210 1458 4578 1538 maiestatis,
4625 1481 4765 1542 quam

2910 1539 3094 1605 nobis
3159 1539 3435 1605 similem
3497 1540 3825 1622 fingimus,
3882 1553 3947 1605 ct
4005 1542 4197 1607 rebus
4255 1542 4521 1609 ludicris
4574 1546 4769 1627 placare

2909 1625 3262 1704 studemus,
3305 1625 3461 1690 foris
3507 1624 3763 1707 quidem
3803 1637 4077 1691 externa
4114 1628 4576 1711 superstitione
4609 1652 4769 1696 veram

2909 1710 3292 1794 religionem
3337 1723 3753 1790 ostentantes,
3789 1710 3901 1775 sed
3938 1713 4004 1775 in
4046 1725 4303 1796 pectore
4336 1735 4644 1781 summam
4671 1736 4769 1780 cor·

2911 1801 3274 1878 ruptionem
3336 1797 3643 1862 foventes.
3733 1794 3954 1877 Quare
4013 1798 4336 1864 discamus
4396 1800 4602 1865 Deum
4652 1804 4772 1868 ferre

2911 1902 3039 1948 non
3086 1899 3273 1963 posse
3316 1903 3420 1945 res
3461 1891 3711 1946 tantum
3758 1893 4062 1948 externas
4107 1885 4228 1950 sibi
4272 1886 4512 1961 offerri,
4573 1887 4668 1952 sed
4704 1888 4771 1950 in·

2914 1969 3150 2031 teriore
3210 1966 3445 2032 affectu
3501 1977 3565 2030 et
3624 1967 3805 2032 cultu
3863 1967 4189 2045 delectari,
4256 1973 4423 2053 quod
4494 1972 4663 2038 docet
4708 1974 4782 2037 ills

2915 2052 3085 2135 apud
3123 2052 3468 2116 Ieremiam
3514 2071 3713 2134 supra
3757 2053 3968 2118 dictus
4012 2053 4212 2134 locus,
4257 2077 4495 2139 nempe
4537 2060 4781 2142 optimam

2914 2137 3172 2205 colendi
3217 2138 3341 2201 Dei
3389 2137 3705 2202 rationem
3752 2159 3893 2203 esse
3938 2155 4346 2223 peccatorum
4408 2165 4601 2207 sensu
4644 2143 4784 2220 affici,

2916 2234 2981 2288 et
3024 2242 3236 2287 coram
3278 2223 3417 2286 Deo
3461 2223 3671 2307 magis
3715 2243 3791 2288 ac
3834 2225 4040 2307 magis
4087 2224 4421 2291 humiliari
4474 2229 4787 2312 veniamque

2918 2307 3283 2390 deprecari:
3329 2308 3498 2389 quod
3561 2309 3879 2375 sacrificia
3933 2330 4050 2393 per
4107 2332 4176 2376 sc
4237 2314 4368 2377 sint
4429 2315 4653 2390 inania,
4702 2313 4787 2378 nisi

2918 2395 2998 2459 ad
3046 2409 3294 2459 rectum
3339 2413 3527 2458 usum
3571 2393 3902 2477 finemque
3946 2398 4345 2462 referantur:
4406 2413 4481 2462 ut
4537 2421 4737 2483 nempe
4764 2419 4788 2462 a

2922 2479 3114 2544 rebus
3157 2479 3299 2543 istis
3345 2480 3623 2543 terrenis
3670 2479 3966 2545 homines
4010 2481 4208 2548 altius
4250 2484 4624 2559 eflbrantur,
4663 2501 4713 2549 et
4745 2505 4787 2549 se

2922 2565 3193 2629 miseros
3250 2583 3391 2628 esse
3447 2575 3814 2647 peccatores
3878 2580 4253 2650 agnoscant,
4315 2580 4582 2634 aeterna
4637 2581 4791 2634 morte

2922 2650 3175 2733 dignoS,
3217 2650 3451 2732 quibus
3496 2649 3602 2715 lex
3652 2661 3959 2733 tanquam
4006 2655 4071 2717 in
4117 2655 4401 2738 imagine
4443 2658 4594 2719 viva
4629 2675 4789 2739 pem·

2924 2747 3138 2800 torum
3198 2735 3733 2819 magnitudinem,
3794 2746 3863 2800 et
3904 2758 4030 2819 quo
4078 2740 4142 2803 in
4192 2752 4374 2805 reatu
4422 2743 4591 2826 apud
4635 2743 4792 2807 Deua

2925 2822 3059 2887 sint
3103 2821 3421 2886 ostendit:
3490 2842 3563 2886 ac
3624 2821 4045 2890 nihilominus
4104 2841 4369 2906 sperent
4433 2841 4501 2890 et
4542 2828 4655 2892 sibi
4693 2846 4791 2908 per-

2924 2904 3260 2981 suadeant,
3328 2926 3398 2970 se
3464 2906 3613 2972 licet
3678 2907 3948 2973 miseros
4003 2922 4371 2991 peccatores
4434 2912 4579 2977 Deo
4632 2927 4795 2976 tamen

2923 3012 3065 3058 esse
3128 2991 3609 3068 reconciliatos,
3676 3014 3751 3058 ao
3808 2993 4075 3076 proinde
4130 3017 4281 3061 cum
4348 2997 4590 3063 fiducia
4637 2999 4794 3080 ipsun

2923 3079 3251 3144 invocent.
3317 3076 3541 3160 Atqua
3584 3077 3676 3142 ita
3718 3077 3913 3143 firma
3948 3093 4078 3145 stat
4120 3084 4246 3146 ista
4290 3082 4638 3160 conclusio,
4677 3103 4794 3146 nnn·

2923 3183 3118 3247 quam
3143 3163 3285 3228 Deo
3322 3163 3642 3245 placuisse
3677 3164 4014 3249 sacrificia,
4059 3167 4183 3232 nisi
4230 3181 4562 3249 quatenus
4602 3169 4794 3251 longius

2931 3249 3228 3314 homines
3271 3246 3621 3327 deducunt,
3676 3257 3743 3313 et
3802 3248 3882 3315 ad
3940 3272 4170 3317 verum
4216 3253 4342 3318 Dei
4382 3254 4632 3320 cultum
4672 3255 4796 3318 viam

2928 3334 3247 3419 aperiunt,
3293 3353 3537 3410 veram,
3580 3335 3869 3418 inquam,
3913 3334 4128 3417 fidem,
4172 3338 4502 3416 fiduciam,
4539 3347 4799 3423 procusa

2927 3421 3271 3487 orationes.
3357 3418 3609 3486 Idcirco
3652 3420 3848 3487 etiam
3894 3421 4016 3489 hoc
4060 3423 4203 3490 loeo
4250 3422 4528 3492 Samuel
4568 3428 4671 3510 ait,
4706 3422 4796 3488 Do·

2926 3507 3179 3572 minum
3225 3504 3396 3570 nolle
3438 3505 3815 3572 holocausta
3857 3518 3924 3574 et
3968 3509 4285 3587 victimas,
4345 3512 4464 3578 sed
4530 3513 4723 3595 potius
4753 3519 4797 3572 ut

2926 3591 3264 3658 obediatur
3333 3593 3470 3656 voci
3538 3589 3829 3659 Domini.
3936 3594 4126 3674 Nam,
4191 3605 4264 3661 ut
4326 3609 4490 3661 ante
4557 3598 4795 3668 diximus,

2927 3677 3298 3743 obedientia
3359 3676 3674 3742 virtutum
3743 3679 4032 3744 omnium
4093 3691 4190 3746 est
4254 3701 4516 3764 parens.
4615 3681 4800 3764 Quam·

2929 3764 3150 3830 obrem
3195 3772 3537 3845 postquam
3582 3763 3692 3828 diu
3729 3765 4343 3848 investigaverimus
4379 3768 4543 3851 quid
4578 3770 4658 3833 sit
4686 3767 4799 3831 bene

2931 3850 3174 3927 facere,
3242 3847 3325 3912 ad
3395 3848 3570 3913 hunc
3635 3848 3884 3915 fontem
3952 3873 4208 3936 semper
4275 3853 4668 3920 veniendum
4719 3861 4799 3914 est

2933 3935 3273 4017 Quaenam
3337 3933 3512 3999 enim
3573 3934 3720 3999 boni
3763 3937 4071 4017 perfectio
4114 3936 4257 4004 est?
4346 3936 4535 4006 Sane
4576 3938 4687 4003 Dei
4723 3953 4797 3998 vo-

2933 4022 3188 4087 luntas:
3247 4040 3321 4085 ao
3381 4018 3650 4102 proinde
3704 4021 4013 4103 quamdiu
4074 4022 4369 4089 homines
4441 4043 4599 4092 suae
4638 4021 4799 4090 volun·

2934 4107 3088 4172 tatis
3148 4104 3490 4170 arbitrium
3549 4115 3615 4170 et
3671 4107 3985 4172 rationem
4048 4129 4232 4174 suam
4279 4121 4594 4193 tanquam
4636 4111 4795 4174 lumin

2937 4194 3112 4260 vitae
3155 4202 3523 4275 sequentur,
3565 4212 3603 4255 a
3642 4203 3818 4256 recta
3853 4193 4063 4259 cultus
4099 4195 4301 4260 divini
4338 4198 4577 4261 semita
4608 4210 4797 4275 semper

2934 4278 3352 4344 aberrabunt.
3439 4275 3572 4343 Sed
3619 4276 3919 4343 voluntas
3964 4277 4091 4344 Dei
4134 4288 4236 4346 est
4276 4281 4716 4347 immutabilis:
4758 4287 4798 4339 st

2937 4364 3084 4428 ideo
3140 4363 3447 4440 dicimus,
3514 4362 3946 4429 obedientiam
4015 4361 4331 4431 virtutum
4397 4369 4680 4432 omnium
4726 4381 4797 4446 p·-

2942 4461 3212 4514 rentem.
3279 4447 3447 4512 Nam
3494 4461 3768 4532 possunt
3809 4449 4066 4532 quidem
4113 4450 4410 4518 homines
4457 4449 4798 4536 perfectionis

2942 4535 3224 4617 aliquam
3279 4532 3537 4598 laudem
3597 4545 3663 4599 et
3715 4535 4081 4616 opinionem
4141 4536 4313 4620 apud
4378 4538 4544 4604 alios
4607 4535 4796 4606 baben,

2942 4642 3107 4704 quae
3152 4631 3369 4683 tamen
3414 4619 3595 4683 nulla
3647 4620 3748 4697 sit,
3807 4622 3929 4686 nisi
3976 4622 4448 4706 praescriptam
4496 4647 4535 4689 a
4576 4623 4703 4687 Deo
4732 4637 4796 4682 ro-

2942 4708 3162 4791 gulam
3188 4715 3560 4786 sequantur,
3596 4716 3664 4770 et
3697 4703 3777 4770 ad
3815 4708 3954 4772 eius
3972 4707 4351 4791 obsequium
4377 4721 4795 4792 componantur,

2942 4805 3007 4857 et
3050 4791 3131 4857 ab
3174 4791 3378 4875 ipsius
3427 4789 3623 4855 verbo
3666 4791 4003 4873 pendeant.
4094 4793 4272 4860 Hinc
4334 4814 4494 4860 vero
4546 4795 4796 4858 dammas

2943 4899 3166 4943 veram
3228 4874 3662 4941 obedientiam
3730 4878 3799 4940 in
3866 4896 3942 4942 eo
4005 4878 4283 4962 positam
4351 4900 4515 4957 esse,
4570 4891 4637 4944 nt
4672 4876 4794 4968 Dea

2944 4983 3269 5028 summum
3330 4961 3734 5028 dominatum
3794 4972 3858 5026 et
3916 4964 4349 5046 principatum
4409 4968 4483 5029 in
4541 4984 4650 5029 nos
4683 4958 4792 5024 obn·

2946 5060 3117 5128 neat,
3175 5059 3242 5113 et
3296 5048 3737 5130 cuiuscunque
3795 5048 4056 5114 tandem
4096 5049 4349 5115 ordinis
4392 5049 4674 5116 homines
4706 5044 4793 5109 fust

2942 5134 3080 5199 rint
3121 5134 3246 5217 ipsi
3291 5133 3730 5199 subiiciantur.

3114 5219 3293 5286 Sane
3336 5220 3621 5302 papistas
3663 5219 3924 5303 quidem
3962 5218 4263 5287 videmus
4304 5219 4693 5287 obedientiae
4720 5230 4793 5277 nt>
