5059 6059
756 238 775 249 ’
832 274 965 339 711

840 483 1044 547 quum
1090 462 1334 544 potitus
1376 469 1549 528 esset
1587 461 1883 541 victoria,
1926 461 1997 527 in
2043 462 2423 529 memoriam
2449 461 2791 528 revocavit
2821 436 2828 447 ’

840 549 1188 633 angustias
1246 548 1395 612 illas
1454 550 1524 611 in
1580 548 1818 631 quibus
1877 548 1988 614 diu
2050 566 2349 615 versatus
2412 549 2665 630 fuerat,
2722 561 2788 613 et

892 655 1042 699 uam
1087 632 1498 698 familiariter
1542 642 1609 699 et
1653 633 2010 701 honorifice
2064 635 2146 700 ab
2205 635 2431 701 amicis
2476 643 2788 717 exceptus

878 721 1112 784 uisset:
1175 718 1450 802 ideoque
1505 720 1892 785 nominatim
1938 722 2351 804 exprimitur,
2410 726 2468 785 et
2506 720 2791 786 omnibus

845 805 1000 872 locis
1040 825 1161 887 quo
1190 804 1581 871 habitaverat
1610 806 1850 881 David,
1902 808 2039 888 ipse
2065 827 2205 872 cum
2233 805 2591 873 hominibus
2624 807 2784 871 suia.

846 892 957 960 Ex
1012 911 1141 973 quo
1199 891 1618 956 manifestum
1675 904 1776 957 est
1820 892 2102 957 Davidis
2145 893 2524 976 patientiam
2588 892 2790 957 variis

847 975 1060 1041 modis
1102 975 1531 1042 exercitatam
1576 986 1642 1041 et
1685 978 2094 1059 exploratam
2136 979 2362 1045 fuisse:
2412 989 2609 1060 atque
2630 978 2790 1042 adeo

846 1061 1045 1145 longe
1089 1061 1280 1145 plura
1318 1083 1585 1144 passum
1624 1084 1818 1146 quam
1855 1065 2094 1129 animis
2138 1065 2789 1148 comprehendamus,

848 1151 951 1214 Ac
993 1169 1152 1214 sane
1195 1148 1364 1233 grati
1427 1151 1628 1214 animi
1689 1151 2055 1215 testificatio
2114 1152 2254 1226 fuit,
2316 1172 2516 1234 quum
2565 1149 2792 1216 amicis

848 1244 1105 1319 partem
1167 1232 1446 1317 praedae
1503 1233 1852 1311 distribuit,
1911 1258 2188 1318 quorum
2251 1237 2565 1302 beneficia
2607 1236 2674 1299 in
2721 1254 2792 1299 se

847 1320 1166 1385 memoria
1210 1321 1561 1401 repetebat.
1609 1320 1823 1401 Quam
1872 1322 2117 1388 multos
2160 1336 2389 1407 contra
2426 1323 2646 1388 videas
2690 1322 2790 1385 in·

852 1417 1096 1490 gratos,
1153 1406 1267 1488 qui
1309 1404 1506 1471 rebus
1550 1408 1615 1470 in
1679 1407 1977 1474 adversis
2020 1407 2103 1472 ab
2157 1408 2383 1475 amicis
2426 1407 2683 1489 excepti
2728 1419 2795 1472 et

850 1491 1078 1570 adiuti,
1126 1493 1184 1556 si
1218 1491 1520 1557 secundis
1555 1493 1756 1556 rebus
1796 1492 2031 1558 deinde
2067 1496 2388 1570 fruantur,
2435 1493 2794 1558 exstinctos

853 1580 1123 1660 cupiant
1164 1598 1275 1641 eos
1320 1599 1357 1642 a
1402 1576 1639 1658 quibus
1686 1579 2019 1645 beneficiis
2064 1580 2283 1644 affecti
2325 1592 2504 1659 sunt,
2549 1588 2624 1643 ut
2666 1578 2791 1661 ipsi

851 1662 1143 1728 nubibus
1185 1662 1409 1745 geniti,
1470 1676 1536 1727 et
1587 1663 1787 1728 nullis
1845 1687 1966 1748 ope
2024 1678 2093 1731 et
2149 1665 2398 1731 auxilio
2448 1664 2795 1729 videantur

851 1748 1195 1832 indigere?
1259 1748 1477 1814 David
1536 1772 1688 1815 vero
1730 1749 1928 1834 longe
1974 1750 2166 1816 aliter
2210 1774 2281 1818 se
2323 1752 2546 1835 gessit,
2602 1770 2790 1832 quem

849 1856 982 1900 non
1008 1834 1238 1917 puduit
1275 1835 1461 1899 fateri
1498 1855 1569 1900 se
1606 1837 1882 1901 aliorum
1908 1858 2030 1921 ope
2053 1852 2119 1902 et
2143 1839 2388 1902 auxilio
2417 1836 2792 1920 indiguisse,

848 1934 917 1987 et
961 1921 1031 1984 in
1078 1922 1377 2003 angustis
1422 1919 1620 1987 rebus
1662 1944 1732 1989 se
1775 1923 1856 1986 ab
1914 1924 2046 1989 illis
2090 1923 2389 1989 adiutum
2432 1922 2674 1987 fuisse:
2729 1932 2795 1985 et

849 2006 997 2072 Deo
1053 2007 1298 2090 gratias
1358 2026 1561 2089 agens
1622 2008 1703 2073 de
1764 2013 2044 2092 acceptis
2116 2010 2198 2074 ab
2250 2011 2388 2092 ipso
2448 2006 2795 2086 beneficiis,

849 2093 1236 2157 nominatim
1296 2095 1541 2157 amicos
1599 2094 1723 2157 sibi
1771 2095 1851 2158 ab
1912 2098 2050 2177 ipso
2109 2098 2455 2162 suscitatos
2511 2114 2793 2160 comme-

846 2189 1081 2243 morat.
1170 2178 1371 2243 Hanc
1422 2179 1624 2261 igitur
1681 2179 1882 2245 animi
1943 2182 2416 2266 gratitudinem
2464 2201 2596 2245 non
2642 2180 2798 2244 solis

851 2264 1085 2341 verbis,
1145 2263 1259 2329 sed
1302 2264 1686 2330 muneribus
1731 2268 1927 2331 etiam
1985 2269 2213 2333 testari
2253 2267 2484 2345 voluit,
2546 2277 2796 2349 partem

850 2350 1204 2434 spoliorum
1254 2370 1421 2431 quae
1466 2348 1651 2416 Deus
1711 2352 1833 2433 ipsi
1888 2353 2155 2418 dederat
2199 2353 2426 2418 amicis
2483 2352 2793 2435 largitus:

851 2456 1130 2518 quorum
1174 2457 1213 2501 o
1262 2458 1297 2499 e
1342 2448 1409 2500 et
1452 2440 1674 2502 favore
1732 2439 1803 2500 in
1865 2439 2191 2523 angustiis
2235 2437 2616 2505 sublevatus
2661 2438 2797 2502 fue·

850 2531 975 2586 rat.
1023 2522 1158 2586 Nos
1247 2523 1532 2586 iscamus
1578 2543 1713 2586 non
1751 2523 1996 2607 ingrati
2042 2546 2182 2591 esse
2217 2526 2285 2589 in
2325 2545 2435 2590 eos
2469 2525 2580 2607 qui
2601 2523 2798 2588 rebus

852 2605 1121 2673 incertis
1165 2614 1231 2672 et
1273 2607 1530 2671 afflictis
1592 2608 1780 2674 nobis
1822 2631 2011 2692 opem
2072 2610 2371 2676 tulerunt
2413 2624 2480 2674 et
2522 2610 2659 2675 suis
2701 2610 2796 2673 fa·

850 2691 1205 2759 cultatibus
1251 2694 1663 2769 adiuverunt,
1723 2716 1922 2776 quum
1984 2697 2289 2763 secundis
2348 2707 2415 2761 et
2468 2694 2797 2780 prosperis

847 2777 1046 2845 rebus
1084 2780 1177 2843 uti
1202 2800 1321 2843 nos
1357 2779 1538 2843 Deus
1575 2779 1871 2844 voluerit.
1917 2781 2176 2847 Deinde
2198 2781 2477 2846 Davidis
2499 2781 2795 2846 afflictio·

850 2885 972 2930 nes
1018 2879 1082 2929 et
1128 2866 1346 2929 varios
1405 2886 1660 2929 errores
1718 2866 2222 2944 consideremus,
2282 2881 2357 2932 ut
2414 2867 2794 2950 patientiam

853 2950 1185 3016 discamus
1242 2970 1444 3034 quum
1516 2952 1864 3033 explorare
1925 2954 2110 3020 Deus
2163 2976 2283 3019 nos
2342 2953 2647 3032 voluerit,
2707 2952 2797 3017 sic

854 3050 927 3103 ut
984 3038 1053 3102 in
1118 3039 1311 3102 terris
1361 3036 1545 3102 nulla
1592 3039 1794 3119 quies,
1856 3039 2113 3104 nullum
2181 3042 2410 3120 otium,
2467 3053 2582 3104 aut
2615 3050 2795 3102 tran-

852 3123 1143 3205 quillitas
1184 3134 1515 3205 appareat,
1572 3121 1687 3188 sed
1733 3123 1889 3188 hinc
1931 3126 2084 3190 inde
2129 3127 2329 3192 variis
2369 3126 2585 3190 affecti
2629 3124 2796 3189 cala-

853 3207 1193 3274 mitatibus
1249 3207 1394 3273 odio
1451 3208 1831 3289 habeamur,
1889 3213 2174 3276 sciamus
2233 3223 2450 3276 tamen
2497 3230 2619 3275 nos
2663 3229 2796 3273 non

855 3292 1161 3360 accedere
1204 3294 1286 3360 ad
1331 3294 1750 3360 centesimam
1797 3317 2024 3361 earum
2072 3297 2495 3363 afflictionum
2540 3308 2797 3379 partem

854 3400 1017 3463 quas
1072 3379 1291 3445 David
1339 3381 1659 3446 toleravit.
1749 3381 2032 3464 Ideoque
2088 3385 2264 3448 vires
2328 3403 2367 3447 a
2411 3381 2555 3447 Deo
2612 3380 2798 3447 nobis

860 3466 1072 3531 suffici
1119 3465 1499 3531 ardentibus
1545 3467 1713 3531 votis
1758 3469 2010 3550 precari
2057 3469 2388 3547 debemus,
2436 3478 2508 3533 ut
2552 3469 2799 3551 patien-

856 3553 1014 3616 tiam
1072 3572 1147 3616 ac
1205 3555 1759 3634 perseverantiam
1809 3565 2071 3620 tantum
2126 3557 2476 3639 largiatur,
2539 3566 2612 3620 ut
2671 3575 2798 3619 non

856 3648 1115 3704 tantum
1162 3638 1241 3701 ad
1287 3659 1533 3703 annum
1594 3660 1801 3703 unum
1860 3651 1974 3705 aut
2030 3641 2314 3706 alterum
2360 3661 2630 3720 annum,
2685 3637 2796 3703 sed

857 3723 941 3786 ad
986 3725 1183 3788 finem
1229 3744 1432 3805 usque
1478 3728 1653 3789 vitae
1696 3746 1891 3806 quam
1937 3726 2135 3811 longa
2187 3728 2384 3792 fuerit
2429 3745 2798 3808 persevere-

861 3827 1041 3873 mus:
1087 3820 1152 3873 et
1174 3830 1598 3895 quaecunque
1642 3811 2028 3878 afflictiones
2061 3815 2377 3897 ingruant
2398 3811 2524 3876 Dei
2572 3811 2801 3876 volun-

864 3895 989 3959 tati
1012 3914 1134 3959 nos
1167 3895 1486 3961 subiicere
1522 3919 1603 3961 ne
1638 3896 2058 3980 refugiamus.
2103 3898 2453 3965 Caeterum
2490 3898 2545 3963 si
2583 3894 2802 3962 David

860 4001 902 4044 a
945 3979 1332 4046 mortalibus
1375 3994 1781 4063 acceptorum
1842 3984 2305 4049 beneficiorum
2349 4003 2601 4048 memor
2654 3980 2803 4062 fuit,

858 4078 925 4133 et
968 4068 1249 4151 gratiam
1295 4066 1553 4132 retulit:
1598 4088 1757 4149 quas
1782 4071 1924 4135 Deo
1960 4073 2206 4155 gratias
2241 4091 2436 4154 agere
2471 4069 2781 4135 debemus

853 4175 893 4218 a
936 4173 1063 4236 quo
1110 4172 1241 4216 non
1287 4153 1489 4217 semel
1536 4162 1789 4217 tantum
1845 4174 1957 4220 aut
2007 4159 2248 4222 iterum
2305 4158 2628 4229 iuvamur,
2688 4114 2803 4218 sed

859 4261 899 4305 a
943 4259 1072 4322 quo
1115 4237 1325 4305 vitam
1385 4239 1597 4321 ipsam
1658 4242 2040 4322 accepimus,
2100 4254 2166 4307 et
2208 4264 2249 4307 a
2292 4262 2421 4324 quo
2482 4262 2564 4305 ex
2621 4239 2801 4304 mille

857 4324 1165 4409 periculis
1208 4325 1383 4389 eruti
1426 4346 1673 4399 sumus,
1729 4335 1797 4389 et
1839 4347 1879 4390 a
1922 4347 2048 4409 quo
2095 4340 2189 4393 tot
2234 4336 2547 4408 tantaque
2589 4325 2801 4408 quoti-

858 4410 963 4475 die
1008 4409 1323 4475 beneficia
1366 4413 1751 4492 accepimus,
1800 4422 1871 4476 ut
1914 4433 2139 4497 eorum
2179 4434 2492 4480 numerus
2531 4413 2801 4495 capillos

858 4496 1065 4561 nostri
1110 4496 1345 4578 capitis
1390 4496 1582 4581 longe
1626 4509 1910 4580 superet,
1970 4512 2043 4563 ut
2098 4501 2419 4583 propheta
2462 4497 2798 4582 loquitur?

857 4583 1081 4664 Quare
1117 4581 1247 4647 Dei
1293 4605 1529 4648 nomen
1578 4582 1811 4648 debitis
1848 4583 2149 4650 laudibus
2200 4585 2620 4661 celebremus,
2661 4585 2801 4648 sive

858 4668 1161 4734 secundis
1200 4668 1341 4732 sive
1377 4670 1669 4733 adversis
1703 4669 1899 4735 rebus
1940 4681 2231 4737 utamur:
2278 4684 2345 4737 et
2379 4690 2802 4754 quaecunque

858 4755 1030 4819 bona
1073 4754 1260 4819 nobis
1306 4756 1716 4837 contigerint,
1776 4756 1837 4819 ei
1880 4756 2006 4821 soli
2051 4768 2314 4840 accepta
2369 4758 2677 4833 feramus,
2736 4766 2803 4820 et

850 4840 929 4904 in
974 4841 1116 4906 eius
1160 4840 1440 4905 nominis
1483 4840 1917 4907 celebratione
1962 4863 2476 4925 perseveremus.

1029 4926 1174 4990 Iam
1224 4946 1379 4989 vero
1425 4928 1616 5008 agite,
1654 4933 1769 4992 etc.

2530 271 2941 339 HOMILIA
2989 273 3170 340 CVI.
4625 288 4704 353 112

3488 459 3984 546 HOMILIA
4037 464 4242 546 OVI-

3605 599 3805 666 oAP.
3852 596 4124 665 xxm.

3069 807 3126 870 1.
3173 804 3528 871 Philistiim
3570 811 3779 871 autem
3822 804 4199 889 puqnabant
4241 806 4543 874 adversum
4577 812 4722 881 Israe-

2897 892 3046 958 lemt
3098 897 3154 957 et
3191 893 3494 975 fuqerunt
3543 893 3675 957 viri
3718 888 3928 957 Israel
3986 897 4129 955 ante
4178 893 4401 973 taciem
4452 894 4726 979 Philotam,

2894 984 2952 1043 et
2992 979 3337 1044 ceciderunt
3378 978 3680 1061 interfecti
3723 978 3794 1042 in
3827 983 4030 1042 monte
4059 977 4305 1043 Gelboe.
4365 978 4420 1043 2.
4459 980 4726 1051 Imma

2897 1084 3013 1145 que
3058 1062 3412 1130 Philistiim
3455 1066 3527 1128 in
3576 1062 3754 1143 Saul,
3808 1067 3862 1127 et
3919 1065 3991 1127 in
4040 1063 4211 1144 filios
4265 1065 4418 1145 eius,
4468 1072 4515 1130 et
4551 1089 4730 1153 pam-

2899 1154 3230 1217 misserunt
3289 1149 3602 1216 Ionathan
3651 1154 3713 1215 et
3760 1148 4097 1214 Abinadab
4151 1155 4206 1213 et
4262 1148 4582 1217 Mezcheua
4618 1157 4731 1235 filios

2901 1233 3083 1313 Saul,
3129 1236 3187 1300 3.
3233 1236 3570 1316 Totumque
3593 1234 3850 1316 pondus
3880 1236 4126 1316 praelii
4157 1256 4403 1300 versum
4432 1244 4510 1302 est
4535 1241 4594 1303 in
4614 1241 4735 1322 Saul,

2898 1327 2955 1386 et
2993 1322 3351 1403 consequuti
3402 1326 3550 1386 sunt
3598 1341 3740 1387 eum
3783 1321 3908 1384 viri
3965 1321 4308 1403 sayiuarii,
4367 1326 4418 1386 et
4467 1325 4736 1393 numeram

2899 1412 2986 1473 est
3024 1407 3404 1472 vehementer
3445 1428 3486 1471 a
3529 1407 3904 1488 samum-iis.
3963 1406 4022 1471 4-
4068 1405 4377 1489 Dixitque
4397 1406 4539 1475 Sani
4572 1414 4637 1476 ad
4669 1436 4734 1476 ar·

2898 1491 4169 1661 fflffssemfmwmssssifffffissw
4188 1500 4427 1662 ,2532
4463 1501 4739 1662 m

2898 1685 3014 1741 me,
3059 1664 3388 1731 illudentes
3427 1663 3621 1728 mihi.-
3679 1663 3767 1728 Et
3821 1665 4019 1729 noluit
4073 1665 4351 1749 armiqer
4403 1667 4557 1731 eius:
4604 1670 4744 1748 fuerat

2900 1752 3064 1815 enim
3106 1752 3304 1815 nimio
3346 1755 3577 1815 terrore
3626 1751 4034 1831 perterritus.-
4090 1752 4372 1832 arripuit
4423 1754 4605 1833 itaque
4639 1751 4744 1818 Saul

2894 1836 3208 1920 yladium,
3252 1842 3307 1901 et
3344 1836 3542 1900 v‘rruit
3589 1856 3779 1918 super
3812 1856 3972 1901 eum.
4039 1836 4098 1899 5.
4151 1836 4327 1916 Quod
4361 1858 4550 1917 quam
4569 1840 4748 1904 vidisset

2902 1923 3179 2004 armiyer
3220 1925 3376 2000 eiua,
3418 1921 3700 1986 videlicet
3740 1924 3903 2002 qaod
3939 1927 4225 1986 mortuus
4247 1927 4400 1987 esset
4423 1922 4582 2003 Saul,
4617 1925 4749 1988 imit

2901 2008 3089 2072 etiam
3130 2009 3267 2089 ipse
3307 2027 3498 2088 super
3535 2006 3825 2090 yladium
3866 2027 4072 2083 suum,
4115 2014 4207 2071 est
4247 2014 4519 2074 mortuus
4557 2014 4629 2073 est
4660 2030 4751 2074 oum

2900 2115 2987 2159 eo.
3066 2094 3125 2158 6.
3187 2093 3479 2158 Mortuus
3541 2098 3630 2157 est
3671 2113 3819 2175 erqo
3865 2092 4056 2172 Saul,
4113 2099 4173 2157 et
4213 2098 4340 2159 tres
4374 2094 4494 2173 filii
4547 2098 4680 2166 eac,
4720 2101 4752 2158 d

2899 2180 3177 2262 armiyer
3221 2179 3420 2257 illius,
3463 2183 3519 2243 et
3545 2179 3833 2244 universi
3854 2180 3986 2244 viri
4008 2180 4144 2243 eius
4185 2179 4258 2242 in
4299 2180 4404 2244 die
4430 2179 4540 2246 illa
4551 2184 4745 2263 pariter.

3073 2351 3344 2417 Saulem
3370 2350 3552 2415 Deus
3590 2350 3915 2429 patienter
3951 2350 4064 2414 diu
4099 2350 4507 2423 toleraverat,
4545 2351 4752 2415 sedeam

2902 2437 3164 2503 tandem
3191 2436 3413 2501 divino
3456 2434 3700 2534 iudicio
3736 2438 4009 2502 meritas
4045 2457 4289 2518 poenas
4315 2437 4588 2518 oportuit
4621 2436 4756 2507 luere,

2902 2524 3024 2590 etsi
3051 2521 3398 2588 videbatur
3442 2520 3568 2584 sibl
3612 2523 4028 2602 iniquitatum
4067 2522 4530 2605 impunitatem
4566 2536 4758 2603 propter

2903 2609 3283 2675 diuturnam
3333 2608 3457 2672 Dei
3502 2608 3889 2688 patientiam
3936 2607 4248 2690 polliceri,
4295 2605 4595 2691 quamdiu
4613 2605 4762 2671 David

2904 2696 3103 2761 variis
3171 2693 3634 2760 afflictionibus
3712 2693 4172 2771 exercebatur,
4255 2709 4325 2758 et
4391 2694 4586 2776 ipsius
4635 2690 4761 2754 Dens
4873 2724 4874 2773 3

2902 2781 3142 2848 oblitus
3190 2779 3545 2845 videbatur.
3607 2776 3741 2843 Sed
3786 2800 3858 2843 re
3901 2780 4046 2862 ipsa
4081 2777 4267 2846 Deus
4316 2781 4606 2863 patefecit
4637 2796 4764 2843 suam

2901 2867 3289 2951 patientiam
3352 2885 3479 2930 non
3543 2863 3772 2928 tollere
3815 2885 4081 2947 poenas,
4142 2886 4315 2947 quae
4363 2881 4605 2930 tantum
4642 2862 4764 2925 diffe-

2901 2968 3158 3030 runtur,
3218 2963 3285 3018 et
3328 2950 3596 3034 gravius
3636 2948 3875 3014 deinde
3929 2961 4464 3034 compensantur.
4538 2950 4637 3016 Sic
4669 2969 4765 3030 gra·

2904 3041 3046 3106 vior
3090 3041 3214 3104 fuit
3258 3037 3480 3103 Saulis
3538 3035 4019 3115 condemnatio,
4080 3056 4209 3119 quo
4256 3038 4521 3122 longior
4559 3036 4664 3101 Dei
4698 3054 4764 3113 pn·

2903 3126 3164 3190 tientia:
3241 3138 3308 3188 et
3366 3121 3586 3187 David
3647 3120 3909 3186 tandem
3967 3123 4046 3187 ad
4106 3125 4510 3205 promissum
4569 3138 4764 3203 regnum

2902 3223 3053 3295 post
3072 3212 3450 3276 diuturnam
3473 3206 3989 3290 explorationem
4012 3211 4345 3291 pervenit,
4381 3222 4450 3274 et
4469 3228 4607 3290 spes
4623 3208 4768 3288 ipsum

2904 3319 3037 3363 non
3081 3311 3179 3362 est
3224 3297 3556 3369 frustrata,
3600 3314 3804 3375 eoque
3846 3293 3974 3358 fuit
4015 3295 4226 3376 ipsius
4261 3296 4585 3379 insignior
4613 3290 4768 3375 glotis.

2906 3403 3036 3467 quo
3080 3383 3289 3448 maior
3333 3380 3615 3445 tentatio
3677 3381 3910 3444 fuerat.
3991 3379 4125 3445 Sed
4170 3392 4536 3465 antequam
4577 3376 4773 3442 ulterius

2906 3468 3429 3555 progrediamur,
3500 3464 3980 3530 observandum
4055 3467 4385 3533 historiae
4444 3465 4654 3532 seriem
4707 3461 4772 3521 hie

2906 3578 3038 3622 non
3084 3555 3351 3619 omnino
3396 3551 3665 3626 servari,
3711 3551 3882 3632 quod
3925 3551 4099 3635 apud
4143 3553 4507 3619 Hebraeos
4545 3550 4773 3616 usitatum

2904 3644 2994 3708 sit
3035 3662 3201 3724 quae
3247 3639 3428 3721 prius
3473 3637 3848 3703 acciderunt
3903 3639 4269 3720 posteriore
4320 3640 4466 3705 loco
4499 3651 4770 3703 recensere,

2904 3740 2971 3794 et
3012 3737 3260 3793 contra.
3307 3725 3412 3789 Ita
3438 3723 3716 3789 vidimus
3737 3720 4004 3788 Saulem
4041 3745 4248 3806 quum
4290 3719 4775 3791 veneficamfflnm

2906 3814 2987 3879 de
3040 3812 3193 3878 belli
3246 3822 3485 3877 eventu
3542 3808 4004 3885 consuluisset,
4075 3831 4480 3892 responsum
4535 3807 4774 3897 accepis&

2905 3900 3040 3979 fore
3082 3911 3159 3962 ut
3199 3898 3482 3964 crastino
3503 3895 3608 3959 die
3628 3907 4019 3960 moreretur:
4068 3895 4319 3961 deinde
4358 3898 4558 3961 fuisse
4577 3887 4774 3957 Davidu

2906 3985 3211 4049 iniectam
3269 3980 3690 4058 mentionem,
3742 3981 4063 4062 quomodo
4107 3984 4197 4046 sit
4258 4005 4305 4048 a
4349 3983 4774 4067 Philistaeorun

2904 4091 3058 4155 rege
3104 4069 3376 4146 divisus,
3420 4080 3487 4132 et·
3531 4065 3853 4149 quomodo
3891 4088 4193 4133 reversus
4218 4069 4497 4152 Ziceleg
4538 4066 4772 4131 mmmm

2904 4178 3037 4239 qua
3093 4155 3507 4221 habitaverat
3566 4155 3720 4234 igne
3773 4164 4127 4219 crematam
4186 4156 4550 4228 invenerit,
4611 4162 4666 4215 et
4706 4147 4772 4208 ab·

2906 4242 3134 4308 ductas
3168 4261 3405 4305 uxores
3427 4260 3579 4306 suas
3601 4247 3668 4303 et
3703 4259 3972 4305 suorum
3997 4260 4147 4305 cum
4177 4238 4639 4306 facultatibus:
4671 4247 4771 4313 quie

2905 4350 3062 4394 sane
3078 4325 3300 4393 omnia
3329 4348 3464 4390 non
3496 4345 3629 4390 uno
3644 4323 3750 4389 die
3764 4327 4202 4407 contigerunt.
4221 4327 4473 4409 ltaque
4487 4320 4772 4391 notandum

2903 4437 3067 4497 quae
3091 4416 3171 4480 de
3194 4411 3453 4478 Davide
3497 4425 3854 4476 narrantur
3883 4412 4077 4494 paulo
4121 4424 4294 4477 ante
4321 4412 4548 4479 Saulis
4577 4418 4774 4473 mom

2903 4501 3102 4566 fuisse
3147 4499 3504 4564 narrationi
3548 4498 3813 4580 inserta,
3875 4519 4040 4580 quae
4083 4512 4330 4564 tamen
4377 4500 4774 4583 praecesserant

2904 4585 3148 4650 factum
3195 4585 3358 4649 illud
3404 4584 3625 4650 Saulis
3684 4603 3888 4665 quum
3931 4583 4431 4666 Pythonissam
4487 4583 4650 4647 illam
4682 4593 4772 4639 0⁰⁰·

2904 4671 3105 4735 suluit
3171 4670 3366 4735 rebus
3431 4669 3803 4753 deploratis.
3908 4667 4214 4751 Simplex
4295 4672 4509 4753 igitur
4573 4675 4771 4732 narrum

2904 4756 3154 4834 fuisset,
3215 4757 3268 4820 si
3315 4755 3661 4821 Philistaei
3721 4753 4097 4820 dicerentur
4157 4758 4234 4820 in
4285 4768 4538 4822 terram
4593 4754 4771 4818 Isnbffi

2907 4843 3210 4908 irruisse:
3255 4853 3324 4906 et
3345 4842 3617 4908 Saulem
3659 4839 3741 4904 ad
3787 4839 4208 4924 repellendos
4251 4844 4489 4909 hostes
4509 4838 4770 4927 exercituffl

2905 4948 3324 4994 convocasse:
3398 4927 3630 4994 deinde
3688 4948 3893 5009 quum
3961 4924 4323 4994 accederet
4383 4931 4467 4995 ad
4523 4929 4768 5011 locumqn

2907 5036 3033 5096 quo
3078 5014 3394 5097 praelium
3441 5014 3577 5079 fore
3624 5013 3984 5093 videbatur,
4025 5012 4308 5081 invidia
4329 5026 4660 5083 commotos
4674 5004 4768 5072 Phi·

2906 5100 3169 5165 listaeos
3212 5098 3527 5166 adversus
3547 5098 3890 5176 Davidem,
3930 5099 4225 5165 voluisse
4271 5113 4354 5167 ut
4389 5124 4430 5167 a
4465 5121 4605 5183 rege
4631 5098 4766 5160 dimit·

2908 5194 3158 5251 teretur
3214 5198 3561 5268 antequam
3620 5186 3886 5269 propius
3943 5205 4090 5251 cum
4152 5185 4478 5255 hostibus
4517 5178 4764 5267 congrt'dfl·
