5059 6059
937 322 1065 392 259

951 520 1335 599 querentur:
1395 534 1594 596 quare
1650 514 1845 580 etiam
1902 514 1971 578 in
2026 512 2139 578 illo
2183 515 2435 579 cantico
2479 512 2607 578 Dei
2648 512 2872 579 laudes
2975 518 3368 601 indigerent,
3423 535 3589 598 quae
3645 511 3838 578 hodie
3890 533 4022 576 non
4080 516 4233 576 sunt
4275 507 4449 573 ultro
4485 506 4730 572 revocanda:

950 600 1309 684 praedicari
1376 610 1442 663 et
1499 598 1814 664 celebrari
1855 599 2204 665 bonitatem
2250 597 2568 664 audimus.
2656 598 2872 681 Atque

948 687 1187 752 idcirco
1253 686 1448 750 etiam
1507 687 1829 751 canticum
1886 684 2047 750 illud
2093 696 2166 750 ut
2207 706 2344 748 rem
2391 683 2582 749 laude
2624 683 2872 767 dignis·

949 775 1185 837 simam
1233 771 1526 837 videmus
1569 771 1640 834 in
1674 771 1816 854 ipso
1851 771 2014 855 legis
2049 771 2378 836 volumine
2413 770 2872 853 conscriptum,

949 866 1017 923 et
1068 865 1145 921 ut
1203 857 1453 922 facinus
1498 858 1812 921 memoria
1852 857 2122 941 dignum
2167 857 2608 920 monumentis
2650 876 2872 920 sacrae

950 942 1311 1025 scripturae
1352 944 1687 1007 insertum.
1776 942 1955 1026 Ergo
1998 964 2082 1006 ex
2124 941 2265 1006 istis
2301 941 2717 1025 conspicuum
2753 950 2871 1024 est,

947 1027 1256 1093 mulieres
1319 1028 1387 1093 in
1453 1026 1584 1092 illis
1648 1027 2023 1111 regionibus
2086 1027 2541 1092 instrumentis
2606 1025 2871 1091 musicis

950 1114 1049 1179 uti
1092 1112 1337 1193 solitas,
1381 1112 1736 1194 virtutique
1779 1113 2003 1178 datum
2048 1112 2267 1196 fuisse,
2310 1114 2490 1178 cuius
2535 1112 2631 1176 rei
2673 1112 2869 1176 etiam

948 1200 1104 1265 facit
1160 1198 1354 1263 fidem
1413 1198 1717 1264 Psalmus
1774 1199 1878 1282 68,
1936 1198 2047 1263 ubi
2102 1197 2378 1263 Davidis
2421 1197 2734 1263 victoriae
2777 1198 2872 1261 ita

949 1284 1430 1370 praedicantur,
1495 1284 1605 1366 qui
1672 1283 1797 1348 fuit
1861 1284 2070 1367 figura
2130 1282 2393 1348 Domini
2453 1283 2657 1348 nostri
2718 1281 2868 1348 Iesu

952 1369 1221 1448 Christi,
1254 1378 1330 1433 ut
1362 1369 1804 1451 cuiuscunque
1838 1367 2218 1435 conditionis
2260 1368 2550 1434 homines
2585 1378 2651 1432 et
2671 1388 2870 1432 sexus

950 1456 1144 1519 victis
1178 1464 1244 1517 et
1279 1456 1479 1520 caesis
1517 1453 1810 1520 hostibus
1844 1455 1986 1519 Deo
2008 1454 2250 1537 gratias
2272 1464 2558 1538 agerent,
2592 1451 2869 1518 Davidis

950 1541 1122 1605 facta
1160 1549 1498 1604 canentes:
1542 1561 1674 1603 non
1719 1539 1978 1623 quidem
2024 1548 2099 1603 ut
2141 1540 2342 1621 ipsius
2379 1558 2692 1623 personae
2726 1538 2867 1621 dig-

950 1627 1126 1690 nitas
1160 1624 1368 1689 omnis
1404 1625 1798 1690 tribueretur
1831 1625 2144 1689 factorum
2176 1626 2599 1709 egregiorum,
2645 1624 2757 1688 sed
2794 1630 2869 1687 ut

954 1710 1033 1776 ad
1076 1711 1288 1793 ipsum
1333 1708 1693 1774 Dominum
1738 1719 2034 1775 nostrum
2076 1710 2312 1788 Iesum,
2377 1710 2565 1775 cuius
2608 1720 2749 1774 erat
2792 1710 2865 1773 fi-

950 1817 1137 1880 gura,
1216 1816 1356 1860 esse
1421 1792 1756 1859 referenda
1820 1794 2314 1860 demonstratur.
2403 1795 2471 1860 Is
2535 1795 2708 1859 enim
2770 1802 2869 1858 est

951 1880 1278 1946 Dominus
1344 1890 1567 1945 noster
1629 1878 1814 1945 Iesus
1876 1880 2180 1946 Christus
2240 1901 2455 1946 coram
2511 1899 2637 1962 quo
2694 1879 2867 1944 flecti

956 1987 1148 2032 omne
1206 1987 1381 2049 genu
1424 1975 1692 2048 oportet,
1746 1976 1815 2029 et
1854 1966 1957 2031 cui
1999 1966 2120 2030 soli
2163 1964 2452 2049 agendae
2496 1965 2744 2048 gratiae
2790 1965 2868 2028 de

953 2051 1255 2117 omnibus
1314 2052 1605 2116 victoriis
1664 2071 1826 2133 quas
1885 2050 1963 2114 de
2006 2051 2299 2115 hostibus
2342 2049 2528 2114 nobis
2573 2050 2867 2132 largitur.

954 2137 1206 2201 Verum
1284 2146 1501 2201 tamen
1581 2146 1870 2218 tempore
1946 2135 2056 2200 illo
2133 2135 2491 2219 figurarum
2567 2136 2871 2201 dicuntur

955 2222 1260 2288 mulieres
1324 2231 1391 2285 et
1456 2221 1728 2305 puellae.
1773 2222 2057 2307 virgines
2119 2222 2474 2286 occurrisse
2538 2221 2677 2304 regi
2721 2240 2867 2285 cum

956 2307 1307 2390 tympanis,
1365 2306 1635 2372 citharis
1694 2317 1758 2371 et
1817 2308 2007 2384 tibiis,
2067 2306 2289 2371 laudes
2346 2306 2523 2371 illius
2568 2305 2867 2370 decanta·

955 2402 1162 2457 turae.
1249 2391 1435 2472 Quae
1477 2392 1696 2456 omnia
1737 2392 2090 2456 recitantur
2131 2412 2170 2455 a
2204 2393 2520 2474 propheta
2562 2403 2867 2473 tanquam

956 2478 1099 2542 Deo
1155 2486 1342 2561 grata
1395 2486 1461 2541 et
1504 2488 1782 2559 accepta,
1840 2478 2107 2558 eiusque
2149 2476 2352 2542 cultui
2396 2477 2864 2543 convenientia.

955 2571 1023 2627 et
1079 2583 1227 2644 pars
1283 2582 1479 2627 verae
1533 2562 1880 2646 religionis.
1970 2562 2313 2627 Caeterum
2359 2571 2513 2627 tunc
2557 2561 2864 2645 temporis

954 2647 1073 2712 sub
1140 2647 1282 2730 lege
1347 2648 1705 2712 maximum
1769 2667 1960 2714 usum
2026 2648 2223 2712 fuisse
2287 2646 2864 2712 instrumentorum

953 2734 1353 2798 musicorum
1396 2744 1645 2799 certum
1689 2741 1808 2811 est,
1853 2732 1935 2798 ad
1979 2732 2202 2797 laudes
2246 2729 2371 2798 Dei
2415 2731 2860 2797 celebrandas:

953 2837 1119 2901 quae
1161 2818 1216 2883 si
1259 2816 1451 2882 hodie
1494 2828 1804 2900 tanquam
1850 2819 2208 2885 necessaria
2250 2838 2715 2896 revocaremus,
2779 2816 2860 2881 ad

950 2911 1205 2968 veteres
1250 2903 1513 2968 umbras
1553 2902 1925 2985 rediremus,
1982 2904 2320 2986 lucemque
2363 2904 2542 2968 illam
2586 2924 2749 2986 quae
2790 2902 2860 2966 in

949 2988 1086 3054 filio
1166 2987 1292 3052 Dei
1372 2989 1668 3071 apparuit
1747 2990 2235 3055 obscuraremus
2298 2998 2364 3054 et
2425 2989 2859 3054 obrueremus.

951 3073 1172 3154 Quare
1225 3073 1346 3137 fuit
1388 3074 1459 3137 in
1500 3073 1756 3158 Papatu
1799 3074 2070 3140 ridicula
2114 3074 2306 3139 nimis
2349 3083 2413 3139 et
2452 3076 2677 3157 inepta
2717 3074 2861 3137 imi-

949 3159 1127 3236 tatio,
1165 3178 1368 3240 quum
1409 3161 1649 3240 templa
1678 3180 2014 3237 exornare,
2049 3158 2302 3242 Deique
2325 3160 2573 3224 cultum
2596 3158 2862 3223 reddere

950 3243 1366 3310 celebriorem
1427 3245 1900 3321 existimarunt,
1968 3246 2023 3310 si
2080 3264 2319 3325 organa
2363 3253 2430 3309 et
2472 3245 2601 3310 alia
2642 3245 2861 3309 istius·

947 3329 1122 3395 modi
1158 3328 1365 3395 multa
1398 3329 1648 3395 ludicra
1682 3329 2094 3395 adhiberent:
2150 3330 2383 3412 quibus
2418 3331 2702 3395 maxime
2733 3328 2863 3394 Dei

950 3414 1221 3480 verbum
1281 3422 1348 3478 et
1400 3414 1615 3481 cultus
1673 3416 2009 3499 profanata
2066 3424 2237 3492 sunt,
2300 3416 2535 3498 populo
2578 3416 2863 3480 externis

949 3500 1091 3564 istis
1135 3498 1366 3564 ritibus
1411 3499 1665 3565 addicto
1710 3501 1927 3582 potius
1970 3521 2161 3583 quam
2208 3502 2385 3566 verbi
2430 3501 2635 3566 divini
2669 3499 2861 3565 intel-

950 3584 1275 3666 ligentiae.
1364 3584 1625 3651 Scimus
1671 3597 1885 3650 autem
1923 3585 2031 3651 ubi
2069 3585 2250 3651 nulla
2282 3596 2380 3652 est
2411 3585 2861 3666 intelligent-ia,

948 3668 1193 3735 nullam
1260 3671 1459 3735 etiam
1518 3670 2026 3737 aedificationem
2083 3690 2258 3737 esse:
2324 3670 2861 3755 quemadmodum

951 3754 1198 3819 Paulus
1242 3756 1565 3837 apostolus
1611 3756 1812 3837 docet,
1856 3777 2058 3839 quum
2098 3758 2205 3834 ait,
2252 3777 2379 3838 quo
2421 3756 2612 3822 modo
2655 3763 2864 3839 potest

956 3839 1157 3904 idiota
1207 3840 1476 3904 reddere
1517 3843 1668 3906 fidei
1713 3841 2173 3918 testimonium,
2216 3854 2327 3906 aut
2368 3842 2687 3924 quomodo
2732 3842 2865 3906 dic-

959 3933 1148 3988 turus
1191 3934 1290 3988 est
1335 3927 1545 3991 Amen
1592 3927 1672 3991 ad
1716 3928 2074 4009 gratiarum
2118 3928 2454 4006 actionem,
2505 3927 2630 3993 nisi
2673 3926 2863 3992 intel-

957 4008 1163 4091 ligat?
1250 4009 1470 4090 Quare
1537 4012 1758 4076 fideles
1822 4011 2119 4077 hortatur
2181 4032 2257 4076 eo
2322 4012 2460 4079 loco
2516 4021 2594 4078 ut
2652 4014 2862 4078 Deum

952 4104 1313 4179 precantes,
1348 4106 1416 4160 et
1447 4097 1571 4180 ipsi
1607 4096 1976 4180 psallentes,
2012 4107 2075 4161 et
2112 4108 2457 4181 precentur
2490 4107 2558 4164 et
2584 4098 2868 4180 psallant

954 4180 1407 4264 intelligentia,
1453 4201 1580 4246 non
1629 4182 1852 4265 lingua
1896 4185 2257 4267 peregrina,
2345 4183 2455 4248 sed
2500 4183 2758 4267 vulgari
2801 4192 2868 4248 et

953 4265 1369 4349 intelligibili,
1415 4273 1491 4330 ut
1531 4269 1618 4332 sit
1656 4268 1727 4331 in
1771 4268 2041 4333 ecclesia
2084 4269 2455 4334 aedificatio.
2515 4268 2705 4350 Quod
2750 4268 2869 4332 ita-

953 4373 1079 4435 que
1123 4353 1248 4416 fuit
1290 4352 1359 4416 in
1404 4372 1529 4418 usu
1572 4353 1735 4436 legis
1776 4362 2085 4439 tempore,
2130 4354 2374 4418 nullum
2422 4354 2613 4419 hodie
2657 4355 2865 4419 locum

953 4436 1124 4520 apud
1184 4456 1303 4501 nos
1359 4436 1643 4502 obtinet:
1703 4447 1767 4502 et
1811 4437 2002 4504 rebus
2048 4441 2188 4505 istis
2231 4461 2361 4504 non
2405 4439 2597 4504 modo
2641 4460 2865 4523 super-

948 4524 1121 4600 fluis,
1189 4521 1301 4587 scd
1369 4521 1674 4588 inanibus
1739 4524 1933 4587 etiam
1993 4523 2441 4591 abstinendum
2500 4535 2627 4590 est:
2696 4526 2865 4609 quod

949 4608 1239 4675 sufficiat
1334 4628 1452 4673 ura
1495 4620 1561 4672 et
1603 4608 1879 4690 simplex
1924 4609 2288 4675 divinarum
2332 4610 2599 4676 laudum
2641 4611 2868 4676 modu-

947 4692 1128 4773 latio,
1163 4713 1274 4759 cor
1320 4715 1355 4759 e
1390 4702 1458 4759 et
1492 4715 1601 4759 ore
1636 4705 1859 4760 nostro
1896 4695 2134 4780 singuli
2168 4695 2508 4760 idiomate:
2552 4697 2867 4779 siquidem

947 4781 1191 4847 scimus
1250 4779 1605 4844 Dominum
1664 4791 1956 4846 nostrum
2017 4781 2234 4845 Iesum
2291 4781 2627 4847 Christum
2672 4803 2864 4865 appa-

947 4865 1174 4942 ruisse,
1211 4877 1279 4927 et
1316 4865 1582 4931 umbras
1613 4865 1763 4932 illas
1796 4866 2034 4950 legales
2064 4887 2179 4931 suo
2202 4864 2481 4931 adventu
2506 4867 2867 4950 dissipasse.

947 4950 1269 5015 Musicam
1346 4950 1565 5032 itaque
1648 4952 1828 5016 illam
1907 4951 2468 5016 instrumentalem
2534 4961 2870 5018 teneamus

948 5041 1107 5100 tunc
1164 5034 1419 5099 ratione
1479 5038 1791 5120 temporis
1846 5036 2021 5102 illius
2077 5045 2143 5101 et
2194 5037 2417 5121 populi
2476 5037 2672 5104 fuisse
2715 5037 2867 5103 tole-

948 5128 1182 5198 ratam,
1240 5120 1410 5202 quod
1471 5132 1689 5186 essent
1731 5129 1806 5187 ut
1848 5122 2051 5206 pueri,
2108 5123 2643 5205 quemadmodum
2688 5143 2869 5190 sacra

945 5206 1270 5289 scriptura
1327 5205 1640 5289 loquitur,
1698 5208 1808 5290 qui
1865 5208 2226 5293 puerilibus
2282 5208 2429 5275 istis
2483 5208 2868 5276 rudimentis

2553 324 2965 391 HOMILIA
3008 326 3262 396 LXVI.
4651 319 4721 385 260

2974 604 3098 668 nisi
3157 602 3611 686 perfectionem
3673 598 4112 681 evangelicam
4174 593 4445 658 velimus
4483 591 4671 667 abolem,
4699 604 4739 656 et

2972 689 3229 772 plenam
3278 689 3488 752 lucem
3522 705 3719 769 quam
3751 685 3823 748 in
3859 682 4118 749 Christo
4152 680 4437 745 Domino
4474 688 4632 743 nostro
4651 698 4740 743 eon·

2972 774 3227 857 sequuti
3271 792 3498 837 sumus
3541 769 3898 835 obscurare.

3143 859 3230 924 Et
3276 858 3592 923 hactenus
3635 854 3713 919 de
3757 854 4038 920 musica:
4096 854 4175 918 de
4217 853 4469 917 choreis
4504 860 4661 913 autem
4687 848 4747 910 vel

2971 944 3438 1022 saltationibus,
3475 962 3670 1028 quum
3708 939 4016 1006 dicuntur
4043 938 4345 1004 mulieres
4365 935 4593 1032 choreas
4606 932 4746 1031 egisse,

2969 1029 3314 1114 peculiaris
3378 1027 3689 1110 quaedam
3747 1026 3913 1090 ratio
3971 1035 4103 1091 est:
4165 1044 4317 1089 nam
4379 1030 4445 1086 et
4488 1030 4563 1084 ita
4605 1017 4754 1082 dicitur

2968 1114 3187 1182 David
3241 1114 3598 1180 saltavisse.
3677 1111 3901 1192 Neque
3958 1110 4132 1175 enim
4188 1117 4377 1173 orant
4420 1106 4547 1171 illae
4570 1103 4754 1203 ‘chemae

2971 1200 3342 1285 petulantes
3385 1207 3451 1263 et
3493 1197 3773 1265 lascivae
3816 1201 4038 1279 quales
4078 1209 4231 1260 sunt
4276 1192 4494 1258 hodie:
4542 1188 4756 1287 siquidem

2970 1287 3360 1353 exsiliebant
3416 1283 3514 1348 illi
3556 1296 3623 1348 et
3665 1282 3990 1347 saltabant
4030 1301 4184 1364 prae
4225 1279 4485 1356 laetitia,
4533 1295 4634 1358 qua
4663 1293 4760 1354 ipso-

2970 1394 3118 1437 rum
3176 1370 3371 1437 corda
3421 1368 3995 1434 commovebantur
4036 1389 4118 1432 ex
4162 1366 4423 1431 divinae
4462 1362 4654 1446 gloriae
4680 1378 4761 1421 am·

2969 1456 3359 1542 plificatione
3424 1466 3685 1538 propter
3750 1452 4084 1518 benefacta
4145 1472 4308 1535 quae
4374 1449 4452 1514 ab
4500 1449 4614 1546 ipso
4654 1464 4763 1509 acoe-

2968 1550 3217 1627 perant‚
3253 1551 3322 1606 et
3359 1540 3592 1622 quibus
3626 1560 3767 1603 sese
3802 1538 4016 1602 Deum
4053 1548 4118 1602 et
4140 1546 4764 1628 protectoremipsqrum

2967 1630 3178 1712 magis
3213 1627 3542 1708 magisque
3577 1625 4020 1708 patefaciebat.
4105 1624 4284 1702 Quas
4319 1641 4471 1686 vero
4500 1618 4768 1713 saltationes

2969 1713 3160 1778 hodie
3196 1711 3488 1778 videmus
3515 1710 3756 1793 passim
3783 1709 4038 1793 agitari,
4074 1710 4218 1790 quis
4241 1707 4412 1772 dicat
4432 1705 4558 1770 istis
4575 1698 4766 1795 similati

2969 1798 3241 1865 Certum
3305 1796 3476 1860 enim
3538 1806 3635 1860 est
3692 1806 4007 1877 quotquot
4062 1793 4252 1858 hodie
4305 1794 4473 1857 fiunt
4507 1783 4768 1882 istiusmpnln

2967 1885 3361 1960 saltationes,
3427 1902 3567 1946 esse
3624 1878 3705 1944 ad
3763 1899 4022 1944 omnem
4066 1878 4396 1945 lasciviam
4437 1887 4497 1941 et
4532 1871 4770 1954 impudici·

2970 1970 3127 2034 tiam
3163 1968 3304 2033 iter.
3372 1966 3541 2031 Nam
3577 1967 3697 2030 etsi
3743 1986 3876 2030 non
3922 1986 4174 2048 semper
4219 1986 4289 2029 re
4332 1964 4471 2047 ipsa
4508 1965 4769 2026 scortentur

2968 2054 3297 2131 saltantes,
3361 2061 3578 2116 tamen
3637 2050 3854 2115 aditus
3896 2053 4120 2133 patefit
4162 2050 4241 2113 ad
4287 2045 4616 2114 istiusmodi
4651 2056 4771 2121 turpe

2967 2141 3235 2214 facinus,
3279 2146 3348 2202 et
3381 2137 3517 2201 loca
3553 2137 3619 2200 in
3659 2136 3889 2219 quibus
3923 2137 4376 2214 instituuntur,
4417 2141 4560 2197 sunt
4576 2128 4769 2224 plemu·

2969 2245 3095 2308 que
3173 2222 3533 2290 certissima
3603 2221 3961 2304 lupanaria.
4050 2221 4318 2287 Davidis
4384 2238 4528 2284 vero
4579 2214 4769 2280 saltam

2968 2313 3179 2395 legem
3233 2330 3314 2373 ex
3373 2317 3559 2392 parte
3616 2307 3901 2390 respicit:
3967 2306 4037 2370 in
4091 2326 4217 2388 qua
4259 2305 4424 2370 nihil
4460 2299 4768 2369 immodicum

2966 2398 3107 2473 fuit,
3173 2415 3384 2477 neque
3436 2392 3683 2459 laetitia
3738 2392 3936 2458 stulta
3993 2401 4061 2457 et
4102 2393 4346 2457 inanis:
4411 2391 4530 2465 sed,
4586 2396 4770 2452 utente

2969 2481 3123 2561 dixi,
3167 2479 3515 2545 vehemens
3559 2487 3624 2542 et
3667 2477 3900 2543 ardens
3946 2477 4232 2542 studium
4269 2477 4396 2541 Dei
4436 2474 4626 2539 laudes
4650 2489 4769 2554 prae-

2968 2565 3242 2642 dicandi,
3288 2584 3416 2645 quo
3460 2575 3675 2648 patres
3719 2570 4116 2642 exarserant,
4159 2563 4270 2626 sed
4316 2563 4443 2627 ritu
4475 2571 4534 2625 et
4561 2557 4770 2622 instituto

2967 2671 3231 2718 suorum
3302 2661 3686 2732 temporum.
3775 2647 3996 2728 Quare
4063 2647 4406 2731 diligenter
4467 2637 4769 2710 observanda

2965 2746 3066 2803 est
3120 2747 3482 2820 temporum
3540 2735 3798 2799 illorum
3858 2755 3897 2798 a
3940 2734 4178 2799 nostris
4222 2732 4594 2799 differentia:
4649 2734 4770 2824 uteo

2966 2824 3051 2888 sit
3107 2821 3421 2887 illustrior
3472 2821 3585 2885 lux
3642 2819 3755 2883 illa
3807 2839 3999 2902 quam
4060 2817 4242 2884 nobis
4297 2818 4505 2884 attulit
4542 2817 4769 2880 Dommus

2966 2917 3186 2973 noster
3213 2908 3392 2973 Iesus
3420 2905 3726 2972 Christus
3747 2903 4067 2987 evangelii
4087 2903 4563 2987 praedicatione.
4600 2899 4768 2980 Quam·

2964 2994 3185 3059 obrem
3249 3013 3448 3074 quum
3516 2991 3623 3056 hic
3687 2990 3987 3055 audimus
4053 2991 4354 3054 mulieres
4414 2989 4635 3053 venisse
4662 2999 4767 3081 ‘oum

2964 3083 3295 3163 tympanis
3337 3086 3403 3141 et
3444 3076 3706 3142 musicis
3747 3077 4197 3141 instrumentis
4238 3075 4487 3140 obviam
4529 3069 4691 3145 Sauli,
4732 3078 4769 3125 et

2963 3166 3231 3231 choreas
3274 3163 3503 3246 egisse,
3547 3171 3886 3226 teneamus
3927 3160 4073 3225 illas
4116 3161 4198 3226 ad
4236 3160 4444 3226 Deum
4473 3151 4769 3242 precandum

2964 3261 3032 3313 et
3087 3247 3307 3313 laudes
3359 3247 3567 3330 ipsius
3610 3245 4069 3329 praedicandas
4113 3245 4339 3311 fecisse
4379 3244 4459 3309 ad
4497 3237 4770 3321 exemplum

2964 3347 3031 3399 et
3086 3334 3461 3399 institutum
3520 3333 3770 3397 Mariae
3825 3333 4062 3397 sororis
4126 3332 4328 3397 Mosis
4372 3339 4438 3396 et
4474 3329 4771 3410 reliquarum

2962 3420 3329 3496 mulierum,
3387 3437 3551 3500 quae
3605 3419 3811 3499 ipsam
3852 3418 4199 3483 comitatae
4240 3418 4503 3481 fuerant.
4581 3414 4665 3479 Ex
4693 3424 4771 3488 ‘111⁰

2962 3514 3296 3588 praeterea
3363 3502 3674 3569 discimus
3732 3503 4036 3567 mulieres
4088 3502 4236 3567 licet
4290 3502 4582 3567 adversus
4629 3499 4774 3588 bostat

2964 3609 3146 3655 arma
3187 3610 3321 3653 non
3367 3591 3595 3667 ferant,
3639 3589 3882 3672 gratias
3923 3596 4141 3653 tamen
4185 3609 4376 3671 agere
4412 3585 4545 3652 Deo
4576 3604 4668 3668 pro
4694 3597 4774 3640 vlo·

2963 3675 3130 3741 toria
3195 3673 3445 3740 debere.
3528 3673 3697 3738 Nam
3777 3682 3935 3755 quot
3998 3675 4380 3757 quantisque
4442 3672 4667 3738 casibus
4710 3659 4778 3725 ob·

2965 3760 3216 3841 noxiae,
3259 3760 3317 3825 si
3355 3759 3573 3824 hostes
3599 3759 3868 3824 victoria
3888 3758 4275 3842 potiuntur?
4322 3758 4559 3824 Milites
4578 3744 4779 3822 merel

2964 3847 3090 3915 viri
3133 3844 3335 3910 semel
3378 3843 3753 3911 occumbere
3796 3852 3861 3909 et
3902 3844 4116 3928 gladio
4160 3846 4367 3926 perire
4410 3850 4675 3929 possunt:
4711 3829 4779 3899 sed

2967 3932 3240 3996 miserae
3297 3931 3600 3995 mulieres
3657 3928 3941 3994 hostium
3997 3928 4277 3995 ludibrio
4317 3940 4387 3996 et
4427 3926 4681 3995 dedecori
4712 3940 4780 3983 ex·

2967 4028 3315 4100 ponuntur,
3371 4026 3465 4096 ut,
3507 4015 3564 4080 si
3608 4013 3875 4080 daretur
3915 4014 4111 4099 opti0,
4156 4015 4347 4099 longe
4389 4015 4603 4081 melior
4635 4012 4781 4076 fuum

2967 4104 3052 4169 sit
3092 4102 3379 4184 ipsorum
3425 4100 3706 4165 conditio
3748 4099 3805 4165 si
3847 4100 4045 4165 semel
4087 4100 4303 4186 gladio
4348 4105 4551 4184 perire
4580 4100 4782 4183 possent,

2967 4208 3162 4271 quam
3228 4185 3523 4252 dedecori
3585 4192 3652 4250 et
3713 4184 4105 4269 ignominiae
4169 4186 4455 4252 hostium
4517 4180 4709 4268 exponi
4744 4182 4783 4236 ot

2969 4275 3245 4355 turpiter
3301 4271 3554 4350 violari,
3628 4270 3905 4352 denique
3961 4272 4137 4337 mille
4194 4271 4534 4356 opprobria
4582 4268 4703 4353 pati,
4746 4274 4784 4323 et

2968 4358 3229 4424 tandem
3266 4356 3614 4422 crudeliter
3647 4356 3976 4422 trucidari.
4057 4357 4218 4423 Illae
4250 4378 4407 4423 sane
4442 4379 4564 4421 non
4594 4354 4783 4446 pompt

2969 4444 3185 4508 hostes
3228 4464 3376 4508 suos
3411 4442 3653 4525 ulcisci,
3698 4441 3809 4507 sed
3847 4441 4018 4507 domi
4053 4442 4288 4509 debent
4324 4462 4651 4519 remanere,
4680 4452 4784 4502 εωθ-

2969 4549 3094 4612 que
3136 4528 3433 4611 precibus
3467 4527 3685 4593 Deum
3720 4527 4066 4594 sollicitare
4101 4528 4255 4594 dum
4292 4529 4528 4594 milites
4559 4526 4784 4591 adversus

2968 4614 3187 4679 hostes
3226 4613 3537 4679 dimicant
3580 4634 3692 4696 pro
3727 4612 4015 4679 victoria.
4102 4613 4628 4698 Quandoquidem
4654 4607 4785 4689 igitur

2969 4700 3285 4781 sanguine
3344 4699 3632 4764 virorum
3680 4698 3948 4763 victoria
3991 4700 4343 4782 quaeritur,
4402 4691 4781 4784 quiescentibqs

2968 4783 3226 4850 interim
3268 4785 3439 4849 domi
3474 4783 3875 4864 mulieribus,
3916 4784 4087 4868 quod
4127 4785 4256 4850 sint
4291 4787 4491 4851 armis
4522 4772 4781 4875 unctanclrs

2967 4870 3249 4953 impares
3291 4877 3358 4934 et
3399 4869 3734 4949 inhabiles,
3794 4889 3869 4934 eo
3912 4872 4151 4936 maiore
4193 4870 4413 4936 studio
4451 4880 4514 4936 et
4552 4866 4778 4936 aldeam

2970 4955 3148 5021 ribus
3183 4954 3476 5038 precibus
3515 4954 3657 5020 Deo
3692 4956 3934 5037 gratias
3970 4975 4160 5039 agere
4195 4954 4449 5037 debent,
4492 4953 4637 5041 quod
4665 4951 4777 5034 ἰρᾱθ

2969 5041 3367 5123 quiescentes
3410 5040 3719 5107 liberatae
3762 5042 3914 5120 sint,
3959 5051 4027 5106 et
4068 5042 4217 5107 licet
4259 5065 4393 5109 non
4435 5036 4773 5127 pugnantibus

2971 5126 3153 5192 Deus
3189 5127 3344 5210 ipsis
3376 5125 3685 5192 victoriae
3718 5125 4000 5192 fructum
4028 5126 4367 5212 largiatur,
4401 5147 4579 5215 seque
4594 5122 4770 5213 illarmp

2968 5221 3402 5295 protectorem
3455 5211 3871 5278 demonstret.
3959 5210 4208 5280 Idcirco
4264 5213 4462 5299 igitur
4510 5212 4601 5281 hio
4630 5222 4765 5274 nomi·
