5059 6059
327 295 437 364 306
1697 292 1796 359 IN
1839 291 1894 358 1.
1940 290 2121 360 LIB.
2166 289 2572 358 SAMUEL.
2619 288 2817 357 OAP.
2862 289 2955 357 11.
4151 289 4281 359 306

321 484 635 553 imminuat
673 479 790 546 sed
832 487 1129 548 conterat
1170 488 1239 548 et
1280 482 1603 550 conficiat.
1694 481 1915 566 Atque
1972 501 2228 550 summa
2330 484 2557 561 terrae,
2600 479 2831 563 quibus
2871 480 3172 563 ionposuit
3216 480 3423 548 orbem
3464 480 3881 549 habitabilem.
3969 481 4029 546 9.
4077 480 4279 550 Pedes

321 572 423 639 illa
459 565 857 653 ingratitudo
902 576 1002 632 tot
1045 575 1543 652 tantarumque,
1596 575 1670 634 ιιι
1713 568 1901 638 nobis
1943 567 2228 644 videtur,
2331 587 2544 634 eorum
2586 586 2745 648 quos
2784 565 3038 651 beniyne
3079 569 3312 648 accepit
3353 567 3752 648 conservabit,
3810 568 4077 650 improbi
4131 588 4276 635 vero

317 657 743 725 confusionum
785 673 861 718 ac
894 654 1402 720 conversionum
1435 675 1634 722 causa
1667 663 1787 720 est.
1849 654 1939 719 Et
1960 652 2227 736 quidem

316 763 541 810 mecum
585 739 709 816 hic,
769 739 1052 819 obsecro,
1115 741 1429 806 memoria
1484 741 1759 824 repetite
1809 741 2224 823 repentinum

313 839 371 895 et
429 826 835 910 inopinatum
901 827 1262 892 multorum
1333 827 1489 893 olim
1562 847 1791 910 regum
1858 834 2056 910 atque
2114 827 2234 891 im-

311 923 658 1000 peratorum
723 931 970 992 casum,
1044 912 1156 995 qui
1210 933 1415 996 quum
1475 914 1717 978 multos
1768 912 1838 977 vi
1899 921 1967 976 et
2023 913 2225 978 armis

304 1002 559 1086 populos
599 999 1094 1081 oppressissent,
1146 1007 1213 1063 et
1268 1001 1652 1065 confirmata
1711 997 2063 1082 tyrannide
2106 997 2226 1063 toti

308 1096 601 1152 terrorem
659 1083 804 1148 orbi
862 1085 1200 1165 inferrent,
1259 1105 1334 1151 ac
1389 1084 1647 1151 coelum
1706 1084 1920 1168 capite
1964 1085 2223 1148 contin·

301 1181 528 1257 gerent,
572 1180 845 1254 repente
890 1179 1115 1235 tamen
1161 1168 1244 1236 ad
1280 1169 1494 1236 furcas
1531 1170 1725 1237 tracti
1760 1178 1936 1236 sunt.
1982 1169 2225 1235 Nostra

302 1277 444 1325 vero
465 1256 794 1334 memoria,
820 1257 949 1321 imo
974 1276 1184 1338 nuper
1219 1255 1589 1337 admodum,
1611 1277 1829 1321 nonne
1852 1254 2226 1321 audivimus

300 1343 458 1409 diras
498 1341 816 1408 adversus
860 1343 1135 1408 miseros
1179 1340 1403 1408 fideles
1446 1342 1683 1423 minas,
1739 1351 1805 1407 et
1861 1340 2224 1407 horrendas

295 1428 760 1495 coniurationes
804 1428 1354 1505 adversariorum,
1412 1436 1549 1494 tam
1608 1428 1957 1511 impotenti
2006 1428 2224 1493 animo

296 1535 423 1582 sese
483 1514 923 1590 efferentium,
989 1524 1062 1579 ιιι
1119 1513 1372 1579 eoelum
1435 1525 1648 1580 terrae
1707 1513 1982 1578 mixtnri
2041 1513 2222 1579 vide-

291 1611 523 1681 rentur,
566 1621 733 1683 quos
755 1612 974 1665 tamen
998 1598 1225 1664 divina
1249 1598 1664 1683 providentia
1693 1609 2023 1665 momento
2048 1619 2221 1665 com-

295 1687 557 1770 pescuit,
602 1697 804 1769 atque
829 1684 1229 1768 prostravit?
1270 1686 1475 1769 Haec,
1519 1687 1812 1769 inquam,
1850 1684 2138 1750 vidimus
2161 1695 2225 1750 et

289 1771 706 1854 contemplati
750 1792 999 1854 sumus,
1044 1793 1120 1838 ac
1156 1770 1446 1854 proinde,
1494 1773 1617 1837 nisi
1656 1790 1923 1854 prorsus
1957 1769 2224 1836 hebetes

293 1878 364 1924 ac
403 1858 686 1941 plumbei
729 1878 974 1934 sumus,
1035 1858 1195 1923 satis
1253 1856 1541 1940 amplam
1583 1856 2040 1923 instructionis
2086 1877 2221 1921 ma·

292 1944 509 2009 teriam
562 1942 758 2009 nobis
815 1942 1263 2026 suppeditant.-
1343 1942 1570 2025 Quare
1611 1943 1808 2026 agite,
1854 1964 2053 2026 quum
2101 1941 2225 2008 hoc

291 2030 533 2096 saeculo
554 2039 751 2094 tanta
769 2029 856 2094 sit
891 2030 962 2094 in
998 2038 1132 2094 toto
1168 2040 1493 2094 terrarum
1529 2030 1686 2096 orbe
1721 2049 1943 2094 rerum
1968 2043 2226 2112 pertur-

290 2114 469 2193 batio,
531 2125 608 2180 ut
669 2136 782 2180 sus
842 2113 1053 2198 deque
1108 2114 1328 2180 omnia
1383 2114 1543 2181 ferri
1591 2114 1959 2194 videantur,
2026 2113 2224 2180 huius

287 2207 498 2266 umen
551 2201 904 2269 doctrinae
969 2221 1289 2267 memores
1353 2222 1784 2285 agnoscamus
1847 2221 1888 2265 a
1955 2201 2096 2267 Deo
2160 2208 2228 2266 et

283 2285 493 2352 divina
552 2287 979 2370 providentia
1036 2298 1272 2353 cuncta
1327 2287 1470 2371 regi
1514 2297 1580 2352 et
1623 2285 2092 2363 administrari,
2151 2292 2226 2351 ut

274 2374 391 2438 sub
433 2374 591 2439 forti
638 2394 719 2439 ac
754 2384 1018 2456 potente
1054 2394 1255 2438 manu
1290 2372 1497 2457 ipsius
1536 2372 1980 2451 humiliemur,
2024 2380 2223 2455 atque

274 2478 535 2541 prorsus
593 2457 997 2536 deiiciamur,
1055 2479 1132 2524 ac
1191 2480 1308 2525 nos
1355 2458 1482 2540 ipsi
1527 2466 1695 2524 totos
1740 2459 2217 2541 permittamus,

270 2557 439 2610 esrto
484 2545 795 2629 persuasi
842 2566 959 2610 nos
1005 2564 1091 2609 ex
1138 2545 1653 2629 opprimentium
1700 2561 1903 2608 manu
1947 2544 2030 2609 ab
2081 2544 2223 2627 ipso

268 2632 606 2707 eruendos,
679 2630 838 2712 quin
902 2632 1103 2696 etiam
1170 2628 1738 2712 suppeditaturum
1795 2629 1982 2696 nobis
2039 2630 2216 2695 vires

268 2717 505 2800 quibus
526 2716 803 2782 illorum
827 2717 1177 2782 insultibus
1198 2727 1396 2799 atque
1418 2715 1774 2781 violentiae
1810 2716 2222 2781 resistamus:

268 2822 340 2868 ac
382 2802 681 2887 proinde
722 2822 1151 2885 quaecunque
1194 2800 1461 2867 tandem
1507 2798 1824 2879 accidant,
1885 2820 2225 2884 nunquam

263 2908 381 2953 nos
422 2889 511 2954 ab
560 2889 694 2955 hac
728 2909 846 2971 spe
880 2887 1109 2954 divelli
1146 2888 1490 2971 patiamur,
1537 2893 1831 2953 nostrum
1870 2888 2084 2971 ipsum
2121 2908 2223 2953 as·

264 2983 586 3040 sertorem
636 2996 716 3040 ac
763 2973 1088 3041 vindicem
1132 2974 1288 3052 fore,
1334 2995 1410 3039 ac
1453 2973 1652 3040 rebus
1694 2974 1961 3040 incertis
1994 2993 2226 3058 oppor-

264 3065 497 3126 tunum
547 3059 883 3126 auxilium
928 3058 1304 3125 allaturum.

430 3145 899 3228 Quamobrem
963 3144 1293 3229 supplices
1345 3166 1564 3212 coram
1633 3145 1760 3211 Dei
1826 3143 1984 3227 Opt.
2039 3144 2222 3210 Max.

261 3232 617 3298 maiestate
680 3231 855 3312 faeti,
914 3241 1012 3297 tot
1072 3231 1297 3314 lapsus
1354 3240 1419 3296 et
1475 3231 1757 3297 offensas
1800 3231 2040 3314 quibus
2084 3230 2225 3298 eius

258 3317 327 3382 in
389 3340 521 3385 nos
592 3319 774 3382 iram
839 3319 1336 3400 provocavimus
1379 3325 1823 3401 agnoscentes,
1884 3336 2225 3400 precemur

257 3402 481 3486 ipsum
528 3412 615 3469 ut
664 3405 967 3469 timorem
1010 3424 1171 3469 suae
1214 3403 1574 3469 maiestatis
1618 3403 1858 3469 nostris
1896 3402 2224 3469 mentibus

253 3488 623 3574 insculpat,
685 3509 762 3554 ac
816 3510 938 3555 nos
992 3508 1217 3554 eorum
1277 3508 1445 3571 quae
1505 3487 1627 3554 hoc
1676 3489 1816 3555 loco
1859 3487 2223 3566 didicimus,

252 3576 626 3660 participes
676 3574 892 3653 faciat,
938 3581 1016 3640 ut
1055 3575 1408 3640 infirmitas
1450 3583 1520 3639 et
1551 3572 1961 3642 imbecillitas
1998 3583 2227 3640 nostra

250 3660 515 3728 viribus
576 3660 796 3745 ipsius
855 3660 1184 3737 fulciatur,
1253 3681 1329 3726 ac
1388 3660 1636 3725 virtute
1693 3660 1964 3743 spiritus
2019 3660 2225 3744 ipsius

249 3748 543 3814 victores
564 3746 965 3824 efficiamur,
1002 3746 1309 3828 viresque
1329 3746 1615 3812 sufficiat
1637 3746 1875 3829 quibus
1908 3745 2223 3812 adversus

251 3832 595 3916 quaslibet.
617 3833 1035 3910 tentationes,
1070 3831 1303 3915 quibus
1337 3831 1577 3914 alioqui
1615 3830 1902 3898 ferendis
1938 3832 2226 3915 impares

250 3938 575 4000 ememus,
628 3918 1087 3994 subsistamus,
1133 3938 1209 3983 ac
1253 3926 1465 3983 totum
1511 3917 1683 3985 vitae
1717 3927 1983 3985 nostrae
2015 3917 2224 3984 curri·

247 4002 477 4070 culum
517 4007 595 4070 in
656 4003 864 4087 ipsius
926 4002 1301 4070 obediontia
1344 4001 1798 4070 decurramus:
1850 4004 2227 4088 gratiasque

240 4088 343 4155 illi
390 4111 519 4175 pro
567 4100 681 4156 tot
718 4090 1045 4173 tantisque
1102 4088 1244 4155 eius
1285 4088 1359 4153 in
1417 4109 1538 4154 nos
1580 4089 1913 4157 beneficiis
1960 4090 2228 4155 immor-

240 4175 414 4243 tales
472 4197 807 4262 agamus:
873 4176 1154 4259 denique
1197 4183 1274 4240 ut
1324 4195 1552 4241 sensus
1610 4175 1815 4242 nostri
1873 4197 2103 4243 omnes
2156 4175 2227 4240 in

235 4263 509 4330 cultum
585 4263 741 4328 eius
818 4261 900 4327 ad
980 4260 1449 4345 sempiternam
1526 4260 1735 4344 ipsius
1814 4261 2076 4328 laudem
2153 4281 2230 4328 ac

237 4348 541 4433 gloriam
612 4348 947 4427 ferantur,
1021 4356 1090 4413 et
1130 4346 1201 4412 in
1242 4346 1477 4412 salutis
1533 4347 1640 4413 via
1696 4367 1828 4413 non
1885 4347 1969 4413 ad
2026 4347 2231 4414 solam

230 4434 597 4519 privatam
652 4442 946 4500 nostram
1004 4432 1357 4499 utilitatem
1374 4481 1389 4510 ,
1456 4432 1571 4497 sed
1635 4432 1718 4499 ad
1782 4434 2231 4517 proximorum

233 4521 800 4588 aedificationem
841 4518 1258 4587 deducamur.
1348 4520 1587 4583 Amen.

741 4860 1249 4945 HOMILIA
1290 4862 1804 4945 SEPTIMA.

414 5034 489 5101 8.
544 5031 780 5117 Eripit
820 5053 853 5099 e
888 5032 1145 5115 pulvere
1186 5037 1444 5109 tenuem,
1487 5053 1521 5098 e
1562 5030 1953 5115 sterquilinio
1995 5033 2232 5100 mouit

224 5141 545 5205 menum,
616 5118 971 5185 collocando
1026 5138 1165 5184 eum
1206 5119 1516 5202 ivtyenuis,
1575 5123 1631 5184 et
1677 5118 1963 5200 faciendo
2013 5124 2087 5183 ut
2127 5140 2228 5186 so-

221 5209 403 5278 lium
466 5205 745 5291 yloriae
792 5205 1187 5288 possideant:
1230 5226 1384 5271 nam
1428 5204 1689 5272 Iehovae
1742 5209 1890 5271 swnt
1938 5206 2230 5273 cardines

456 5305 720 5365 calvini
748 5322 940 5377 opera.
1016 5307 1137 5364 Vol.
1166 5306 1400 5364 XXIX.

2331 653 2399 718 in
2421 651 2689 718 tenebris
2719 653 3136 719 emiticesoent:
3182 655 3337 736 quia
3378 655 3623 720 viribus
3662 655 3802 720 suis
3834 675 3956 720 non
3990 654 4278 721 obtinebit

2328 739 2685 822 quisquam.
2778 738 2879 804 10.
2929 738 3184 823 Sinyuli
3225 740 3648 806 comendentes
3688 742 3758 806 in
3795 739 4088 806 Iehovam
4132 761 4276 806 eon-

2328 829 2618 901 terentur‚
2676 829 2888 890 eorztra
2949 846 3251 907 quemque
3303 828 3375 892 in
3428 827 3613 893 coelis
3653 826 3976 903 intonabit,
4037 824 4274 893 Iehova

2326 910 2637 976 iudicabit
2650 909 2810 991 fines
2835 915 3070 977 terrae.-
3111 932 3262 977 nam
3295 911 3467 977 dabit
3505 912 3933 995 fortitudinem
3958 914 4091 997 reyi
4133 932 4272 992 sue,

2328 1001 2386 1062 et
2427 996 2667 1061 extollet
2708 1016 2897 1063 cornu
2935 998 3107 1064 uncti
3148 998 3271 1063 sai.
3364 998 3463 1062 ll.
3508 998 3757 1066 Deinde
3809 998 3966 1064 abiit
4020 998 4274 1065 Eleum

2334 1082 2608 1152 Rumam
2650 1083 2722 1147 in
2764 1083 3018 1150 domum
3059 1104 3264 1150 suam.

2499 1250 3073 1333 Quemadmodum
3151 1254 3464 1320 hesterna
3549 1255 3827 1323 lectione
3906 1256 4271 1336 didicimus,

2326 1337 2766 1405 humanarum
2825 1359 3045 1423 rerum
3089 1342 3548 1408 conversiones
3583 1343 3819 1425 quibus
3862 1365 3985 1409 sua
4027 1343 4273 1411 iudicia

2330 1426 2512 1492 Deus
2570 1437 2856 1502 exercet,
2912 1446 3044 1493 non
3102 1434 3361 1492 tantum
3417 1427 3488 1493 in
3536 1429 3800 1512 regibus
3843 1439 3910 1494 et
3954 1428 4150 1496 rebus
4199 1451 4271 1494 u·

2329 1509 2532 1589 blicis,
2593 1511 2707 1576 sed
2767 1512 2836 1576 in
2880 1511 3162 1596 singulis
3205 1512 3505 1597 personis
3547 1524 3701 1580 sunt
3742 1514 4126 1582 consideran
4173 1535 4272 1582 ae.

2329 1595 2479 1678 Quo
2524 1593 2869 1663 referenda
2924 1607 3095 1674 sunt,
3157 1619 3321 1682 quae
3394 1599 3582 1665 nobis
3627 1601 4016 1685 explicanda
4049 1622 4274 1685 super·

2327 1692 2505 1761 sunt,
2551 1704 2751 1765 quum
2812 1682 2919 1750 hic
2976 1683 3215 1751 dicitur
3253 1684 3435 1750 Deus
3489 1690 3738 1752 tenuem
3778 1688 4019 1770 eripere
4060 1708 4094 1754 e
4130 1687 4271 1771 pul·

2325 1789 2485 1848 vere,
2519 1773 2578 1834 et
2611 1789 2871 1851 eqenum
2907 1790 2986 1836 ex
3021 1771 3421 1853 sterquilinio
3441 1771 3744 1849 extollere,
3787 1777 3844 1838 et
3860 1776 4072 1857 faeere
4091 1778 4161 1839 ut
4179 1793 4276 1839 so-

2326 1854 2487 1921 lium
2535 1854 2782 1936 ,qloriae
2810 1857 3209 1938 possideant:
3291 1866 3357 1922 et
3400 1876 3570 1940 quae
3612 1858 3855 1923 Psalm.
3917 1858 4041 1924 113
4086 1879 4271 1944 repe·

2329 1949 2563 2006 tuntur
2620 1940 2853 2007 iisdem
2913 1962 3118 2024 paene
3166 1941 3403 2009 verbis.
3491 1941 3797 2009 Insolens
3838 1945 4017 2010 istud
4059 1945 4274 2011 homi·

2328 2025 2524 2092 nibus
2548 2025 2829 2108 videtur,
2866 2028 3015 2093 vilis
3047 2041 3115 2094 et
3152 2028 3438 2095 abiectae
3466 2028 3856 2098 conditionis
3879 2032 4273 2115 quempiam,

2329 2122 2527 2195 atque
2580 2110 2740 2178 adeo
2798 2113 3253 2180 calamitosum
3311 2125 3385 2180 ut
3430 2115 3545 2182 vix
3588 2116 3658 2180 in
3702 2114 4077 2183 hominibus
4120 2138 4272 2184 cen·

2331 2208 2575 2278 seatur,
2619 2197 2703 2262 ad
2742 2220 3038 2265 summos
3084 2200 3366 2266 honores
3410 2200 3620 2278 evehi,
3663 2210 3731 2266 et
3772 2201 3868 2268 ita
3902 2203 4162 2286 quidem
4200 2212 4276 2269 ut

2328 2283 2641 2350 subiectis
2683 2285 2941 2369 populis
2984 2285 3283 2369 imperet,
3330 2307 3681 2370 rerumque
3724 2286 4016 2354 habenas
4051 2289 4272 2355 mode·
4394 2347 4405 2358 .

2328 2381 2534 2436 retur.
2583 2368 2834 2437 Contra
2867 2392 3022 2439 vero
3057 2382 3363 2454 potentes
3402 2392 3479 2438 ac
3515 2372 3752 2439 divites
3785 2381 3856 2439 et
3888 2374 3971 2440 ad
4007 2374 4272 2441 clavum

2329 2455 2959 2539 rerumpublicarum
2987 2471 3054 2522 et
3073 2458 3497 2540 imperiorum
3520 2456 3822 2526 sedentes
3843 2458 4273 2545 depauperati

2329 2552 2397 2608 et
2442 2541 2523 2606 de
2567 2542 2750 2608 soliis
2794 2542 3018 2610 deiici:
3063 2543 3224 2609 adeo
3269 2551 3342 2610 ut
3383 2543 3711 2627 supplices
3753 2546 3835 2611 iis
3877 2567 4040 2627 quos
4075 2555 4273 2614 antea

2331 2626 2772 2711 despiciebant
2815 2629 2958 2695 fieri
2999 2640 3337 2714 cogantur.
3425 2630 3605 2696 Hinc
3644 2632 3719 2696 fit
3765 2639 3841 2696 ut
3879 2633 3952 2696 in
3984 2631 4100 2698 illa
4145 2632 4274 2699 Dei
4373 2667 4376 2669 ·

2330 2712 2572 2781 iudicia
2634 2712 2934 2782 homines
2998 2715 3360 2799 inquirant,
3441 2736 3647 2799 quare
3710 2717 4022 2783 nimirum
4088 2716 4274 2785 Deus

2329 2799 2696 2866 istiusmodi
2772 2821 2992 2867 rerum
3074 2804 3531 2868 conversiones
3594 2802 3908 2885 patiatur.
4015 2803 4271 2870 Verum

2328 2885 2504 2951 enim
2574 2907 2728 2954 vero
2794 2886 2952 2953 licet
3004 2887 3122 2953 illa
3178 2888 3311 2953 sint
3366 2887 3749 2953 admiranda
3807 2897 3876 2954 et
3930 2887 4270 2972 stupenda,

2330 2979 2553 3038 tamen
2609 2994 2737 3056 quo
2795 2971 3225 3040 insolentiora
3282 2984 3348 3039 et
3404 2974 3615 3058 magis
3672 2974 4140 3059 inexspectata,
4193 2995 4271 3042 eo

2328 3059 2609 3124 certiora
2665 3069 2823 3125 sunt
2881 3058 2961 3124 de
3006 3059 3133 3125 Dei
3185 3081 3385 3126 manu
3429 3070 3497 3125 et
3540 3059 3832 3142 potentia
3875 3061 4269 3128 testimonia.

2331 3143 2670 3212 Fortunae
2727 3165 2882 3211 vero
2939 3145 3093 3212 licet
3132 3146 3424 3212 maxima
3466 3166 3617 3229 pars
3663 3145 4001 3212 hominum
4044 3145 4111 3212 id
4158 3148 4272 3213 tri-

2331 3229 2509 3308 buat,
2555 3239 2778 3297 tamen
2826 3231 2953 3296 nisi
2996 3232 3263 3297 omnino
3298 3231 3565 3298 meridie
3599 3233 4014 3313 caecutimus,
4057 3231 4271 3299 faten-

2331 3314 2487 3380 dum
2545 3327 2646 3383 est
2689 3328 2944 3382 tantam
3003 3317 3540 3400 inaequalitatem
3598 3317 3668 3382 in
3726 3316 3831 3383 his
3875 3317 4071 3385 terris
4113 3338 4270 3387 con·

2331 3401 2608 3486 tingere,
2669 3404 2813 3469 Deo
2878 3403 2973 3469 sic
3032 3402 3374 3470 hominum
3444 3402 3820 3487 superbiam
3885 3405 4268 3489 castigante,

2330 3497 2398 3553 et
2441 3507 2598 3570 prae
2643 3488 2850 3553 nimia
2891 3487 3132 3555 ferocia
3174 3497 3536 3573 turgentes,
3582 3497 3654 3554 ut
3700 3487 4087 3556 modestiam
4137 3490 4271 3559 dis·

2329 3584 2497 3650 cant,
2557 3573 2638 3639 de
2693 3574 2873 3642 soliis
2928 3574 3338 3641 deturbante.
3430 3573 3659 3642 Nescia
3713 3574 3890 3640 enim
3935 3585 4037 3642 est
4081 3598 4270 3645 mens

2329 3657 2676 3725 hominum
2720 3670 2786 3726 et
2828 3660 3063 3744 ignara
3106 3661 3252 3741 Dei,
3307 3660 3493 3727 cuius
3551 3660 3749 3726 unius
3801 3669 3903 3727 est
3960 3660 4040 3728 de
4083 3664 4267 3731 soliis

2329 3743 2674 3811 detrahere
2695 3756 3014 3831 potentes,
3058 3755 3124 3810 et
3157 3746 3421 3813 infimos
3455 3744 3537 3811 ad
3573 3767 3794 3812 rerum
3822 3747 4269 3832 gubernacula

2329 3829 2630 3896 evehere.
2750 3832 3106 3898 Caeterum
3185 3831 3330 3898 Deo
3400 3833 3578 3915 prius
3655 3831 3943 3899 abiectae
4001 3844 4072 3899 et
4119 3835 4275 3903 vilis

2330 3916 2726 3984 conditionis
2762 3917 3081 3997 homines,
3129 3917 3212 3984 ad
3256 3939 3547 3984 summos
3594 3917 3875 3985 honores
3919 3941 4275 4005 rerumque

2331 4002 2793 4088 gubernacula,
2836 4004 3177 4082 evehente,
3221 4003 3551 4088 docemur,
3597 4024 3786 4089 reges
3827 4025 3905 4071 ac
3993 4007 4272 4088 rincipes

2332 4108 2467 4155 non
2522 4090 2605 4155 ob
2664 4091 2978 4156 virtutem
3036 4088 3552 4173 dignitatemque
3595 4110 3801 4167 suam,
3858 4111 3928 4156 se
4017 4113 4099 4158 ex
4142 4091 4271 4159 Dei

2333 4173 2675 4241 voluntate
2719 4173 3057 4255 dominari,
3103 4195 3295 4259 quam
3341 4177 3538 4241 etiam
3581 4173 4052 4243 haereditarios
4093 4178 4271 4260 ipsos

2334 4259 2661 4411 principes
2703 4282 3053 4347 agnoscere
3097 4281 3215 4345 par
3256 4269 3392 4327 est:
3434 4260 3604 4345 quod
3651 4262 3937 4346 primum
3960 4262 4106 4328 Deo
4150 4284 4271 4329 vo-

2362 4353 2514 4412 ente
2573 4366 2649 4414 ac
2712 4347 3095 4433 disponente
3158 4368 3390 4432 regum
3455 4368 3856 4415 successores
3919 4350 4060 4413 nati
4116 4348 4270 4429 sint,

2340 4430 2577 4498 deinde
2620 4433 2792 4517 quod
2838 4436 3044 4500 vitam
3088 4432 3219 4499 illis
3275 4433 3589 4500 concedat
3645 4454 3722 4499 ac
3776 4442 4129 4514 sustentet,
4193 4453 4271 4500 ac

2339 4516 2606 4583 tandem
2651 4519 2872 4585 foveat
2906 4529 3101 4602 atque
3133 4527 3454 4604 protegat.
3543 4520 3845 4602 Denique
3878 4540 4166 4586 summos
4198 4519 4269 4586 in

2339 4603 2495 4670 orbe
2560 4611 2885 4671 terrarum
2952 4623 3139 4690 reges
3204 4614 3399 4690 atque
3463 4605 3850 4672 monarchas
3915 4625 4272 4689 agnoscere

2340 4697 2616 4772 oportet,
2682 4712 2754 4757 se
2810 4692 2878 4758 in
2937 4700 3192 4757 tantam
3251 4699 3511 4758 evectos
3562 4713 3703 4757 esse
3748 4689 4130 4774 dignitatem
4186 4713 4272 4758 ex

2340 4776 2463 4842 Dei
2498 4776 2852 4859 voluntate,
2894 4778 3161 4861 eiusque
3193 4773 3517 4861 praesidio
3564 4785 3754 4852 tutos,
3799 4797 3874 4841 ac
3909 4796 3980 4840 se
4022 4795 4273 4860 suaque

2337 4861 2433 4926 illi
2477 4864 2594 4929 uui
2637 4864 2860 4931 omnia
2902 4862 3154 4930 debere.
3226 4862 3553 4945 Quoniam
3598 4882 3754 4928 vero
3795 4881 3870 4926 ea
3914 4868 4016 4927 est
4059 4862 4271 4929 homi·

2336 4967 2497 5013 num
2557 4952 2842 5016 amentia
2885 4960 3080 5034 atque
3129 4948 3396 5016 vesania
3440 4957 3513 5014 ut
3556 4948 3728 5014 hanc
3751 4945 3879 5012 Dei
3920 4947 4272 5030 providen-

2334 5034 2496 5099 tiam
2573 5036 2643 5100 in
2724 5034 3192 5102 distribuendis
3271 5033 3628 5100 honoribus
3692 5052 3823 5098 non
3891 5041 4271 5119 agnoscant,

2331 5118 2485 5184 inde
2543 5123 2621 5187 fit
2671 5132 2745 5188 ut
2797 5123 3081 5208 insignia
3137 5132 3202 5186 et
3257 5117 3522 5185 insolita
3566 5120 3750 5185 nobis
3793 5118 4108 5202 quaedam
4151 5142 4271 5188 ex-

2330 5207 2547 5290 empla
2580 5217 2916 5293 proponat,
2959 5227 3087 5292 quo
3129 5209 3211 5274 ad
3243 5206 3458 5289 ipsum
3503 5227 3707 5290 usque
3750 5225 4021 5290 surgere
4064 5205 4275 5275 disca·-
