5059 6059
286 330 388 396 361

287 515 477 590 vertit,
567 534 734 599 quae
821 534 953 580 non
1006 524 1345 598 pateretur
1400 517 1618 598 ipsum
1682 514 1917 580 radoni
1983 512 2199 581 locum

285 606 438 670 dare.
519 599 742 682 Quare
807 612 1110 667 movetur
1169 599 1443 666 Davidis
1497 620 1759 683 pavore,
1826 607 1893 665 et
1952 599 2198 683 aliquid

285 690 464 775 ipsius
509 685 985 770 perturbationi
1026 684 1375 762 condonat,
1432 698 1497 752 et
1541 705 1659 769 pro
1702 684 1880 751 virili
1940 684 2199 751 adferre

283 786 536 844 conatur
589 769 973 838 remedium.
1074 771 1254 838 Hinc
1308 784 1536 838 mutuo
1581 771 2004 836 iureiurando
2047 793 2197 837 con-

284 865 565 929 firmatur
628 857 871 923 iterum
936 856 1177 922 initum
1260 858 1435 922 inter
1498 857 1676 941 ipsos
1741 857 1989 923 foedus.
2100 859 2199 923 Ac

277 967 418 1015 sane
456 943 757 1009 homines
800 953 1041 1009 natura
1083 946 1269 1026 proni
1329 952 1484 1009 sunt
1526 941 1608 1008 ad
1655 940 1764 1006 illa
1808 942 2198 1022 iuramenta,

278 1052 458 1119 quum
500 1029 859 1095 necessitas
913 1028 1221 1113 postulat.
1312 1027 1634 1112 Equidem
1695 1028 1778 1092 de
1836 1029 2202 1094 temerariis

276 1115 642 1185 iuramentis
701 1135 833 1180 non
891 1113 1139 1198 loquor,
1196 1122 1262 1181 et
1322 1115 1402 1179 de
1446 1114 1643 1180 rebus
1704 1113 1891 1180 vanis
1942 1119 2012 1180 et
2052 1115 2199 1179 inu-

272 1204 479 1272 tilibus
522 1201 759 1267 leviter
801 1199 1025 1267 factis:
1071 1200 1187 1266 sed
1231 1199 1312 1266 de
1354 1199 1438 1265 iis
1481 1219 1650 1284 quae
1695 1198 1780 1265 ad
1823 1219 1931 1266 res
1972 1200 2198 1285 magni

271 1289 565 1358 momenti
612 1286 1030 1366 adhibentur,
1083 1307 1284 1369 quum
1333 1284 1555 1369 aliqua
1609 1286 1834 1352 subest
1876 1283 2200 1351 dubitatio

270 1388 335 1443 ut
403 1374 705 1441 homines
785 1380 1062 1437 utantur
1140 1370 1567 1439 iureiurando
1645 1371 1833 1455 quasi
1917 1369 2197 1455 quodam

269 1461 523 1531 coelitus
611 1458 830 1525 oblato
915 1457 1225 1536 remedio,
1312 1456 1395 1522 ad
1477 1465 1776 1522 mutuam
1840 1455 2196 1522 tollendam

271 1544 711 1613 diffidentiam.
799 1542 947 1610 Hoc
1001 1544 1207 1628 igitur
1263 1543 1454 1627 quasi
1511 1542 1738 1608 &aeno
1796 1541 2036 1609 debent
2078 1542 2198 1607 ho·

270 1636 463 1698 mines
505 1630 809 1697 retineri:
872 1649 1030 1694 nam
1087 1629 1260 1695 unde
1315 1627 1774 1695 iusiurandum
1834 1629 2197 1712 proveniat,

269 1718 413 1785 satis
454 1722 748 1801 apparet,
807 1735 1046 1797 nempe
1088 1736 1128 1779 a
1173 1714 1532 1781 vitiositate
1574 1733 1746 1799 quae
1802 1715 1872 1778 in
1916 1722 2197 1797 utraque

267 1815 439 1888 parte
478 1813 602 1869 est.
690 1801 864 1867 Nam
905 1800 1073 1866 alter
1117 1799 1482 1867 diffidentia
1523 1799 1794 1877 laborat,
1854 1820 2048 1883 quem
2096 1808 2199 1865 ta-

268 1912 407 1956 men
477 1888 719 1954 melius
774 1886 1020 1953 sentire
1092 1886 1174 1953 de
1241 1885 1360 1951 illo
1443 1907 1593 1953 cum
1661 1906 1790 1969 quo
1847 1885 2197 1965 contrahit,

265 1995 490 2059 nempe
531 1975 674 2041 fore
714 1971 995 2048 fidelem,
1040 1972 1400 2056 oportebat.
1466 1971 1773 2038 Alterum
1820 1991 1976 2038 vero
2020 1973 2195 2057 cogi·

265 2072 412 2139 tare,
455 2058 634 2127 unde
676 2059 793 2124 illa
837 2057 1201 2123 diffidentia
1233 2057 1698 2142 proficiscatur,
1744 2077 1980 2141 nempe
2022 2058 2197 2141 quod

261 2169 327 2214 se
369 2147 545 2231 ipsos
590 2145 895 2212 homines
950 2164 1083 2209 non
1142 2144 1389 2223 norint,
1448 2152 1517 2208 et
1557 2143 1641 2209 ad
1685 2143 2198 2210 inconstantiam

264 2232 577 2318 proclives
642 2231 795 2307 sint,
857 2231 1078 2313 itaque
1142 2230 1423 2297 amicum
1487 2230 1678 2305 ferre,
1751 2239 1819 2294 et
1873 2228 1974 2294 illi
2038 2227 2197 2313 quid

261 2326 489 2403 peccat,
551 2316 944 2385 condonare.
1047 2312 1184 2381 Sed
1241 2336 1444 2399 quum
1504 2335 1701 2380 suum
1756 2315 2030 2399 quisque
2090 2315 2198 2381 ius

262 2405 673 2488 pertinaciter
719 2401 863 2468 vult
905 2402 1095 2480 tueri,
1152 2409 1222 2465 et
1256 2421 1450 2466 nemo
1493 2400 1868 2466 infirmitati
1911 2401 2194 2485 proximi

258 2489 634 2569 condonare,
696 2497 764 2553 et
820 2487 1067 2588 effugia
1121 2486 1277 2553 hinc
1327 2485 1480 2552 inde
1520 2507 1853 2570 quaerere,
1905 2486 2060 2552 inde
2120 2488 2198 2552 fit

259 2586 326 2641 ut
367 2575 812 2642 dissolvantur
855 2573 1201 2639 amicitiae.
1292 2572 1472 2656 Ergo
1516 2581 1788 2655 apparet
1828 2571 2198 2638 iuramenta

260 2682 389 2728 esse
450 2663 537 2729 ab
597 2661 941 2727 hominum
987 2658 1407 2724 infirmitate:
1473 2678 1667 2741 quam
1730 2667 1952 2723 tamen
2011 2657 2197 2724 Deus

259 2747 536 2814 tolerans
594 2767 790 2812 suum
849 2764 1088 2810 nomen
1153 2743 1341 2810 nobis
1405 2741 1719 2822 concedit,
1777 2752 1853 2808 ut
1905 2763 1983 2810 eo
2050 2754 2194 2808 tan-

252 2853 437 2915 quam
503 2842 687 2901 certo
752 2832 1028 2915 pignore
1073 2830 1234 2911 nixi,
1293 2830 1486 2895 fidem
1544 2829 1659 2894 alii
1709 2828 1856 2895 aliis
1902 2838 2196 2913 praeste-

247 2940 404 2986 mus.
493 2919 639 2985 Nae
683 2937 886 3003 quum
924 2916 1107 2982 Deus
1151 2925 1334 2982 tanta
1377 2935 1536 2999 erga
1579 2935 1702 2980 nos
1736 2924 1965 2981 utatur
2008 2914 2192 2981 boni-

250 3016 393 3085 tate,
468 3016 549 3070 ut
622 3023 865 3070 nomen
930 3022 1128 3068 suum
1181 3023 1257 3068 eo
1321 3022 1529 3085 usque
1593 3000 1901 3067 demittat
1969 3009 2047 3066 ut
2106 3001 2194 3067 sit

249 3091 424 3157 nobis
484 3091 628 3157 loco
684 3089 1000 3174 pignoris,
1059 3107 1136 3153 eo
1193 3086 1439 3153 maiore
1494 3084 1812 3153 modestia
1867 3094 1938 3152 et
1994 3106 2185 3153 reve-

252 3177 455 3242 rentia
523 3196 647 3243 nos
714 3175 900 3242 decet
965 3173 1048 3239 ad
1110 3170 1460 3239 iurandum
1518 3172 1842 3253 accedere,
1903 3180 1971 3238 et
2028 3171 2192 3238 dare

251 3282 504 3345 operam
570 3282 656 3326 ne
702 3260 832 3326 Dei
889 3280 1129 3326 nomen
1187 3267 1435 3324 temere
1489 3266 1883 3326 assumatur.
1969 3256 2190 3323 Deum

251 3347 460 3432 itaque
521 3346 915 3414 iuramentis
971 3344 1343 3428 praesidere
1409 3344 1710 3424 sciamus,
1777 3364 1851 3410 ac
1915 3343 2192 3427 proinde

252 3455 379 3498 non
420 3435 902 3518 permissurum
948 3452 1089 3497 rem
1131 3438 1267 3496 tam
1299 3440 1594 3496 sanctam
1639 3440 1704 3495 et
1738 3450 1991 3496 sacram
2036 3449 2191 3497 con-

251 3521 474 3601 temni,
532 3532 601 3585 et
661 3519 728 3584 in
790 3517 1071 3584 abusum
1123 3516 1369 3583 venire.
1457 3516 1680 3599 Atque
1736 3515 1909 3583 hanc
1955 3514 2190 3581 doctri·

252 3625 397 3671 nam
441 3607 808 3671 referamus
852 3625 936 3669 ex
982 3602 1063 3668 iis
1106 3623 1272 3686 quae
1315 3600 1397 3667 de
1439 3601 1806 3667 Ionathano
1852 3599 2190 3667 dicuntur:

250 3712 479 3774 nempe
523 3701 843 3757 renovato
899 3688 1317 3755 iureiurando
1361 3687 1685 3754 Davidem
1747 3689 2190 3768 confirmasse,

251 3788 311 3842 et
344 3777 424 3843 de
468 3797 596 3844 sua
640 3775 769 3842 fide
812 3779 1154 3842 certiorem
1197 3773 1449 3840 fecisse.

415 3863 629 3929 Porro
666 3862 887 3928 variae
922 3861 1030 3928 hic
1060 3861 1518 3943 exprimuntur
1554 3857 1976 3924 iurisiurandi
2015 3859 2193 3926 illius

251 3948 591 4030 formulae,
634 3947 810 4032 quod
857 3947 1049 4012 tertio
1092 3955 1160 4012 et
1203 3955 1432 4029 quarto
1454 3943 1862 4010 Ionathanus
1907 3945 2189 4028 repetiit,

250 4046 601 4119 ratumque
645 4034 803 4101 fecit
844 4054 1034 4099 suum
1080 4051 1468 4106 sermonem,
1524 4042 1592 4094 et
1631 4049 1773 4096 sese
1816 4042 2046 4095 mutuo
2089 4029 2193 4096 illi

249 4118 465 4186 David
509 4120 884 4187 obstrinxit.
985 4117 1196 4185 Voces
1247 4116 1425 4182 enim
1483 4115 1653 4193 illae,
1714 4113 2036 4182 Dominus
2091 4136 2193 4182 re·

247 4209 456 4288 quirat
511 4205 597 4272 ab
650 4205 934 4271 inimicis
986 4202 1286 4280 Davidis,
1346 4224 1483 4268 non
1539 4212 1814 4285 possunt
1866 4200 1948 4266 ad
1991 4201 2189 4267 Iona·

246 4291 519 4358 thanum
566 4291 815 4369 referri,
860 4300 938 4356 ut
977 4297 1203 4355 tamen
1245 4290 1382 4354 fere
1424 4290 1519 4366 fit,
1577 4284 1692 4354 sed
1733 4285 1821 4352 ad
1864 4286 2189 4353 Davidem

249 4378 516 4444 omnino
595 4374 992 4461 referendae,
1082 4375 1199 4459 qui
1287 4396 1358 4441 se
1437 4395 1555 4458 per
1633 4372 1781 4439 illas
1863 4373 2192 4439 submittit

251 4462 537 4529 hostium
584 4484 851 4530 suorum
902 4460 1244 4542 voluntati,
1300 4469 1369 4525 et
1421 4459 1640 4544 puniri
1692 4458 1775 4525 ab
1835 4457 1967 4525 illis
2024 4470 2190 4537 orat,

251 4550 373 4615 nisi
413 4548 623 4615 fidem
666 4547 1036 4615 Ionathano
1093 4545 1416 4613 dictorum
1469 4543 1850 4611 servaverit.
1938 4542 2188 4611 Occur-

249 4635 333 4699 rit
395 4656 560 4721 crgo
620 4637 832 4718 primo
894 4632 1054 4713 loco,
1119 4633 1400 4699 formula
1464 4632 1596 4712 illa,
1658 4629 1950 4711 Domine,
2006 4629 2189 4697 Deus

254 4719 496 4787 Israel.-
539 4741 708 4804 quae
750 4719 1061 4804 quoniam
1114 4720 1488 4802 interrupta
1543 4727 1663 4800 est,
1717 4717 1981 4800 quidam
2026 4716 2188 4783 haec

254 4806 449 4872 verba
492 4827 648 4873 cum
680 4805 1103 4889 sequentibus
1139 4804 1563 4888 coniungunt,
1607 4800 1786 4868 Haec
1822 4801 2026 4884 faciat
2055 4800 2186 4869 Do-

250 4893 457 4959 mimas
526 4890 835 4958 Ionathae
896 4896 953 4958 et
1014 4890 1165 4957 haec
1227 4890 1441 4956 addat.
1529 4888 1783 4954 Verum
1843 4886 2011 4953 nihil
2067 4888 2189 4953 im·

251 4976 426 5061 pedit
488 4978 850 5062 quominus
904 4977 1068 5044 haec
1126 4976 1326 5042 verba
1387 4995 1506 5059 per
1569 4995 1641 5040 se
1704 4972 2185 5060 intelligamus:

251 5061 571 5131 Dominus
613 5063 795 5130 Deus
834 5064 907 5130 in
949 5061 1177 5129 Israel.
1265 5061 1436 5128 Nam
1493 5063 1566 5126 in
1622 5058 1826 5126 sacris
1868 5061 2186 5127 usitatum

253 5158 366 5228 est,
432 5149 813 5217 iuramenta
875 5170 1008 5216 non
1077 5149 1332 5232 integre
1399 5167 1535 5212 sem
1620 5166 1657 5209 r
1719 5144 2000 5230 exprimi
2069 5166 2187 5212 uec

1657 5251 1773 5316 per
1862 5229 2186 5316 quandam

252 5234 469 5303 verbis
558 5235 890 5321 conceptis
989 5232 1303 5317 explicari
1321 5282 1338 5312 ,

1583 325 1681 391 IN
1729 326 1781 392 I.
1827 325 2008 394 LIB.
2057 322 2456 394 SAMUEL.
2505 325 2703 391 OAP.
2750 324 2911 392 XX.

4119 326 4245 395 362

2305 507 2731 594 ἀποσιώπησιν
2802 514 3254 598 pronunciari:
3337 512 3881 598 quemadmodum
3954 516 4241 600 plerum-

2306 621 2431 683 que
2475 602 2674 666 etiam
2718 600 2787 664 in
2833 620 3133 664 sermone
3177 600 3417 666 usitato
3477 599 3663 665 multi
3724 601 4040 683 quaedam
4086 604 4242 668 reti-

2305 694 2477 765 cent,
2561 706 2771 769 neque
2839 684 3027 769 plene
3094 706 3279 751 suam
3342 694 3626 750 mentem
3693 686 4000 769 aperiunt
4063 690 4239 772 quod

2305 772 2466 839 satis
2510 771 2936 856 intelligatur.
3024 770 3244 854 Atque
3300 771 3423 836 hoc
3477 771 3548 835 in
3606 772 4000 839 iuramentis
4043 775 4243 840 usita-

2305 870 2446 923 tum
2485 864 2755 941 propter
2798 858 3086 941 ipsorum
3134 858 3600 923 reverentiam:
3664 879 3814 924 nam
3860 860 4244 943 plerumque

2305 943 2375 1008 in
2420 943 2553 1009 illis
2596 951 2904 1027 peccatur
2960 941 3044 1008 ab
3100 941 3475 1009 hominibus
3533 942 3806 1010 audacia
3868 959 3936 1011 et
3978 947 4241 1011 temeri-

2305 1038 2468 1094 tate:
2537 1027 2776 1112 quibus
2833 1028 2959 1094 Dei
3018 1049 3259 1094 nomen
3324 1027 3486 1094 adeo
3548 1028 3678 1094 vile
3727 1039 3829 1095 est
3889 1038 3965 1096 ut
4018 1049 4095 1096 eo
4149 1032 4243 1098 le-

2305 1115 2572 1182 vissime
2617 1115 2976 1180 abutantur
3032 1122 3102 1179 et
3164 1124 3481 1198 tanquam
3540 1115 3890 1199 sphaeram
3948 1115 4239 1196 volvant,

2304 1207 2501 1284 atque
2564 1199 2988 1266 iurisiurandi
3057 1200 3240 1264 nulla
3316 1204 3690 1266 reverentia
3755 1201 4111 1267 ducantur:
4176 1214 4243 1270 et

2304 1287 2492 1371 quasi
2558 1285 2777 1352 Deum
2823 1285 3034 1368 ipsum
3081 1286 3492 1369 provocaturi
3565 1307 3765 1353 novas
3808 1285 4241 1355 deierationes

2303 1372 2708 1458 excogitent,
2791 1380 2860 1437 et
2918 1371 2989 1436 in
3054 1391 3321 1437 omnem
3382 1371 3787 1455 impietatem
3851 1374 4240 1458 praecipites

2302 1466 2520 1524 ruant.
2610 1456 3051 1539 Quamobrem
3106 1477 3305 1541 quum
3364 1466 3501 1522 tam
3554 1458 3876 1541 proclives
3935 1460 4070 1526 sint
4127 1460 4242 1526 ho·

2300 1545 2514 1608 mines
2572 1540 2654 1608 ad
2713 1540 3110 1607 abutendum
3158 1542 3286 1608 Dei
3344 1543 3611 1609 nomine
3663 1544 3733 1608 in
3776 1544 4028 1611 levibus
4070 1546 4244 1612 iura-

2301 1629 2546 1694 mentis
2593 1636 2664 1693 et
2720 1626 3246 1707 deierationibus‚
3309 1629 3634 1711 scriptura
3677 1649 3795 1695 nos
3844 1631 4028 1697 iubet
4068 1632 4241 1698 iura-

2301 1728 2484 1781 turos
2543 1714 2668 1780 Dei
2725 1734 2969 1779 nomen
3026 1713 3375 1781 formidare
3430 1723 3498 1779 et
3552 1734 3768 1781 coram
3823 1714 4031 1801 ipsius
4099 1738 4237 1783 ma-

2299 1801 2530 1867 iestate
2597 1807 2907 1866 tremere:
2991 1808 3060 1866 et
3137 1798 3379 1867 idcirco
3457 1821 3661 1884 quum
3725 1803 4236 1869 iuramentorum

2300 1886 2620 1952 formulas
2663 1884 2988 1964 describit,
3034 1884 3220 1951 velut
3263 1886 3679 1970 imperfectas
3723 1889 3989 1973 profert,
4033 1890 4241 1955 veluti

2301 1972 2426 2038 hoc
2491 1972 2632 2038 loco
2704 1993 2908 2055 quum
2972 1971 3386 2038 Ionathanus
3450 1972 3577 2039 ait:
3664 1973 3992 2042 Dominus
4057 1975 4241 2041 Deus

2299 2057 2586 2138 Israelis,
2645 2067 2711 2123 et
2768 2056 2936 2122 nihil
2982 2057 3266 2141 amplius
3318 2055 3558 2124 adiicit.
3643 2059 3833 2141 Quae
3875 2070 4097 2126 tamen
4139 2061 4241 2126 in·

2302 2143 2624 2229 telligenti
2688 2143 3044 2211 sufficiunt.
3152 2142 3327 2209 Nam
3403 2142 3535 2211 illis
3616 2145 3835 2212 verbis
3898 2147 4242 2231 profitetur

2298 2229 2515 2296 Deum
2572 2230 2745 2295 inter
2788 2239 3142 2313 utrumque
3184 2229 3410 2295 sedere
3466 2229 3784 2297 iudicem:
3840 2251 3916 2297 ac
3966 2232 4239 2315 proinde

2298 2335 2372 2381 se
2415 2314 2703 2383 declarat
2745 2315 3093 2380 candorem
3157 2324 3226 2382 et
3267 2316 3464 2381 fidem
3524 2315 3747 2382 datam
3805 2330 4237 2399 servaturum,

2299 2410 2798 2486 cognoscentem
2855 2400 2977 2467 sibi
3038 2420 3184 2466 cum
3233 2400 3376 2467 Deo
3419 2403 3750 2486 negotium
3796 2423 3959 2485 esse,
4014 2425 4237 2468 suum-

2297 2507 2423 2570 que
2464 2486 2744 2551 iudicem
2789 2485 2952 2553 fore:
3001 2487 3422 2570 vicissimque
3443 2487 3769 2554 Davidem
3805 2488 3889 2553 ad
3931 2499 4234 2554 mutuum

2298 2572 2587 2639 officium
2632 2571 3031 2639 cohortatur.

2471 2656 2662 2739 Quae
2727 2678 2889 2724 vero
2952 2666 3321 2741 sequuntur
3399 2661 3601 2726 verba
3618 2710 3634 2737 ,
3713 2670 3869 2726 sunt
3934 2659 4238 2743 repetitio

2296 2743 2722 2810 iurisiurandi
2765 2764 2895 2828 qua
2929 2762 3001 2808 se
3035 2743 3301 2810 cuilibet
3337 2764 3583 2828 poenae
3619 2745 3884 2812 subiicit
3925 2745 3982 2812 si
4027 2746 4238 2812 sciens

2294 2829 2509 2895 fallat:
2568 2829 2764 2908 Haec,
2821 2830 3056 2913 inquit,
3109 2830 3312 2913 faeiat
3351 2828 3531 2897 Deus
3574 2830 3926 2898 Ionatham
3980 2836 4036 2896 et
4090 2830 4238 2899 haec

2295 2916 2509 2982 addat.
2577 2914 2842 2982 Usitata
2884 2915 3147 2999 phrasis
3189 2915 3259 2979 in
3304 2916 3649 3000 scriptura,
3694 2936 3824 3001 qua
3864 2914 4040 3000 quod
4083 2928 4236 2984 ante

2297 3001 2438 3068 dixi
2478 3002 2692 3086 magis
2736 3020 2812 3066 ac
2854 3002 3067 3085 magis
3109 3002 3556 3080 confirmatur,
3613 3011 3866 3068 veteres
3922 3001 4238 3068 nimirum

2298 3087 2366 3152 in
2425 3086 2704 3152 iurando
2769 3108 2902 3152 non
2968 3088 3368 3172 expressisse
3429 3087 3758 3172 integram
3819 3087 4235 3171 sententiam,

2296 3180 2372 3238 ut
2425 3193 2624 3256 quam
2681 3172 3041 3256 pretiosum
3101 3174 3263 3257 ipsis
3318 3171 3451 3238 Dei
3508 3192 3748 3239 nomen
3804 3182 3979 3239 esset
4034 3182 4231 3240 testa-

2295 3272 2528 3323 rentur
2542 3307 2560 3339 ,
2638 3257 2817 3343 quod
2884 3280 3022 3325 non
3099 3259 3226 3325 nisi
3304 3280 3561 3325 summa
3631 3279 3779 3325 cum
3847 3260 4237 3340 reverentia,

2295 3343 2649 3412 sobrietate
2693 3354 2764 3410 et
2804 3343 3181 3411 humilitate
3239 3344 3664 3427 usurpabant.
3752 3344 3975 3411 Verba
4014 3354 4234 3413 autem

2296 3430 2412 3496 illa
2474 3440 2634 3497 sunt
2701 3429 3020 3514 quaedam
3103 3431 3488 3515 imprecatio
3554 3428 3819 3497 divinae
3884 3429 4232 3510 vindictae,

2295 3515 2484 3600 quasi
2545 3516 2749 3583 dicat:
2808 3515 3139 3582 Dominus
3197 3516 3277 3583 de
3331 3535 3439 3581 me
3494 3515 3808 3583 ultionem
3865 3523 4101 3597 sumat,
4169 3526 4237 3584 et

2298 3623 2382 3668 ne
2439 3601 2842 3685 impunitum
2901 3602 3284 3685 periurium,
3341 3602 3399 3669 si
3451 3602 3608 3668 fallo
3625 3650 3643 3680 ‚
3708 3601 4055 3687 relinquat,
4120 3603 4236 3669 sed

2298 3708 2403 3752 me
2447 3687 2632 3754 Deus
2675 3687 2947 3755 coelitus
2989 3689 3242 3772 puniat,
3297 3695 3365 3753 et
3405 3686 3477 3754 in
3520 3696 3720 3770 caput
3762 3708 3983 3754 meum
4040 3688 4236 3756 ultio-

2295 3794 2450 3839 nem
2504 3774 2836 3840 immittat.
2921 3772 3140 3857 Atque
3203 3773 3368 3840 haec
3436 3773 3536 3841 vis
3593 3785 3696 3839 est
3760 3772 4022 3840 illorum
4087 3797 4236 3842 ver-

2294 3858 2561 3925 borum:
2604 3880 2772 3944 quae
2815 3871 3039 3925 tamen
3081 3860 3364 3943 abrupta
3393 3870 3566 3939 sunt,
3609 3869 3676 3924 et
3719 3881 3851 3924 non
3895 3857 4236 3927 continent

2295 3945 2623 4029 integram
2698 3945 3128 4011 sententiam:
3194 3943 3513 4011 Dominus
3567 3943 3721 4011 haec
3815 3947 3981 4012 aciat
4046 3945 4230 4011 Iona·

2293 4030 2499 4111 tham,
2565 4034 2622 4095 et
2680 4029 2831 4098 haec
2891 4030 3105 4108 addat,
3170 4032 3359 4114 quasi
3422 4030 3633 4098 dicat:
3790 4052 3828 4098 e
3892 4031 4077 4097 Deus
4137 4030 4237 4098 bis

2296 4123 2484 4182 terve
2548 4117 2799 4200 puniat.
2921 4117 3073 4182 Etsi
3153 4137 3310 4202 ergo
3374 4118 3589 4201 primo
3652 4116 3965 4204 adspectu
4030 4116 4235 4184 verba

2296 4202 2649 4269 videantur
2713 4201 2879 4267 levis
2931 4222 3074 4268 esse
3127 4203 3462 4282 momenti,
3519 4212 3738 4270 tamen
3794 4202 3866 4268 in
3910 4223 3982 4268 se
4025 4203 4233 4267 conti-

2295 4298 2457 4354 nent
2500 4287 3034 4372 imprecationem
3079 4288 3351 4356 ultionis
3406 4288 3669 4355 divinae
3722 4288 4039 4356 adversus
4082 4309 4233 4353 eum

2295 4374 2408 4457 qui
2451 4371 2907 4439 fraudulenter
2964 4375 3194 4459 egerit.
3279 4375 3501 4458 Atque
3556 4374 3680 4441 hoc
3729 4373 4080 4459 diligenter
4118 4375 4231 4439 ob-

2296 4457 2720 4537 servandum,
2767 4459 3231 4526 iusiurandum
3268 4481 3461 4527 omne
3504 4460 3838 4527 continere
3881 4461 3952 4525 in
3995 4478 4068 4525 se
4109 4461 4232 4525 im-

2293 4546 2766 4629 precationem:
2827 4544 3354 4631 quandoquidem
3399 4566 3592 4631 saepe
3634 4544 3825 4611 multi
3868 4545 4107 4622 iurant,
4165 4555 4235 4612 et

2293 4629 2649 4697 iuramenti
2705 4650 2970 4697 causam
3029 4632 3359 4717 ignorant.
3458 4633 3555 4698 At
3615 4630 3673 4698 si
3730 4629 4232 4697 recordarentur

2292 4715 2683 4783 iuramentis
2724 4716 2942 4783 inesse
2986 4718 3539 4801 imprecationem,
3598 4717 3761 4783 satis
3804 4727 4233 4802 agnoscerent

2292 4823 2429 4868 non
2471 4823 2615 4869 esse
2658 4812 2902 4868 temere
2944 4801 3075 4870 Dei
3121 4806 3385 4870 nomine
3428 4800 3849 4882 abutendum,
3909 4802 4022 4869 sed
4080 4823 4229 4868 cum

2292 4887 2528 4953 timore
2571 4900 2640 4954 ct
2681 4890 3047 4956 reverentia
3102 4888 3583 4973 usurpandum;
3637 4887 3751 4954 sed
3808 4888 4231 4955 metuendam

2291 4973 2584 5041 divinam
2630 4972 3004 5049 vindictam.
3063 4995 3260 5057 quam
3314 4973 3442 5058 ipsi
3481 4973 3607 5040 sibi
3649 4984 3808 5039 sunt
3869 4973 4231 5057 imprecati,

2335 5081 2495 5126 uum
2586 5059 2805 5126 Deum
2890 5059 3175 5127 iudicem
3252 5070 3319 5126 et
3399 5057 3724 5126 vindicem
3803 5059 4226 5127 advocarunt.

2347 5166 2473 5211 ane
2538 5145 2666 5212 ista
2730 5167 3045 5232 magnum
3111 5144 3365 5230 pondus
3422 5144 3598 5230 apud
3650 5146 3923 5229 quosvis
3985 5144 4227 5213 habere

2293 5230 2553 5312 debent,
2598 5241 2668 5297 et
2709 5251 2749 5297 a
2790 5232 3059 5299 levitate
3103 5233 3172 5297 in
3220 5231 3497 5297 iurando
3542 5231 3891 5311 deterrere,
3935 5231 4224 5316 quaudo-
