5059 6059
270 333 382 401 569

268 519 533 599 consilia,
575 526 844 583 eatenus
894 516 1092 581 etiam
1136 516 1280 580 eius
1331 512 1815 599 providentiam
1847 517 2178 601 cognosci-

266 627 415 684 mus,
446 616 511 672 et
549 602 702 688 quid
742 602 927 667 nobis
972 601 1298 685 expediat,
1344 602 1558 666 sobrie
1600 602 1983 685 cogitamus,
2040 603 2177 668 Ex—

1581 325 1681 391 IN
1725 327 1781 390 I.
1825 325 2007 393 LIB.
2054 325 2457 394 SAMUEL.
2507 328 2707 395 CAP.
2752 329 2877 396 IX.

4100 325 4233 393 570

2278 537 2558 601 regnum
2604 519 2670 583 in
2716 518 2967 602 primis,
3021 535 3226 602 quum
3283 518 3668 600 praesertim
3713 517 4034 583 Dominus
4090 518 4234 601 ipse

2280 603 2700 687 polliceatur:
2744 626 3017 689 regnum
3064 603 3196 670 Dei
3238 606 3523 686 primum
3567 602 4032 686 quaerentibus
4077 605 4226 668 reli-

267 692 442 776 empli
476 689 703 776 gratia,
739 688 798 753 si
830 689 902 752 in
925 688 1297 768 superiores
1316 687 1488 752 aeris
1524 696 1743 770 partes
1777 688 2181 765 efferremur,
2280 709 2407 772 qua
2453 689 2677 756 omnia
2720 688 3099 756 adiicienda.

266 793 325 847 et
352 777 652 844 vellemus
679 777 904 839 futura
947 773 1054 838 his
1097 771 1204 838 vel
1247 773 1380 839 illis
1425 774 1632 856 signis
1675 773 2036 855 exquirere,
2078 774 2182 840 vel

266 866 446 932 etiam
500 860 890 945 praedicere,
947 857 1117 942 quod
1178 859 1399 924 omnia
1440 859 1567 924 Dei
1623 859 2038 943 providentia
2081 881 2182 926 re-

263 960 505 1036 gantur,
563 953 824 1029 quanta,
890 965 1130 1029 quaeso
1188 965 1509 1028 quamque
1566 945 1959 1012 intolerabili
2003 967 2182 1011 arro-

337 1035 465 1101 ntia
509 1030 578 1099 id
621 1030 854 1098 fieret?
924 1030 1146 1112 Quare
1176 1033 1235 1096 si
1260 1028 1442 1096 Deus
1480 1052 1596 1097 nos
1632 1051 1851 1096 rerum
1888 1033 2180 1098 omnium

262 1059 607 1189 {iturarum
665 1119 690 1182 i
739 1135 933 1183 naros
987 1119 1157 1182 esse‘
1187 1117 1352 1194 vult,
1409 1117 1737 1199 patienter
1789 1126 2006 1183 tamen
2067 1141 2179 1185 ex-

262 1213 626 1309 spectemus,
729 1224 841 1269 um
898 1223 970 1267 re
1027 1202 1171 1286 ipsa
1213 1201 1564 1286 patefaciat
1607 1222 1791 1268 suam
1836 1205 2182 1288 providen-

263 1305 425 1373 tiam,
487 1290 675 1357 cuius
740 1290 935 1356 unius
997 1299 1166 1354 nutu
1232 1289 1526 1371 regimur
1589 1297 1656 1353 et
1719 1289 2181 1373 gubernamur.

236 1383 353 1466 ,Ac
415 1374 685 1462 proinde
743 1394 817 1439 re
878 1376 1022 1458 ipsa
1088 1375 1341 1457 experti
1408 1373 1723 1457 quidquid
1792 1376 1977 1443 nobis
2042 1386 2181 1443 tam

264 1481 623 1550 prosperum
705 1480 902 1544 quam
971 1460 1317 1526 adversum
1383 1460 1726 1543 contingit,
1795 1460 1921 1526 Dei
1986 1464 2181 1530 unius

262 1561 410 1616 nutu
469 1557 534 1613 et
594 1547 958 1625 voluntate,
1026 1565 1101 1611 ac
1157 1567 1242 1611 ex
1299 1556 1572 1627 paterna
1614 1547 1817 1630 ipsius
1861 1567 2019 1632 erga
2063 1570 2181 1614 nos

260 1633 691 1703 benevolentia
759 1641 826 1696 et
890 1630 1331 1697 sollicitudine
1392 1634 1792 1716 contingere,
1859 1632 2181 1700 fateamur

260 1721 623 1788 exercitium
681 1737 825 1785 esse
879 1738 1007 1801 quo
1050 1716 1236 1782 Deus
1295 1717 1676 1799 patientiam
1728 1727 2019 1784 nostram
2065 1742 2180 1786 ex-

296 1810 448 1874 lorat
489 1813 556 1871 et
600 1809 896 1870 exercet:
948 1811 1016 1868 et
1068 1823 1140 1868 re
1184 1804 1329 1886 ipsa
1370 1822 1835 1887 cognoscamus
1881 1813 2021 1870 tum
2068 1829 2182 1871 no·

258 1831 346 1960 gis
385 1891 506 1960 Dei
562 1888 1051 1974 providentiam
1105 1888 1404 1972 patefieri
1460 1899 1594 1955 tam
1638 1891 1833 1956 certis
1877 1900 1946 1956 et
1986 1889 2177 1957 indu·

254 1978 454 2046 bitatis
516 1976 745 2061 signis,
815 1981 889 2039 ut
951 1975 1022 2040 in
1089 1972 1358 2040 dubium
1426 1976 1568 2040 sine
1632 1976 1905 2058 profana
1968 1978 2178 2042 incre·

255 2063 501 2131 dulitate
557 2082 696 2126 non
764 2060 1093 2145 possimus
1133 2060 1315 2126 illam
1373 2080 1701 2126 revocare.
1790 2064 2008 2146 Atque
2053 2064 2178 2131 hoc

256 2153 326 2217 fit
381 2150 662 2216 maxime
727 2146 1148 2229 conspicuum
1215 2145 1341 2211 hoc
1396 2146 1540 2230 ipso
1613 2147 1801 2224 facto,
1886 2147 2059 2233 quod
2122 2150 2178 2214 si

255 2238 442 2320 primo
517 2240 789 2318 aspectu
866 2233 1272 2312 intueamur,
1373 2232 1540 2296 nihil
1633 2233 1759 2297 nisi
1836 2233 2177 2301 fortuitum

252 2318 770 2407 imaginabimur:
816 2325 885 2383 at
926 2338 1127 2400 quum
1173 2324 1407 2384 eventa
1450 2316 2003 2401 perpenderimus,
2048 2321 2180 2386 Dei

252 2407 634 2494 singularem
696 2402 1186 2488 providentiam
1256 2423 1606 2487 agnoscere
1684 2413 1749 2469 et
1816 2407 2007 2473 fateri
2079 2428 2180 2474 co-

324 2514 480 2559 mur.

254 2514 322 2578 go
404 2579 609 2644 Porro
671 2575 980 2660 deinceps
1040 2572 1493 2657 expendamus
1547 2575 1722 2659 quod
1777 2597 2006 2645 servus
2063 2580 2177 2646 ille

256 2664 398 2729 hero
439 2684 555 2730 suo
600 2661 937 2746 suggessit
979 2662 1345 2739 consilium,
1391 2681 1540 2726 nem
1629 2712 1646 2740 ,
1697 2671 1776 2727 ut
1817 2663 1981 2730 Saul
2026 2687 2173 2750 pro-

253 2749 494 2834 phetam
518 2749 753 2826 adiret,
798 2756 990 2832 atque
1025 2746 1216 2812 illum
1250 2746 1331 2811 de
1366 2681 1675 2813 asinaffis
1719 2748 2172 2836 interrogaret.

255 2835 410 2917 Quid
432 2840 707 2919 quaerat
748 2842 1028 2916 uterque
1072 2836 1234 2902 satis
1278 2833 1734 2917 conspicuum:
1780 2835 1911 2903 imo
1955 2857 2176 2904 crassa

254 2921 514 3005 ipsorum
583 2919 964 3006 ignorantia
1026 2917 1183 2986 hinc
1247 2929 1535 3002 apparet.
1644 2920 1818 2987 Nam
1885 2922 2173 3004 obsecro,

256 3017 457 3073 eratne
497 3004 987 3091 Prophetarum
1047 3025 1289 3070 munus
1345 3004 1646 3072 divinare
1703 3006 1859 3090 quid
1902 3009 2172 3094 quisque

256 3092 642 3175 perdidisset,
711 3099 780 3156 et
837 3089 1117 3175 singulis
1175 3088 1663 3174 inquirentibus
1726 3115 1835 3159 res
1899 3097 2173 3163 amissas

256 3177 448 3264 aliquo
503 3179 700 3264 signo
757 3175 1091 3242 indicare?
1180 3175 1325 3242 Nae
1382 3177 1633 3262 ingenii
1690 3179 1795 3245 sui
1841 3189 2173 3263 stuporem

256 3283 457 3331 servus
498 3265 613 3331 ille
660 3264 822 3329 satis
865 3262 1131 3339 indicat,
1191 3262 1353 3328 hero
1407 3264 1794 3348 prophetam
1853 3265 2172 3347 indicans,

256 3350 322 3415 ad
355 3372 542 3434 quem
585 3360 909 3432 tanquam
952 3346 1034 3413 ad
1080 3348 1376 3414 divinum
1420 3368 1497 3416 ac
1553 3350 1891 3417 fatidicum
1951 3374 2173 3435 quem·

256 3436 404 3518 piam
462 3434 733 3504 accedat
790 3431 873 3499 de
925 3433 1122 3500 rebus
1178 3433 1435 3501 amissis
1499 3435 1742 3519 aliquid
1809 3437 2173 3505 auditurus.

254 3523 433 3606 Atqui
475 3531 733 3590 certum
778 3528 877 3586 est
921 3540 1051 3586 non
1095 3520 1168 3585 in
1211 3519 1333 3585 hos
1378 3541 1531 3588 usus
1577 3522 1926 3606 prophetas
1971 3546 2010 3591 a
2033 3524 2176 3591 Deo

256 3608 588 3687 suscitatos,
654 3627 694 3672 a
737 3605 976 3690 quibus
1034 3607 1253 3690 potius
1296 3605 1530 3673 fuisset
1576 3607 1935 3693 profanata,
2018 3631 2176 3675 uam

254 3692 313 3758 in
335 3691 569 3761 honore
592 3692 822 3759 habita
844 3691 1095 3778 religio.
1162 3691 1333 3757 Nam
1365 3693 1719 3776 prophetas
1741 3701 1970 3760 contra
2059 3715 2178 3762 eus

254 3778 381 3845 ideo
401 3780 779 3855 suscitabat,
825 3789 902 3843 ut
937 3776 1246 3844 ecciesiae
1282 3787 1674 3861 praeessent,
1721 3786 1796 3844 ιιι
1816 3781 2177 3865 peccatori-

255 3864 361 3932 bus
398 3866 521 3933 Dei
562 3864 813 3931 iudicia
855 3873 1315 3947 proponerent,
1371 3872 1436 3929 et
1480 3883 1520 3930 a
1562 3867 1842 3948 peccatis
1888 3866 2175 3933 deterre·

254 3959 412 4017 rent:
450 3952 817 4033 iisdemque
861 3971 897 4016 a
943 3957 1205 4033 peccato
1240 3949 1769 4034 resipiscentibus
1802 3972 1984 4036 spem
2019 3974 2175 4020 con-

256 4038 593 4120 sequendae
652 4035 1135 4103 misericordiae
1183 4035 1493 4101 facerent.
1580 4035 1674 4103 Hi
1716 4037 1984 4103 fuerunt
2027 4058 2176 4123 pro-

256 4122 490 4203 phetiae
554 4143 718 4190 usus
776 4131 841 4188 et
897 4122 1083 4199 fines,
1149 4130 1225 4187 ut
1288 4121 1699 4205 prophetiam
1762 4124 2178 4207 profanarint

255 4212 352 4290 qui
372 4208 449 4275 ad
480 4207 954 4294 inquirendum
988 4206 1144 4291 quid
1184 4206 1491 4273 asinabus
1532 4209 1673 4276 suis
1716 4209 1960 4277 factum
2005 4217 2179 4278 esset

256 4295 618 4380 prophetam
664 4295 986 4361 adierunt.
1075 4294 1185 4358 Ex
1229 4294 1466 4377 quibus
1508 4303 1781 4380 apparet
1822 4317 2020 4381 quam
2062 4317 2175 4378 po-

258 4377 429 4529 pulus
468 4382 593 4448 iste
635 4379 936 4447 iudaicus
994 4378 1213 4445 hebeti
1277 4379 1543 4468 ingenio
1609 4381 1823 4463 fuerit,
1888 4383 2002 4466 qui
2045 4381 2177 4448 Dei

293 4485 552 4533 cnorum
606 4487 803 4533 usum
856 4464 1229 4552 legitimum
1275 4487 1608 4549 nunquam
1652 4470 2010 4552 agnoverit,
2062 4491 2175 4535 ne-

259 4571 365 4634 que
417 4553 541 4621 sibi
599 4553 971 4637 applicarit3
1032 4551 1144 4618 sed
1199 4552 1268 4616 in
1311 4553 1716 4618 contrarium
1759 4574 2019 4638 semper
2064 4554 2175 4620 de·

257 4637 506 4706 flexerit.
575 4638 810 4721 Neque
844 4657 1005 4704 vero
1047 4635 1464 4704 manifestam
1510 4638 1689 4704 illam
1734 4639 1934 4706 fuisse
1977 4639 2175 4706 idolo-

258 4722 493 4791 latriam
556 4726 697 4807 aio,
761 4722 876 4791 scd
942 4744 1234 4790 crassum
1300 4730 1521 4790 tamen
1588 4745 1912 4805 errorem,
1981 4746 2176 4810 quem

259 4809 420 4875 nulla
494 4832 787 4895 unquam
868 4811 1201 4877 excusatio
1275 4809 1486 4893 possit
1550 4831 1589 4875 a
1655 4809 1815 4876 vitio
1876 4810 2172 4878 liberare.

259 4891 460 4975 Quare
522 4916 645 4964 nos
709 4918 785 4963 eo
843 4896 1223 4982 diligentius
1280 4903 1538 4980 oportet
1591 4894 1666 4960 in
1723 4896 1895 4964 hanc
1949 4917 2174 4963 curam

262 4979 632 5062 incumbere,
698 4990 776 5048 ut
818 5003 1023 5067 quum
1069 4980 1254 5047 Deus
1298 4981 1572 5048 verbum
1621 5002 1836 5060 suum,
1894 4989 1961 5048 et
2004 4985 2174 5049 eius·

258 5063 391 5132 dem
411 5068 1034 5154 interpretationem,
1078 5067 1263 5133 nobis
1291 5068 1590 5153 largitur,
1634 5065 1799 5132 illud
1845 5066 1927 5132 ad
1974 5069 2172 5134 finem

261 5150 335 5216 ad
402 5175 587 5238 quem
666 5156 941 5221 offertur
1018 5155 1407 5219 referamus:
1485 5172 1699 5237 neque
1764 5154 2173 5220 commodum

260 5245 536 5308 nostrum
576 5247 646 5308 et
687 5263 794 5308 res
836 5250 1133 5308 terrenas
1177 5259 1259 5307 ex
1304 5259 1383 5306 eo
1427 5259 1850 5323 quaeramus:
1895 5240 2010 5306 sed
2048 5240 2175 5307 Dei

2454 775 2810 841 Caeterum
2853 797 3019 860 quae
3055 777 3440 840 inseruntur
3473 774 3678 839 verba
3712 774 3827 839 illa
3862 777 4057 841 etiam
4096 795 4227 840 non

2283 870 2440 927 sunt
2482 861 2715 927 leviter
2758 860 3259 944 praetereunda:
3318 859 3694 942 Antiquitas
3736 862 3806 924 in
3853 861 4093 926 Ιεγαέῑε
4134 864 4228 928 sic

2282 948 2519 1014 dicebat
2571 949 2848 1030 quisque,
2893 969 3083 1030 quum
3128 948 3528 1030 profecturus
3582 950 3737 1012 esset
3780 949 3866 1012 ad
3909 948 4230 1014 consulm-

2281 1034 2435 1100 ἄκη»
2476 1033 2706 1114 Deum,
2751 1036 2922 1116 ayite
2960 1053 3178 1100 eamus
3220 1033 3307 1097 ad
3347 1033 3683 1097 videntems
3735 1053 3884 1097 nam
3927 1037 4037 1116 qui
4075 1054 4223 1115 pro·

2270 1119 2468 1202 pheta
2530 1120 2729 1199 hodie,
2793 1121 3143 1202 antiquitus
3204 1118 3538 1185 vocabatur
3599 1119 3837 1184 videns,
3947 1119 4225 1184 Duabus

2282 1206 2549 1272 vocibus
2592 1207 2892 1272 hebraeis
2936 1206 3327 1290 exprimitur
3372 1203 3728 1287 prophetae
3772 1225 4026 1281 nomen,
4072 1225 4226 1286 qua·

2281 1312 2429 1356 rum
2487 1291 2712 1372 altera,
2768 1292 3087 1358 visionem
3146 1291 3505 1374 significat:
3565 1310 3733 1372 quae
3792 1309 3921 1356 vox
3979 1290 4224 1355 indicat

2280 1377 2636 1527 prophetas
2679 1398 2909 1444 revera
2952 1377 3252 1443 videntes
3296 1396 3487 1456 essse,
3552 1393 3750 1459 atque
3809 1377 4003 1459 longe
4062 1377 4223 1443 alios

2282 1483 2403 1530 ocu
2430 1484 2501 1528 os
2561 1483 2757 1547 quam
2802 1462 3168 1547 corporales
3212 1461 3453 1526 habere
3497 1461 3731 1544 quibus
3775 1481 3941 1543 quae
3986 1474 4223 1527 natura

2281 1560 2509 1614 nostra
2573 1550 2906 1632 percipere
2963 1570 3095 1614 non
3150 1567 3495 1631 possumus
3551 1548 3953 1612 intueantur.
4047 1549 4098 1610 N
4110 1569 4217 1612 am

2252 1634 2465 1700 ·Deus
2504 1644 2781 1699 caeteris
2824 1635 3085 1718 quidem
3113 1632 3508 1718 quibuslibet
3530 1654 3613 1698 ex
3634 1633 3878 1716 populo
3902 1634 4219 1698 rationem

2282 1730 2348 1785 et
2392 1719 2849 1804 itelligentiam
2898 1721 3187 1798 dederat,
3231 1719 3451 1785 oculos
3495 1719 3693 1783 etiam
3732 1729 3801 1783 et
3844 1737 4055 1794 aures,
4102 1719 4213 1782 de·

2281 1806 2483 1889 nique
2527 1805 2840 1872 iudicium
2885 1815 2961 1872 ut
3004 1807 3085 1871 de
3120 1806 3314 1871 rebus
3347 1804 3735 1884 iudicarent,
3778 1824 3983 1886 quare
4018 1808 4220 1886 igitur

2281 1892 2672 1957 nominatim
2726 1891 3079 1976 prophetas
3134 1892 3256 1958 hoc
3307 1891 3573 1956 nomine
3615 1890 3956 1956 videntium
3999 1891 4218 1954 vocari

2281 1976 2537 2042 voluit?
2626 1976 2792 2042 Nam
2852 2000 2933 2043 ex
2993 1998 3068 2044 eo
3124 1977 3518 2059 sequebatur
3561 1978 3888 2059 propriam
3937 1996 4078 2040 esse
4121 1977 4218 2057 ip·

2280 2084 2500 2128 sorum
2549 2062 2811 2129 videndi
2858 2064 3252 2140 facultatem,
3297 2062 3565 2144 reliquis
3609 2062 4119 2128 caecutientibus
4153 2071 4223 2125 et

2279 2148 2731 2232 caligantibus.
2821 2148 3001 2217 Sane
3044 2150 3138 2215 ita
3179 2150 3570 2232 proponitur
3611 2148 3801 2214 nobis
3829 2149 3952 2212 Dei
3997 2149 4221 2230 singu-

2278 2233 2439 2300 laris
2515 2256 2674 2320 erga
2749 2235 2924 2303 hunc
2989 2235 3299 2320 populum
3365 2234 3550 2299 favor
3613 2242 3681 2299 et
3743 2233 4217 2309 benevolentia,

2278 2321 2658 2387 suscitantis
2716 2323 2891 2388 viros
2948 2322 3061 2404 qui
3116 2323 3182 2385 in
3240 2319 3479 2403 populo
3538 2320 3917 2396 eminerent,
3975 2330 4044 2383 et
4089 2340 4218 2383 non

2280 2413 2526 2472 temere
2573 2404 2655 2472 de
2698 2407 2891 2473 rebus
2932 2406 3315 2484 iudicarent,
3365 2425 3580 2487 neque
3621 2405 3758 2471 ulla
3799 2407 4050 2469 ratione
4096 2405 4216 2469 hu-

2280 2512 2477 2557 mana
2522 2494 2908 2576 niterentur,
2974 2492 3088 2559 sed
3130 2490 3449 2575 singulari
3492 2490 3622 2555 Dei
3665 2490 3979 2555 beneficio
4022 2509 4221 2571 supra

2278 2577 2601 2643 mundum
2623 2578 3028 2654 efferrentur,
3074 2587 3140 2644 et
3161 2576 3290 2642 Dei
3327 2597 3564 2643 arcana
3599 2575 4006 2656 docerentur,
4050 2595 4220 2659 quae

2279 2663 2351 2727 in
2393 2685 2587 2729 usum
2631 2665 2855 2748 populi
2897 2687 2982 2731 ex
3024 2664 3152 2729 Dei
3196 2662 3504 2728 mandato
3549 2672 3617 2727 et
3657 2662 4062 2727 ordinatione
4108 2681 4220 2743 pa-

2278 2751 2655 2816 tefacerent.
2746 2751 2976 2833 Itaque
3017 2749 3284 2815 videntis
3325 2769 3461 2814 vox
3504 2749 3620 2814 illa
3666 2750 3791 2814 Dei
3836 2749 4112 2831 gratiam
4152 2755 4220 2811 et

2278 2834 2804 2901 benevolentiam
2849 2855 3170 2901 summam
3215 2834 3762 2916 repraesentabat,
3805 2844 3879 2898 ut
3917 2833 4096 2897 velut
4134 2831 4216 2896 ad

2278 2920 2498 2987 Deum
2541 2921 2761 3004 ipsum
2803 2921 3105 2986 homines
3145 2940 3333 2986 assur
3379 2930 3583 2998 erent,
3629 2929 3696 2985 et
3731 2926 3991 2983 tantum
4030 2918 4220 2981 bene—

2276 3006 2496 3073 ficium
2565 3008 2738 3093 grati
2794 3017 3242 3091 agnoscerent.
3394 3013 3575 3070 otum
3636 3006 3811 3070 enim
3866 3015 3964 3067 est
4019 3019 4216 3084 quam

2278 3092 2581 3159 homines
2624 3095 2693 3159 in
2740 3093 3185 3179 arrogantiam
3221 3091 3610 3176 praecipites
3640 3091 3791 3168 sint,
3836 3089 4217 3172 praesertim

2278 3180 2334 3244 si
2380 3201 2418 3243 a
2449 3177 2592 3245 Deo
2628 3179 2814 3244 donis
2858 3177 3244 3264 quibusdam
3289 3177 3500 3242 ornati
3545 3176 3819 3242 caeteris
3861 3174 4216 3239 excellant:

2279 3285 2481 3349 quare
2526 3275 2601 3330 ut
2644 3265 2924 3330 sciamus
2968 3264 3098 3330 Dei
3141 3282 3376 3329 arcana
3421 3284 3549 3327 non
3595 3262 3901 3326 humanis
3960 3271 4215 3324 tantum

2276 3351 2577 3418 sensibus
2633 3352 2902 3436 percipi,
2967 3348 3241 3416 coelitus
3295 3347 3646 3433 prophetia
3701 3347 3915 3412 omnis
3973 3344 4219 3410 dimitti

2277 3436 2537 3515 dicitur,
2582 3442 2651 3500 et
2693 3437 2904 3502 omnis
2947 3436 3267 3519 propheta
3308 3455 3451 3500 esse
3495 3432 3744 3498 videns.
3817 3437 3916 3497 Ac
3948 3430 4218 3514 proinde

2275 3521 2432 3588 licet
2473 3522 2682 3587 acutis
2725 3522 3024 3588 sensibus
3069 3531 3136 3587 et
3180 3520 3430 3604 lynceis
3474 3518 3682 3585 oculis
3727 3518 4053 3601 praeditos
4099 3517 4211 3580 ho·

2274 3609 2506 3687 mines,
2550 3605 2714 3672 nihil
2759 3616 2978 3672 tamen
3020 3607 3356 3691 percipere
3400 3625 3630 3670 eorum
3673 3622 3844 3687 quae
3874 3602 4220 3685 prophetia

2277 3694 2484 3774 docet,
2545 3691 2750 3760 donee
2808 3692 3070 3759 aliunde
3126 3692 3403 3759 coelitus
3457 3691 3770 3755 nimirum
3833 3689 4216 3754 illustretur.

2278 3778 2502 3860 Quare
2545 3779 2690 3844 Deo
2754 3779 2930 3845 viros
2991 3779 3350 3844 suscitante
3414 3777 3526 3858 qui
3590 3775 3875 3840 fideliter
3940 3773 4219 3841 verbum

2276 3864 2485 3949 ipsius
2506 3873 2858 3948 exponant,
2903 3875 2967 3928 et
2989 3864 3324 3947 singulare
3352 3862 3597 3926 donum
3634 3861 3812 3926 illius
3849 3860 4220 3942 exponendi

2279 3961 2347 4015 et
2386 3950 2862 4034 interpretandi
2907 3949 3209 4031 habeant,
3269 3956 3465 4031 atque
3516 3948 3792 4031 singulis
3829 3943 4219 4030 applicandi,

2279 4035 2551 4101 minime
2613 4035 3062 4102 arbitrandum
3129 4043 3230 4101 est
3291 4035 3469 4117 ipsos
3524 4044 3755 4117 suapte
3812 4047 4049 4097 natura
4106 4042 4220 4095 aut

2278 4122 2531 4206 ingenii
2577 4121 2866 4188 bonitate
2923 4131 2989 4187 et
3029 4119 3360 4186 industria
3403 4119 3581 4186 istud
3627 4129 4014 4202 assequutos
4059 4138 4220 4195 esse,

2279 4221 2395 4273 aut
2423 4226 2616 4292 quam
2663 4209 3059 4291 profitentur
3103 4207 3465 4273 doctrinam
3509 4206 3591 4272 ab
3627 4206 3918 4288 ipsorum
3953 4204 4217 4267 cerebro

2277 4313 2578 4358 manare:
2634 4292 2749 4359 sed
2806 4296 3024 4379 potius
3079 4292 3416 4360 sciendum
3476 4301 3580 4359 est
3628 4312 3736 4356 eos
3778 4310 3819 4354 a
3865 4291 4003 4353 Deo
4047 4288 4216 4352 hanc

2278 4380 2559 4463 gratiam
2604 4399 2746 4446 esse
2789 4380 2871 4445 ad
2917 4379 3222 4446 ecclesiae
3265 4379 3472 4463 ipsius
3514 4376 4025 4443 aedificationem
4073 4391 4217 4436 con-

2278 4474 2611 4548 sequutos.
2699 4465 2933 4548 Itaque
2987 4465 3044 4531 si
3088 4465 3254 4530 bene
3296 4473 3711 4549 perspectum
3756 4460 3926 4526 istud
3976 4457 4215 4523 habue-

2278 4552 2502 4629 rimus,
2549 4551 2631 4617 D.
2656 4551 2842 4617 Petri
2879 4551 3173 4617 doctrina
3208 4550 3533 4616 mentibus
3568 4548 3810 4612 nostris
3854 4543 4049 4609 altius
4093 4543 4218 4607 erit

2278 4636 2640 4721 defigenda,
2698 4658 2826 4722 qua
2885 4637 3085 4714 docet,
3141 4636 3385 4703 nullam
3432 4633 3830 4717 prophetiam
3871 4631 4218 4710 scriptume

2278 4743 2407 4788 esse
2434 4724 2743 4805 propriae
2784 4723 3232 4805 explicationis,
3324 4721 3472 4787 Non
3514 4721 3679 4784 enim
3721 4717 3904 4783 libitu
3944 4716 4217 4779 hominis

2276 4808 2473 4876 allata
2536 4811 2628 4874 est
2683 4808 2836 4875 olim
2871 4808 3229 4892 prophetia,
3290 4807 3400 4872 sed
3453 4805 3578 4870 adi
3635 4827 3678 4870 a
3719 4803 3954 4884 spiritu
4005 4805 4216 4865 saneto

2277 4894 2517 4977 loquuti
2561 4899 2710 4960 sunt
2748 4898 2949 4962 sancti
2992 4895 3119 4962 Dei
3163 4893 3454 4958 homines.
3520 4889 3621 4955 Ac
3665 4888 3936 4972 proinde
3982 4906 4215 4969 rogan-

2278 4980 2400 5046 dus
2444 4989 2544 5045 est
2587 4980 2791 5061 Deus,
2858 5003 3057 5067 quum
3126 4979 3369 5061 scripta
3432 4979 3721 5060 ipsorum
3790 4974 4085 5056 legimus,
4150 4983 4216 5035 et

2276 5065 2573 5134 doctrina
2616 5088 2782 5151 quae
2821 5069 2890 5134 in
2934 5065 3162 5132 iisdem
3208 5064 3577 5128 continetur
3620 5060 3806 5126 nobis
3844 5061 4213 5140 exponitur,

2276 5159 2352 5219 ut
2415 5153 2624 5219 nostri
2689 5154 2939 5239 ingenii
3007 5151 3389 5217 tenuitatem
3457 5147 3954 5235 agnoscentibus
4029 5146 4215 5208 nobis

2277 5259 2504 5307 veram
2525 5237 3034 5326 intelligentiam
3065 5249 3132 5304 et
3168 5236 3605 5321 cognitionem
3630 5251 3965 5302 sacrarum
4009 5231 4214 5312 serip-
