<?xml version="1.0" encoding="UTF-8"?>
<!DOCTYPE html PUBLIC "-//W3C//DTD XHTML 1.0 Transitional//EN"
    "http://www.w3.org/TR/xhtml1/DTD/xhtml1-transitional.dtd">
<html xmlns="http://www.w3.org/1999/xhtml" xml:lang="en" lang="en">
 <head>
  <title>
</title>
<meta http-equiv="Content-Type" content="text/html;charset=utf-8" />
  <meta name='ocr-system' content='tesseract 3.04.00' />
  <meta name='ocr-capabilities' content='ocr_page ocr_carea ocr_par ocr_line ocrx_word'/>
</head>
<body>
  <div class='ocr_page' id='page_1' title='image "./ioanniscalvinio07unkngoog_0217.png"; bbox 0 0 5059 6059; ppageno 0'>
   <div class='ocr_carea' id='block_1_1' title="bbox 1571 310 2863 386">
    <p class='ocr_par' dir='ltr' id='par_1_1' title="bbox 1571 310 2863 386">
     <span class='ocr_line' id='line_1_1' title="bbox 1571 310 2863 386; baseline 0.002 -5"><span class='ocrx_word' id='word_1_1' title='bbox 1571 314 1672 382; x_wconf 88' lang='lat' dir='ltr'>IN</span> <span class='ocrx_word' id='word_1_2' title='bbox 1714 315 1771 382; x_wconf 91' lang='lat'>1.</span> <span class='ocrx_word' id='word_1_3' title='bbox 1814 310 1996 381; x_wconf 77' lang='lat' dir='ltr'>LIB.</span> <span class='ocrx_word' id='word_1_4' title='bbox 2045 314 2444 386; x_wconf 75' lang='lat' dir='ltr'><strong>SAMUEL.</strong></span> <span class='ocrx_word' id='word_1_5' title='bbox 2488 317 2686 386; x_wconf 85' lang='lat' dir='ltr'><strong>OAP.</strong></span> <span class='ocrx_word' id='word_1_6' title='bbox 2732 318 2863 385; x_wconf 89' lang='lat'>111.</span> 
     </span>
    </p>
   </div>
   <div class='ocr_carea' id='block_1_2' title="bbox 488 506 952 574">
    <p class='ocr_par' dir='ltr' id='par_1_2' title="bbox 488 506 952 574">
     <span class='ocr_line' id='line_1_2' title="bbox 488 506 952 574; baseline 0.009 -4"><span class='ocrx_word' id='word_1_7' title='bbox 488 506 952 574; x_wconf 79' lang='lat' dir='ltr'>recesserimus.</span> 
     </span>
    </p>
   </div>
   <div class='ocr_carea' id='block_1_3' title="bbox 4086 320 4218 388">
    <p class='ocr_par' dir='ltr' id='par_1_3' title="bbox 4086 320 4218 388">
     <span class='ocr_line' id='line_1_3' title="bbox 4086 320 4218 388; baseline 0.015 -2"><span class='ocrx_word' id='word_1_8' title='bbox 4086 320 4218 388; x_wconf 80' lang='lat'>374</span> 
     </span>
    </p>
   </div>
   <div class='ocr_carea' id='block_1_4' title="bbox 1044 504 4211 592">
    <p class='ocr_par' dir='ltr' id='par_1_4' title="bbox 1044 504 4211 592">
     <span class='ocr_line' id='line_1_4' title="bbox 1044 504 4211 592; baseline 0.002 -21"><span class='ocrx_word' id='word_1_9' title='bbox 1044 505 1261 588; x_wconf 82' lang='lat' dir='ltr'>Quam</span> <span class='ocrx_word' id='word_1_10' title='bbox 1307 505 1496 589; x_wconf 87' lang='lat' dir='ltr'>proni</span> <span class='ocrx_word' id='word_1_11' title='bbox 1555 511 1714 571; x_wconf 84' lang='lat' dir='ltr'>sunt</span> <span class='ocrx_word' id='word_1_12' title='bbox 1754 504 2050 572; x_wconf 89' lang='lat' dir='ltr'>homines</span> <span class='ocrx_word' id='word_1_13' title='bbox 2092 505 2178 572; x_wconf 87' lang='lat' dir='ltr'>ad</span> <span class='ocrx_word' id='word_1_14' title='bbox 2278 514 2336 576; x_wconf 79' lang='lat' dir='ltr'>et</span> <span class='ocrx_word' id='word_1_15' title='bbox 2389 509 2628 576; x_wconf 72' lang='lat' dir='ltr'>vocavit</span> <span class='ocrx_word' id='word_1_16' title='bbox 2681 508 2842 576; x_wconf 74' lang='lat' dir='ltr'>siout</span> <span class='ocrx_word' id='word_1_17' title='bbox 2892 512 3216 575; x_wconf 78' lang='lat' dir='ltr'>vocaverat</span> <span class='ocrx_word' id='word_1_18' title='bbox 3267 508 3549 589; x_wconf 80' lang='lat' dir='ltr'>secundo,</span> <span class='ocrx_word' id='word_1_19' title='bbox 3610 506 3887 591; x_wconf 74' lang='lat' dir='ltr'>Sanmel,</span> <span class='ocrx_word' id='word_1_20' title='bbox 3934 506 4211 592; x_wconf 81' lang='lat' dir='ltr'>Samuel,</span> 
     </span>
    </p>
   </div>
   <div class='ocr_carea' id='block_1_5' title="bbox 488 590 4019 678">
    <p class='ocr_par' dir='ltr' id='par_1_5' title="bbox 488 590 4019 678">
     <span class='ocr_line' id='line_1_5' title="bbox 488 590 4019 678; baseline 0.001 -20"><span class='ocrx_word' id='word_1_21' title='bbox 488 593 677 658; x_wconf 80' lang='lat' dir='ltr'>sudas</span> <span class='ocrx_word' id='word_1_22' title='bbox 719 593 842 658; x_wconf 87' lang='lat' dir='ltr'>sibi</span> <span class='ocrx_word' id='word_1_23' title='bbox 885 593 1163 659; x_wconf 86' lang='lat' dir='ltr'>iniurias</span> <span class='ocrx_word' id='word_1_24' title='bbox 1204 591 1442 671; x_wconf 81' lang='lat' dir='ltr'>illatas,</span> <span class='ocrx_word' id='word_1_25' title='bbox 1498 598 1566 657; x_wconf 88' lang='lat' dir='ltr'>et</span> <span class='ocrx_word' id='word_1_26' title='bbox 1607 590 1859 658; x_wconf 90' lang='lat' dir='ltr'>interea</span> <span class='ocrx_word' id='word_1_27' title='bbox 1894 612 2026 656; x_wconf 91' lang='lat' dir='ltr'>non</span> <span class='ocrx_word' id='word_1_28' title='bbox 2070 613 2175 659; x_wconf 84' lang='lat' dir='ltr'>co·</span> <span class='ocrx_word' id='word_1_29' title='bbox 2278 600 2335 661; x_wconf 81' lang='lat' dir='ltr'>et</span> <span class='ocrx_word' id='word_1_30' title='bbox 2377 596 2473 661; x_wconf 75' lang='lat' dir='ltr'>ait</span> <span class='ocrx_word' id='word_1_31' title='bbox 2517 594 2805 661; x_wconf 82' lang='lat' dir='ltr'>Samuel:</span> <span class='ocrx_word' id='word_1_32' title='bbox 2844 594 3141 678; x_wconf 72' lang='lat' dir='ltr'>Loquere,</span> <span class='ocrx_word' id='word_1_33' title='bbox 3183 592 3338 677; x_wconf 73' lang='lat' dir='ltr'>quia</span> <span class='ocrx_word' id='word_1_34' title='bbox 3376 596 3558 661; x_wconf 77' lang='lat' dir='ltr'>audit</span> <span class='ocrx_word' id='word_1_35' title='bbox 3595 615 3815 662; x_wconf 70' lang='lat' dir='ltr'>emus</span> <span class='ocrx_word' id='word_1_36' title='bbox 3853 601 4019 662; x_wconf 75' lang='lat' dir='ltr'>tuus.</span> 
     </span>
    </p>
   </div>
   <div class='ocr_carea' id='block_1_6' title="bbox 422 675 2177 2906">
    <p class='ocr_par' dir='ltr' id='par_1_6' title="bbox 422 675 2177 2906">
     <span class='ocr_line' id='line_1_6' title="bbox 482 675 2175 762; baseline -0.005 -12"><span class='ocrx_word' id='word_1_37' title='bbox 482 733 491 750; x_wconf 90' lang='lat'>.</span> <span class='ocrx_word' id='word_1_38' title='bbox 528 688 679 762; x_wconf 90' lang='lat' dir='ltr'>quot</span> <span class='ocrx_word' id='word_1_39' title='bbox 711 680 1098 762; x_wconf 76' lang='lat' dir='ltr'>quantisque</span> <span class='ocrx_word' id='word_1_40' title='bbox 1120 678 1340 744; x_wconf 88' lang='lat' dir='ltr'>Deum</span> <span class='ocrx_word' id='word_1_41' title='bbox 1375 675 1789 743; x_wconf 88' lang='lat' dir='ltr'>contumeliis</span> <span class='ocrx_word' id='word_1_42' title='bbox 1821 676 2175 757; x_wconf 87' lang='lat' dir='ltr'>affecerint,</span> 
     </span>
     <span class='ocr_line' id='line_1_7' title="bbox 500 761 2176 848; baseline -0.001 -19"><span class='ocrx_word' id='word_1_43' title='bbox 500 764 808 848; x_wconf 71' lang='lat' dir='ltr'>flagitiosa</span> <span class='ocrx_word' id='word_1_44' title='bbox 851 763 986 830; x_wconf 84' lang='lat' dir='ltr'>vita</span> <span class='ocrx_word' id='word_1_45' title='bbox 1028 786 1147 830; x_wconf 91' lang='lat' dir='ltr'>suo</span> <span class='ocrx_word' id='word_1_46' title='bbox 1200 782 1442 828; x_wconf 91' lang='lat' dir='ltr'>nomen</span> <span class='ocrx_word' id='word_1_47' title='bbox 1502 762 1707 846; x_wconf 90' lang='lat' dir='ltr'>ipsius</span> <span class='ocrx_word' id='word_1_48' title='bbox 1752 761 2176 846; x_wconf 84' lang='lat' dir='ltr'>profanarint,</span> 
     </span>
     <span class='ocr_line' id='line_1_8' title="bbox 466 846 2175 933; baseline 0.001 -20"><span class='ocrx_word' id='word_1_49' title='bbox 466 853 569 914; x_wconf 65' lang='lat' dir='ltr'>..iti</span> <span class='ocrx_word' id='word_1_50' title='bbox 613 849 887 933; x_wconf 88' lang='lat' dir='ltr'>pedibus</span> <span class='ocrx_word' id='word_1_51' title='bbox 929 849 1066 916; x_wconf 90' lang='lat' dir='ltr'>suis</span> <span class='ocrx_word' id='word_1_52' title='bbox 1110 849 1566 933; x_wconf 83' lang='lat' dir='ltr'>proculcarint.</span> <span class='ocrx_word' id='word_1_53' title='bbox 1655 846 1877 930; x_wconf 79' lang='lat' dir='ltr'>Quare</span> <span class='ocrx_word' id='word_1_54' title='bbox 1922 847 2175 915; x_wconf 91' lang='lat' dir='ltr'>discen-</span> 
     </span>
     <span class='ocr_line' id='line_1_9' title="bbox 500 934 2175 1018; baseline 0.001 -20"><span class='ocrx_word' id='word_1_55' title='bbox 500 934 748 1018; x_wconf 57' lang='lat' dir='ltr'>..cmplo</span> <span class='ocrx_word' id='word_1_56' title='bbox 790 935 1196 1002; x_wconf 88' lang='lat' dir='ltr'>sacerdotum</span> <span class='ocrx_word' id='word_1_57' title='bbox 1239 936 1536 1018; x_wconf 87' lang='lat' dir='ltr'>istorum,</span> <span class='ocrx_word' id='word_1_58' title='bbox 1597 935 1710 1018; x_wconf 91' lang='lat' dir='ltr'>qui</span> <span class='ocrx_word' id='word_1_59' title='bbox 1750 954 1950 1017; x_wconf 91' lang='lat' dir='ltr'>quum</span> <span class='ocrx_word' id='word_1_60' title='bbox 1995 936 2175 1017; x_wconf 88' lang='lat' dir='ltr'>prius</span> 
     </span>
     <span class='ocr_line' id='line_1_10' title="bbox 518 1018 2174 1105; baseline 0.002 -21"><span class='ocrx_word' id='word_1_61' title='bbox 518 1031 647 1085; x_wconf 80' lang='lat' dir='ltr'>tam</span> <span class='ocrx_word' id='word_1_62' title='bbox 689 1023 1054 1105; x_wconf 85' lang='lat' dir='ltr'>portionem</span> <span class='ocrx_word' id='word_1_63' title='bbox 1100 1018 1432 1100; x_wconf 87' lang='lat' dir='ltr'>haberent,</span> <span class='ocrx_word' id='word_1_64' title='bbox 1491 1030 1709 1087; x_wconf 87' lang='lat' dir='ltr'>tamen</span> <span class='ocrx_word' id='word_1_65' title='bbox 1766 1019 2174 1087; x_wconf 88' lang='lat' dir='ltr'>emendicare</span> 
     </span>
     <span class='ocr_line' id='line_1_11' title="bbox 544 1103 2173 1190; baseline 0.002 -20"><span class='ocrx_word' id='word_1_66' title='bbox 544 1107 666 1172; x_wconf 90' lang='lat' dir='ltr'>Dei</span> <span class='ocrx_word' id='word_1_67' title='bbox 723 1106 961 1173; x_wconf 89' lang='lat' dir='ltr'>iudicio</span> <span class='ocrx_word' id='word_1_68' title='bbox 1013 1106 1218 1173; x_wconf 87' lang='lat' dir='ltr'>coacti</span> <span class='ocrx_word' id='word_1_69' title='bbox 1274 1114 1450 1184; x_wconf 90' lang='lat' dir='ltr'>sunt,</span> <span class='ocrx_word' id='word_1_70' title='bbox 1516 1103 1688 1189; x_wconf 90' lang='lat' dir='ltr'>quod</span> <span class='ocrx_word' id='word_1_71' title='bbox 1743 1104 1873 1170; x_wconf 91' lang='lat' dir='ltr'>Dei</span> <span class='ocrx_word' id='word_1_72' title='bbox 1928 1105 2173 1190; x_wconf 90' lang='lat' dir='ltr'>gloriae</span> 
     </span>
     <span class='ocr_line' id='line_1_12' title="bbox 486 1191 2172 1274; baseline 0 -17"><span class='ocrx_word' id='word_1_73' title='bbox 486 1209 499 1226; x_wconf 69' lang='lat'><em>⁶</em></span> <span class='ocrx_word' id='word_1_74' title='bbox 548 1213 662 1274; x_wconf 86' lang='lat' dir='ltr'>par</span> <span class='ocrx_word' id='word_1_75' title='bbox 695 1200 839 1258; x_wconf 89' lang='lat' dir='ltr'>erat</span> <span class='ocrx_word' id='word_1_76' title='bbox 879 1191 1301 1270; x_wconf 75' lang='lat' dir='ltr'>studuissent,</span> <span class='ocrx_word' id='word_1_77' title='bbox 1356 1193 1561 1257; x_wconf 88' lang='lat' dir='ltr'>vitam</span> <span class='ocrx_word' id='word_1_78' title='bbox 1619 1200 1911 1257; x_wconf 90' lang='lat' dir='ltr'>nostram</span> <span class='ocrx_word' id='word_1_79' title='bbox 1947 1212 1988 1256; x_wconf 90' lang='lat' dir='ltr'>a</span> <span class='ocrx_word' id='word_1_80' title='bbox 2030 1192 2172 1257; x_wconf 93' lang='lat' dir='ltr'>Deo</span> 
     </span>
     <span class='ocr_line' id='line_1_13' title="bbox 470 1273 2172 1361; baseline -0.001 -18"><span class='ocrx_word' id='word_1_81' title='bbox 470 1299 546 1352; x_wconf 74' lang='lat' dir='ltr'>-e,</span> <span class='ocrx_word' id='word_1_82' title='bbox 582 1279 763 1344; x_wconf 88' lang='lat' dir='ltr'>cuius</span> <span class='ocrx_word' id='word_1_83' title='bbox 796 1277 1029 1343; x_wconf 90' lang='lat' dir='ltr'>honori</span> <span class='ocrx_word' id='word_1_84' title='bbox 1070 1287 1138 1342; x_wconf 91' lang='lat' dir='ltr'>et</span> <span class='ocrx_word' id='word_1_85' title='bbox 1172 1277 1421 1361; x_wconf 88' lang='lat' dir='ltr'>gloriae</span> <span class='ocrx_word' id='word_1_86' title='bbox 1452 1273 1714 1343; x_wconf 88' lang='lat' dir='ltr'>studere</span> <span class='ocrx_word' id='word_1_87' title='bbox 1749 1298 1868 1343; x_wconf 92' lang='lat' dir='ltr'>nos</span> <span class='ocrx_word' id='word_1_88' title='bbox 1901 1284 2172 1359; x_wconf 80' lang='lat' dir='ltr'><strong>oportet,</strong></span> 
     </span>
     <span class='ocr_line' id='line_1_14' title="bbox 462 1360 2174 1445; baseline 0.002 -20"><span class='ocrx_word' id='word_1_89' title='bbox 462 1385 580 1426; x_wconf 65' lang='lat' dir='ltr'>ana</span> <span class='ocrx_word' id='word_1_90' title='bbox 622 1364 1005 1430; x_wconf 85' lang='lat' dir='ltr'>necessitate</span> <span class='ocrx_word' id='word_1_91' title='bbox 1043 1383 1266 1429; x_wconf 86' lang='lat' dir='ltr'>rerum</span> <span class='ocrx_word' id='word_1_92' title='bbox 1310 1384 1537 1429; x_wconf 90' lang='lat' dir='ltr'>earum</span> <span class='ocrx_word' id='word_1_93' title='bbox 1580 1382 1745 1445; x_wconf 89' lang='lat' dir='ltr'>quae</span> <span class='ocrx_word' id='word_1_94' title='bbox 1780 1362 1883 1427; x_wconf 91' lang='lat' dir='ltr'>vel</span> <span class='ocrx_word' id='word_1_95' title='bbox 1920 1360 2004 1428; x_wconf 90' lang='lat' dir='ltr'>ad</span> <span class='ocrx_word' id='word_1_96' title='bbox 2037 1384 2174 1429; x_wconf 87' lang='lat' dir='ltr'>cor-</span> 
     </span>
     <span class='ocr_line' id='line_1_15' title="bbox 444 1447 2171 1533; baseline 0.003 -25"><span class='ocrx_word' id='word_1_97' title='bbox 444 1453 535 1512; x_wconf 80' lang='lat' dir='ltr'>vel</span> <span class='ocrx_word' id='word_1_98' title='bbox 578 1448 660 1514; x_wconf 86' lang='lat' dir='ltr'>ad</span> <span class='ocrx_word' id='word_1_99' title='bbox 681 1449 976 1515; x_wconf 89' lang='lat' dir='ltr'>animum</span> <span class='ocrx_word' id='word_1_100' title='bbox 1012 1448 1343 1533; x_wconf 88' lang='lat' dir='ltr'>pertinent</span> <span class='ocrx_word' id='word_1_101' title='bbox 1384 1468 1753 1532; x_wconf 86' lang='lat' dir='ltr'>urgeamur,</span> <span class='ocrx_word' id='word_1_102' title='bbox 1799 1447 1881 1512; x_wconf 90' lang='lat' dir='ltr'>ad</span> <span class='ocrx_word' id='word_1_103' title='bbox 1905 1447 2171 1515; x_wconf 91' lang='lat' dir='ltr'>unicum</span> 
     </span>
     <span class='ocr_line' id='line_1_16' title="bbox 500 1532 2171 1620; baseline 0.001 -20"><span class='ocrx_word' id='word_1_104' title='bbox 500 1534 875 1620; x_wconf 72' lang='lat' dir='ltr'>confugere,</span> <span class='ocrx_word' id='word_1_105' title='bbox 954 1535 1138 1601; x_wconf 89' lang='lat' dir='ltr'>cuius</span> <span class='ocrx_word' id='word_1_106' title='bbox 1190 1544 1291 1600; x_wconf 88' lang='lat' dir='ltr'>est</span> <span class='ocrx_word' id='word_1_107' title='bbox 1346 1534 1539 1600; x_wconf 89' lang='lat' dir='ltr'>unius</span> <span class='ocrx_word' id='word_1_108' title='bbox 1615 1533 1925 1599; x_wconf 86' lang='lat' dir='ltr'>alimenta</span> <span class='ocrx_word' id='word_1_109' title='bbox 1986 1532 2171 1602; x_wconf 88' lang='lat' dir='ltr'>nobis</span> 
     </span>
     <span class='ocr_line' id='line_1_17' title="bbox 444 1618 2171 1704; baseline 0 -20"><span class='ocrx_word' id='word_1_110' title='bbox 444 1623 766 1687; x_wconf 80' lang='lat' dir='ltr'>mistrare:</span> <span class='ocrx_word' id='word_1_111' title='bbox 807 1641 1002 1704; x_wconf 90' lang='lat' dir='ltr'>quam</span> <span class='ocrx_word' id='word_1_112' title='bbox 1046 1619 1128 1685; x_wconf 93' lang='lat' dir='ltr'>ob</span> <span class='ocrx_word' id='word_1_113' title='bbox 1162 1640 1424 1687; x_wconf 88' lang='lat' dir='ltr'>causam</span> <span class='ocrx_word' id='word_1_114' title='bbox 1459 1618 1656 1684; x_wconf 89' lang='lat' dir='ltr'>etiam</span> <span class='ocrx_word' id='word_1_115' title='bbox 1680 1639 1808 1685; x_wconf 92' lang='lat' dir='ltr'>non</span> <span class='ocrx_word' id='word_1_116' title='bbox 1841 1618 2171 1686; x_wconf 90' lang='lat' dir='ltr'>immerito</span> 
     </span>
     <span class='ocr_line' id='line_1_18' title="bbox 444 1703 2172 1785; baseline 0.002 -19"><span class='ocrx_word' id='word_1_117' title='bbox 444 1727 623 1774; x_wconf 55' lang='lat' dir='ltr'>:trem</span> <span class='ocrx_word' id='word_1_118' title='bbox 677 1707 1047 1772; x_wconf 89' lang='lat' dir='ltr'>animarum</span> <span class='ocrx_word' id='word_1_119' title='bbox 1108 1713 1479 1772; x_wconf 86' lang='lat' dir='ltr'>nostrarum</span> <span class='ocrx_word' id='word_1_120' title='bbox 1541 1713 1745 1771; x_wconf 87' lang='lat' dir='ltr'>vocat.</span> <span class='ocrx_word' id='word_1_121' title='bbox 1835 1703 2060 1785; x_wconf 80' lang='lat' dir='ltr'>Quare</span> <span class='ocrx_word' id='word_1_122' title='bbox 2115 1706 2172 1771; x_wconf 92' lang='lat' dir='ltr'>si</span> 
     </span>
     <span class='ocr_line' id='line_1_19' title="bbox 430 1787 2169 1874; baseline -0.001 -16"><span class='ocrx_word' id='word_1_123' title='bbox 430 1825 495 1858; x_wconf 56' lang='lat' dir='ltr'>ee</span> <span class='ocrx_word' id='word_1_124' title='bbox 540 1791 878 1858; x_wconf 74' lang='lat' dir='ltr'><strong>facultates</strong></span> <span class='ocrx_word' id='word_1_125' title='bbox 935 1800 1003 1856; x_wconf 92' lang='lat' dir='ltr'>et</span> <span class='ocrx_word' id='word_1_126' title='bbox 1056 1811 1212 1874; x_wconf 91' lang='lat' dir='ltr'>opes</span> <span class='ocrx_word' id='word_1_127' title='bbox 1254 1789 1690 1867; x_wconf 87' lang='lat' dir='ltr'>habuerimus,</span> <span class='ocrx_word' id='word_1_128' title='bbox 1733 1787 2023 1856; x_wconf 90' lang='lat' dir='ltr'>eiusdem</span> <span class='ocrx_word' id='word_1_129' title='bbox 2063 1800 2169 1856; x_wconf 86' lang='lat' dir='ltr'>tu·</span> 
     </span>
     <span class='ocr_line' id='line_1_20' title="bbox 474 1874 2173 1960; baseline 0 -18"><span class='ocrx_word' id='word_1_130' title='bbox 474 1879 846 1944; x_wconf 79' lang='lat' dir='ltr'>commissos</span> <span class='ocrx_word' id='word_1_131' title='bbox 899 1877 1182 1943; x_wconf 88' lang='lat' dir='ltr'>sciamus</span> <span class='ocrx_word' id='word_1_132' title='bbox 1238 1897 1358 1942; x_wconf 89' lang='lat' dir='ltr'>nos</span> <span class='ocrx_word' id='word_1_133' title='bbox 1415 1877 1629 1960; x_wconf 89' lang='lat' dir='ltr'>quiete</span> <span class='ocrx_word' id='word_1_134' title='bbox 1686 1874 1816 1942; x_wconf 89' lang='lat' dir='ltr'>illis</span> <span class='ocrx_word' id='word_1_135' title='bbox 1871 1885 1940 1943; x_wconf 92' lang='lat' dir='ltr'>et</span> <span class='ocrx_word' id='word_1_136' title='bbox 1997 1886 2173 1942; x_wconf 87' lang='lat' dir='ltr'>tran·</span> 
     </span>
     <span class='ocr_line' id='line_1_21' title="bbox 428 1961 2172 2046; baseline 0.001 -20"><span class='ocrx_word' id='word_1_137' title='bbox 428 2015 445 2026; x_wconf 82' lang='lat'>.</span> <span class='ocrx_word' id='word_1_138' title='bbox 494 1964 841 2030; x_wconf 76' lang='lat' dir='ltr'>fruituros:</span> <span class='ocrx_word' id='word_1_139' title='bbox 886 1971 954 2028; x_wconf 90' lang='lat' dir='ltr'>et</span> <span class='ocrx_word' id='word_1_140' title='bbox 995 1973 1223 2029; x_wconf 88' lang='lat' dir='ltr'>contra</span> <span class='ocrx_word' id='word_1_141' title='bbox 1265 1962 1321 2030; x_wconf 91' lang='lat' dir='ltr'>si</span> <span class='ocrx_word' id='word_1_142' title='bbox 1364 1964 1639 2046; x_wconf 75' lang='lat' dir='ltr'>exiguae</span> <span class='ocrx_word' id='word_1_143' title='bbox 1680 1961 2040 2043; x_wconf 75' lang='lat' dir='ltr'><strong>facultates,</strong></span> <span class='ocrx_word' id='word_1_144' title='bbox 2074 1970 2172 2027; x_wconf 88' lang='lat' dir='ltr'>ta·</span> 
     </span>
     <span class='ocr_line' id='line_1_22' title="bbox 460 2045 2174 2134; baseline -0.001 -21"><span class='ocrx_word' id='word_1_145' title='bbox 460 2050 832 2134; x_wconf 54' lang='lat' dir='ltr'>vffecturum</span> <span class='ocrx_word' id='word_1_146' title='bbox 894 2058 964 2113; x_wconf 92' lang='lat' dir='ltr'>ut</span> <span class='ocrx_word' id='word_1_147' title='bbox 1019 2046 1276 2113; x_wconf 90' lang='lat' dir='ltr'>abunde</span> <span class='ocrx_word' id='word_1_148' title='bbox 1343 2046 1529 2113; x_wconf 85' lang='lat' dir='ltr'>nobie</span> <span class='ocrx_word' id='word_1_149' title='bbox 1593 2045 2028 2126; x_wconf 82' lang='lat' dir='ltr'>satisfaciant,</span> <span class='ocrx_word' id='word_1_150' title='bbox 2097 2052 2174 2113; x_wconf 90' lang='lat' dir='ltr'>ut</span> 
     </span>
     <span class='ocr_line' id='line_1_23' title="bbox 462 2132 2174 2219; baseline 0 -21"><span class='ocrx_word' id='word_1_151' title='bbox 462 2155 663 2219; x_wconf 49' lang='lat' dir='ltr'>inque</span> <span class='ocrx_word' id='word_1_152' title='bbox 720 2132 989 2200; x_wconf 85' lang='lat' dir='ltr'>tandem</span> <span class='ocrx_word' id='word_1_153' title='bbox 1055 2142 1279 2199; x_wconf 86' lang='lat' dir='ltr'>nostra</span> <span class='ocrx_word' id='word_1_154' title='bbox 1343 2134 1542 2199; x_wconf 82' lang='lat' dir='ltr'>fuerit</span> <span class='ocrx_word' id='word_1_155' title='bbox 1604 2132 1908 2211; x_wconf 88' lang='lat' dir='ltr'>conditio,</span> <span class='ocrx_word' id='word_1_156' title='bbox 1988 2133 2174 2199; x_wconf 89' lang='lat' dir='ltr'>nobis</span> 
     </span>
     <span class='ocr_line' id='line_1_24' title="bbox 480 2216 2174 2299; baseline 0 -17"><span class='ocrx_word' id='word_1_157' title='bbox 480 2243 533 2285; x_wconf 80' lang='lat' dir='ltr'>m</span> <span class='ocrx_word' id='word_1_158' title='bbox 576 2220 675 2285; x_wconf 89' lang='lat' dir='ltr'>illi</span> <span class='ocrx_word' id='word_1_159' title='bbox 718 2221 1036 2287; x_wconf 83' lang='lat' dir='ltr'>honorem</span> <span class='ocrx_word' id='word_1_160' title='bbox 1076 2229 1143 2286; x_wconf 90' lang='lat' dir='ltr'>et</span> <span class='ocrx_word' id='word_1_161' title='bbox 1184 2218 1430 2284; x_wconf 86' lang='lat' dir='ltr'>cultum</span> <span class='ocrx_word' id='word_1_162' title='bbox 1474 2216 1949 2299; x_wconf 86' lang='lat' dir='ltr'>exhibentibus,</span> <span class='ocrx_word' id='word_1_163' title='bbox 2006 2217 2174 2284; x_wconf 84' lang='lat' dir='ltr'>nihil</span> 
     </span>
     <span class='ocr_line' id='line_1_25' title="bbox 474 2304 2177 2389; baseline 0.001 -21"><span class='ocrx_word' id='word_1_164' title='bbox 474 2328 528 2369; x_wconf 79' lang='lat' dir='ltr'>m</span> <span class='ocrx_word' id='word_1_165' title='bbox 573 2327 804 2372; x_wconf 90' lang='lat' dir='ltr'>eorum</span> <span class='ocrx_word' id='word_1_166' title='bbox 846 2326 1013 2389; x_wconf 86' lang='lat' dir='ltr'>quae</span> <span class='ocrx_word' id='word_1_167' title='bbox 1070 2304 1154 2370; x_wconf 89' lang='lat' dir='ltr'>ad</span> <span class='ocrx_word' id='word_1_168' title='bbox 1203 2306 1404 2372; x_wconf 87' lang='lat' dir='ltr'>vitam</span> <span class='ocrx_word' id='word_1_169' title='bbox 1458 2304 1771 2371; x_wconf 90' lang='lat' dir='ltr'>tuendam</span> <span class='ocrx_word' id='word_1_170' title='bbox 1812 2304 2177 2370; x_wconf 89' lang='lat' dir='ltr'>necessaria</span> 
     </span>
     <span class='ocr_line' id='line_1_26' title="bbox 466 2388 2173 2473; baseline 0 -18"><span class='ocrx_word' id='word_1_171' title='bbox 466 2391 859 2458; x_wconf 80' lang='lat' dir='ltr'>lefuturum:</span> <span class='ocrx_word' id='word_1_172' title='bbox 905 2403 974 2458; x_wconf 90' lang='lat' dir='ltr'>et</span> <span class='ocrx_word' id='word_1_173' title='bbox 1013 2399 1263 2470; x_wconf 90' lang='lat' dir='ltr'>eontra,</span> <span class='ocrx_word' id='word_1_174' title='bbox 1300 2390 1381 2456; x_wconf 89' lang='lat' dir='ltr'>ab</span> <span class='ocrx_word' id='word_1_175' title='bbox 1425 2390 1566 2457; x_wconf 92' lang='lat' dir='ltr'>eius</span> <span class='ocrx_word' id='word_1_176' title='bbox 1609 2388 1969 2473; x_wconf 87' lang='lat' dir='ltr'>patrocinio</span> <span class='ocrx_word' id='word_1_177' title='bbox 2004 2409 2173 2456; x_wconf 89' lang='lat' dir='ltr'>rece·</span> 
     </span>
     <span class='ocr_line' id='line_1_27' title="bbox 430 2476 2175 2558; baseline 0.002 -18"><span class='ocrx_word' id='word_1_178' title='bbox 430 2479 537 2541; x_wconf 74' lang='lat' dir='ltr'>&#39;us</span> <span class='ocrx_word' id='word_1_179' title='bbox 589 2487 655 2543; x_wconf 88' lang='lat' dir='ltr'>et</span> <span class='ocrx_word' id='word_1_180' title='bbox 708 2476 930 2543; x_wconf 88' lang='lat' dir='ltr'>debita</span> <span class='ocrx_word' id='word_1_181' title='bbox 984 2476 1355 2544; x_wconf 87' lang='lat' dir='ltr'>reverentia</span> <span class='ocrx_word' id='word_1_182' title='bbox 1409 2494 1485 2543; x_wconf 90' lang='lat' dir='ltr'>ao</span> <span class='ocrx_word' id='word_1_183' title='bbox 1541 2477 1726 2543; x_wconf 91' lang='lat' dir='ltr'>cultu</span> <span class='ocrx_word' id='word_1_184' title='bbox 1783 2476 1998 2558; x_wconf 90' lang='lat' dir='ltr'>ipsum</span> <span class='ocrx_word' id='word_1_185' title='bbox 2042 2497 2175 2543; x_wconf 90' lang='lat' dir='ltr'>non</span> 
     </span>
     <span class='ocr_line' id='line_1_28' title="bbox 440 2561 2171 2647; baseline 0.001 -20"><span class='ocrx_word' id='word_1_186' title='bbox 440 2563 790 2647; x_wconf 53' lang='lat' dir='ltr'>quentibus,</span> <span class='ocrx_word' id='word_1_187' title='bbox 848 2562 1138 2629; x_wconf 82' lang='lat' dir='ltr'>infausta</span> <span class='ocrx_word' id='word_1_188' title='bbox 1195 2570 1263 2628; x_wconf 90' lang='lat' dir='ltr'>et</span> <span class='ocrx_word' id='word_1_189' title='bbox 1318 2561 1605 2629; x_wconf 77' lang='lat' dir='ltr'>infelicia.</span> <span class='ocrx_word' id='word_1_190' title='bbox 1658 2561 1881 2628; x_wconf 91' lang='lat' dir='ltr'>omnia</span> <span class='ocrx_word' id='word_1_191' title='bbox 1931 2562 2171 2640; x_wconf 84' lang='lat' dir='ltr'>futura,</span> 
     </span>
     <span class='ocr_line' id='line_1_29' title="bbox 442 2644 2174 2732; baseline 0.002 -22"><span class='ocrx_word' id='word_1_192' title='bbox 442 2669 533 2712; x_wconf 56' lang='lat' dir='ltr'>v:as</span> <span class='ocrx_word' id='word_1_193' title='bbox 586 2659 847 2716; x_wconf 91' lang='lat' dir='ltr'>nostras</span> <span class='ocrx_word' id='word_1_194' title='bbox 902 2648 1244 2715; x_wconf 79' lang='lat' dir='ltr'>facultates</span> <span class='ocrx_word' id='word_1_195' title='bbox 1302 2645 1388 2712; x_wconf 87' lang='lat' dir='ltr'>ad</span> <span class='ocrx_word' id='word_1_196' title='bbox 1442 2647 1720 2714; x_wconf 89' lang='lat' dir='ltr'>nihilum</span> <span class='ocrx_word' id='word_1_197' title='bbox 1785 2644 2174 2732; x_wconf 78' lang='lat' dir='ltr'>redigendae</span> 
     </span>
     <span class='ocr_line' id='line_1_30' title="bbox 428 2735 802 2802; baseline 0.008 -6"><span class='ocrx_word' id='word_1_198' title='bbox 428 2735 532 2797; x_wconf 66' lang='lat' dir='ltr'>*risi</span> <span class='ocrx_word' id='word_1_199' title='bbox 573 2737 802 2802; x_wconf 89' lang='lat' dir='ltr'>simus.</span> 
     </span>
     <span class='ocr_line' id='line_1_31' title="bbox 422 2819 1235 2906; baseline 0.004 -23"><span class='ocrx_word' id='word_1_200' title='bbox 422 2820 543 2885; x_wconf 55' lang='lat' dir='ltr'>&lt;ed</span> <span class='ocrx_word' id='word_1_201' title='bbox 586 2824 783 2906; x_wconf 82' lang='lat' dir='ltr'>agite,</span> <span class='ocrx_word' id='word_1_202' title='bbox 826 2819 1087 2897; x_wconf 82' lang='lat' dir='ltr'>fratres,</span> <span class='ocrx_word' id='word_1_203' title='bbox 1130 2823 1235 2886; x_wconf 71' lang='lat' dir='ltr'>eto.</span> 
     </span>
    </p>
   </div>
   <div class='ocr_carea' id='block_1_7' title="bbox 814 3110 1603 3315">
    <p class='ocr_par' dir='ltr' id='par_1_7' title="bbox 814 3110 1603 3315">
     <span class='ocr_line' id='line_1_32' title="bbox 814 3110 1603 3194; baseline 0.001 -1"><span class='ocrx_word' id='word_1_204' title='bbox 814 3110 1316 3194; x_wconf 86' lang='lat' dir='ltr'><strong>HOMILIA</strong></span> <span class='ocrx_word' id='word_1_205' title='bbox 1366 3111 1603 3194; x_wconf 88' lang='lat' dir='ltr'><strong>XIII.</strong></span> 
     </span>
     <span class='ocr_line' id='line_1_33' title="bbox 1028 3247 1398 3315; baseline 0 -1"><span class='ocrx_word' id='word_1_206' title='bbox 1028 3247 1227 3315; x_wconf 82' lang='lat' dir='ltr'>OAP.</span> <span class='ocrx_word' id='word_1_207' title='bbox 1269 3247 1398 3314; x_wconf 87' lang='lat' dir='ltr'><strong>III.</strong></span> 
     </span>
    </p>
   </div>
   <div class='ocr_carea' id='block_1_8' title="bbox 326 3416 2172 5302">
    <p class='ocr_par' dir='ltr' id='par_1_8' title="bbox 374 3416 2172 4272">
     <span class='ocr_line' id='line_1_34' title="bbox 426 3416 2171 3489; baseline 0.005 -8"><span class='ocrx_word' id='word_1_208' title='bbox 426 3421 472 3480; x_wconf 80' lang='lat' dir='ltr'>l.</span> <span class='ocrx_word' id='word_1_209' title='bbox 532 3418 709 3485; x_wconf 83' lang='lat' dir='ltr'>Puer</span> <span class='ocrx_word' id='word_1_210' title='bbox 767 3422 977 3484; x_wconf 76' lang='lat' dir='ltr'>autem</span> <span class='ocrx_word' id='word_1_211' title='bbox 1021 3416 1279 3486; x_wconf 77' lang='lat' dir='ltr'>Samuel</span> <span class='ocrx_word' id='word_1_212' title='bbox 1318 3419 1716 3486; x_wconf 74' lang='lat' dir='ltr'>ministrabat</span> <span class='ocrx_word' id='word_1_213' title='bbox 1755 3421 2031 3489; x_wconf 77' lang='lat' dir='ltr'>Domino</span> <span class='ocrx_word' id='word_1_214' title='bbox 2071 3442 2171 3489; x_wconf 89' lang='lat' dir='ltr'>co·</span> 
     </span>
     <span class='ocr_line' id='line_1_35' title="bbox 432 3502 2172 3586; baseline 0.003 -17"><span class='ocrx_word' id='word_1_215' title='bbox 432 3502 588 3586; x_wconf 80' lang='lat' dir='ltr'>Heli,</span> <span class='ocrx_word' id='word_1_216' title='bbox 643 3510 702 3571; x_wconf 81' lang='lat' dir='ltr'>et</span> <span class='ocrx_word' id='word_1_217' title='bbox 757 3524 965 3571; x_wconf 79' lang='lat' dir='ltr'>sermo</span> <span class='ocrx_word' id='word_1_218' title='bbox 1007 3505 1275 3572; x_wconf 79' lang='lat' dir='ltr'>Domini</span> <span class='ocrx_word' id='word_1_219' title='bbox 1315 3511 1449 3572; x_wconf 78' lang='lat' dir='ltr'>erat</span> <span class='ocrx_word' id='word_1_220' title='bbox 1478 3505 1797 3586; x_wconf 71' lang='lat' dir='ltr'>pretiosus</span> <span class='ocrx_word' id='word_1_221' title='bbox 1839 3509 1911 3574; x_wconf 80' lang='lat' dir='ltr'>in</span> <span class='ocrx_word' id='word_1_222' title='bbox 1952 3507 2172 3574; x_wconf 77' lang='lat' dir='ltr'>diebus</span> 
     </span>
     <span class='ocr_line' id='line_1_36' title="bbox 392 3591 2171 3678; baseline 0.006 -28"><span class='ocrx_word' id='word_1_223' title='bbox 392 3639 401 3650; x_wconf 93' lang='lat'>.</span> <span class='ocrx_word' id='word_1_224' title='bbox 454 3610 566 3656; x_wconf 87' lang='lat' dir='ltr'>non</span> <span class='ocrx_word' id='word_1_225' title='bbox 622 3595 761 3659; x_wconf 79' lang='lat' dir='ltr'>erat</span> <span class='ocrx_word' id='word_1_226' title='bbox 819 3591 981 3656; x_wconf 72' lang='lat' dir='ltr'>visio</span> <span class='ocrx_word' id='word_1_227' title='bbox 1034 3591 1392 3674; x_wconf 65' lang='lat' dir='ltr'>manifesta.</span> <span class='ocrx_word' id='word_1_228' title='bbox 1478 3591 1542 3657; x_wconf 83' lang='lat'>2.</span> <span class='ocrx_word' id='word_1_229' title='bbox 1590 3591 1856 3659; x_wconf 71' lang='lat' dir='ltr'>Factum</span> <span class='ocrx_word' id='word_1_230' title='bbox 1895 3599 1988 3660; x_wconf 78' lang='lat' dir='ltr'>est</span> <span class='ocrx_word' id='word_1_231' title='bbox 2026 3613 2171 3678; x_wconf 71' lang='lat' dir='ltr'>erqo</span> 
     </span>
     <span class='ocr_line' id='line_1_37' title="bbox 386 3669 2172 3761; baseline 0.005 -25"><span class='ocrx_word' id='word_1_232' title='bbox 386 3677 461 3738; x_wconf 73' lang='lat' dir='ltr'>n&#39;e</span> <span class='ocrx_word' id='word_1_233' title='bbox 496 3676 804 3759; x_wconf 78' lang='lat' dir='ltr'>quadam.-</span> <span class='ocrx_word' id='word_1_234' title='bbox 846 3669 1000 3742; x_wconf 82' lang='lat' dir='ltr'>Heli</span> <span class='ocrx_word' id='word_1_235' title='bbox 1040 3677 1282 3744; x_wconf 78' lang='lat' dir='ltr'>iacebat</span> <span class='ocrx_word' id='word_1_236' title='bbox 1323 3678 1394 3743; x_wconf 77' lang='lat' dir='ltr'>in</span> <span class='ocrx_word' id='word_1_237' title='bbox 1433 3676 1562 3744; x_wconf 85' lang='lat' dir='ltr'>loco</span> <span class='ocrx_word' id='word_1_238' title='bbox 1602 3698 1737 3757; x_wconf 80' lang='lat' dir='ltr'>suo,</span> <span class='ocrx_word' id='word_1_239' title='bbox 1779 3699 1887 3746; x_wconf 83' lang='lat' dir='ltr'>nec</span> <span class='ocrx_word' id='word_1_240' title='bbox 1915 3682 2172 3761; x_wconf 75' lang='lat' dir='ltr'>poterat</span> 
     </span>
     <span class='ocr_line' id='line_1_38' title="bbox 392 3761 2166 3849; baseline 0.005 -27"><span class='ocrx_word' id='word_1_241' title='bbox 392 3780 464 3823; x_wconf 80' lang='lat' dir='ltr'>re.</span> <span class='ocrx_word' id='word_1_242' title='bbox 563 3762 625 3827; x_wconf 84' lang='lat'>3.</span> <span class='ocrx_word' id='word_1_243' title='bbox 704 3764 765 3827; x_wconf 80' lang='lat' dir='ltr'><strong><em>A</em></strong></span> <span class='ocrx_word' id='word_1_244' title='bbox 1139 3763 1395 3829; x_wconf 74' lang='lat' dir='ltr'>lucerna</span> <span class='ocrx_word' id='word_1_245' title='bbox 1457 3761 1587 3829; x_wconf 79' lang='lat' dir='ltr'>Dei</span> <span class='ocrx_word' id='word_1_246' title='bbox 1660 3766 2166 3849; x_wconf 72' lang='lat' dir='ltr'>exstinqueretur,</span> 
     </span>
     <span class='ocr_line' id='line_1_39' title="bbox 378 3845 2169 3933; baseline 0.004 -26"><span class='ocrx_word' id='word_1_247' title='bbox 378 3845 497 3911; x_wconf 50' lang='lat' dir='ltr'>:auel</span> <span class='ocrx_word' id='word_1_248' title='bbox 540 3846 891 3914; x_wconf 75' lang='lat' dir='ltr'>dormiebat</span> <span class='ocrx_word' id='word_1_249' title='bbox 940 3849 1013 3913; x_wconf 80' lang='lat' dir='ltr'>in</span> <span class='ocrx_word' id='word_1_250' title='bbox 1069 3849 1292 3930; x_wconf 67' lang='lat' dir='ltr'>ternplo</span> <span class='ocrx_word' id='word_1_251' title='bbox 1335 3848 1622 3933; x_wconf 80' lang='lat' dir='ltr'>Domini,</span> <span class='ocrx_word' id='word_1_252' title='bbox 1685 3848 1795 3916; x_wconf 78' lang='lat' dir='ltr'>ubi</span> <span class='ocrx_word' id='word_1_253' title='bbox 1837 3855 1974 3916; x_wconf 82' lang='lat' dir='ltr'>erat</span> <span class='ocrx_word' id='word_1_254' title='bbox 2013 3869 2169 3917; x_wconf 83' lang='lat' dir='ltr'>arca</span> 
     </span>
     <span class='ocr_line' id='line_1_40' title="bbox 390 3932 2167 4018; baseline 0.002 -20"><span class='ocrx_word' id='word_1_255' title='bbox 390 3978 403 3991; x_wconf 84' lang='lat'>.</span> <span class='ocrx_word' id='word_1_256' title='bbox 455 3932 511 3998; x_wconf 84' lang='lat'>4.</span> <span class='ocrx_word' id='word_1_257' title='bbox 549 3933 639 3999; x_wconf 80' lang='lat' dir='ltr'>Et</span> <span class='ocrx_word' id='word_1_258' title='bbox 678 3933 922 4000; x_wconf 79' lang='lat' dir='ltr'>vocavit</span> <span class='ocrx_word' id='word_1_259' title='bbox 942 3933 1255 4000; x_wconf 63' lang='lat' dir='ltr'>Dominus</span> <span class='ocrx_word' id='word_1_260' title='bbox 1300 3932 1581 4000; x_wconf 86' lang='lat' dir='ltr'>Samuel.-</span> <span class='ocrx_word' id='word_1_261' title='bbox 1629 3935 1752 4017; x_wconf 78' lang='lat' dir='ltr'>Qui</span> <span class='ocrx_word' id='word_1_262' title='bbox 1791 3936 2167 4018; x_wconf 72' lang='lat' dir='ltr'>respondens</span> 
     </span>
     <span class='ocr_line' id='line_1_41' title="bbox 416 4015 2167 4103; baseline 0.003 -20"><span class='ocrx_word' id='word_1_263' title='bbox 416 4015 557 4086; x_wconf 78' lang='lat' dir='ltr'>Ecce</span> <span class='ocrx_word' id='word_1_264' title='bbox 595 4040 721 4103; x_wconf 72' lang='lat' dir='ltr'>eqo.</span> <span class='ocrx_word' id='word_1_265' title='bbox 792 4018 853 4084; x_wconf 84' lang='lat'>5.</span> <span class='ocrx_word' id='word_1_266' title='bbox 899 4018 989 4085; x_wconf 80' lang='lat' dir='ltr'>Et</span> <span class='ocrx_word' id='word_1_267' title='bbox 1028 4020 1303 4086; x_wconf 76' lang='lat' dir='ltr'>cucurrit</span> <span class='ocrx_word' id='word_1_268' title='bbox 1341 4020 1427 4086; x_wconf 79' lang='lat' dir='ltr'>ad</span> <span class='ocrx_word' id='word_1_269' title='bbox 1469 4019 1637 4103; x_wconf 78' lang='lat' dir='ltr'>Heli,</span> <span class='ocrx_word' id='word_1_270' title='bbox 1679 4025 1736 4087; x_wconf 78' lang='lat' dir='ltr'>et</span> <span class='ocrx_word' id='word_1_271' title='bbox 1772 4021 1967 4088; x_wconf 70' lang='lat' dir='ltr'>de‘oeit:</span> <span class='ocrx_word' id='word_1_272' title='bbox 2006 4020 2167 4088; x_wconf 77' lang='lat' dir='ltr'>Ecce</span> 
     </span>
     <span class='ocr_line' id='line_1_42' title="bbox 374 4104 2168 4259; baseline 0.004 -7"><span class='ocrx_word' id='word_1_273' title='bbox 374 4107 681 4257; x_wconf 32' lang='lat' dir='ltr'>‘aa‘</span> <span class='ocrx_word' id='word_1_274' title='bbox 677 4104 1231 4257; x_wconf 47' lang='lat' dir='ltr'>:necem</span> <span class='ocrx_word' id='word_1_275' title='bbox 1265 4105 1657 4257; x_wconf 57' lang='lat' dir='ltr'>:m</span> <span class='ocrx_word' id='word_1_276' title='bbox 1675 4127 2168 4259; x_wconf 51' lang='lat' dir='ltr'>mcc-2.</span> 
     </span>
     <span class='ocr_line' id='line_1_43' title="bbox 710 4240 1736 4272; baseline 0.001 -16"><span class='ocrx_word' id='word_1_277' title='bbox 710 4241 726 4256; x_wconf 93' lang='lat'>.</span> <span class='ocrx_word' id='word_1_278' title='bbox 1114 4240 1131 4272; x_wconf 93' lang='lat'>,</span> <span class='ocrx_word' id='word_1_279' title='bbox 1571 4242 1586 4257; x_wconf 92' lang='lat'><strong>.</strong></span> <span class='ocrx_word' id='word_1_280' title='bbox 1719 4240 1736 4256; x_wconf 92' lang='lat'>.</span> 
     </span>
    </p>

    <p class='ocr_par' dir='ltr' id='par_1_9' title="bbox 326 4273 2168 5302">
     <span class='ocr_line' id='line_1_44' title="bbox 368 4273 2166 4362; baseline 0.003 -24"><span class='ocrx_word' id='word_1_281' title='bbox 368 4273 559 4342; x_wconf 65' lang='lat' dir='ltr'>atinus</span> <span class='ocrx_word' id='word_1_282' title='bbox 613 4295 884 4343; x_wconf 77' lang='lat' dir='ltr'>rursum</span> <span class='ocrx_word' id='word_1_283' title='bbox 936 4298 1152 4345; x_wconf 85' lang='lat' dir='ltr'>vocare</span> <span class='ocrx_word' id='word_1_284' title='bbox 1194 4274 1558 4343; x_wconf 75' lang='lat' dir='ltr'>Samuelem.</span> <span class='ocrx_word' id='word_1_285' title='bbox 1651 4276 2166 4362; x_wconf 70' lang='lat' dir='ltr'>Consuryenequc</span> 
     </span>
     <span class='ocr_line' id='line_1_45' title="bbox 376 4359 2164 4447; baseline 0.004 -26"><span class='ocrx_word' id='word_1_286' title='bbox 376 4359 506 4425; x_wconf 61' lang='lat' dir='ltr'>rauel</span> <span class='ocrx_word' id='word_1_287' title='bbox 543 4360 699 4427; x_wconf 72' lang='lat' dir='ltr'>abiit</span> <span class='ocrx_word' id='word_1_288' title='bbox 740 4362 1023 4442; x_wconf 79' lang='lat' dir='ltr'>adHeli,</span> <span class='ocrx_word' id='word_1_289' title='bbox 1066 4366 1125 4428; x_wconf 79' lang='lat' dir='ltr'>et</span> <span class='ocrx_word' id='word_1_290' title='bbox 1159 4362 1363 4430; x_wconf 71' lang='lat' dir='ltr'>diaeit:</span> <span class='ocrx_word' id='word_1_291' title='bbox 1405 4361 1565 4430; x_wconf 83' lang='lat' dir='ltr'>Ecce</span> <span class='ocrx_word' id='word_1_292' title='bbox 1597 4383 1735 4447; x_wconf 76' lang='lat' dir='ltr'>eya:</span> <span class='ocrx_word' id='word_1_293' title='bbox 1766 4364 2164 4445; x_wconf 76' lang='lat' dir='ltr'>quiavocasti</span> 
     </span>
     <span class='ocr_line' id='line_1_46' title="bbox 454 4445 2163 4530; baseline 0.002 -19"><span class='ocrx_word' id='word_1_294' title='bbox 454 4445 571 4527; x_wconf 79' lang='lat' dir='ltr'>Qui</span> <span class='ocrx_word' id='word_1_295' title='bbox 609 4449 948 4530; x_wconf 67' lang='lat' dir='ltr'>respondit,</span> <span class='ocrx_word' id='word_1_296' title='bbox 1005 4468 1130 4516; x_wconf 87' lang='lat' dir='ltr'>non</span> <span class='ocrx_word' id='word_1_297' title='bbox 1182 4449 1394 4515; x_wconf 76' lang='lat' dir='ltr'>vocavi</span> <span class='ocrx_word' id='word_1_298' title='bbox 1451 4453 1523 4529; x_wconf 77' lang='lat' dir='ltr'>te,</span> <span class='ocrx_word' id='word_1_299' title='bbox 1575 4448 1675 4530; x_wconf 75' lang='lat' dir='ltr'>fili</span> <span class='ocrx_word' id='word_1_300' title='bbox 1691 4473 1711 4514; x_wconf 93' lang='lat'>.·</span> <span class='ocrx_word' id='word_1_301' title='bbox 1765 4455 2067 4515; x_wconf 80' lang='lat' dir='ltr'>revertere</span> <span class='ocrx_word' id='word_1_302' title='bbox 2107 4454 2163 4514; x_wconf 79' lang='lat' dir='ltr'>et</span> 
     </span>
     <span class='ocr_line' id='line_1_47' title="bbox 370 4530 2159 4614; baseline 0.003 -20"><span class='ocrx_word' id='word_1_303' title='bbox 370 4530 475 4594; x_wconf 77' lang='lat' dir='ltr'>mi.</span> <span class='ocrx_word' id='word_1_304' title='bbox 558 4532 618 4597; x_wconf 77' lang='lat'>7.</span> <span class='ocrx_word' id='word_1_305' title='bbox 662 4532 869 4600; x_wconf 82' lang='lat' dir='ltr'>Porro</span> <span class='ocrx_word' id='word_1_306' title='bbox 914 4533 1170 4601; x_wconf 79' lang='lat' dir='ltr'>Samuel</span> <span class='ocrx_word' id='word_1_307' title='bbox 1209 4534 1469 4601; x_wconf 81' lang='lat' dir='ltr'>necdum</span> <span class='ocrx_word' id='word_1_308' title='bbox 1523 4534 1752 4601; x_wconf 73' lang='lat' dir='ltr'>sciebat</span> <span class='ocrx_word' id='word_1_309' title='bbox 1790 4535 2159 4614; x_wconf 82' lang='lat' dir='ltr'>Dominum,</span> 
     </span>
     <span class='ocr_line' id='line_1_48' title="bbox 404 4616 2162 4703; baseline 0.002 -21"><span class='ocrx_word' id='word_1_310' title='bbox 404 4616 694 4685; x_wconf 75' lang='lat' dir='ltr'>revelatus</span> <span class='ocrx_word' id='word_1_311' title='bbox 733 4620 947 4703; x_wconf 80' lang='lat' dir='ltr'>fuerat</span> <span class='ocrx_word' id='word_1_312' title='bbox 985 4621 1048 4686; x_wconf 77' lang='lat' dir='ltr'>ei</span> <span class='ocrx_word' id='word_1_313' title='bbox 1087 4639 1288 4686; x_wconf 75' lang='lat' dir='ltr'>sermo</span> <span class='ocrx_word' id='word_1_314' title='bbox 1328 4619 1614 4687; x_wconf 78' lang='lat' dir='ltr'>Domini.</span> <span class='ocrx_word' id='word_1_315' title='bbox 1701 4621 1762 4686; x_wconf 91' lang='lat'>8.</span> <span class='ocrx_word' id='word_1_316' title='bbox 1805 4618 1895 4685; x_wconf 78' lang='lat' dir='ltr'>Et</span> <span class='ocrx_word' id='word_1_317' title='bbox 1934 4621 2162 4687; x_wconf 73' lang='lat' dir='ltr'>adiecit</span> 
     </span>
     <span class='ocr_line' id='line_1_49' title="bbox 354 4701 2161 4787; baseline 0.004 -22"><span class='ocrx_word' id='word_1_318' title='bbox 354 4701 574 4784; x_wconf 58' lang='lat' dir='ltr'>munus,</span> <span class='ocrx_word' id='word_1_319' title='bbox 635 4710 691 4770; x_wconf 80' lang='lat' dir='ltr'>et</span> <span class='ocrx_word' id='word_1_320' title='bbox 753 4706 990 4774; x_wconf 70' lang='lat' dir='ltr'>vocavit</span> <span class='ocrx_word' id='word_1_321' title='bbox 1053 4705 1257 4772; x_wconf 74' lang='lat' dir='ltr'>adhuc</span> <span class='ocrx_word' id='word_1_322' title='bbox 1320 4703 1673 4773; x_wconf 78' lang='lat' dir='ltr'>Samuelem</span> <span class='ocrx_word' id='word_1_323' title='bbox 1733 4707 1927 4773; x_wconf 75' lang='lat' dir='ltr'>tertio.</span> <span class='ocrx_word' id='word_1_324' title='bbox 2035 4704 2161 4787; x_wconf 78' lang='lat' dir='ltr'>Qui</span> 
     </span>
     <span class='ocr_line' id='line_1_50' title="bbox 358 4789 2158 4874; baseline 0.002 -22"><span class='ocrx_word' id='word_1_325' title='bbox 358 4805 612 4871; x_wconf 60' lang='lat' dir='ltr'>*wqene</span> <span class='ocrx_word' id='word_1_326' title='bbox 650 4789 812 4858; x_wconf 77' lang='lat' dir='ltr'>abiit</span> <span class='ocrx_word' id='word_1_327' title='bbox 852 4792 938 4858; x_wconf 78' lang='lat' dir='ltr'>ad</span> <span class='ocrx_word' id='word_1_328' title='bbox 984 4791 1150 4871; x_wconf 78' lang='lat' dir='ltr'>Heli,</span> <span class='ocrx_word' id='word_1_329' title='bbox 1194 4795 1249 4857; x_wconf 77' lang='lat' dir='ltr'>et</span> <span class='ocrx_word' id='word_1_330' title='bbox 1291 4792 1416 4859; x_wconf 75' lang='lat' dir='ltr'>ait.-</span> <span class='ocrx_word' id='word_1_331' title='bbox 1471 4791 1631 4857; x_wconf 83' lang='lat' dir='ltr'>Eece</span> <span class='ocrx_word' id='word_1_332' title='bbox 1671 4811 1796 4874; x_wconf 73' lang='lat' dir='ltr'>eqo,</span> <span class='ocrx_word' id='word_1_333' title='bbox 1853 4792 2011 4873; x_wconf 78' lang='lat' dir='ltr'>quia</span> <span class='ocrx_word' id='word_1_334' title='bbox 2049 4810 2158 4858; x_wconf 80' lang='lat' dir='ltr'>vo·</span> 
     </span>
     <span class='ocr_line' id='line_1_51' title="bbox 346 4873 2163 4961; baseline 0.006 -29"><span class='ocrx_word' id='word_1_335' title='bbox 346 4873 416 4935; x_wconf 72' lang='lat' dir='ltr'>..ti</span> <span class='ocrx_word' id='word_1_336' title='bbox 450 4894 557 4939; x_wconf 81' lang='lat' dir='ltr'>me.</span> <span class='ocrx_word' id='word_1_337' title='bbox 638 4876 959 4944; x_wconf 73' lang='lat' dir='ltr'>Intellexit</span> <span class='ocrx_word' id='word_1_338' title='bbox 999 4897 1140 4961; x_wconf 70' lang='lat' dir='ltr'>erqo</span> <span class='ocrx_word' id='word_1_339' title='bbox 1183 4876 1334 4943; x_wconf 80' lang='lat' dir='ltr'>Heli</span> <span class='ocrx_word' id='word_1_340' title='bbox 1373 4877 1527 4960; x_wconf 76' lang='lat' dir='ltr'>quia</span> <span class='ocrx_word' id='word_1_341' title='bbox 1565 4877 1884 4944; x_wconf 74' lang='lat' dir='ltr'>Dominus</span> <span class='ocrx_word' id='word_1_342' title='bbox 1925 4880 2163 4943; x_wconf 79' lang='lat' dir='ltr'>vocaret</span> 
     </span>
     <span class='ocr_line' id='line_1_52' title="bbox 338 4960 2162 5031; baseline 0.004 -11"><span class='ocrx_word' id='word_1_343' title='bbox 338 4976 526 5022; x_wconf 51' lang='lat' dir='ltr'>aum.</span> <span class='ocrx_word' id='word_1_344' title='bbox 609 4962 670 5027; x_wconf 80' lang='lat'>9.</span> <span class='ocrx_word' id='word_1_345' title='bbox 717 4962 809 5030; x_wconf 82' lang='lat' dir='ltr'>Et</span> <span class='ocrx_word' id='word_1_346' title='bbox 862 4963 957 5028; x_wconf 79' lang='lat' dir='ltr'>ait</span> <span class='ocrx_word' id='word_1_347' title='bbox 1009 4964 1095 5030; x_wconf 83' lang='lat' dir='ltr'>ad</span> <span class='ocrx_word' id='word_1_348' title='bbox 1139 4960 1515 5031; x_wconf 78' lang='lat' dir='ltr'>Samuelem:</span> <span class='ocrx_word' id='word_1_349' title='bbox 1587 4962 1757 5028; x_wconf 80' lang='lat' dir='ltr'>Vade</span> <span class='ocrx_word' id='word_1_350' title='bbox 1811 4966 1868 5028; x_wconf 79' lang='lat' dir='ltr'>et</span> <span class='ocrx_word' id='word_1_351' title='bbox 1921 4963 2162 5030; x_wconf 80' lang='lat' dir='ltr'>dormi.-</span> 
     </span>
     <span class='ocr_line' id='line_1_53' title="bbox 368 5043 2160 5136; baseline 0.006 -30"><span class='ocrx_word' id='word_1_352' title='bbox 368 5043 433 5136; x_wconf 32' lang='grc' dir='ltr'>,εἰ</span> <span class='ocrx_word' id='word_1_353' title='bbox 484 5045 764 5131; x_wconf 77' lang='lat' dir='ltr'>deinceps</span> <span class='ocrx_word' id='word_1_354' title='bbox 815 5049 1120 5116; x_wconf 79' lang='lat' dir='ltr'>vocaverit</span> <span class='ocrx_word' id='word_1_355' title='bbox 1168 5052 1242 5132; x_wconf 77' lang='lat' dir='ltr'>te,</span> <span class='ocrx_word' id='word_1_356' title='bbox 1293 5050 1488 5116; x_wconf 79' lang='lat' dir='ltr'>dices:</span> <span class='ocrx_word' id='word_1_357' title='bbox 1544 5045 1824 5131; x_wconf 75' lang='lat' dir='ltr'>Loquere</span> <span class='ocrx_word' id='word_1_358' title='bbox 1874 5047 2160 5128; x_wconf 82' lang='lat' dir='ltr'>Domine,</span> 
     </span>
     <span class='ocr_line' id='line_1_54' title="bbox 336 5132 2165 5228; baseline 0.002 -31"><span class='ocrx_word' id='word_1_359' title='bbox 336 5147 418 5226; x_wconf 58' lang='lat'>⁴²⁰,</span> <span class='ocrx_word' id='word_1_360' title='bbox 448 5132 618 5228; x_wconf 72' lang='lat' dir='ltr'>audit</span> <span class='ocrx_word' id='word_1_361' title='bbox 664 5156 887 5202; x_wconf 77' lang='lat' dir='ltr'>servus</span> <span class='ocrx_word' id='word_1_362' title='bbox 939 5140 1107 5200; x_wconf 75' lang='lat' dir='ltr'>tuus.</span> <span class='ocrx_word' id='word_1_363' title='bbox 1194 5133 1377 5201; x_wconf 72' lang='lat' dir='ltr'>Abiit</span> <span class='ocrx_word' id='word_1_364' title='bbox 1414 5155 1554 5220; x_wconf 70' lang='lat' dir='ltr'>erqo</span> <span class='ocrx_word' id='word_1_365' title='bbox 1600 5133 1874 5218; x_wconf 82' lang='lat' dir='ltr'>Samuel,</span> <span class='ocrx_word' id='word_1_366' title='bbox 1929 5139 1987 5199; x_wconf 76' lang='lat' dir='ltr'>et</span> <span class='ocrx_word' id='word_1_367' title='bbox 2024 5134 2165 5200; x_wconf 78' lang='lat' dir='ltr'>dor-</span> 
     </span>
     <span class='ocr_line' id='line_1_55' title="bbox 326 5218 2168 5302; baseline 0.002 -20"><span class='ocrx_word' id='word_1_368' title='bbox 326 5224 440 5278; x_wconf 72' lang='lat' dir='ltr'>·wtt</span> <span class='ocrx_word' id='word_1_369' title='bbox 473 5237 538 5283; x_wconf 79' lang='lat' dir='ltr'>m</span> <span class='ocrx_word' id='word_1_370' title='bbox 577 5218 700 5288; x_wconf 85' lang='lat' dir='ltr'>loco</span> <span class='ocrx_word' id='word_1_371' title='bbox 741 5242 874 5288; x_wconf 80' lang='lat' dir='ltr'>suo.</span> <span class='ocrx_word' id='word_1_372' title='bbox 964 5222 1065 5288; x_wconf 88' lang='lat'>10.</span> <span class='ocrx_word' id='word_1_373' title='bbox 1125 5219 1216 5286; x_wconf 79' lang='lat' dir='ltr'>Et</span> <span class='ocrx_word' id='word_1_374' title='bbox 1266 5222 1431 5287; x_wconf 77' lang='lat' dir='ltr'>venit</span> <span class='ocrx_word' id='word_1_375' title='bbox 1470 5221 1811 5302; x_wconf 62' lang='lat' dir='ltr'>Dominum,</span> <span class='ocrx_word' id='word_1_376' title='bbox 1866 5224 1922 5286; x_wconf 79' lang='lat' dir='ltr'>et</span> <span class='ocrx_word' id='word_1_377' title='bbox 1971 5221 2168 5287; x_wconf 77' lang='lat' dir='ltr'>stetit:</span> 
     </span>
    </p>
   </div>
   <div class='ocr_carea' id='block_1_9' title="bbox 2259 764 4214 5371">
    <p class='ocr_par' dir='ltr' id='par_1_10' title="bbox 2259 764 4214 5307">
     <span class='ocr_line' id='line_1_56' title="bbox 2450 764 4214 835; baseline 0.002 -3"><span class='ocrx_word' id='word_1_378' title='bbox 2450 766 2777 832; x_wconf 88' lang='lat' dir='ltr'>Narratur</span> <span class='ocrx_word' id='word_1_379' title='bbox 2851 765 3038 832; x_wconf 89' lang='lat' dir='ltr'>nobis</span> <span class='ocrx_word' id='word_1_380' title='bbox 3094 765 3221 832; x_wconf 88' lang='lat' dir='ltr'>hae</span> <span class='ocrx_word' id='word_1_381' title='bbox 3281 765 3554 831; x_wconf 91' lang='lat' dir='ltr'>historia</span> <span class='ocrx_word' id='word_1_382' title='bbox 3630 764 4016 834; x_wconf 84' lang='lat' dir='ltr'>iudiciorum</span> <span class='ocrx_word' id='word_1_383' title='bbox 4083 768 4214 835; x_wconf 89' lang='lat' dir='ltr'>Dei</span> 
     </span>
     <span class='ocr_line' id='line_1_57' title="bbox 2276 849 4214 937; baseline 0.002 -19"><span class='ocrx_word' id='word_1_384' title='bbox 2276 854 2643 919; x_wconf 83' lang='lat' dir='ltr'>futurorum</span> <span class='ocrx_word' id='word_1_385' title='bbox 2699 849 3018 917; x_wconf 86' lang='lat' dir='ltr'>adversus</span> <span class='ocrx_word' id='word_1_386' title='bbox 3071 851 3285 935; x_wconf 90' lang='lat' dir='ltr'>ipsum</span> <span class='ocrx_word' id='word_1_387' title='bbox 3328 850 3509 931; x_wconf 90' lang='lat' dir='ltr'>Heli,</span> <span class='ocrx_word' id='word_1_388' title='bbox 3560 849 3733 917; x_wconf 91' lang='lat' dir='ltr'>filios</span> <span class='ocrx_word' id='word_1_389' title='bbox 3788 872 3863 917; x_wconf 86' lang='lat' dir='ltr'>ac</span> <span class='ocrx_word' id='word_1_390' title='bbox 3920 861 4214 937; x_wconf 90' lang='lat' dir='ltr'>posteros</span> 
     </span>
     <span class='ocr_line' id='line_1_58' title="bbox 2274 935 4213 1022; baseline 0.001 -17"><span class='ocrx_word' id='word_1_391' title='bbox 2274 939 2702 1006; x_wconf 88' lang='lat' dir='ltr'>confirmatio.</span> <span class='ocrx_word' id='word_1_392' title='bbox 2787 936 2889 1002; x_wconf 88' lang='lat' dir='ltr'>Ac</span> <span class='ocrx_word' id='word_1_393' title='bbox 2930 956 3089 1002; x_wconf 90' lang='lat' dir='ltr'>sane</span> <span class='ocrx_word' id='word_1_394' title='bbox 3132 935 3317 1002; x_wconf 91' lang='lat' dir='ltr'>Deus</span> <span class='ocrx_word' id='word_1_395' title='bbox 3359 935 3627 1020; x_wconf 90' lang='lat' dir='ltr'>quidem</span> <span class='ocrx_word' id='word_1_396' title='bbox 3670 935 3912 1004; x_wconf 85' lang='lat' dir='ltr'>iudicia</span> <span class='ocrx_word' id='word_1_397' title='bbox 3953 948 4213 1022; x_wconf 89' lang='lat' dir='ltr'>poterat</span> 
     </span>
     <span class='ocr_line' id='line_1_59' title="bbox 2275 1021 4214 1107; baseline -0.001 -17"><span class='ocrx_word' id='word_1_398' title='bbox 2275 1026 2564 1107; x_wconf 78' lang='lat' dir='ltr'>exsequi,</span> <span class='ocrx_word' id='word_1_399' title='bbox 2603 1044 2725 1090; x_wconf 82' lang='lat' dir='ltr'>nee</span> <span class='ocrx_word' id='word_1_400' title='bbox 2755 1043 2837 1087; x_wconf 88' lang='lat' dir='ltr'>ea</span> <span class='ocrx_word' id='word_1_401' title='bbox 2871 1036 3091 1088; x_wconf 87' lang='lat' dir='ltr'>tamen</span> <span class='ocrx_word' id='word_1_402' title='bbox 3116 1021 3233 1087; x_wconf 93' lang='lat' dir='ltr'>ulli</span> <span class='ocrx_word' id='word_1_403' title='bbox 3268 1021 3675 1106; x_wconf 76' lang='lat' dir='ltr'>praedicere:</span> <span class='ocrx_word' id='word_1_404' title='bbox 3720 1022 3833 1089; x_wconf 91' lang='lat' dir='ltr'>sed</span> <span class='ocrx_word' id='word_1_405' title='bbox 3868 1024 3965 1089; x_wconf 85' lang='lat' dir='ltr'>ita</span> <span class='ocrx_word' id='word_1_406' title='bbox 4003 1025 4214 1091; x_wconf 88' lang='lat' dir='ltr'>voluit</span> 
     </span>
     <span class='ocr_line' id='line_1_60' title="bbox 2274 1107 4212 1193; baseline 0 -17"><span class='ocrx_word' id='word_1_407' title='bbox 2274 1109 2389 1176; x_wconf 91' lang='lat' dir='ltr'>illo</span> <span class='ocrx_word' id='word_1_408' title='bbox 2434 1120 2724 1193; x_wconf 90' lang='lat' dir='ltr'>tempore</span> <span class='ocrx_word' id='word_1_409' title='bbox 2766 1109 3056 1191; x_wconf 81' lang='lat' dir='ltr'>patefieri</span> <span class='ocrx_word' id='word_1_410' title='bbox 3112 1107 3501 1173; x_wconf 87' lang='lat' dir='ltr'>iudiciorum</span> <span class='ocrx_word' id='word_1_411' title='bbox 3559 1128 3828 1174; x_wconf 90' lang='lat' dir='ltr'>suorum</span> <span class='ocrx_word' id='word_1_412' title='bbox 3871 1110 4212 1176; x_wconf 86' lang='lat' dir='ltr'>certitudi-</span> 
     </span>
     <span class='ocr_line' id='line_1_61' title="bbox 2274 1192 4211 1278; baseline 0.001 -16"><span class='ocrx_word' id='word_1_413' title='bbox 2274 1217 2447 1277; x_wconf 90' lang='lat' dir='ltr'>nem,</span> <span class='ocrx_word' id='word_1_414' title='bbox 2498 1195 2817 1261; x_wconf 89' lang='lat' dir='ltr'>adversus</span> <span class='ocrx_word' id='word_1_415' title='bbox 2873 1194 3181 1278; x_wconf 86' lang='lat' dir='ltr'>profanos</span> <span class='ocrx_word' id='word_1_416' title='bbox 3237 1192 3384 1259; x_wconf 91' lang='lat' dir='ltr'>illos</span> <span class='ocrx_word' id='word_1_417' title='bbox 3439 1194 3541 1260; x_wconf 90' lang='lat' dir='ltr'>sui</span> <span class='ocrx_word' id='word_1_418' title='bbox 3585 1194 3867 1261; x_wconf 89' lang='lat' dir='ltr'>nominis</span> <span class='ocrx_word' id='word_1_419' title='bbox 3912 1204 3981 1260; x_wconf 90' lang='lat' dir='ltr'>et</span> <span class='ocrx_word' id='word_1_420' title='bbox 4021 1216 4211 1263; x_wconf 90' lang='lat' dir='ltr'>sano-</span> 
     </span>
     <span class='ocr_line' id='line_1_62' title="bbox 2274 1277 4211 1364; baseline 0.001 -16"><span class='ocrx_word' id='word_1_421' title='bbox 2274 1282 2472 1348; x_wconf 89' lang='lat' dir='ltr'>tuarii</span> <span class='ocrx_word' id='word_1_422' title='bbox 2514 1281 2957 1364; x_wconf 77' lang='lat' dir='ltr'>profanatores</span> <span class='ocrx_word' id='word_1_423' title='bbox 2974 1329 2990 1358; x_wconf 91' lang='lat'>,</span> <span class='ocrx_word' id='word_1_424' title='bbox 3046 1288 3113 1346; x_wconf 90' lang='lat' dir='ltr'>et</span> <span class='ocrx_word' id='word_1_425' title='bbox 3144 1279 3359 1346; x_wconf 86' lang='lat' dir='ltr'>cultus</span> <span class='ocrx_word' id='word_1_426' title='bbox 3392 1278 3496 1344; x_wconf 90' lang='lat' dir='ltr'>sui</span> <span class='ocrx_word' id='word_1_427' title='bbox 3530 1277 3991 1363; x_wconf 80' lang='lat' dir='ltr'>depravatores</span> <span class='ocrx_word' id='word_1_428' title='bbox 4014 1290 4211 1364; x_wconf 87' lang='lat' dir='ltr'>atque</span> 
     </span>
     <span class='ocr_line' id='line_1_63' title="bbox 2273 1364 4210 1451; baseline 0 -17"><span class='ocrx_word' id='word_1_429' title='bbox 2273 1376 2709 1449; x_wconf 85' lang='lat' dir='ltr'>corruptores.</span> <span class='ocrx_word' id='word_1_430' title='bbox 2797 1365 2934 1432; x_wconf 89' lang='lat' dir='ltr'>Sed</span> <span class='ocrx_word' id='word_1_431' title='bbox 2998 1375 3064 1431; x_wconf 89' lang='lat' dir='ltr'>et</span> <span class='ocrx_word' id='word_1_432' title='bbox 3114 1364 3314 1430; x_wconf 89' lang='lat' dir='ltr'>huius</span> <span class='ocrx_word' id='word_1_433' title='bbox 3368 1367 3599 1430; x_wconf 89' lang='lat' dir='ltr'>aetatis</span> <span class='ocrx_word' id='word_1_434' title='bbox 3655 1364 3770 1430; x_wconf 90' lang='lat' dir='ltr'>illa</span> <span class='ocrx_word' id='word_1_435' title='bbox 3825 1374 3984 1431; x_wconf 88' lang='lat' dir='ltr'>sunt</span> <span class='ocrx_word' id='word_1_436' title='bbox 4037 1368 4210 1451; x_wconf 89' lang='lat' dir='ltr'>quod</span> 
     </span>
     <span class='ocr_line' id='line_1_64' title="bbox 2273 1449 4209 1535; baseline 0.001 -16"><span class='ocrx_word' id='word_1_437' title='bbox 2273 1475 2352 1519; x_wconf 91' lang='lat' dir='ltr'>ea</span> <span class='ocrx_word' id='word_1_438' title='bbox 2408 1453 2596 1519; x_wconf 89' lang='lat' dir='ltr'>nobis</span> <span class='ocrx_word' id='word_1_439' title='bbox 2650 1452 2836 1519; x_wconf 90' lang='lat' dir='ltr'>Deus</span> <span class='ocrx_word' id='word_1_440' title='bbox 2890 1459 3228 1535; x_wconf 85' lang='lat' dir='ltr'>proponat,</span> <span class='ocrx_word' id='word_1_441' title='bbox 3287 1472 3369 1516; x_wconf 92' lang='lat' dir='ltr'>ex</span> <span class='ocrx_word' id='word_1_442' title='bbox 3428 1449 3662 1534; x_wconf 91' lang='lat' dir='ltr'>quibus</span> <span class='ocrx_word' id='word_1_443' title='bbox 3704 1451 4209 1520; x_wconf 86' lang='lat' dir='ltr'>instructionem</span> 
     </span>
     <span class='ocr_line' id='line_1_65' title="bbox 2271 1536 4209 1624; baseline 0.001 -19"><span class='ocrx_word' id='word_1_444' title='bbox 2271 1538 2731 1624; x_wconf 85' lang='lat' dir='ltr'>percipiamus.</span> <span class='ocrx_word' id='word_1_445' title='bbox 2799 1538 3043 1604; x_wconf 88' lang='lat' dir='ltr'>Notum</span> <span class='ocrx_word' id='word_1_446' title='bbox 3082 1536 3258 1601; x_wconf 90' lang='lat' dir='ltr'>enim</span> <span class='ocrx_word' id='word_1_447' title='bbox 3301 1556 3496 1619; x_wconf 90' lang='lat' dir='ltr'>quam</span> <span class='ocrx_word' id='word_1_448' title='bbox 3539 1537 3864 1621; x_wconf 78' lang='lat' dir='ltr'>ingeniosi</span> <span class='ocrx_word' id='word_1_449' title='bbox 3909 1536 4209 1606; x_wconf 86' lang='lat' dir='ltr'>homines</span> 
     </span>
     <span class='ocr_line' id='line_1_66' title="bbox 2270 1621 4206 1708; baseline -0.001 -17"><span class='ocrx_word' id='word_1_450' title='bbox 2270 1626 2342 1691; x_wconf 90' lang='lat' dir='ltr'>in</span> <span class='ocrx_word' id='word_1_451' title='bbox 2385 1623 2517 1689; x_wconf 88' lang='lat' dir='ltr'>Dei</span> <span class='ocrx_word' id='word_1_452' title='bbox 2557 1623 2811 1690; x_wconf 88' lang='lat' dir='ltr'>iudiciis</span> <span class='ocrx_word' id='word_1_453' title='bbox 2869 1621 3309 1700; x_wconf 88' lang='lat' dir='ltr'>obscurandis,</span> <span class='ocrx_word' id='word_1_454' title='bbox 3365 1631 3431 1686; x_wconf 91' lang='lat' dir='ltr'>et</span> <span class='ocrx_word' id='word_1_455' title='bbox 3484 1621 3966 1706; x_wconf 86' lang='lat' dir='ltr'>ingratitudine</span> <span class='ocrx_word' id='word_1_456' title='bbox 4021 1644 4206 1708; x_wconf 87' lang='lat' dir='ltr'>sepe-</span> 
     </span>
     <span class='ocr_line' id='line_1_67' title="bbox 2273 1707 4205 1792; baseline 0 -17"><span class='ocrx_word' id='word_1_457' title='bbox 2273 1708 2542 1789; x_wconf 89' lang='lat' dir='ltr'>liendis,</span> <span class='ocrx_word' id='word_1_458' title='bbox 2594 1719 2661 1776; x_wconf 88' lang='lat' dir='ltr'>et</span> <span class='ocrx_word' id='word_1_459' title='bbox 2721 1710 2802 1774; x_wconf 89' lang='lat' dir='ltr'>ab</span> <span class='ocrx_word' id='word_1_460' title='bbox 2844 1710 2928 1775; x_wconf 89' lang='lat' dir='ltr'>iis</span> <span class='ocrx_word' id='word_1_461' title='bbox 2982 1728 3136 1775; x_wconf 89' lang='lat' dir='ltr'>suas</span> <span class='ocrx_word' id='word_1_462' title='bbox 3191 1707 3615 1792; x_wconf 88' lang='lat' dir='ltr'>cogitationes</span> <span class='ocrx_word' id='word_1_463' title='bbox 3659 1708 4070 1788; x_wconf 87' lang='lat' dir='ltr'>avertendis,</span> <span class='ocrx_word' id='word_1_464' title='bbox 4129 1717 4205 1775; x_wconf 91' lang='lat' dir='ltr'>ut</span> 
     </span>
     <span class='ocr_line' id='line_1_68' title="bbox 2273 1793 4203 1880; baseline -0.001 -18"><span class='ocrx_word' id='word_1_465' title='bbox 2273 1816 2607 1880; x_wconf 89' lang='lat' dir='ltr'>nunquam</span> <span class='ocrx_word' id='word_1_466' title='bbox 2670 1795 2800 1862; x_wconf 89' lang='lat' dir='ltr'>nisi</span> <span class='ocrx_word' id='word_1_467' title='bbox 2863 1795 2934 1860; x_wconf 89' lang='lat' dir='ltr'>vi</span> <span class='ocrx_word' id='word_1_468' title='bbox 2997 1793 3276 1878; x_wconf 86' lang='lat' dir='ltr'>quadam</span> <span class='ocrx_word' id='word_1_469' title='bbox 3354 1803 3469 1858; x_wconf 91' lang='lat' dir='ltr'>aut</span> <span class='ocrx_word' id='word_1_470' title='bbox 3528 1801 3786 1876; x_wconf 90' lang='lat' dir='ltr'>praeter</span> <span class='ocrx_word' id='word_1_471' title='bbox 3861 1815 4046 1878; x_wconf 85' lang='lat' dir='ltr'>spem</span> <span class='ocrx_word' id='word_1_472' title='bbox 4117 1794 4203 1861; x_wconf 87' lang='lat' dir='ltr'>ad</span> 
     </span>
     <span class='ocr_line' id='line_1_69' title="bbox 2272 1878 4206 1964; baseline -0.001 -16"><span class='ocrx_word' id='word_1_473' title='bbox 2272 1902 2497 1948; x_wconf 89' lang='lat' dir='ltr'>eorum</span> <span class='ocrx_word' id='word_1_474' title='bbox 2542 1881 3034 1947; x_wconf 89' lang='lat' dir='ltr'>meditationem</span> <span class='ocrx_word' id='word_1_475' title='bbox 3074 1886 3408 1964; x_wconf 82' lang='lat' dir='ltr'>cogantur,</span> <span class='ocrx_word' id='word_1_476' title='bbox 3475 1886 3542 1943; x_wconf 90' lang='lat' dir='ltr'>et</span> <span class='ocrx_word' id='word_1_477' title='bbox 3574 1878 3811 1946; x_wconf 86' lang='lat' dir='ltr'>animis</span> <span class='ocrx_word' id='word_1_478' title='bbox 3844 1900 4088 1961; x_wconf 86' lang='lat' dir='ltr'>eorum,</span> <span class='ocrx_word' id='word_1_479' title='bbox 4129 1891 4206 1947; x_wconf 90' lang='lat' dir='ltr'>ut</span> 
     </span>
     <span class='ocr_line' id='line_1_70' title="bbox 2274 1964 4204 2051; baseline 0.001 -18"><span class='ocrx_word' id='word_1_480' title='bbox 2274 1966 2478 2034; x_wconf 87' lang='lat' dir='ltr'>deleri</span> <span class='ocrx_word' id='word_1_481' title='bbox 2520 1988 2856 2051; x_wconf 90' lang='lat' dir='ltr'>nunquam</span> <span class='ocrx_word' id='word_1_482' title='bbox 2899 1964 3172 2049; x_wconf 88' lang='lat' dir='ltr'>possint,</span> <span class='ocrx_word' id='word_1_483' title='bbox 3215 1964 3688 2047; x_wconf 88' lang='lat' dir='ltr'>insculpantur.</span> <span class='ocrx_word' id='word_1_484' title='bbox 3754 1964 3941 2032; x_wconf 88' lang='lat' dir='ltr'>Deus</span> <span class='ocrx_word' id='word_1_485' title='bbox 3983 1967 4204 2051; x_wconf 88' lang='lat' dir='ltr'>itaque</span> 
     </span>
     <span class='ocr_line' id='line_1_71' title="bbox 2275 2049 4207 2134; baseline -0.002 -14"><span class='ocrx_word' id='word_1_486' title='bbox 2275 2053 2484 2120; x_wconf 88' lang='lat' dir='ltr'>voluit</span> <span class='ocrx_word' id='word_1_487' title='bbox 2538 2064 2793 2118; x_wconf 89' lang='lat' dir='ltr'>mature</span> <span class='ocrx_word' id='word_1_488' title='bbox 2849 2072 2973 2118; x_wconf 89' lang='lat' dir='ltr'>sua</span> <span class='ocrx_word' id='word_1_489' title='bbox 3021 2049 3263 2116; x_wconf 89' lang='lat' dir='ltr'>iudicia</span> <span class='ocrx_word' id='word_1_490' title='bbox 3318 2049 3697 2134; x_wconf 74' lang='lat' dir='ltr'>patefacere,</span> <span class='ocrx_word' id='word_1_491' title='bbox 3749 2072 3834 2116; x_wconf 91' lang='lat' dir='ltr'>ne</span> <span class='ocrx_word' id='word_1_492' title='bbox 3890 2071 4045 2120; x_wconf 86' lang='lat' dir='ltr'>casu</span> <span class='ocrx_word' id='word_1_493' title='bbox 4086 2061 4207 2118; x_wconf 91' lang='lat' dir='ltr'>aut</span> 
     </span>
     <span class='ocr_line' id='line_1_72' title="bbox 2276 2134 4204 2222; baseline -0.001 -17"><span class='ocrx_word' id='word_1_494' title='bbox 2276 2147 2519 2205; x_wconf 91' lang='lat' dir='ltr'>temere</span> <span class='ocrx_word' id='word_1_495' title='bbox 2575 2139 2924 2222; x_wconf 84' lang='lat' dir='ltr'>contigisse</span> <span class='ocrx_word' id='word_1_496' title='bbox 2976 2136 3107 2214; x_wconf 86' lang='lat' dir='ltr'>illa,</span> <span class='ocrx_word' id='word_1_497' title='bbox 3162 2135 3278 2203; x_wconf 92' lang='lat' dir='ltr'>sed</span> <span class='ocrx_word' id='word_1_498' title='bbox 3338 2156 3378 2201; x_wconf 90' lang='lat' dir='ltr'>a</span> <span class='ocrx_word' id='word_1_499' title='bbox 3415 2134 3561 2201; x_wconf 92' lang='lat' dir='ltr'>Deo</span> <span class='ocrx_word' id='word_1_500' title='bbox 3617 2135 3722 2201; x_wconf 88' lang='lat' dir='ltr'>sui</span> <span class='ocrx_word' id='word_1_501' title='bbox 3761 2144 4204 2220; x_wconf 90' lang='lat' dir='ltr'>contemptum</span> 
     </span>
     <span class='ocr_line' id='line_1_73' title="bbox 2275 2219 4205 2305; baseline -0.002 -13"><span class='ocrx_word' id='word_1_502' title='bbox 2275 2233 2344 2292; x_wconf 90' lang='lat' dir='ltr'>et</span> <span class='ocrx_word' id='word_1_503' title='bbox 2384 2223 2601 2291; x_wconf 88' lang='lat' dir='ltr'>cultus</span> <span class='ocrx_word' id='word_1_504' title='bbox 2640 2224 2745 2290; x_wconf 90' lang='lat' dir='ltr'>sui</span> <span class='ocrx_word' id='word_1_505' title='bbox 2786 2222 3194 2305; x_wconf 88' lang='lat' dir='ltr'>corruptelas</span> <span class='ocrx_word' id='word_1_506' title='bbox 3238 2220 3482 2287; x_wconf 87' lang='lat' dir='ltr'>diutius</span> <span class='ocrx_word' id='word_1_507' title='bbox 3524 2241 3657 2286; x_wconf 90' lang='lat' dir='ltr'>non</span> <span class='ocrx_word' id='word_1_508' title='bbox 3702 2219 4024 2289; x_wconf 86' lang='lat' dir='ltr'>tolerante</span> <span class='ocrx_word' id='word_1_509' title='bbox 4065 2243 4205 2290; x_wconf 90' lang='lat' dir='ltr'>ma-</span> 
     </span>
     <span class='ocr_line' id='line_1_74' title="bbox 2277 2305 4207 2409; baseline -0.003 -32"><span class='ocrx_word' id='word_1_510' title='bbox 2277 2331 2473 2377; x_wconf 88' lang='lat' dir='ltr'>nasse</span> <span class='ocrx_word' id='word_1_511' title='bbox 2515 2317 3086 2395; x_wconf 87' lang='lat' dir='ltr'>cognoscerentur.</span> <span class='ocrx_word' id='word_1_512' title='bbox 3159 2307 3367 2408; x_wconf 80' lang='lat' dir='ltr'>Porro</span> <span class='ocrx_word' id='word_1_513' title='bbox 3411 2305 3722 2390; x_wconf 87' lang='lat' dir='ltr'>temporis</span> <span class='ocrx_word' id='word_1_514' title='bbox 3763 2307 3939 2409; x_wconf 68' lang='lat' dir='ltr'>illius</span> <span class='ocrx_word' id='word_1_515' title='bbox 3981 2305 4207 2408; x_wconf 76' lang='lat' dir='ltr'>fideles</span> 
     </span>
     <span class='ocr_line' id='line_1_75' title="bbox 2277 2392 4206 2565; baseline 0 -17"><span class='ocrx_word' id='word_1_516' title='bbox 2277 2392 3422 2565; x_wconf 51' lang='lat' dir='ltr'>iffissurffeoffi&#39;ssfflssssmiffssssffiffii</span> <span class='ocrx_word' id='word_1_517' title='bbox 3470 2412 4206 2561; x_wconf 45' lang='lat' dir='ltr'>emmam&amp;</span> 
     </span>
     <span class='ocr_line' id='line_1_76' title="bbox 2279 2562 4206 2649; baseline -0.002 -15"><span class='ocrx_word' id='word_1_518' title='bbox 2279 2566 2461 2634; x_wconf 90' lang='lat' dir='ltr'>locus</span> <span class='ocrx_word' id='word_1_519' title='bbox 2522 2567 2746 2633; x_wconf 87' lang='lat' dir='ltr'>nullus</span> <span class='ocrx_word' id='word_1_520' title='bbox 2811 2565 3091 2649; x_wconf 89' lang='lat' dir='ltr'>amplius</span> <span class='ocrx_word' id='word_1_521' title='bbox 3160 2572 3545 2648; x_wconf 89' lang='lat' dir='ltr'>superesset,</span> <span class='ocrx_word' id='word_1_522' title='bbox 3622 2562 3755 2628; x_wconf 88' lang='lat' dir='ltr'>nisi</span> <span class='ocrx_word' id='word_1_523' title='bbox 3817 2563 4004 2630; x_wconf 91' lang='lat' dir='ltr'>Deus</span> <span class='ocrx_word' id='word_1_524' title='bbox 4067 2564 4206 2648; x_wconf 89' lang='lat' dir='ltr'>ipse</span> 
     </span>
     <span class='ocr_line' id='line_1_77' title="bbox 2280 2648 4204 2733; baseline -0.001 -14"><span class='ocrx_word' id='word_1_525' title='bbox 2280 2652 2598 2720; x_wconf 87' lang='lat' dir='ltr'>medicam</span> <span class='ocrx_word' id='word_1_526' title='bbox 2661 2671 2934 2717; x_wconf 88' lang='lat' dir='ltr'>manum</span> <span class='ocrx_word' id='word_1_527' title='bbox 2998 2650 3356 2716; x_wconf 88' lang='lat' dir='ltr'>adhiberet.</span> <span class='ocrx_word' id='word_1_528' title='bbox 3465 2648 3686 2730; x_wconf 80' lang='lat' dir='ltr'>Quare</span> <span class='ocrx_word' id='word_1_529' title='bbox 3759 2669 3892 2715; x_wconf 90' lang='lat' dir='ltr'>non</span> <span class='ocrx_word' id='word_1_530' title='bbox 3971 2670 4204 2733; x_wconf 89' lang='lat' dir='ltr'>parum</span> 
     </span>
     <span class='ocr_line' id='line_1_78' title="bbox 2282 2733 4206 2814; baseline -0.002 -9"><span class='ocrx_word' id='word_1_531' title='bbox 2282 2738 2554 2805; x_wconf 87' lang='lat' dir='ltr'>recreati</span> <span class='ocrx_word' id='word_1_532' title='bbox 2596 2748 2662 2805; x_wconf 90' lang='lat' dir='ltr'>et</span> <span class='ocrx_word' id='word_1_533' title='bbox 2704 2737 3072 2803; x_wconf 85' lang='lat' dir='ltr'>confirmati</span> <span class='ocrx_word' id='word_1_534' title='bbox 3114 2745 3289 2814; x_wconf 89' lang='lat' dir='ltr'>sunt,</span> <span class='ocrx_word' id='word_1_535' title='bbox 3345 2754 3420 2799; x_wconf 90' lang='lat' dir='ltr'>co</span> <span class='ocrx_word' id='word_1_536' title='bbox 3468 2734 3609 2799; x_wconf 91' lang='lat' dir='ltr'>nito</span> <span class='ocrx_word' id='word_1_537' title='bbox 3664 2733 3745 2800; x_wconf 90' lang='lat' dir='ltr'>de</span> <span class='ocrx_word' id='word_1_538' title='bbox 3788 2734 4063 2801; x_wconf 88' lang='lat' dir='ltr'>ecclesia</span> <span class='ocrx_word' id='word_1_539' title='bbox 4102 2758 4206 2802; x_wconf 87' lang='lat' dir='ltr'>re·</span> 
     </span>
     <span class='ocr_line' id='line_1_79' title="bbox 2281 2818 4207 2909; baseline -0.003 -18"><span class='ocrx_word' id='word_1_540' title='bbox 2281 2821 2623 2909; x_wconf 89' lang='lat' dir='ltr'>purganda</span> <span class='ocrx_word' id='word_1_541' title='bbox 2664 2822 2792 2887; x_wconf 91' lang='lat' dir='ltr'>Dei</span> <span class='ocrx_word' id='word_1_542' title='bbox 2835 2820 3113 2903; x_wconf 89' lang='lat' dir='ltr'>decreto,</span> <span class='ocrx_word' id='word_1_543' title='bbox 3154 2841 3352 2905; x_wconf 91' lang='lat' dir='ltr'>quam</span> <span class='ocrx_word' id='word_1_544' title='bbox 3466 2819 3554 2885; x_wconf 91' lang='lat' dir='ltr'>eli</span> <span class='ocrx_word' id='word_1_545' title='bbox 3593 2818 3715 2885; x_wconf 89' lang='lat' dir='ltr'>filii</span> <span class='ocrx_word' id='word_1_546' title='bbox 3758 2821 3895 2886; x_wconf 88' lang='lat' dir='ltr'>suis</span> <span class='ocrx_word' id='word_1_547' title='bbox 3936 2840 4207 2906; x_wconf 87' lang='lat' dir='ltr'>corrup·</span> 
     </span>
     <span class='ocr_line' id='line_1_80' title="bbox 2283 2905 4205 2993; baseline -0.002 -16"><span class='ocrx_word' id='word_1_548' title='bbox 2283 2910 2431 2977; x_wconf 88' lang='lat' dir='ltr'>telis</span> <span class='ocrx_word' id='word_1_549' title='bbox 2453 2929 2846 2993; x_wconf 88' lang='lat' dir='ltr'>magnopere</span> <span class='ocrx_word' id='word_1_550' title='bbox 2880 2907 3380 2984; x_wconf 81' lang='lat' dir='ltr'>labefactarant3</span> <span class='ocrx_word' id='word_1_551' title='bbox 3421 2925 3591 2989; x_wconf 88' lang='lat' dir='ltr'>quae</span> <span class='ocrx_word' id='word_1_552' title='bbox 3624 2906 3843 2971; x_wconf 89' lang='lat' dir='ltr'>omnia</span> <span class='ocrx_word' id='word_1_553' title='bbox 3874 2905 4205 2988; x_wconf 86' lang='lat' dir='ltr'>sigillatim</span> 
     </span>
     <span class='ocr_line' id='line_1_81' title="bbox 2284 2990 4207 3077; baseline -0.002 -14"><span class='ocrx_word' id='word_1_554' title='bbox 2284 2996 2483 3064; x_wconf 88' lang='lat' dir='ltr'>huius</span> <span class='ocrx_word' id='word_1_555' title='bbox 2540 2995 2660 3060; x_wconf 89' lang='lat' dir='ltr'>loci</span> <span class='ocrx_word' id='word_1_556' title='bbox 2719 2994 2933 3077; x_wconf 86' lang='lat' dir='ltr'>capita</span> <span class='ocrx_word' id='word_1_557' title='bbox 2990 2990 3468 3059; x_wconf 82' lang='lat' dir='ltr'>excutientibus</span> <span class='ocrx_word' id='word_1_558' title='bbox 3523 2991 3688 3058; x_wconf 88' lang='lat' dir='ltr'>fient</span> <span class='ocrx_word' id='word_1_559' title='bbox 3742 2990 4017 3057; x_wconf 87' lang='lat' dir='ltr'>notiora.</span> <span class='ocrx_word' id='word_1_560' title='bbox 4114 2995 4207 3059; x_wconf 84' lang='lat' dir='ltr'>Et</span> 
     </span>
     <span class='ocr_line' id='line_1_82' title="bbox 2279 3074 4203 3166; baseline -0.002 -18"><span class='ocrx_word' id='word_1_561' title='bbox 2279 3082 2349 3148; x_wconf 90' lang='lat' dir='ltr'>in</span> <span class='ocrx_word' id='word_1_562' title='bbox 2412 3081 2645 3166; x_wconf 88' lang='lat' dir='ltr'>primis</span> <span class='ocrx_word' id='word_1_563' title='bbox 2701 3078 3220 3148; x_wconf 89' lang='lat' dir='ltr'>consideratione</span> <span class='ocrx_word' id='word_1_564' title='bbox 3274 3075 3570 3162; x_wconf 88' lang='lat' dir='ltr'>dignum,</span> <span class='ocrx_word' id='word_1_565' title='bbox 3627 3074 3797 3158; x_wconf 86' lang='lat' dir='ltr'>quod</span> <span class='ocrx_word' id='word_1_566' title='bbox 3857 3097 4021 3160; x_wconf 88' lang='lat' dir='ltr'>puer</span> <span class='ocrx_word' id='word_1_567' title='bbox 4077 3076 4203 3148; x_wconf 89' lang='lat' dir='ltr'>Sa-</span> 
     </span>
     <span class='ocr_line' id='line_1_83' title="bbox 2280 3158 4202 3241; baseline -0.001 -8"><span class='ocrx_word' id='word_1_568' title='bbox 2280 3167 2458 3235; x_wconf 90' lang='lat' dir='ltr'>muel</span> <span class='ocrx_word' id='word_1_569' title='bbox 2499 3186 2716 3233; x_wconf 89' lang='lat' dir='ltr'>eoram</span> <span class='ocrx_word' id='word_1_570' title='bbox 2737 3164 2895 3231; x_wconf 88' lang='lat' dir='ltr'>Heli</span> <span class='ocrx_word' id='word_1_571' title='bbox 2917 3164 3202 3230; x_wconf 90' lang='lat' dir='ltr'>Domino</span> <span class='ocrx_word' id='word_1_572' title='bbox 3244 3162 3669 3241; x_wconf 88' lang='lat' dir='ltr'>ministrasse,</span> <span class='ocrx_word' id='word_1_573' title='bbox 3725 3158 3795 3225; x_wconf 88' lang='lat' dir='ltr'>id</span> <span class='ocrx_word' id='word_1_574' title='bbox 3838 3170 3955 3240; x_wconf 90' lang='lat' dir='ltr'>est,</span> <span class='ocrx_word' id='word_1_575' title='bbox 4000 3163 4202 3231; x_wconf 89' lang='lat' dir='ltr'>eccle-</span> 
     </span>
     <span class='ocr_line' id='line_1_84' title="bbox 2279 3245 4205 3333; baseline -0.001 -13"><span class='ocrx_word' id='word_1_576' title='bbox 2279 3256 2413 3320; x_wconf 87' lang='lat' dir='ltr'>siae</span> <span class='ocrx_word' id='word_1_577' title='bbox 2456 3251 2818 3318; x_wconf 88' lang='lat' dir='ltr'>ministerio</span> <span class='ocrx_word' id='word_1_578' title='bbox 2853 3270 3138 3329; x_wconf 87' lang='lat' dir='ltr'>vacasse,</span> <span class='ocrx_word' id='word_1_579' title='bbox 3181 3250 3324 3333; x_wconf 88' lang='lat' dir='ltr'>ipso</span> <span class='ocrx_word' id='word_1_580' title='bbox 3363 3247 3522 3313; x_wconf 88' lang='lat' dir='ltr'>Heli</span> <span class='ocrx_word' id='word_1_581' title='bbox 3541 3245 3802 3313; x_wconf 89' lang='lat' dir='ltr'>doctore</span> <span class='ocrx_word' id='word_1_582' title='bbox 3838 3256 3907 3312; x_wconf 89' lang='lat' dir='ltr'>et</span> <span class='ocrx_word' id='word_1_583' title='bbox 3940 3246 4205 3317; x_wconf 86' lang='lat' dir='ltr'>ductore</span> 
     </span>
     <span class='ocr_line' id='line_1_85' title="bbox 2276 3330 4202 3415; baseline -0.001 -11"><span class='ocrx_word' id='word_1_584' title='bbox 2276 3337 2534 3406; x_wconf 90' lang='lat' dir='ltr'>dicitur.</span> <span class='ocrx_word' id='word_1_585' title='bbox 2597 3337 2772 3404; x_wconf 88' lang='lat' dir='ltr'>Nam</span> <span class='ocrx_word' id='word_1_586' title='bbox 2816 3345 2957 3403; x_wconf 89' lang='lat' dir='ltr'>erat</span> <span class='ocrx_word' id='word_1_587' title='bbox 2981 3335 3253 3403; x_wconf 80' lang='lat' dir='ltr'>Samuel</span> <span class='ocrx_word' id='word_1_588' title='bbox 3295 3333 3512 3400; x_wconf 87' lang='lat' dir='ltr'>adhuc</span> <span class='ocrx_word' id='word_1_589' title='bbox 3546 3332 3800 3398; x_wconf 86' lang='lat' dir='ltr'>iuvenis</span> <span class='ocrx_word' id='word_1_590' title='bbox 3834 3330 4202 3415; x_wconf 82' lang='lat' dir='ltr'>admodum,</span> 
     </span>
     <span class='ocr_line' id='line_1_86' title="bbox 2273 3417 4200 3501; baseline -0.002 -10"><span class='ocrx_word' id='word_1_591' title='bbox 2273 3425 2345 3491; x_wconf 90' lang='lat' dir='ltr'>in</span> <span class='ocrx_word' id='word_1_592' title='bbox 2387 3423 2631 3490; x_wconf 90' lang='lat' dir='ltr'>summi</span> <span class='ocrx_word' id='word_1_593' title='bbox 2670 3421 3022 3489; x_wconf 87' lang='lat' dir='ltr'>sacerdotis</span> <span class='ocrx_word' id='word_1_594' title='bbox 3064 3441 3289 3487; x_wconf 90' lang='lat' dir='ltr'>curam</span> <span class='ocrx_word' id='word_1_595' title='bbox 3333 3440 3409 3486; x_wconf 89' lang='lat' dir='ltr'>ac</span> <span class='ocrx_word' id='word_1_596' title='bbox 3453 3417 3861 3501; x_wconf 85' lang='lat' dir='ltr'>disciplinam</span> <span class='ocrx_word' id='word_1_597' title='bbox 3896 3418 4200 3500; x_wconf 88' lang='lat' dir='ltr'>traditus,</span> 
     </span>
     <span class='ocr_line' id='line_1_87' title="bbox 2273 3503 4199 3595; baseline -0.002 -18"><span class='ocrx_word' id='word_1_598' title='bbox 2273 3531 2400 3595; x_wconf 90' lang='lat' dir='ltr'>quo</span> <span class='ocrx_word' id='word_1_599' title='bbox 2443 3529 2586 3576; x_wconf 88' lang='lat' dir='ltr'>sese</span> <span class='ocrx_word' id='word_1_600' title='bbox 2628 3507 2759 3575; x_wconf 89' lang='lat' dir='ltr'>Dei</span> <span class='ocrx_word' id='word_1_601' title='bbox 2809 3507 3017 3574; x_wconf 85' lang='lat' dir='ltr'>cultui</span> <span class='ocrx_word' id='word_1_602' title='bbox 3072 3506 3277 3584; x_wconf 84' lang='lat' dir='ltr'>daret,</span> <span class='ocrx_word' id='word_1_603' title='bbox 3336 3504 3601 3570; x_wconf 86' lang='lat' dir='ltr'>dicaret.</span> <span class='ocrx_word' id='word_1_604' title='bbox 3685 3504 3820 3569; x_wconf 89' lang='lat' dir='ltr'>Hic</span> <span class='ocrx_word' id='word_1_605' title='bbox 3858 3503 4064 3588; x_wconf 85' lang='lat' dir='ltr'>igitur</span> <span class='ocrx_word' id='word_1_606' title='bbox 4099 3507 4199 3574; x_wconf 89' lang='lat' dir='ltr'>iu·</span> 
     </span>
     <span class='ocr_line' id='line_1_88' title="bbox 2272 3587 4202 3668; baseline -0.002 -6"><span class='ocrx_word' id='word_1_607' title='bbox 2272 3596 2463 3664; x_wconf 89' lang='lat' dir='ltr'>venis</span> <span class='ocrx_word' id='word_1_608' title='bbox 2507 3593 2836 3662; x_wconf 83' lang='lat' dir='ltr'>Samuelis</span> <span class='ocrx_word' id='word_1_609' title='bbox 2877 3590 3166 3659; x_wconf 89' lang='lat' dir='ltr'>studium</span> <span class='ocrx_word' id='word_1_610' title='bbox 3224 3587 3630 3668; x_wconf 88' lang='lat' dir='ltr'>describitur,</span> <span class='ocrx_word' id='word_1_611' title='bbox 3684 3588 3867 3655; x_wconf 91' lang='lat' dir='ltr'>omni</span> <span class='ocrx_word' id='word_1_612' title='bbox 3923 3609 4083 3656; x_wconf 89' lang='lat' dir='ltr'>cura</span> <span class='ocrx_word' id='word_1_613' title='bbox 4133 3599 4202 3658; x_wconf 91' lang='lat' dir='ltr'>et</span> 
     </span>
     <span class='ocr_line' id='line_1_89' title="bbox 2271 3674 4200 3759; baseline -0.003 -9"><span class='ocrx_word' id='word_1_614' title='bbox 2271 3681 2705 3750; x_wconf 88' lang='lat' dir='ltr'>sollicitudine</span> <span class='ocrx_word' id='word_1_615' title='bbox 2755 3679 2830 3744; x_wconf 91' lang='lat' dir='ltr'>in</span> <span class='ocrx_word' id='word_1_616' title='bbox 2886 3678 3015 3745; x_wconf 91' lang='lat' dir='ltr'>Dei</span> <span class='ocrx_word' id='word_1_617' title='bbox 3068 3676 3317 3746; x_wconf 89' lang='lat' dir='ltr'>cultum</span> <span class='ocrx_word' id='word_1_618' title='bbox 3371 3674 3827 3759; x_wconf 89' lang='lat' dir='ltr'>incumbentis,</span> <span class='ocrx_word' id='word_1_619' title='bbox 3885 3675 3990 3741; x_wconf 90' lang='lat' dir='ltr'>cui</span> <span class='ocrx_word' id='word_1_620' title='bbox 4045 3697 4118 3743; x_wconf 90' lang='lat' dir='ltr'>se</span> <span class='ocrx_word' id='word_1_621' title='bbox 4159 3699 4200 3744; x_wconf 91' lang='lat' dir='ltr'>a</span> 
     </span>
     <span class='ocr_line' id='line_1_90' title="bbox 2270 3760 4198 3851; baseline -0.003 -17"><span class='ocrx_word' id='word_1_622' title='bbox 2270 3766 2649 3851; x_wconf 84' lang='lat' dir='ltr'>parentibus</span> <span class='ocrx_word' id='word_1_623' title='bbox 2692 3773 2844 3832; x_wconf 88' lang='lat' dir='ltr'>voto</span> <span class='ocrx_word' id='word_1_624' title='bbox 2887 3763 3267 3830; x_wconf 89' lang='lat' dir='ltr'>adstrictum</span> <span class='ocrx_word' id='word_1_625' title='bbox 3312 3762 3471 3827; x_wconf 88' lang='lat' dir='ltr'>satis</span> <span class='ocrx_word' id='word_1_626' title='bbox 3499 3760 3816 3827; x_wconf 87' lang='lat' dir='ltr'>memoria</span> <span class='ocrx_word' id='word_1_627' title='bbox 3847 3763 4198 3844; x_wconf 89' lang='lat' dir='ltr'>repetebat.</span> 
     </span>
     <span class='ocr_line' id='line_1_91' title="bbox 2267 3845 4197 3925; baseline -0.002 -6"><span class='ocrx_word' id='word_1_628' title='bbox 2267 3853 2420 3919; x_wconf 90' lang='lat' dir='ltr'>Non</span> <span class='ocrx_word' id='word_1_629' title='bbox 2473 3849 2947 3918; x_wconf 89' lang='lat' dir='ltr'>contemnenda</span> <span class='ocrx_word' id='word_1_630' title='bbox 2999 3869 3160 3915; x_wconf 87' lang='lat' dir='ltr'>sane</span> <span class='ocrx_word' id='word_1_631' title='bbox 3216 3845 3642 3914; x_wconf 85' lang='lat' dir='ltr'>adolescentis</span> <span class='ocrx_word' id='word_1_632' title='bbox 3697 3845 3941 3925; x_wconf 88' lang='lat' dir='ltr'>virtus,</span> <span class='ocrx_word' id='word_1_633' title='bbox 4008 3870 4197 3915; x_wconf 88' lang='lat' dir='ltr'>suam</span> 
     </span>
     <span class='ocr_line' id='line_1_92' title="bbox 2269 3932 4196 4021; baseline -0.003 -16"><span class='ocrx_word' id='word_1_634' title='bbox 2269 3939 2677 4008; x_wconf 88' lang='lat' dir='ltr'>vocationem</span> <span class='ocrx_word' id='word_1_635' title='bbox 2710 3935 3139 4021; x_wconf 87' lang='lat' dir='ltr'>agnoscentis,</span> <span class='ocrx_word' id='word_1_636' title='bbox 3175 3933 3455 3999; x_wconf 88' lang='lat' dir='ltr'>fideliter</span> <span class='ocrx_word' id='word_1_637' title='bbox 3487 3932 3556 3997; x_wconf 89' lang='lat' dir='ltr'>in</span> <span class='ocrx_word' id='word_1_638' title='bbox 3600 3951 3680 3997; x_wconf 90' lang='lat' dir='ltr'>ea</span> <span class='ocrx_word' id='word_1_639' title='bbox 3713 3953 3783 3998; x_wconf 87' lang='lat' dir='ltr'>se</span> <span class='ocrx_word' id='word_1_640' title='bbox 3816 3935 4196 4013; x_wconf 85' lang='lat' dir='ltr'>exercentis,</span> 
     </span>
     <span class='ocr_line' id='line_1_93' title="bbox 2267 4016 4196 4091; baseline -0.003 0"><span class='ocrx_word' id='word_1_641' title='bbox 2267 4033 2335 4091; x_wconf 86' lang='lat' dir='ltr'>et</span> <span class='ocrx_word' id='word_1_642' title='bbox 2376 4025 2661 4090; x_wconf 86' lang='lat' dir='ltr'>officium</span> <span class='ocrx_word' id='word_1_643' title='bbox 2699 4023 3001 4089; x_wconf 88' lang='lat' dir='ltr'>alacriter</span> <span class='ocrx_word' id='word_1_644' title='bbox 3051 4019 3369 4086; x_wconf 85' lang='lat' dir='ltr'>facientis.</span> <span class='ocrx_word' id='word_1_645' title='bbox 3454 4016 3647 4082; x_wconf 89' lang='lat' dir='ltr'>Adde</span> <span class='ocrx_word' id='word_1_646' title='bbox 3689 4027 3759 4082; x_wconf 92' lang='lat' dir='ltr'>et</span> <span class='ocrx_word' id='word_1_647' title='bbox 3813 4017 4196 4085; x_wconf 87' lang='lat' dir='ltr'>modestiam</span> 
     </span>
     <span class='ocr_line' id='line_1_94' title="bbox 2266 4103 4195 4192; baseline -0.004 -15"><span class='ocrx_word' id='word_1_648' title='bbox 2266 4123 2336 4177; x_wconf 90' lang='lat' dir='ltr'>et</span> <span class='ocrx_word' id='word_1_649' title='bbox 2374 4109 2752 4192; x_wconf 87' lang='lat' dir='ltr'>obsequium</span> <span class='ocrx_word' id='word_1_650' title='bbox 2787 4106 2948 4173; x_wconf 88' lang='lat' dir='ltr'>Heli</span> <span class='ocrx_word' id='word_1_651' title='bbox 2989 4125 3247 4172; x_wconf 88' lang='lat' dir='ltr'>summo</span> <span class='ocrx_word' id='word_1_652' title='bbox 3291 4103 3630 4179; x_wconf 85' lang='lat' dir='ltr'>sacerdoti,</span> <span class='ocrx_word' id='word_1_653' title='bbox 3674 4111 3983 4188; x_wconf 82' lang='lat' dir='ltr'>tanquam</span> <span class='ocrx_word' id='word_1_654' title='bbox 4018 4104 4195 4187; x_wconf 86' lang='lat' dir='ltr'>patri</span> 
     </span>
     <span class='ocr_line' id='line_1_95' title="bbox 2266 4187 4194 4277; baseline -0.005 -15"><span class='ocrx_word' id='word_1_655' title='bbox 2266 4204 2335 4262; x_wconf 93' lang='lat' dir='ltr'>et</span> <span class='ocrx_word' id='word_1_656' title='bbox 2377 4194 2624 4261; x_wconf 89' lang='lat' dir='ltr'>doctori</span> <span class='ocrx_word' id='word_1_657' title='bbox 2667 4193 3067 4277; x_wconf 88' lang='lat' dir='ltr'>praestitum.</span> <span class='ocrx_word' id='word_1_658' title='bbox 3134 4189 3356 4273; x_wconf 80' lang='lat' dir='ltr'>Quare</span> <span class='ocrx_word' id='word_1_659' title='bbox 3389 4188 3590 4255; x_wconf 87' lang='lat' dir='ltr'>huius</span> <span class='ocrx_word' id='word_1_660' title='bbox 3633 4187 4004 4272; x_wconf 86' lang='lat' dir='ltr'>exemplum</span> <span class='ocrx_word' id='word_1_661' title='bbox 4045 4188 4194 4254; x_wconf 88' lang='lat' dir='ltr'>imi·</span> 
     </span>
     <span class='ocr_line' id='line_1_96' title="bbox 2265 4271 4198 4360; baseline -0.003 -13"><span class='ocrx_word' id='word_1_662' title='bbox 2265 4281 2387 4347; x_wconf 87' lang='lat' dir='ltr'>tati</span> <span class='ocrx_word' id='word_1_663' title='bbox 2429 4280 2758 4347; x_wconf 84' lang='lat' dir='ltr'>diseamus</span> <span class='ocrx_word' id='word_1_664' title='bbox 2798 4277 3057 4347; x_wconf 88' lang='lat' dir='ltr'>fidelem</span> <span class='ocrx_word' id='word_1_665' title='bbox 3090 4296 3354 4360; x_wconf 88' lang='lat' dir='ltr'>operam</span> <span class='ocrx_word' id='word_1_666' title='bbox 3390 4294 3634 4340; x_wconf 88' lang='lat' dir='ltr'>navare</span> <span class='ocrx_word' id='word_1_667' title='bbox 3653 4273 3816 4356; x_wconf 90' lang='lat' dir='ltr'>Deo,</span> <span class='ocrx_word' id='word_1_668' title='bbox 3848 4271 3931 4338; x_wconf 88' lang='lat' dir='ltr'>ad</span> <span class='ocrx_word' id='word_1_669' title='bbox 3973 4294 4198 4358; x_wconf 88' lang='lat' dir='ltr'>quam-</span> 
     </span>
     <span class='ocr_line' id='line_1_97' title="bbox 2264 4358 4194 4450; baseline -0.003 -18"><span class='ocrx_word' id='word_1_670' title='bbox 2264 4388 2539 4450; x_wconf 90' lang='lat' dir='ltr'>cumque</span> <span class='ocrx_word' id='word_1_671' title='bbox 2561 4386 2870 4432; x_wconf 82' lang='lat' dir='ltr'>vocemur</span> <span class='ocrx_word' id='word_1_672' title='bbox 2901 4364 2983 4430; x_wconf 89' lang='lat' dir='ltr'>ab</span> <span class='ocrx_word' id='word_1_673' title='bbox 3018 4364 3159 4448; x_wconf 88' lang='lat' dir='ltr'>ipso</span> <span class='ocrx_word' id='word_1_674' title='bbox 3191 4359 3647 4438; x_wconf 89' lang='lat' dir='ltr'>conditionem,</span> <span class='ocrx_word' id='word_1_675' title='bbox 3682 4369 3751 4425; x_wconf 93' lang='lat' dir='ltr'>et</span> <span class='ocrx_word' id='word_1_676' title='bbox 3782 4359 3958 4424; x_wconf 90' lang='lat' dir='ltr'>omni</span> <span class='ocrx_word' id='word_1_677' title='bbox 3979 4358 4194 4426; x_wconf 85' lang='lat' dir='ltr'>studio</span> 
     </span>
     <span class='ocr_line' id='line_1_98' title="bbox 2263 4443 4195 4529; baseline -0.004 -10"><span class='ocrx_word' id='word_1_678' title='bbox 2263 4473 2340 4519; x_wconf 88' lang='lat' dir='ltr'>ae</span> <span class='ocrx_word' id='word_1_679' title='bbox 2404 4452 2628 4519; x_wconf 91' lang='lat' dir='ltr'>labore</span> <span class='ocrx_word' id='word_1_680' title='bbox 2684 4450 2756 4516; x_wconf 86' lang='lat' dir='ltr'>in</span> <span class='ocrx_word' id='word_1_681' title='bbox 2812 4470 2955 4516; x_wconf 90' lang='lat' dir='ltr'>eam</span> <span class='ocrx_word' id='word_1_682' title='bbox 3023 4446 3436 4514; x_wconf 86' lang='lat' dir='ltr'>incumbere:</span> <span class='ocrx_word' id='word_1_683' title='bbox 3502 4466 3750 4529; x_wconf 87' lang='lat' dir='ltr'>nosque</span> <span class='ocrx_word' id='word_1_684' title='bbox 3811 4444 3895 4509; x_wconf 89' lang='lat' dir='ltr'>iis</span> <span class='ocrx_word' id='word_1_685' title='bbox 3957 4443 4195 4528; x_wconf 90' lang='lat' dir='ltr'>quibus</span> 
     </span>
     <span class='ocr_line' id='line_1_99' title="bbox 2262 4530 4194 4618; baseline -0.003 -15"><span class='ocrx_word' id='word_1_686' title='bbox 2262 4536 2485 4604; x_wconf 89' lang='lat' dir='ltr'>traditi</span> <span class='ocrx_word' id='word_1_687' title='bbox 2526 4556 2756 4602; x_wconf 89' lang='lat' dir='ltr'>sumus</span> <span class='ocrx_word' id='word_1_688' title='bbox 2806 4545 2874 4602; x_wconf 90' lang='lat' dir='ltr'>et</span> <span class='ocrx_word' id='word_1_689' title='bbox 2916 4534 3026 4618; x_wconf 89' lang='lat' dir='ltr'>qui</span> <span class='ocrx_word' id='word_1_690' title='bbox 3069 4534 3452 4601; x_wconf 88' lang='lat' dir='ltr'>auctoritate</span> <span class='ocrx_word' id='word_1_691' title='bbox 3508 4530 3772 4615; x_wconf 90' lang='lat' dir='ltr'>pollent,</span> <span class='ocrx_word' id='word_1_692' title='bbox 3832 4530 4194 4614; x_wconf 89' lang='lat' dir='ltr'>morigeros</span> 
     </span>
     <span class='ocr_line' id='line_1_100' title="bbox 2263 4614 4190 4705; baseline -0.006 -15"><span class='ocrx_word' id='word_1_693' title='bbox 2263 4644 2341 4689; x_wconf 89' lang='lat' dir='ltr'>ac</span> <span class='ocrx_word' id='word_1_694' title='bbox 2404 4622 2830 4705; x_wconf 88' lang='lat' dir='ltr'>obsequentes</span> <span class='ocrx_word' id='word_1_695' title='bbox 2887 4640 3038 4685; x_wconf 89' lang='lat' dir='ltr'>cum</span> <span class='ocrx_word' id='word_1_696' title='bbox 3091 4619 3270 4685; x_wconf 90' lang='lat' dir='ltr'>omni</span> <span class='ocrx_word' id='word_1_697' title='bbox 3353 4615 3670 4696; x_wconf 78' lang='lat' dir='ltr'>modestia</span> <span class='ocrx_word' id='word_1_698' title='bbox 3745 4614 4190 4699; x_wconf 82' lang='lat' dir='ltr'>praebeamus.</span> 
     </span>
     <span class='ocr_line' id='line_1_101' title="bbox 2260 4699 4194 4784; baseline -0.006 -8"><span class='ocrx_word' id='word_1_699' title='bbox 2260 4709 2409 4776; x_wconf 91' lang='lat' dir='ltr'>Hoc</span> <span class='ocrx_word' id='word_1_700' title='bbox 2465 4707 2732 4774; x_wconf 90' lang='lat' dir='ltr'>nomine</span> <span class='ocrx_word' id='word_1_701' title='bbox 2774 4705 3022 4772; x_wconf 86' lang='lat' dir='ltr'>Paulus</span> <span class='ocrx_word' id='word_1_702' title='bbox 3064 4703 3477 4771; x_wconf 77' lang='lat' dir='ltr'>Timotheum</span> <span class='ocrx_word' id='word_1_703' title='bbox 3535 4699 3960 4778; x_wconf 90' lang='lat' dir='ltr'>commendat,</span> <span class='ocrx_word' id='word_1_704' title='bbox 4019 4701 4194 4784; x_wconf 85' lang='lat' dir='ltr'>quod</span> 
     </span>
     <span class='ocr_line' id='line_1_102' title="bbox 2266 4785 4192 4877; baseline -0.004 -17"><span class='ocrx_word' id='word_1_705' title='bbox 2266 4793 2630 4861; x_wconf 85' lang='lat' dir='ltr'>obediverit</span> <span class='ocrx_word' id='word_1_706' title='bbox 2670 4792 3012 4877; x_wconf 87' lang='lat' dir='ltr'>evangelio</span> <span class='ocrx_word' id='word_1_707' title='bbox 3053 4811 3192 4870; x_wconf 88' lang='lat' dir='ltr'>suo,</span> <span class='ocrx_word' id='word_1_708' title='bbox 3233 4788 3499 4855; x_wconf 90' lang='lat' dir='ltr'>minime</span> <span class='ocrx_word' id='word_1_709' title='bbox 3541 4786 3804 4870; x_wconf 89' lang='lat' dir='ltr'>quidem</span> <span class='ocrx_word' id='word_1_710' title='bbox 3847 4785 3973 4850; x_wconf 88' lang='lat' dir='ltr'>sibi</span> <span class='ocrx_word' id='word_1_711' title='bbox 4014 4785 4192 4869; x_wconf 90' lang='lat' dir='ltr'>quod</span> 
     </span>
     <span class='ocr_line' id='line_1_103' title="bbox 2259 4869 4190 4948; baseline -0.004 -2"><span class='ocrx_word' id='word_1_712' title='bbox 2259 4880 2456 4948; x_wconf 88' lang='lat' dir='ltr'>unius</span> <span class='ocrx_word' id='word_1_713' title='bbox 2500 4877 2632 4946; x_wconf 92' lang='lat' dir='ltr'>Dei</span> <span class='ocrx_word' id='word_1_714' title='bbox 2684 4887 2784 4945; x_wconf 90' lang='lat' dir='ltr'>est</span> <span class='ocrx_word' id='word_1_715' title='bbox 2825 4899 2902 4946; x_wconf 87' lang='lat' dir='ltr'>ac</span> <span class='ocrx_word' id='word_1_716' title='bbox 2947 4875 3212 4944; x_wconf 82' lang='lat' dir='ltr'>Domini</span> <span class='ocrx_word' id='word_1_717' title='bbox 3278 4874 3482 4940; x_wconf 89' lang='lat' dir='ltr'>nostri</span> <span class='ocrx_word' id='word_1_718' title='bbox 3524 4872 3675 4939; x_wconf 93' lang='lat' dir='ltr'>Iesu</span> <span class='ocrx_word' id='word_1_719' title='bbox 3718 4869 3964 4936; x_wconf 82' lang='lat' dir='ltr'>Christi</span> <span class='ocrx_word' id='word_1_720' title='bbox 4008 4891 4190 4938; x_wconf 89' lang='lat' dir='ltr'>arro·</span> 
     </span>
     <span class='ocr_line' id='line_1_104' title="bbox 2262 4955 4189 5051; baseline -0.006 -17"><span class='ocrx_word' id='word_1_721' title='bbox 2262 4986 2457 5051; x_wconf 82' lang='lat' dir='ltr'>gans,</span> <span class='ocrx_word' id='word_1_722' title='bbox 2516 4972 3034 5048; x_wconf 83' lang='lat' dir='ltr'>potestatemque</span> <span class='ocrx_word' id='word_1_723' title='bbox 3089 4961 3212 5028; x_wconf 90' lang='lat' dir='ltr'>hoc</span> <span class='ocrx_word' id='word_1_724' title='bbox 3269 4959 3376 5026; x_wconf 89' lang='lat' dir='ltr'>vel</span> <span class='ocrx_word' id='word_1_725' title='bbox 3427 4957 3590 5024; x_wconf 89' lang='lat' dir='ltr'>illud</span> <span class='ocrx_word' id='word_1_726' title='bbox 3645 4955 4009 5039; x_wconf 87' lang='lat' dir='ltr'>imperandi</span> <span class='ocrx_word' id='word_1_727' title='bbox 4068 4957 4189 5023; x_wconf 89' lang='lat' dir='ltr'>tri-</span> 
     </span>
     <span class='ocr_line' id='line_1_105' title="bbox 2259 5040 4189 5134; baseline -0.004 -16"><span class='ocrx_word' id='word_1_728' title='bbox 2259 5051 2488 5128; x_wconf 91' lang='lat' dir='ltr'>buens,</span> <span class='ocrx_word' id='word_1_729' title='bbox 2546 5049 2662 5117; x_wconf 86' lang='lat' dir='ltr'>sed</span> <span class='ocrx_word' id='word_1_730' title='bbox 2719 5049 2893 5134; x_wconf 89' lang='lat' dir='ltr'>quod</span> <span class='ocrx_word' id='word_1_731' title='bbox 2936 5048 3316 5114; x_wconf 77' lang='lat' dir='ltr'>Timotheus</span> <span class='ocrx_word' id='word_1_732' title='bbox 3371 5042 3631 5110; x_wconf 86' lang='lat' dir='ltr'>iuvenis</span> <span class='ocrx_word' id='word_1_733' title='bbox 3671 5040 3866 5109; x_wconf 88' lang='lat' dir='ltr'>Pauli</span> <span class='ocrx_word' id='word_1_734' title='bbox 3919 5043 4189 5110; x_wconf 88' lang='lat' dir='ltr'>consilio</span> 
     </span>
     <span class='ocr_line' id='line_1_106' title="bbox 2261 5126 4190 5222; baseline -0.005 -19"><span class='ocrx_word' id='word_1_735' title='bbox 2261 5159 2425 5222; x_wconf 88' lang='lat' dir='ltr'>opus</span> <span class='ocrx_word' id='word_1_736' title='bbox 2466 5135 2757 5203; x_wconf 88' lang='lat' dir='ltr'>haberet.</span> <span class='ocrx_word' id='word_1_737' title='bbox 2843 5134 3076 5218; x_wconf 90' lang='lat' dir='ltr'>Itaque</span> <span class='ocrx_word' id='word_1_738' title='bbox 3122 5128 3387 5200; x_wconf 85' lang='lat' dir='ltr'>Samuel</span> <span class='ocrx_word' id='word_1_739' title='bbox 3432 5129 3540 5196; x_wconf 88' lang='lat' dir='ltr'>hic</span> <span class='ocrx_word' id='word_1_740' title='bbox 3579 5150 3619 5194; x_wconf 90' lang='lat' dir='ltr'>a</span> <span class='ocrx_word' id='word_1_741' title='bbox 3661 5126 3979 5193; x_wconf 84' lang='lat' dir='ltr'>modestia</span> <span class='ocrx_word' id='word_1_742' title='bbox 4019 5149 4190 5195; x_wconf 89' lang='lat' dir='ltr'>com-</span> 
     </span>
     <span class='ocr_line' id='line_1_107' title="bbox 2262 5213 4192 5307; baseline -0.005 -17"><span class='ocrx_word' id='word_1_743' title='bbox 2262 5222 2633 5302; x_wconf 88' lang='lat' dir='ltr'>mendatur,</span> <span class='ocrx_word' id='word_1_744' title='bbox 2677 5221 2848 5307; x_wconf 89' lang='lat' dir='ltr'>quod</span> <span class='ocrx_word' id='word_1_745' title='bbox 2891 5219 3101 5288; x_wconf 86' lang='lat' dir='ltr'>officio</span> <span class='ocrx_word' id='word_1_746' title='bbox 3140 5238 3259 5284; x_wconf 88' lang='lat' dir='ltr'>suo</span> <span class='ocrx_word' id='word_1_747' title='bbox 3302 5213 3583 5282; x_wconf 85' lang='lat' dir='ltr'>fideliter</span> <span class='ocrx_word' id='word_1_748' title='bbox 3623 5213 3889 5280; x_wconf 83' lang='lat' dir='ltr'>functus</span> <span class='ocrx_word' id='word_1_749' title='bbox 3934 5235 4010 5281; x_wconf 84' lang='lat' dir='ltr'>ac</span> <span class='ocrx_word' id='word_1_750' title='bbox 4030 5214 4192 5281; x_wconf 90' lang='lat' dir='ltr'>Heli</span> 
     </span>
    </p>

    <p class='ocr_par' dir='ltr' id='par_1_11' title="bbox 3685 5315 3788 5371">
     <span class='ocr_line' id='line_1_108' title="bbox 3685 5315 3788 5371; baseline 0 -23"><span class='ocrx_word' id='word_1_751' title='bbox 3685 5315 3788 5371; x_wconf 62' lang='lat'>240</span> 
     </span>
    </p>
   </div>
  </div>
 </body>
</html>
