5059 6059
867 298 993 364 687

865 488 1058 566 feras,
1103 493 1171 551 et
1206 482 1421 570 frigus
1461 491 1528 551 et
1568 490 1823 549 aestum
1868 483 2325 564 toleraverant,
2369 489 2435 549 et
2467 483 2819 549 imminen-

869 583 1004 639 tem
1049 571 1344 637 faucibus
1388 569 1679 654 gladium
1724 568 2116 637 habuerant.
2161 569 2463 652 Denique
2506 567 2819 653 quamdiu

866 659 1132 725 sedibus
1176 658 1445 723 incertis
1489 656 1619 722 huc
1673 656 1829 721 illuc
1877 657 2096 740 vagati
2141 658 2424 736 fuerant,
2484 654 2819 720 nihilomi-

869 765 994 810 nus
1036 745 1104 809 in
1140 743 1271 808 fide
1313 743 1521 826 ipsius
1565 750 2081 826 permanserant,
2123 752 2190 806 et
2232 741 2634 826 singularem
2662 758 2821 823 erga

864 831 888 895 i
938 851 1083 895 sum
1128 828 1648 894 benevolentiam
1696 848 1766 892 re
1802 828 1947 911 ipsa
1988 831 2206 894 testati
2250 829 2526 908 fuerant,
2573 826 2694 891 etsi
2737 846 2819 890 ex

864 853 1145 981 ssavidis
1189 913 1763 980 lamentationibus
1809 923 2082 997 apparet
2124 934 2317 996 saepe
2354 913 2498 978 illos
2521 913 2817 978 afflictio·

867 1003 1061 1067 nibus
1097 1000 1342 1067 fractos
1366 1019 1830 1078 murmurasse,
1859 1010 1927 1063 et
1948 999 2250 1065 fiduciam
2275 1020 2460 1064 suam
2489 999 2559 1063 in
2577 998 2816 1075 Deum,

866 1096 944 1153 ut
1007 1086 1379 1171 oportebat,
1445 1105 1577 1151 non
1640 1086 2026 1168 reposuisse.
2116 1084 2593 1150 Verumtamen
2660 1103 2819 1166 erga

867 1173 1195 1239 Davidem
1258 1193 1329 1238 se
1382 1171 1606 1237 fideles
1648 1170 2099 1253 praebuerant,
2146 1173 2274 1234 iam
2322 1192 2475 1236 vero
2534 1169 2615 1233 ab
2670 1171 2816 1252 ipso

865 1281 997 1325 nou
1043 1257 1238 1323 modo
1295 1257 1627 1335 deficiunt,
1688 1257 1799 1322 sed
1860 1258 2056 1321 etiam
2112 1254 2193 1321 de
2240 1256 2590 1339 lapidando
2651 1256 2815 1337 ipso,

872 1355 1188 1426 tanquam
1222 1344 1376 1409 mali
1405 1344 1594 1409 istius
1620 1355 1863 1419 autore,
1892 1343 2223 1426 cogit-aut:
2263 1342 2425 1407 adeo
2459 1353 2535 1405 ut
2571 1343 2814 1405 mirum

865 1431 1078 1496 videri
1135 1429 1321 1495 nobis
1364 1450 1495 1494 non
1541 1427 1790 1506 debeat,
1858 1430 1912 1495 si
1962 1427 2235 1494 Davidis
2304 1427 2705 1511 perturbatio
2748 1435 2816 1490 et

864 1517 1201 1601 lacrymae
1259 1535 1334 1581 ae
1389 1514 1673 1599 gemitus
1730 1514 1917 1579 nobis
1982 1514 2088 1579 hic
2142 1525 2628 1597 proponantur:
2698 1512 2815 1578 sed

867 1604 1086 1687 potius
1150 1604 1524 1667 constantia
1578 1602 1787 1682 ipsius
1843 1610 1911 1664 et
1965 1599 2276 1664 fortitudo
2319 1598 2812 1676 consideranda,

865 1708 1034 1771 quae
1095 1708 1221 1752 non
1285 1685 1585 1769 permisit
1642 1686 1857 1769 ipsum
1903 1688 2109 1751 tantis
2154 1686 2344 1750 malis
2389 1687 2484 1751 sic
2527 1686 2699 1750 affici
2745 1693 2813 1748 et

863 1772 1270 1858 perturbari,
1327 1782 1400 1837 ut
1458 1771 1772 1837 adversus
1814 1771 2032 1837 Deum
2077 1773 2449 1855 insurgeret
2492 1784 2561 1833 et
2603 1769 2812 1851 indig-

863 1871 1153 1936 naretur,
1198 1857 1313 1923 sed
1358 1859 1429 1923 in
1465 1857 1752 1923 Domino
1791 1859 2005 1939 potius
2038 1859 2536 1924 confirmaretur
2579 1857 2811 1922 effecit.

1043 1942 1360 2027 Sequitur
1403 1940 1706 2027 deinceps
1748 1945 1936 2023 ratic,
1995 1964 2235 2026 nempe
2280 1943 2632 2007 advocasse
2681 1944 2813 2007 Da-

865 2030 1085 2095 videm
1134 2029 1565 2096 Abiatharem
1629 2030 2028 2094 sacerdotem
2098 2029 2310 2093 filium
2373 2027 2816 2109 Achimelech,

867 2126 936 2181 et
977 2116 1241 2182 iussisse
1285 2124 1362 2181 ut
1404 2126 1737 2199 assumpto
1780 2114 1991 2197 ephod
2023 2116 2375 2179 Dominum
2423 2114 2811 2193 consuleret,

865 2212 934 2267 et
977 2201 1056 2267 de
1103 2202 1436 2266 voluntate
1479 2203 1685 2284 ipsius
1727 2202 2185 2267 sciscitaretur.
2233 2200 2428 2281 Quod
2474 2200 2555 2264 ad
2601 2199 2813 2282 ephod

864 2289 1108 2354 attinet
1150 2288 1451 2370 superins
1495 2285 1831 2351 docuimus
1874 2286 2072 2352 fuisse
2115 2284 2579 2352 sacerdotalem
2627 2306 2815 2351 orna-

867 2383 1029 2451 tum,
1074 2395 1264 2455 quem
1309 2372 1495 2439 Deus
1539 2394 1577 2439 a
1617 2371 2060 2439 sacerdotibus
2103 2373 2349 2437 assumi
2394 2373 2696 2449 iusserat,
2750 2383 2816 2437 et

865 2481 986 2543 per
1026 2458 1190 2524 illud
1233 2460 1306 2524 in
1351 2459 1545 2525 rebus
1588 2458 1957 2524 difficilibus
2006 2459 2218 2522 Deum
2270 2460 2540 2524 consuli.
2629 2458 2816 2526 'Punc

868 2546 1045 2612 enim
1114 2566 1411 2610 summus
1477 2542 1778 2610 sacerdos
1842 2554 1985 2608 erat
2043 2543 2313 2609 Domini
2381 2546 2592 2610 nostri
2657 2544 2812 2610 Iesu

871 2632 1122 2697 Christi
1168 2633 1383 2713 figura
1429 2640 1497 2694 et
1535 2633 1773 2713 imago.
1839 2628 2167 2710 Quoniam
2215 2640 2433 2694 autem
2479 2631 2610 2694 illis
2654 2639 2815 2695 tem-

868 2716 1134 2802 poribus
1164 2715 1350 2781 Deus
1393 2735 1512 2798 per
1537 2716 1782 2799 figuras
1825 2726 1891 2779 et
1917 2716 2182 2781 umbras
2205 2716 2446 2800 legales
2494 2718 2814 2800 populum

869 2802 1174 2880 docebat,
1238 2802 1407 2867 hane
1461 2802 1938 2866 caeremoniam
1983 2804 2055 2866 in
2101 2823 2222 2867 usu
2267 2823 2410 2868 esse
2452 2804 2813 2884 oportebat.

870 2888 1092 2954 David
1151 2887 1354 2970 igitur
1418 2888 1818 2954 sacerdotem
1892 2908 2021 2952 non
2078 2887 2297 2970 aliqua
2353 2890 2815 2971 superstitione

867 2975 1147 3053 vocavit,
1182 2993 1461 3056 eumque
1495 2973 1705 3056 ephod
1743 2993 2073 3039 assumere
2109 2974 2316 3047 iussit,
2362 2994 2496 3038 non
2536 2975 2814 3058 alligans

866 3061 995 3127 Dei
1055 3062 1334 3145 gratiam
1396 3061 1833 3143 virtutemque
1892 3061 2096 3124 sancti
2148 3061 2417 3142 spiritus
2490 3062 2812 3125 materiali

868 3146 1223 3212 sacerdotis
1251 3146 1529 3222 ornatui,
1574 3144 1688 3209 sed
1720 3146 1988 3211 edoctus
2015 3146 2216 3211 verbo
2252 3144 2372 3210 Dei
2405 3148 2811 3212 sacerdotem

868 3233 1098 3297 datum
1152 3252 1294 3296 esse
1354 3242 1660 3314 tanquam
1719 3230 1846 3295 Dei
1903 3232 2394 3298 internuncium
2455 3242 2524 3297 et
2578 3243 2810 3297 testem

868 3318 1131 3383 divinae
1190 3316 1547 3382 voluntatis
1589 3329 1656 3380 et
1701 3317 1973 3395 consilii,
2036 3318 2585 3401 quemadmodum
2635 3317 2811 3402 apud

867 3403 1253 3488 prophetam
1281 3403 1675 3468 Malachiam
1721 3404 1931 3485 capite
1975 3403 2263 3468 secundo
2304 3404 2626 3469 versiculo
2668 3424 2812 3486 sep-

870 3491 1032 3553 timo
1112 3489 1428 3571 script-um
1515 3504 1642 3553 est:
1778 3487 1985 3553 Labia
2074 3490 2414 3555 sacerdotis
2486 3489 2817 3555 observant

868 3575 1191 3640 scientiam
1248 3579 1304 3639 et
1345 3575 1448 3640 lex
1487 3576 1834 3657 requiritur
1889 3595 1967 3639 ex
2009 3596 2112 3641 ore
2153 3577 2381 3656 ipsius,
2428 3596 2579 3640 nam
2623 3596 2817 3660 anye-

868 3661 973 3726 lus
1016 3660 1280 3724 Iehovae
1321 3661 1701 3725 exercituum
1741 3666 1845 3726 est.
1936 3660 2123 3742 Quae
2169 3662 2431 3744 quidem
2479 3662 2682 3727 verba
2734 3661 2812 3724 de

872 3756 1010 3812 tota
1072 3745 1235 3809 bene
1295 3746 1558 3810 vivendi
1605 3747 1834 3830 regula
1877 3747 2370 3830 intelliguntur:
2418 3749 2530 3811 sed
2579 3749 2813 3831 quibus

870 3833 1070 3897 etiam
1128 3832 1535 3909 significatur
1590 3832 1990 3898 sacerdotem
2049 3833 2119 3895 in
2168 3834 2362 3897 rebus
2404 3834 2705 3917 angustis
2747 3844 2815 3897 et

870 3918 1084 3983 dubiis
1135 3916 1257 3979 Dei
1314 3917 1803 3983 internuncium
1851 3931 1915 3981 et
1960 3919 2320 3983 voluntatis
2363 3921 2568 4001 ipsius
2611 3923 2811 3983 inter·

867 4016 1124 4088 pretem
1180 4002 1413 4082 fuisse,
1471 4003 1611 4067 Deo
1670 4005 1806 4085 ipse
1862 4004 2178 4086 singulari
2236 4003 2510 4087 quadam
2560 4006 2814 4069 ratione

868 4088 1046 4174 quod
1089 4108 1254 4170 opus
1294 4100 1487 4168 esset,
1532 4090 1865 4154 revelante
1889 4111 2087 4171 quum
2113 4111 2271 4155 vera
2307 4090 2436 4154 fide
2479 4093 2814 4154 invocare-

869 4188 996 4240 tur.
1042 4171 1234 4255 Quod
1282 4174 1458 4238 euim
1505 4194 1701 4256 supra
1745 4176 2029 4240 vidimus
2065 4176 2250 4241 Sauli
2297 4176 2378 4239 de
2411 4175 2535 4241 Dei
2583 4176 2812 4240 volun·

870 4272 1008 4325 tate
1081 4260 1441 4324 sciscitanti
1516 4260 1770 4324 nullum
1843 4264 2039 4327 fuisse
2112 4261 2335 4325 datum
2404 4281 2813 4345 responsum,

870 4348 1111 4414 factum
1171 4354 1272 4409 est
1328 4344 1535 4428 ipsius
1581 4346 2066 4426 incredulitate,
2124 4348 2292 4429 quod
2339 4368 2379 4412 a
2423 4347 2567 4412 Deo
2612 4347 2814 4412 desci-

870 4434 1094 4509 visset,
1137 4429 1408 4514 ideoque
1452 4453 1646 4514 quam
1694 4444 1836 4496 erat
1870 4435 2142 4498 meritus
2187 4434 2552 4499 mercedem
2598 4455 2637 4498 a
2684 4435 2815 4498 Do-

872 4521 1052 4584 mino
1098 4517 1443 4583 retulisset.
1506 4517 1723 4581 David
1767 4539 1928 4582 vero
1974 4518 2165 4602 longe
2201 4520 2392 4584 aliter
2424 4518 2546 4583 Dei
2583 4519 2814 4585 volun·

873 4617 1075 4669 tatem
1120 4604 1481 4684 inquisivit,
1528 4607 1763 4686 quippe
1788 4607 1897 4686 qui
1935 4607 2330 4669 sacerdotem
2377 4627 2417 4670 a
2446 4605 2588 4668 Deo
2622 4610 2817 4669 sciret

872 4692 942 4756 in
974 4690 1147 4754 hunc
1175 4709 1365 4753 usum
1399 4692 1853 4754 constit-utum:
1902 4711 2178 4773 eumque
2207 4692 2352 4755 ideo
2377 4692 2574 4757 iussit
2602 4690 2814 4773 ephod

874 4796 1238 4851 assumere,
1298 4786 1371 4838 ut
1427 4776 1888 4841 sacerdotalem
1948 4775 2335 4859 dignitatem
2390 4790 2814 4857 revereretur,

874 4863 1001 4928 Dei
1063 4881 1217 4927 vero
1280 4861 1683 4926 voluntatem
1732 4864 1824 4926 ita
1866 4863 2325 4937 sciscitaretur,
2380 4874 2454 4926 ut
2498 4885 2626 4926 non
2675 4866 2814 4928 sine

875 4949 1192 5031 precibus.
1254 4945 1481 5028 Neque
1525 4949 1701 5012 enim
1739 4949 1951 5013 David
1999 4970 2226 5033 magos
2269 4960 2335 5011 et
2370 4951 2814 5013 incantatores

878 5034 1195 5098 imitando
1225 5033 1568 5098 coniurare
1600 5054 1715 5115 per
1751 5035 1962 5118 ephod
1995 5033 2212 5099 Deum
2260 5034 2481 5109 voluit,
2527 5034 2639 5099 sed
2687 5055 2816 5117 qua

874 5118 1247 5184 humilitate
1289 5129 1356 5180 et
1398 5118 1711 5183 modestia
1748 5119 1971 5186 debuit
2012 5141 2158 5185 eum
2205 5121 2558 5198 invocavit,
2604 5142 2812 5203 neque

875 5205 958 5270 ad
1006 5206 1166 5271 alios
1191 5205 1342 5268 deos
1372 5204 1655 5283 deflexit,
1700 5214 1816 5271 aut
1843 5207 2004 5272 alias
2040 5206 2329 5272 rationes
2355 5207 2586 5272 salutis
2611 5227 2811 5290 quae-
2835 5272 2850 5291 ,

2607 290 3017 360 HommA
3066 292 3252 360 0111.
4642 312 4719 380 533

2921 481 3107 546 sivit:
3164 480 3280 546 sed
3323 484 3796 568 praescriptam
3837 484 3985 570 lege
4008 484 4136 550 Dei
4179 482 4357 551 'viam
4387 500 4629 572 sequutus
4652 509 4728 581 nt,

2920 567 3110 632 cuius
3153 568 3455 651 exemplo
3498 588 3618 635 nos
3660 580 3918 652 oportet
3960 571 4224 638 erudiri.
4291 572 4455 639 Nam
4487 583 4579 643 etsi
4612 582 4730 652 bodie

2921 673 3053 716 noa
3111 652 3430 720 hahemus
3487 656 3853 738 singulares
3911 658 4348 723 revelationes
4403 670 4462 723 et
4493 664 4633 747 signa
4661 692 4729 735 ex.

2922 749 3110 803 terna
3166 739 3385 821 qualia
3441 740 3709 806 fuerunt
3761 742 3936 821 olim,
3994 754 4061 808 et
4119 763 4285 825 quae
4321 760 4519 811 essent
4550 752 4735 833 inutilia,

2920 834 3261 889 contentos
3318 845 3461 890 esse
3504 846 3626 892 nos
3685 839 3939 909 oportet
3995 828 4165 910 quod
4208 828 4396 895 Deus
4447 834 4734 906 voluntatem

2920 929 3106 974 suam
3154 912 3340 977 nobis
3363 911 3740 991 declaravit,
3785 923 3851 977 et
3888 914 4071 979 velut
4112 935 4224 981 ore
4267 917 4514 1000 proprio
4546 926 4742 1003 promul·

2919 996 3134 1078 gavit,
3192 998 3393 1062 misso
3451 999 3520 1061 in
3579 1009 3791 1064 terras
3833 1002 4025 1065 unico
4061 1000 4198 1065 filio
4233 1021 4387 1079 suo,
4429 1006 4524 1085 qui
4557 1008 4740 1077 ultim

2918 1102 3152 1164 scopus
3198 1093 3301 1148 est
3341 1095 3601 1148 nostrae
3644 1084 4052 1167 cognitionis.
4117 1085 4190 1152 Si
4234 1107 4401 1169 quae
4437 1092 4458 1153 i
4502 1092 4603 1156 'tur
4633 1095 4743 1161 ffl-

2918 1168 3197 1233 cultates
3249 1169 3556 1248 incidant,
3613 1189 3654 1233 a
3702 1169 3843 1235 Deo
3886 1173 4272 1254 prudentiae
4328 1180 4398 1237 et
4487 1178 4745 1247 iterationis

2918 1254 3222 1337 spiritum
3280 1268 3770 1337 exspectemus:
3827 1256 3940 1321 sed
4002 1277 4135 1322 non
4180 1258 4314 1323 alia
4369 1262 4588 1328 ratione
4617 1286 4746 1347 quan

2916 1341 3245 1423 evangelii
3315 1342 3818 1425 praedicatione.
3919 1343 4119 1426 Agite
4183 1345 4389 1427 igitur
4439 1367 4751 1433 quaecunqso

2917 1426 3346 1491 difficultates
3388 1427 3789 1505 oboriantur,
3833 1429 4173 1512 angustiae
4217 1440 4281 1494 et
4325 1431 4633 1513 molestiae,
4663 1439 4748 1519 qn-

2920 1513 3038 1576 bus
3074 1522 3383 1595 tanquam
3429 1515 3498 1576 in
3536 1513 3770 1597 abysso
3807 1515 4121 1595 profunda
4159 1535 4540 1599 mergamur,
4578 1541 4676 1584 non
4705 1523 4754 1585 ad

2918 1598 3257 1662 mortalem
3319 1599 3646 1682 quendam
3704 1600 4108 1665 sacerdotem
4152 1600 4562 1668 Abiatharem
4605 1608 4754 1671 conlu-

2917 1685 3191 1767 giamus‚
3239 1684 3352 1750 sed
3399 1683 3481 1748 ad
3515 1686 3866 1750 Dominum
3914 1696 4210 1751 nostrum
4248 1685 4469 1752 Iesum
4495 1689 4760 1769 Christum,

2917 1771 3031 1852 qui
3075 1789 3196 1851 pro
3242 1771 3428 1836 uobis
3470 1790 3689 1836 coram
3729 1772 3869 1836 Deo
3907 1786 4088 1854 patre
4125 1772 4484 1853 intercedit,
4523 1785 4584 1838 et
4616 1779 4758 1841 velum
4881 1846 4882 1853 χ

2917 1855 3146 1938 templi
3189 1856 3389 1939 stegit
3445 1866 3521 1920 ut
3578 1856 3743 1921 liber
3784 1857 3867 1922 ad
3915 1859 4132 1922 Deum
4176 1878 4471 1923 accessus
4509 1861 4663 1926 nobis
4689 1883 4762 1944 pu
4881 1860 4882 1873 ²

2915 1941 3132 2025 ipsum
3179 1952 3418 2024 pateat.
3507 1942 3715 2008 Recta
3753 1945 3954 2027 igitur
3997 1944 4080 2008 ad
4126 1945 4344 2027 ipsum
4387 1947 4760 2029 confugiamus,

2916 2038 2985 2093 et
3039 2028 3294 2092 omissis
3353 2027 3580 2092 multis
3635 2028 4055 2111 ambagibus,
4122 2031 4360 2112 quibus
4414 2031 4480 2095 in
4531 2033 4763 2097 avialm

2917 2113 3111 2177 multi
3168 2112 3494 2187 aberrant.
3555 2115 3948 2197 propositam
4011 2115 4203 2180 nobis
4245 2137 4286 2181 a
4331 2115 4473 2181 Deo
4528 2119 4670 2183 viam
4707 2122 4765 2181 in·

2917 2202 3242 2264 sistamus.
3311 2198 3615 2282 Denique
3673 2203 3729 2265 si
3776 2202 3996 2266 Deum
4065 2202 4252 2267 nobis
4312 2222 4454 2266 esse
4501 2206 4760 2286 propitia!

2917 2286 3255 2365 volumus,
3329 2288 3384 2350 si
3441 2286 3510 2349 in
3572 2288 3811 2352 nostris
3866 2287 4192 2370 angustiis
4247 2297 4317 2352 et
4376 2287 4763 2354 difficultatibus
4883 2326 4884 2375 l

2917 2371 3235 2436 auxilium
3295 2371 3501 2453 ipsius
3544 2374 3935 2453 expetimus,
3995 2394 4079 2438 ne
4124 2374 4251 2437 alio
4299 2372 4691 2447 deflectamus,
4721 2384 4759 2435 st
4883 2380 4884 2447 l

2919 2478 3022 2533 ne,
3059 2457 3232 2538 quod
3265 2457 3447 2522 Deus
3469 2459 3715 2541 populo
3741 2457 3996 2523 iudaice
4032 2478 4149 2541 per
4180 2460 4565 2542 prophetam
4593 2461 4764 2526 sain

2920 2543 3292 2626 exprobrat,
3338 2542 3796 2609 claudicemus.
3851 2545 4119 2628 Popule,
4164 2546 4386 2628 inquit
4425 2546 4606 2621 Deus,
4642 2547 4767 2610 israe·

2920 2629 3116 2709 litice,
3175 2649 3377 2712 quum
3441 2630 3566 2696 huc
3631 2630 3790 2696 illuc
3848 2632 4178 2695 cursitasti
4224 2631 4389 2714 qnid
4437 2628 4769 2713 promeriti!

2918 2735 3113 2780 crura
3163 2715 3260 2778 fre
3330 2716 3415 2779 sti
3459 2725 3527 2780 et
3570 2714 3958 2799 defatigatus
4002 2737 4103 2795 es,
4163 2725 4229 2781 et
4274 2727 4498 2782 tamen
4543 2718 4676 2781 nihil
4706 2716 4772 2780 ob

2918 2801 3191 2865 tinuisti.
3261 2736 3484 2882 guare
3529 2822 3736 2866 vanas
3778 2823 4004 2866 omnes
4048 2804 4472 2868 curiositates
4510 2804 4774 2887 fugiamus.

2917 2888 3223 2969 viamque
3267 2888 3451 2951 nobis
3496 2887 3960 2970 praescriptam
4005 2890 4418 2970 insistamus,
4461 2901 4528 2953 et
4564 2891 4619 2952 in
4644 2906 4776 2952 unua

2920 2973 3274 3037 Dominum
3336 2982 3632 3037 nostrum
3695 2974 3914 3038 Iesum
3960 2974 4345 3050 Christum,
4406 2986 4472 3039 et
4521 2976 4702 3041 oculos
4740 2982 4778 3033 a
4885 2992 4886 3065 χ

2915 3078 3150 3123 seusus
3193 3078 3419 3123 omnes
3457 3057 3834 3142 defigamus,
3880 3062 4174 3142 persuasi
4217 3060 4443 3125 solum
4486 3060 4648 3125 illum
4681 3078 4781 3133 me,
4885 3070 4886 3077 ’

2914 3165 3043 3227 quo
3090 3143 3251 3209 duce
3296 3154 3360 3207 et
3405 3145 3762 3210 mediatore
3804 3144 3884 3210 ad
3923 3144 4139 3210 Deum
4185 3147 4573 3221 accedimus,
4611 3156 4665 3209 et
4694 3144 4779 3226 ipse

2911 3230 2996 3294 ad
3038 3251 3159 3295 nos
3189 3230 3478 3294 vicissim
3517 3231 3800 3296 accedit:
3845 3251 3920 3296 ac
3956 3231 4232 3314 proinde
4263 3254 4390 3316 pro
4420 3228 4784 3299 caeremonisli
4885 3248 4886 3325 ξ

2913 3315 3031 3380 illo
3074 3314 3289 3399 ephod
3332 3317 3609 3381 veritate
3654 3336 3822 3399 quae
3866 3317 3937 3381 in
3979 3318 4122 3399 ipso
4164 3331 4269 3382 est
4313 3319 4597 3384 contenti
4633 3318 4782 3381 simus.

2920 3403 3147 3484 Neque
3207 3403 3380 3465 enim
3426 3402 3691 3466 aliunde
3736 3412 4077 3467 mutuatur
4118 3405 4422 3486 aliquam
4467 3403 4786 3488 dignitatem.

2915 3488 3028 3553 sed
3073 3490 3282 3552 sancti
3318 3488 3419 3552 sui
3455 3488 3726 3571 spiritus
3763 3489 4006 3553 virtute
4046 3508 4190 3553 eam
4237 3492 4312 3554 in
4363 3512 4438 3555 se
4481 3491 4611 3572 ipso
4641 3486 4784 3551 habet.

2915 3574 3137 3655 Quum
3217 3573 3421 3659 igitur
3502 3576 3717 3639 omnis
3799 3574 4160 3656 sapientiae
4241 3576 4698 3659 plenitudinem
4745 3572 4787 3633 it

2918 3661 3202 3725 Domino
3238 3669 3463 3723 nostro
3508 3658 3657 3725 Iesu
3696 3659 3965 3725 Christo
4011 3680 4152 3725 esse
4196 3662 4520 3741 sciamus,
4559 3662 4609 3726 si
4645 3679 4705 3722 es
4725 3659 4786 3719 in·

2913 3745 3194 3810 ciderint
3237 3757 3549 3828 tempora,
3594 3754 3661 3809 et
3696 3747 3751 3810 is
3786 3765 4004 3809 rerum
4052 3756 4293 3828 status,
4341 3759 4422 3812 ut
4463 3749 4667 3829 inopes
4691 3761 4788 3807 ωο-

2915 3832 3042 3897 silii
3105 3833 3467 3897 nesciamus
3510 3831 3666 3913 quid
3726 3833 3896 3896 sacto
3940 3831 4030 3896 sit
4072 3852 4259 3915 opus,
4313 3846 4387 3897 et
4430 3844 4608 3898 tanta
4643 3846 4786 3893 remu

2914 3917 3320 4000 perturbatio
3376 3917 3481 3994 sit,
3549 3929 3628 3981 ut
3684 3918 3904 3982 nullus
3948 3937 4034 3981 ex
4079 3921 4333 3984 nostris
4384 3913 4785 3984 difficulatbu

2914 4005 3131 4068 exitus
3196 4012 3546 4086 appareat,
3611 4024 3693 4068 ne
3761 4003 4132 4068 dubitemus
4199 4016 4433 4069 tamen
4495 4008 4637 4085 quin
4675 4001 4788 4064 Des

2918 4089 3102 4153 nobis
3169 4091 3384 4172 ipsum
3457 4089 3527 4152 in
3585 4089 3854 4154 Christo
3923 4090 4406 4170 quaerentibus
4475 4089 4786 4154 volunt-ten

2916 4195 3100 4241 suam
3147 4188 3470 4257 quatenus
3513 4174 3894 4256 expedierit,
3939 4174 4317 4257 patefaciat.

3090 4258 3406 4342 Sequitur
3463 4260 3724 4324 tandem
3774 4260 4143 4327 consultum
4192 4260 4569 4327 Dominum
4609 4276 4692 4322 res
4773 4282 4784 4294 ·

2917 4345 3108 4424 disse,
3146 4357 3220 4410 ut
3253 4345 3468 4409 David
3505 4345 3762 4411 fortiter
3801 4351 4015 4411 hostes
4051 4361 4586 4430 persequeretur,
4619 4364 4678 4407 ac

2920 4446 2995 4496 ut
3053 4434 3194 4496 sine
3239 4431 3624 4496 difficultate
3667 4435 3845 4516 ipsos
3885 4448 4384 4514 assequeretur,
4446 4429 4786 4515 praedamqw

2920 4519 3059 4583 suis
3104 4517 3297 4581 rebus
3363 4519 3635 4600 receptis
3679 4537 3987 4603 magnam
4033 4518 4291 4585 fecerit.
4387 4518 4676 4584 Diximus
4707 4511 4786 4576 D*

2919 4605 3135 4669 videm
3183 4603 3494 4667 advocato
3551 4602 3884 4669 sacerdote
3927 4604 4235 4685 iussoque
4284 4603 4510 4685 ephod
4549 4612 4786 4667 assumet*

2917 4710 3048 4754 non
3107 4696 3491 4772 arroganter
3534 4701 3601 4752 et
3644 4690 3925 4772 superbe
3968 4689 4261 4755 voluisse
4288 4690 4517 4756 Deum
4559 4688 4666 4754 sibi
4696 4682 4788 4748 mb-

2918 4777 3145 4855 iicere,
3203 4775 3318 4839 sed
3378 4795 3507 4856 qua
3567 4778 3936 4840 reverentia
4002 4774 4234 4840 debuit
4297 4776 4453 4841 Deo
4517 4772 4786 4862 suppli&

2919 4863 3160 4926 factum
3221 4861 3452 4935 fuisse,
3510 4880 3550 4924 a
3594 4881 3718 4943 quo
3762 4861 3962 4926 etiam
4008 4861 4416 4927 exauditum
4459 4862 4645 4927 fuisse
4677 4852 4788 4921 vid*

2918 4968 3082 5012 mus.
3131 4947 3432 5011 Primum
3464 4946 3663 5026 igitur
3697 4948 4066 5012 sciscitatus
4109 4958 4236 5020 est.
4289 4954 4786 5036 persequeretufv

2919 5033 3243 5116 fugientes
3300 5031 3558 5096 hostes:
3620 5034 3856 5114 quibus
3913 5032 4130 5098 verbis
4186 5034 4452 5098 fatetur
4504 5055 4568 5098 se
4603 5038 4786 5096 omum

2918 5140 3063 5183 esse
3128 5116 3386 5183 consilii
3450 5119 3712 5200 inopem
3738 5168 3753 5197 ‚
3841 5118 4115 5201 ideoque
4192 5140 4240 5184 a
4309 5121 4591 5185 Domino
4643 5124 4788 5197 petat

2915 5205 3077 5288 quid
3120 5204 3244 5269 sibi
3291 5203 3652 5270 faciendum
3699 5205 3790 5269 sit
3829 5205 4044 5269 omnis
4084 5206 4364 5271 consilii
4406 5204 4654 5290 experti.
4701 5189 4782 5261 Sd
