5059 6059
289 331 398 399 281

1536 329 1634 395 IN
1680 330 1734 396 1.
1782 330 1960 396 [ΑΒ.
2006 327 2408 397 SAMUEL.
2454 327 2654 395 CAP.
2700 330 2964 396 XVIII.

4108 333 4236 400 282

289 540 464 603 quam
497 515 594 582 illi
630 526 828 582 antea
862 518 996 617 iam
1035 516 1309 583 debebat
1344 538 1424 583 ex
1461 533 1652 601 pacto
1687 529 1753 584 et
1774 518 2201 602 promissione
2306 521 2542 585 bonum
2600 529 2899 603 pensent,
2961 520 3101 585 Deo
3145 530 3364 584 tamen
3410 531 3706 586 nostrum
3755 522 4037 587 officium
4084 544 4233 607 gra-

290 603 540 682 solenni,
581 603 640 667 ei
679 604 791 687 qui
983 614 1163 668 ntem
1201 602 1387 668 illum
1426 604 1811 670 Goliathum
1847 605 2204 671 debellaret

291 690 682 775 promissam:
743 709 814 754 se
984 690 1287 754 nefieium
1330 688 1490 754 illud
1536 690 1845 755 oblivioni
1888 691 2200 756 traditum

288 786 429 841 erat.
514 775 618 839 Ex
682 794 810 857 quo
868 787 1140 857 apparet
1195 794 1360 857 quae
1403 776 1785 859 plerumque
1829 779 1917 841 sit
1960 776 2201 860 priuci-

289 881 429 945 pum
497 860 689 925 fides:
758 860 873 944 qui
933 861 1056 926 etsi
1116 860 1471 925 liberaliter
1528 863 1738 927 multa
1791 863 2203 945 promittunt,

286 967 600 1030 nunquam
663 953 886 1010 tamen
954 956 1131 1011 stant
1197 947 1548 1028 promissis,
1617 949 1741 1013 nisi
1810 946 2008 1013 fuerit
2051 969 2086 1011 e
2132 969 2203 1013 re

285 1052 407 1097 sua.
493 1031 755 1096 Interea
814 1031 1090 1097 Davidis
1133 1031 1517 1097 modestiam
1564 1048 1628 1099 et
1673 1034 2053 1115 patientiam
2103 1034 2198 1099 vi·

286 1119 513 1183 demus.
601 1116 770 1182 Nam
836 1119 958 1182 etsi
1003 1117 1331 1201 deceptus,
1390 1132 1456 1182 et
1499 1119 1853 1185 frustratus
1895 1140 1972 1185 eo
2017 1141 2201 1201 prae·

286 1203 401 1268 mio
455 1203 621 1286 quod
681 1203 805 1284 ipsi
864 1204 1095 1268 merito
1154 1203 1526 1283 debebatur,
1586 1217 1850 1288 propter
1906 1204 2198 1271 Goliathi

282 1289 546 1365 caedem,
595 1287 1021 1354 nihilominus
1056 1289 1462 1354 inimicitiam
1502 1289 1884 1364 dissimulat,
1931 1292 2200 1375 regique

281 1397 343 1439 se
380 1374 633 1440 fidelem
682 1374 968 1458 exhibet,
1013 1386 1078 1438 et
1111 1375 1324 1440 officio
1357 1388 1626 1440 strenue
1661 1376 1980 1459 fungitur.
2050 1376 2198 1458 Quo

282 1460 565 1543 exemplo
631 1459 1078 1541 admonemur,
1146 1471 1219 1525 ut
1280 1475 1434 1525 ante
1501 1462 1658 1540 dixi,
1725 1483 1856 1527 non
1928 1483 2197 1545 pensare

280 1545 510 1609 malum
570 1544 758 1622 malo,
831 1546 945 1610 sed
999 1547 1314 1629 patientia
1372 1560 1596 1611 nostra
1653 1549 1719 1611 in
1779 1549 2193 1614 inimicorum

275 1642 456 1714 caput
511 1632 829 1697 carbones
885 1632 1186 1697 derivare
1245 1642 1309 1696 et
1360 1634 1727 1707 incendere,
1797 1643 1870 1697 ut
1913 1633 2198 1716 loquitur

277 1719 556 1800 sapiens:
603 1728 671 1781 et
716 1717 838 1782 hae
882 1719 1138 1782 ratione
1181 1718 1469 1801 ipsorum
1518 1719 1831 1784 malitiam
1877 1719 2195 1797 frangere,

276 1815 337 1867 et
391 1800 469 1866 ad
530 1802 928 1884 aequitatem
975 1817 1039 1869 et
1082 1803 1537 1869 rectitudinem
1584 1825 1907 1870 revocare.
1993 1805 2197 1870 Pecu-

275 1887 423 1955 liare
480 1909 640 1953 sane
694 1888 872 1954 istud
931 1890 1323 1971 exemplum.
1411 1888 1626 1970 Quam
1671 1902 1771 1956 est
1813 1892 1988 1955 enim
2033 1891 2197 1956 diffi-

275 1974 387 2040 cile
444 1975 691 2039 malum
738 1974 906 2040 bono
949 1995 1244 2059 pensare,
1299 1977 1683 2059 praesertim
1730 1996 1887 2061 erga
1928 1975 2194 2042 hostes?

274 2060 430 2124 Nam
475 2063 600 2125 etsi
647 2061 791 2143 quis
833 2060 955 2125 sibi
999 2063 1092 2127 sic
1137 2071 1468 2143 temperet,
1529 2071 1603 2126 ut
1645 2062 1914 2127 affectus
1959 2062 2197 2128 iniuria

271 2167 392 2211 non
453 2157 731 2228 quaerat
788 2147 1110 2211 rationem
1156 2147 1531 2221 ulciscendi,
1579 2156 1795 2212 tamen
1843 2149 2197 2214 abstinebit

272 2251 381 2314 pro
424 2233 699 2311 viribus,
755 2231 987 2296 officiis
1031 2232 1218 2296 illum
1265 2256 1304 2296 a
1347 2254 1476 2315 quo
1518 2233 1829 2297 iniuriam
1877 2234 2198 2316 acceperit

272 2317 614 2382 demereri:
690 2317 795 2382 cui
866 2339 937 2382 se
995 2318 1159 2383 nihil
1214 2316 1448 2383 debere
1503 2319 1931 2401 profitebitur.
2019 2320 2196 2384 Hinc

269 2405 337 2467 fit
400 2414 472 2467 ut
527 2404 914 2486 plerumque
987 2404 1277 2468 animum
1346 2403 1674 2482 abiiciant,
1740 2406 1848 2485 qui
1907 2405 2195 2488 alioquin

269 2488 442 2553 nulla
477 2490 699 2554 subire
735 2489 1025 2571 pericula
1059 2487 1445 2555 recusabant
1478 2490 1550 2553 in
1587 2491 1864 2555 aliorum
1897 2492 2192 2575 gratiam,

267 2592 325 2637 et
397 2582 533 2640 tam
599 2575 938 2656 ingratum
1004 2574 1341 2640 hominum
1409 2577 1699 2641 animum
1768 2573 2192 2642 detestentur.

266 2659 432 2726 Hinc
488 2660 689 2724 etiam
735 2662 845 2744 qui
889 2660 1145 2743 publica
1187 2680 1460 2726 munera
1503 2662 1852 2741 sustinent,
1909 2662 2190 2743 aegritu·

266 2745 474 2810 dinem
549 2766 855 2828 magnam
908 2748 1302 2829 concipiunt,
1378 2757 1446 2812 et
1503 2748 1572 2811 in
1629 2747 1841 2812 officio
1902 2747 2193 2814 faciendo

266 2833 591 2914 segniores
634 2833 1023 2910 efficiuntur,
1070 2832 1240 2915 quod
1264 2833 1385 2897 etsi
1412 2853 1542 2897 non
1567 2831 1834 2898 omnino
1857 2833 2191 2911 abiiciunt,

266 2929 476 2982 tamen
551 2938 746 3001 aegre
810 2919 1083 2984 faciunt.
1173 2916 1248 2985 Si
1303 2918 1451 3000 quis
1510 2918 1781 2983 alterius
1837 2918 2192 2984 commodis

265 3001 603 3079 studuerit,
649 3015 716 3068 et
758 3025 829 3069 se
871 3004 1110 3070 lusisse
1151 3025 1415 3086 operam
1460 3003 1700 3082 videat,
1743 3004 1811 3069 in
1857 3017 2190 3088 posterum

266 3089 630 3167 abstinebit,
690 3099 803 3154 aut
860 3090 917 3153 si
977 3089 1243 3155 omnino
1300 3110 1429 3154 non
1476 3091 1737 3173 poterit,
1792 3101 2013 3155 tamen
2055 3112 2190 3156 non

264 3174 455 3240 alacri
513 3175 736 3240 animo
782 3174 1089 3260 deinceps
1132 3175 1245 3240 sed
1293 3175 1624 3241 remissius
1673 3186 1843 3259 aget,
1905 3175 2074 3259 quod
2119 3178 2189 3241 in

264 3263 554 3344 ingratos
623 3282 807 3326 suam
877 3280 1140 3343 operam
1207 3261 1572 3326 contulerit.
1661 3260 1839 3342 Quin
1894 3274 1962 3327 et
2015 3262 2191 3344 ipsos

265 3346 437 3411 verbi
483 3346 693 3411 divini
729 3347 1065 3412 ministros
1101 3347 1244 3412 istis
1281 3345 1748 3412 tentationibus
1782 3367 1974 3430 saepe
2008 3369 2192 3412 exer·

266 3434 387 3497 ceri
427 3432 678 3510 videas,
723 3452 926 3515 quum
973 3454 1042 3498 se
1085 3434 1616 3497 animadvertunt
1660 3452 1922 3515 operam
1968 3433 2191 3498 ludere

263 3518 330 3582 in
402 3517 714 3584 docendis
773 3518 1067 3601 ingratis,
1141 3519 1632 3585 contumacibus
1688 3529 1754 3583 et
1810 3518 2189 3584 rebellibus:

265 3623 470 3686 neque
537 3613 673 3668 tam
741 3603 942 3668 alacri
1005 3604 1220 3668 animo
1288 3614 1353 3668 et
1416 3604 1632 3669 studio
1696 3625 1887 3668 suum
1953 3626 2191 3670 munus

261 3690 547 3771 exsequi,
594 3710 788 3773 quam
835 3689 1074 3772 alioqui
1117 3687 1409 3754 facerent
1464 3691 1519 3755 si
1578 3690 1816 3755 dociles
1859 3700 1927 3754 et
1969 3703 2187 3774 gratos

263 3774 585 3842 auditores
649 3775 826 3840 nacti
889 3783 1126 3853 essent,
1193 3797 1268 3841 ac
1334 3773 1604 3858 proinde
1669 3775 1751 3841 ab
1814 3776 2027 3842 officio
2083 3778 2189 3842 vel

265 3881 525 3943 prorsus
586 3859 692 3926 vel
737 3860 969 3926 saltem
1014 3882 1098 3925 ex
1143 3870 1326 3944 parte
1370 3862 1640 3927 resilire.
1729 3862 1941 3926 'Panto
1985 3861 2190 3945 igitur

266 3946 654 4012 laudabilior
693 3947 822 4011 ista
865 3946 1142 4012 Davidis
1187 3949 1417 4025 virtus,
1526 3969 1674 4013 uam
1721 3947 1966 4011 imitari
2009 3947 2191 4012 omni

261 4033 472 4098 studio
518 4033 844 4109 debemus,
895 4031 1065 4116 quod
1102 4052 1234 4096 non
1269 4033 1456 4097 illum
1547 4034 1712 4098 aulis
1747 4031 2013 4112 malitia,
2058 4055 2189 4098 non

255 4116 675 4201 ingratitudo,
736 4139 862 4184 non
908 4117 1182 4201 perfidia
1226 4117 1499 4183 dimovit
1542 4118 1624 4181 ab
1669 4118 1899 4194 officio,
1956 4118 2068 4183 sed
2113 4119 2190 4182 fi-

260 4203 506 4287 deliter,
552 4202 722 4287 quod
768 4205 870 4268 sui
915 4224 1058 4269 esse
1102 4204 1395 4268 muneris
1430 4203 1852 4280 existimavit,
1899 4202 2190 4285 perfecit.

263 4289 379 4355 Ille
421 4310 587 4355 sane
630 4289 789 4354 satis
833 4289 1282 4372 perspiciebat,
1328 4310 1398 4353 se
1441 4310 1704 4371 operam
1742 4288 1966 4354 ludere
2002 4286 2191 4355 Sauli

263 4375 709 4452 ministrando,
769 4374 881 4439 sed
941 4385 1165 4439 eontra
1208 4384 1467 4457 gratum
1512 4374 1796 4439 officium
1843 4374 2004 4440 illud
2050 4396 2192 4441 esee

264 4461 400 4527 Deo
445 4483 576 4527 non
622 4462 987 4546 ignorabat,
1031 4460 1449 4542 quamobrem
1486 4481 1714 4525 omnes
1749 4460 2189 4539 difficultates,

260 4549 491 4627 quibus
537 4547 854 4613 deterreri
898 4557 1167 4629 poterat,
1212 4546 1337 4611 hac
1378 4545 1518 4611 sola
1552 4546 1803 4611 ratione
1838 4548 2187 4630 superavit.

259 4631 397 4700 Hoc
457 4634 830 4717 exemplum
891 4632 1137 4696 imitari
1196 4652 1313 4696 nos
1371 4632 1571 4709 decet,
1638 4640 1715 4697 ut
1774 4631 1928 4696 licet
1984 4633 2188 4698 veluti

259 4719 587 4803 repagulis
632 4717 1021 4802 quibusdam
1068 4717 1367 4782 homines
1410 4717 1659 4782 malitia
1701 4738 1820 4783 sua
1863 4730 1930 4782 et
1973 4719 2190 4801 ingra-

262 4804 544 4871 titudine
598 4806 680 4871 ab
722 4806 935 4871 officio
978 4802 1271 4869 faciendo
1313 4802 1630 4886 impedire
1673 4814 1740 4868 et
1781 4804 2024 4868 morari
2071 4825 2191 4870 nos

261 4892 574 4967 nitantur,
610 4911 1041 4975 agnoscamus
1077 4889 1314 4955 diaboli
1349 4888 1611 4954 fraudes
1645 4899 1711 4953 et
1747 4889 1927 4954 dolos
1955 4889 2191 4972 quibus

261 4997 377 5042 nos
435 4977 522 5042 ad
563 4978 766 5041 animi
810 4976 1234 5042 deiectionem
1278 4985 1345 5040 et
1386 4976 1582 5041 officii
1628 4976 1835 5041 nostri
1880 4973 2188 5041 desertio·

259 5084 405 5128 nem
463 5061 788 5130 sollicitat.
879 5063 1048 5127 Nam
1108 5060 1165 5125 si
1208 5061 1408 5126 semel
1454 5061 1737 5127 haeserit
1780 5062 1997 5126 animo
2040 5081 2189 5125 nos-

262 5159 361 5213 tro
426 5149 757 5214 sententia
821 5150 966 5227 ista,
1031 5146 1187 5212 licet
1244 5147 1541 5212 homines
1597 5147 1842 5231 ingrati
1900 5146 2185 5211 studium

262 5243 560 5301 nostrum
592 5234 664 5300 in
700 5236 882 5321 ipsus
918 5232 1378 5301 benefaciendo
1417 5232 1845 5318 neglexerint,
1910 5241 1977 5297 et
2009 5233 2183 5297 malo

2304 614 2439 668 tum
2486 614 2555 669 et
2597 617 2933 689 acceptum
2976 626 3136 683 esse,
3192 626 3539 689 pergemus
3582 607 3885 671 alacriter
3928 608 3996 673 in
4046 629 4229 674 voca·

2302 690 2499 756 tione.
2589 690 2760 756 Nam
2817 711 3016 772 quare
3072 692 3357 757 officium
3416 704 3485 755 et
3541 695 3946 758 vocationem
3992 695 4233 760 deseri-

2301 797 2468 853 mus,
2536 777 2665 841 nisi
2710 776 2877 860 quod
2924 797 3044 842 nos
3087 797 3351 859 operam
3396 777 3628 842 lusisse
3672 779 4120 845 existimamus
4163 784 4228 846 in

2301 862 2598 946 ingratos
2656 863 3064 928 conferentes
3119 873 3415 927 nostrum
3475 862 3796 927 studium:
3853 880 3920 928 et
3964 865 4085 932 hac
4129 889 4233 931 ra·

2303 948 2481 1013 tione
2542 969 2668 1012 non
2716 947 3131 1013 meminimus
3176 949 3389 1012 Deum
3435 968 3555 1012 nos
3598 949 3962 1028 observare,
4020 964 4086 1016 et
4128 975 4232 1018 co-

2301 1046 2529 1098 natum
2589 1045 2887 1098 nostrum
2946 1034 3324 1117 approbare,
3398 1047 3464 1097 et
3505 1034 3573 1100 in
3621 1035 3863 1116 accepti
3908 1037 4228 1102 rationem

2303 1119 2565 1195 referre,
2639 1119 2793 1183 olim
2862 1117 3118 1183 abunde
3179 1118 3688 1197 satisfacturum,
3771 1122 3917 1185 licet
3985 1124 4228 1189 nullam

2301 1226 2517 1270 coram
2564 1206 2702 1288 ipso
2741 1204 3098 1270 mercedem
3138 1203 3549 1269 mereamur?
3596 1204 3847 1270 Verum
3883 1208 3940 1271 si
3975 1210 4232 1274 steterit

2300 1291 2579 1355 infixum
2639 1291 2856 1355 animo
2914 1289 3131 1354 Deum
3191 1302 3445 1353 nostros
3502 1291 3757 1356 labores
3802 1294 4111 1374 accipere,
4165 1311 4231 1358 et

2300 1398 2497 1459 quum
2568 1375 2755 1441 donis
2812 1376 3080 1459 spiritus
3134 1375 3345 1458 ipsius
3388 1375 3493 1440 usi
3539 1377 3853 1443 fuerimus
3898 1380 3963 1443 in
4012 1382 4229 1463 proxi·

2301 1483 2554 1526 morum
2617 1476 2988 1527 nostrorum
3047 1461 3392 1525 utilitatem
3436 1473 3695 1544 gratum
3745 1482 3908 1546 opus
3954 1465 4226 1531 habere:

2298 1564 2362 1611 et
2406 1548 2559 1612 licet
2599 1547 2680 1612 ab
2727 1546 3101 1613 homiuibus
3143 1546 3529 1620 reiiciamur,
3591 1562 3655 1611 et
3699 1549 4046 1627 irritemur‚
4093 1572 4225 1617 non

2298 1648 2520 1698 tamen
2578 1634 2774 1698 inane
2818 1646 2882 1698 et
2924 1634 3182 1698 irritum
3230 1632 3365 1697 fore
3412 1644 3705 1697 nostrum
3751 1635 4057 1716 studium,
4112 1637 4225 1703 sed

2298 1717 2441 1783 Deo
2485 1732 2746 1802 gratum
2794 1719 3203 1791 sacrificium,
3248 1729 3504 1800 oportet
3548 1718 3689 1783 istis
3730 1719 3931 1786 veluti
3967 1724 4226 1804 quibus·

2299 1805 2447 1868 dam
2486 1806 2727 1870 aculeis
2762 1804 3006 1887 impelli
3042 1804 3123 1867 ad
3160 1803 3465 1879 officium,
3511 1812 3578 1868 et
3611 1805 3679 1868 in
3717 1825 3793 1870 eo
3835 1810 4229 1874 confirmari.

2302 1889 2411 1957 Sic
2457 1890 2780 1955 Davidem
2828 1891 3054 1955 fecisse
3089 1889 3414 1968 videmus,
3474 1910 3669 1972 quem
3716 1890 3941 1958 Saulis
3983 1894 4233 1960 malitia

2300 1987 2365 2041 et
2428 1975 2833 2060 ingratitudo
2878 1996 3007 2042 non
3054 1977 3265 2058 potuit
3308 1997 3348 2040 a
3388 1977 3727 2041 vocatione
3769 1989 3835 2041 et
3875 1978 4090 2046 officio
4135 1978 4229 2045 di-

2298 2082 2580 2127 movere.

2468 2145 2788 2230 Sequitur
2830 2145 3256 2230 expendenda
3298 2146 3594 2212 modesta
3634 2148 3835 2229 ipsius
3872 2152 4226 2233 responsio,

2295 2254 2426 2316 qua
2481 2253 2554 2298 se
2610 2231 2955 2318 indignum
3010 2243 3193 2297 tanto
3254 2232 3500 2298 honore
3543 2234 3906 2316 profitetur,
3965 2250 4228 2320 propter

2298 2318 2618 2385 abiectam
2684 2320 2886 2402 patris
2945 2328 3012 2384 et
3068 2319 3268 2383 totius
3323 2319 3727 2403 cognationis
3768 2320 4225 2398 conditionem,

2298 2426 2500 2489 quum
2547 2405 2671 2469 ait:
2723 2404 2882 2486 Quis
2921 2425 3027 2488 eyo
3067 2424 3211 2470 sum
3272 2410 3386 2468 aut
3428 2425 3590 2486 quac
3630 2411 3720 2471 est
3752 2407 3882 2471 vita
3915 2427 4071 2491 mea,
4114 2413 4227 2474 aut

2298 2491 2574 2575 aequatio
2620 2490 2831 2573 patris
2888 2489 3012 2555 mei
3069 2491 3139 2554 in
3237 2488 3424 2573 εναέῑ,
3479 2495 3546 2556 ut
3585 2490 3744 2572 fiam
3779 2512 3965 2576 qener-
4000 2494 4179 2578 μερίς
4194 2494 4231 2557 ἓ

2302 2574 2476 2643 Sane
2520 2597 2652 2641 non
2696 2587 2794 2640 est
2840 2576 3148 2658 loquutus
3190 2576 3527 2642 simulate:
3573 2576 3687 2642 sed
3733 2578 3805 2641 in
3849 2599 3926 2644 eo
3969 2600 4228 2646 summa

2299 2662 2620 2728 modestia
2684 2674 2971 2744 apparet,
3035 2682 3160 2743 qua
3228 2663 3409 2728 Deus
3474 2663 3663 2728 illum
3729 2665 4095 2742 exornavit,
4157 2676 4228 2730 ut

2298 2748 2478 2812 nulla
2522 2749 2750 2831 gratia,
2793 2746 2977 2812 nulla
3020 2749 3333 2812 autoritas
3377 2769 3504 2830 qua
3545 2747 3831 2832 pollebat
3873 2750 4046 2832 apud
4090 2751 4226 2816 sin-

2297 2833 2485 2918 gulos
2561 2834 2955 2916 persuaserit
3009 2833 3107 2898 illi
3166 2854 3238 2897 se
3296 2833 3562 2917 dignum
3624 2835 3732 2917 qui
3789 2855 3996 2919 gener
4051 2836 4226 2920 regis

2296 2920 2500 2995 fieret,
2570 2919 2760 3001 eique
2815 2929 2952 2984 tam
3010 2931 3187 2983 arcto
3243 2919 3499 2985 foedere
3556 2922 3956 3003 iungeretur.
4044 2921 4226 2986 Rara

2295 3025 2452 3071 sane
2498 3006 2711 3070 virtus
2755 3005 2927 3070 inter
2974 3006 3287 3070 homines.
3377 3005 3546 3068 Nam
3580 3016 3808 3069 contra
3843 3005 4225 3088 plerumque

2294 3092 2370 3155 fit
2426 3100 2498 3155 ut
2553 3091 2610 3157 si
2653 3091 2764 3173 qui
2809 3090 2890 3155 ad
2934 3092 3020 3155 ali
3071 3110 3216 3155 uam
3265 3089 3653 3174 dignitatem
3699 3103 4224 3173 promoveantur,

2297 3177 2448 3243 lieet
2503 3176 2577 3241 in
2634 3176 2941 3241 mediocri
2993 3197 3031 3240 a
3079 3175 3205 3241 huc
3259 3186 3458 3254 statu,
3524 3186 3739 3239 tamen
3785 3176 3886 3241 sui
3931 3176 4225 3260 ipsorum

2294 3262 2497 3340 obliti,
2559 3250 2662 3327 vel
2717 3263 2896 3345 ipsas
2953 3261 3158 3326 nubes
3214 3282 3284 3325 se
3338 3272 3761 3343 superaturos
3803 3261 4225 3342 arbitrentur,

2293 3346 2669 3431 lunamque,
2736 3358 2811 3412 ut
2872 3347 3077 3427 aiunt,
3142 3346 3444 3411 dentibus
3509 3361 3902 3430 arrepturos.
4005 3346 4221 3428 Quam

2294 3434 2486 3519 longo
2551 3433 2903 3499 intervallo
2970 3430 3217 3498 distant
3280 3452 3319 3495 a
3391 3431 3672 3512 Davide,
3738 3432 3849 3516 qui
3907 3432 4058 3498 licet
4101 3434 4224 3497 toti

2293 3520 2530 3603 populo
2585 3539 2795 3599 carus,
2851 3530 2920 3583 et
2974 3518 3119 3601 ipso
3172 3539 3322 3597 rege
3381 3519 3516 3583 suis
3560 3519 3821 3602 egregie
3862 3518 4052 3584 factis
4094 3519 4227 3585 ela·

2291 3606 2446 3682 rior,
2502 3604 2930 3669 nihilominus
2972 3604 3217 3668 illatam
3264 3603 3570 3667 iniuriam
3615 3615 3854 3687 negata
3896 3604 4018 3687 ipsi
4063 3625 4230 3688 quae

2291 3691 2523 3755 merito
2603 3688 2959 3755 debebatur
3037 3688 3173 3753 filia
3254 3689 3429 3773 regis
3492 3688 3965 3773 patientissime
4030 3688 4223 3756 tulit?

2290 3775 2458 3840 Nam
2518 3796 2734 3840 nonne
2777 3775 2962 3839 illum
3007 3773 3347 3840 stimulare
3390 3783 3459 3839 et
3501 3773 3583 3839 ad
3626 3774 4032 3841 iracundiam
4076 3797 4225 3859 pro·

2290 3881 2521 3927 vocare
2567 3882 2652 3945 po
2702 3859 2791 3925 uli
2836 3860 3137 3943 querelae
3181 3858 3261 3924 de
3307 3857 3508 3926 Saule
3566 3875 3881 3942 poterant,
3939 3863 4049 3946 qui
4108 3882 4219 3927 ex·

2289 3946 2588 4031 cipiebat,
2701 3946 2957 4012 avidem
3002 3945 3157 4011 licet
3196 3966 3330 4010 non
3374 3966 3453 4010 ea
3497 3947 3820 4030 dignitate
3852 3960 4025 4014 esset
4057 3968 4224 4031 quae

2291 4035 2378 4098 sit
2433 4054 2583 4098 cum
2639 4054 2793 4116 rege
2835 4029 3245 4108 conferenda,
3313 4031 3531 4096 datam
3576 4054 3717 4098 esse
3761 4042 3981 4097 tamen
4025 4033 4223 4098 fidem

2291 4118 2639 4202 publicam,
2694 4128 2760 4183 et
2818 4117 3039 4182 deberi
3085 4118 3205 4200 ipsi
3251 4138 3334 4183 ex
3379 4133 3565 4198 pacto
3608 4119 3781 4201 regis
3826 4118 4061 4182 filiam:
4122 4120 4219 4183 ni·

2293 4205 2494 4268 mium
2554 4204 2888 4281 ingratum
2933 4200 3199 4269 Saulem
3243 4223 3401 4285 erga
3446 4202 3787 4282 Davidem,
3851 4203 4039 4269 cuius
4084 4216 4225 4268 erat

2291 4289 2358 4353 in
2433 4289 2747 4355 Israelem
2821 4299 3076 4354 tantum
3150 4287 3555 4355 beneficium.
3642 4288 3749 4354 Ex
3822 4290 3966 4355 istis
4021 4289 4224 4373 igitur

2293 4386 2563 4457 apparet
2605 4373 2733 4440 Dei
2777 4376 3014 4459 spiritu
3058 4372 3384 4439 Davidem
3421 4374 3623 4440 fuisse
3659 4376 4115 4459 gubernatum,
4158 4388 4226 4438 et

2292 4480 2369 4526 ea
2411 4458 2733 4526 modestia
2774 4458 3111 4540 donatum,
3156 4470 3235 4524 ut
3276 4460 3427 4525 licet
3470 4458 3751 4525 multum
3796 4460 3966 4544 apud
4014 4481 4222 4543 popu·

2290 4545 2425 4610 lum
2473 4546 2686 4631 gratia
2727 4556 2795 4610 et
2838 4545 3188 4611 autoritate
3232 4546 3495 4621 valeret,
3558 4544 3982 4611 nihilominus
4027 4543 4109 4609 de
4152 4567 4223 4610 ee

2291 4631 2584 4697 modeste
2627 4652 2882 4714 semper
2924 4631 3223 4705 senserit,
3288 4641 3356 4695 et
3398 4631 3579 4695 nulla
3622 4632 3926 4713 superbia
3968 4644 4035 4696 et
4089 4651 4225 4695 am-

2294 4717 2536 4782 bitione
2608 4718 2695 4783 sit
2752 4718 2976 4783 elatus.
3066 4716 3244 4781 Hinc
3297 4715 3625 4782 discamus
3683 4718 3895 4781 Deum
3951 4717 4222 4798 precari,

2290 4814 2366 4868 ut
2427 4804 2485 4869 si
2542 4823 2665 4867 nos
2720 4803 2789 4867 in
2850 4803 2973 4868 hoc
3029 4802 3276 4868 mundo
3334 4801 3495 4867 velit
3557 4800 3640 4867 ad
3685 4801 3966 4886 aliquam
4013 4803 4225 4954 digni-

2292 4899 2491 4953 tatem
2529 4889 2739 4969 evehi,
2772 4888 3122 4954 modestiae
3156 4886 3391 4972 spiritu
3430 4886 3659 4952 donet:
3703 4888 4072 4972 quandoqui
4118 4909 4222 4954 em

2289 4973 2427 5040 fere
2502 4976 2578 5039 fit
2642 4984 2715 5039 ut
2776 4996 2993 5040 rerum
3057 4972 3490 5040 secundarum
3559 4992 3862 5039 successu
3930 4974 4225 5041 homines

2290 5072 2739 5126 excaecentur.
2828 5058 3103 5125 Davidis
3161 5059 3358 5124 etiam
3414 5059 3787 5141 exemplum
3833 5061 4223 5141 intueamur,

2290 5146 2404 5227 qui
2447 5145 2806 5211 modestiae
2849 5158 2915 5210 et
2951 5143 3474 5210 mansuetudinis
3510 5144 3757 5211 donum
3794 5167 3835 5211 a
3867 5145 4010 5212 Deo
4044 5166 4224 5212 aece-

2291 5242 2495 5313 perat,
2541 5241 2611 5297 et
2651 5231 2734 5297 ab
2776 5232 3003 5298 eodem
3048 5229 3428 5314 regebatur:
3474 5229 3824 5314 Deumque
3867 5252 4221 5315 precemur,
