<?xml version="1.0" encoding="UTF-8"?>
<!DOCTYPE html PUBLIC "-//W3C//DTD XHTML 1.0 Transitional//EN"
    "http://www.w3.org/TR/xhtml1/DTD/xhtml1-transitional.dtd">
<html xmlns="http://www.w3.org/1999/xhtml" xml:lang="en" lang="en">
 <head>
  <title>
</title>
<meta http-equiv="Content-Type" content="text/html;charset=utf-8" />
  <meta name='ocr-system' content='tesseract 3.04.00' />
  <meta name='ocr-capabilities' content='ocr_page ocr_carea ocr_par ocr_line ocrx_word'/>
</head>
<body>
  <div class='ocr_page' id='page_1' title='image "./ioanniscalvinio07unkngoog_0572.png"; bbox 0 0 5059 6059; ppageno 0'>
   <div class='ocr_carea' id='block_1_1' title="bbox 857 469 2810 5245">
    <p class='ocr_par' dir='ltr' id='par_1_1' title="bbox 857 469 2807 3794">
     <span class='ocr_line' id='line_1_1' title="bbox 863 469 2781 559; baseline -0.002 -20"><span class='ocrx_word' id='word_1_1' title='bbox 863 477 880 493; x_wconf 80' lang='lat'><strong>‘</strong></span> <span class='ocrx_word' id='word_1_2' title='bbox 934 475 1064 541; x_wconf 87' lang='lat' dir='ltr'><strong>’tur</strong></span> <span class='ocrx_word' id='word_1_3' title='bbox 1133 470 1537 559; x_wconf 79' lang='lat' dir='ltr'><strong>ingratitudo</strong></span> <span class='ocrx_word' id='word_1_4' title='bbox 1594 472 1724 539; x_wconf 85' lang='lat' dir='ltr'><strong>fuit</strong></span> <span class='ocrx_word' id='word_1_5' title='bbox 1779 492 1908 537; x_wconf 90' lang='lat' dir='ltr'><strong>non</strong></span> <span class='ocrx_word' id='word_1_6' title='bbox 1968 491 2319 557; x_wconf 75' lang='lat' dir='ltr'><strong>agnoscere</strong></span> <span class='ocrx_word' id='word_1_7' title='bbox 2373 469 2781 536; x_wconf 78' lang='lat' dir='ltr'><strong>benefactum</strong></span> 
     </span>
     <span class='ocr_line' id='line_1_2' title="bbox 857 497 2782 643; baseline -0.003 -18"><span class='ocrx_word' id='word_1_8' title='bbox 857 497 1183 631; x_wconf 53' lang='lat' dir='ltr'><strong>fflvidis?</strong></span> <span class='ocrx_word' id='word_1_9' title='bbox 1250 566 1490 643; x_wconf 89' lang='lat' dir='ltr'><strong>quanta</strong></span> <span class='ocrx_word' id='word_1_10' title='bbox 1549 558 1793 625; x_wconf 88' lang='lat' dir='ltr'><strong>malitia</strong></span> <span class='ocrx_word' id='word_1_11' title='bbox 1853 567 1987 625; x_wconf 88' lang='lat' dir='ltr'><strong>tam</strong></span> <span class='ocrx_word' id='word_1_12' title='bbox 2032 557 2228 622; x_wconf 88' lang='lat' dir='ltr'><strong>atroci</strong></span> <span class='ocrx_word' id='word_1_13' title='bbox 2272 555 2417 621; x_wconf 90' lang='lat' dir='ltr'><strong>odio</strong></span> <span class='ocrx_word' id='word_1_14' title='bbox 2461 555 2782 621; x_wconf 80' lang='lat' dir='ltr'><strong>Davidem</strong></span> 
     </span>
     <span class='ocr_line' id='line_1_3' title="bbox 866 640 2782 733; baseline -0.003 -21"><span class='ocrx_word' id='word_1_15' title='bbox 866 666 1051 733; x_wconf 87' lang='lat' dir='ltr'><strong>prose</strong></span> <span class='ocrx_word' id='word_1_16' title='bbox 1097 644 1164 708; x_wconf 90' lang='lat' dir='ltr'><strong>ui</strong></span> <span class='ocrx_word' id='word_1_17' title='bbox 1220 654 1286 707; x_wconf 90' lang='lat' dir='ltr'><strong>et</strong></span> <span class='ocrx_word' id='word_1_18' title='bbox 1345 664 1459 724; x_wconf 90' lang='lat' dir='ltr'><strong>pro</strong></span> <span class='ocrx_word' id='word_1_19' title='bbox 1504 643 1673 709; x_wconf 92' lang='lat' dir='ltr'><strong>bono</strong></span> <span class='ocrx_word' id='word_1_20' title='bbox 1718 642 1959 708; x_wconf 87' lang='lat' dir='ltr'><strong>malum</strong></span> <span class='ocrx_word' id='word_1_21' title='bbox 2005 640 2404 724; x_wconf 81' lang='lat' dir='ltr'><strong>rependere?</strong></span> <span class='ocrx_word' id='word_1_22' title='bbox 2473 640 2610 707; x_wconf 88' lang='lat' dir='ltr'><strong>Cur</strong></span> <span class='ocrx_word' id='word_1_23' title='bbox 2653 663 2782 707; x_wconf 93' lang='lat' dir='ltr'><strong>non</strong></span> 
     </span>
     <span class='ocr_line' id='line_1_4' title="bbox 861 666 2784 816; baseline -0.005 -17"><span class='ocrx_word' id='word_1_24' title='bbox 861 666 1189 816; x_wconf 46' lang='lat' dir='ltr'><strong>cogitabat</strong></span> <span class='ocrx_word' id='word_1_25' title='bbox 1248 749 1411 811; x_wconf 91' lang='lat' dir='ltr'><strong>opus</strong></span> <span class='ocrx_word' id='word_1_26' title='bbox 1472 728 1766 795; x_wconf 89' lang='lat' dir='ltr'><strong>divinum</strong></span> <span class='ocrx_word' id='word_1_27' title='bbox 1828 727 2013 793; x_wconf 84' lang='lat' dir='ltr'><strong>esse?</strong></span> <span class='ocrx_word' id='word_1_28' title='bbox 2078 726 2396 792; x_wconf 83' lang='lat' dir='ltr'><strong>Davidem</strong></span> <span class='ocrx_word' id='word_1_29' title='bbox 2454 727 2578 793; x_wconf 91' lang='lat' dir='ltr'><strong>sibi</strong></span> <span class='ocrx_word' id='word_1_30' title='bbox 2619 726 2784 791; x_wconf 87' lang='lat' dir='ltr'><strong>nihil</strong></span> 
     </span>
     <span class='ocr_line' id='line_1_5' title="bbox 863 810 2780 902; baseline -0.004 -21"><span class='ocrx_word' id='word_1_31' title='bbox 863 815 1195 902; x_wconf 89' lang='lat' dir='ltr'><strong>proprium</strong></span> <span class='ocrx_word' id='word_1_32' title='bbox 1254 811 1644 879; x_wconf 81' lang='lat' dir='ltr'><strong>vendicare?</strong></span> <span class='ocrx_word' id='word_1_33' title='bbox 1707 814 1846 879; x_wconf 87' lang='lat' dir='ltr'><strong>Deo</strong></span> <span class='ocrx_word' id='word_1_34' title='bbox 1904 813 2064 879; x_wconf 89' lang='lat' dir='ltr'><strong>duce</strong></span> <span class='ocrx_word' id='word_1_35' title='bbox 2107 813 2342 876; x_wconf 89' lang='lat' dir='ltr'><strong>factum</strong></span> <span class='ocrx_word' id='word_1_36' title='bbox 2389 811 2552 877; x_wconf 90' lang='lat' dir='ltr'><strong>illud</strong></span> <span class='ocrx_word' id='word_1_37' title='bbox 2597 810 2780 878; x_wconf 81' lang='lat' dir='ltr'><strong>esse?</strong></span> 
     </span>
     <span class='ocr_line' id='line_1_6' title="bbox 866 896 2784 978; baseline -0.003 -10"><span class='ocrx_word' id='word_1_38' title='bbox 866 903 1006 969; x_wconf 81' lang='lat' dir='ltr'><strong>Cur</strong></span> <span class='ocrx_word' id='word_1_39' title='bbox 1049 920 1179 965; x_wconf 91' lang='lat' dir='ltr'><strong>non</strong></span> <span class='ocrx_word' id='word_1_40' title='bbox 1225 898 1294 962; x_wconf 91' lang='lat' dir='ltr'><strong>in</strong></span> <span class='ocrx_word' id='word_1_41' title='bbox 1340 899 1715 965; x_wconf 81' lang='lat' dir='ltr'><strong>memoriam</strong></span> <span class='ocrx_word' id='word_1_42' title='bbox 1762 897 2104 963; x_wconf 89' lang='lat' dir='ltr'><strong>revocabat</strong></span> <span class='ocrx_word' id='word_1_43' title='bbox 2147 897 2274 961; x_wconf 91' lang='lat' dir='ltr'><strong>Dei</strong></span> <span class='ocrx_word' id='word_1_44' title='bbox 2310 897 2661 978; x_wconf 89' lang='lat' dir='ltr'><strong>decretum,</strong></span> <span class='ocrx_word' id='word_1_45' title='bbox 2706 896 2784 962; x_wconf 92' lang='lat' dir='ltr'><strong>de</strong></span> 
     </span>
     <span class='ocr_line' id='line_1_7' title="bbox 864 982 2782 1067; baseline -0.003 -14"><span class='ocrx_word' id='word_1_46' title='bbox 864 1008 988 1053; x_wconf 88' lang='lat' dir='ltr'><strong>sua</strong></span> <span class='ocrx_word' id='word_1_47' title='bbox 1045 983 1572 1050; x_wconf 76' lang='lat' dir='ltr'><strong>exauctoratione</strong></span> <span class='ocrx_word' id='word_1_48' title='bbox 1626 995 1690 1048; x_wconf 93' lang='lat' dir='ltr'><strong>et</strong></span> <span class='ocrx_word' id='word_1_49' title='bbox 1745 984 2088 1048; x_wconf 89' lang='lat' dir='ltr'><strong>reiectione</strong></span> <span class='ocrx_word' id='word_1_50' title='bbox 2133 1005 2172 1048; x_wconf 90' lang='lat' dir='ltr'><strong>a</strong></span> <span class='ocrx_word' id='word_1_51' title='bbox 2213 984 2391 1066; x_wconf 87' lang='lat' dir='ltr'><strong>regia</strong></span> <span class='ocrx_word' id='word_1_52' title='bbox 2435 982 2782 1067; x_wconf 86' lang='lat' dir='ltr'><strong>dignitate,</strong></span> 
     </span>
     <span class='ocr_line' id='line_1_8' title="bbox 868 1067 2782 1149; baseline -0.003 -13"><span class='ocrx_word' id='word_1_53' title='bbox 868 1084 937 1137; x_wconf 91' lang='lat' dir='ltr'><strong>et</strong></span> <span class='ocrx_word' id='word_1_54' title='bbox 979 1069 1188 1137; x_wconf 88' lang='lat' dir='ltr'><strong>eidem</strong></span> <span class='ocrx_word' id='word_1_55' title='bbox 1233 1089 1374 1135; x_wconf 86' lang='lat' dir='ltr'><strong>sese</strong></span> <span class='ocrx_word' id='word_1_56' title='bbox 1418 1067 1880 1135; x_wconf 76' lang='lat' dir='ltr'><strong>submittebat?</strong></span> <span class='ocrx_word' id='word_1_57' title='bbox 1929 1069 2153 1149; x_wconf 78' lang='lat' dir='ltr'><strong>Quare</strong></span> <span class='ocrx_word' id='word_1_58' title='bbox 2197 1067 2358 1134; x_wconf 88' lang='lat' dir='ltr'><strong>Saul</strong></span> <span class='ocrx_word' id='word_1_59' title='bbox 2402 1090 2535 1134; x_wconf 93' lang='lat' dir='ltr'><strong>non</strong></span> <span class='ocrx_word' id='word_1_60' title='bbox 2581 1067 2782 1132; x_wconf 91' lang='lat' dir='ltr'><strong>Davi-</strong></span> 
     </span>
     <span class='ocr_line' id='line_1_9' title="bbox 867 1153 2785 1238; baseline -0.003 -14"><span class='ocrx_word' id='word_1_61' title='bbox 867 1158 1037 1234; x_wconf 87' lang='lat' dir='ltr'><strong>dem,</strong></span> <span class='ocrx_word' id='word_1_62' title='bbox 1104 1153 1217 1221; x_wconf 89' lang='lat' dir='ltr'><strong>sed</strong></span> <span class='ocrx_word' id='word_1_63' title='bbox 1282 1153 1501 1219; x_wconf 90' lang='lat' dir='ltr'><strong>Deum</strong></span> <span class='ocrx_word' id='word_1_64' title='bbox 1566 1156 1779 1237; x_wconf 91' lang='lat' dir='ltr'><strong>ipsum</strong></span> <span class='ocrx_word' id='word_1_65' title='bbox 1843 1154 2301 1227; x_wconf 89' lang='lat' dir='ltr'><strong>insectabatur.</strong></span> <span class='ocrx_word' id='word_1_66' title='bbox 2370 1164 2434 1220; x_wconf 92' lang='lat' dir='ltr'><strong>et</strong></span> <span class='ocrx_word' id='word_1_67' title='bbox 2475 1155 2600 1238; x_wconf 91' lang='lat' dir='ltr'><strong>ipsi</strong></span> <span class='ocrx_word' id='word_1_68' title='bbox 2642 1153 2785 1218; x_wconf 90' lang='lat' dir='ltr'><strong>Deo</strong></span> 
     </span>
     <span class='ocr_line' id='line_1_10' title="bbox 867 1237 2787 1321; baseline -0.004 -12"><span class='ocrx_word' id='word_1_69' title='bbox 867 1240 1123 1309; x_wconf 85' lang='lat' dir='ltr'><strong>viventi</strong></span> <span class='ocrx_word' id='word_1_70' title='bbox 1190 1237 1430 1305; x_wconf 89' lang='lat' dir='ltr'><strong>bellum</strong></span> <span class='ocrx_word' id='word_1_71' title='bbox 1485 1239 1840 1304; x_wconf 83' lang='lat' dir='ltr'><strong>indicebat:</strong></span> <span class='ocrx_word' id='word_1_72' title='bbox 1907 1251 1967 1303; x_wconf 89' lang='lat' dir='ltr'><strong>et</strong></span> <span class='ocrx_word' id='word_1_73' title='bbox 2029 1250 2330 1321; x_wconf 79' lang='lat' dir='ltr'><strong>tanquam</strong></span> <span class='ocrx_word' id='word_1_74' title='bbox 2389 1243 2665 1303; x_wconf 82' lang='lat' dir='ltr'><strong>furiosus</strong></span> <span class='ocrx_word' id='word_1_75' title='bbox 2720 1247 2787 1302; x_wconf 90' lang='lat' dir='ltr'><strong>et</strong></span> 
     </span>
     <span class='ocr_line' id='line_1_11' title="bbox 872 1324 2785 1407; baseline -0.003 -14"><span class='ocrx_word' id='word_1_76' title='bbox 872 1326 1220 1394; x_wconf 79' lang='lat' dir='ltr'><strong>freneticus</strong></span> <span class='ocrx_word' id='word_1_77' title='bbox 1263 1326 1475 1407; x_wconf 91' lang='lat' dir='ltr'><strong>ipsum</strong></span> <span class='ocrx_word' id='word_1_78' title='bbox 1521 1324 1769 1390; x_wconf 92' lang='lat' dir='ltr'><strong>coelum</strong></span> <span class='ocrx_word' id='word_1_79' title='bbox 1813 1334 2030 1406; x_wconf 90' lang='lat' dir='ltr'><strong>petere</strong></span> <span class='ocrx_word' id='word_1_80' title='bbox 2071 1326 2352 1390; x_wconf 87' lang='lat' dir='ltr'><strong>volebat.</strong></span> <span class='ocrx_word' id='word_1_81' title='bbox 2443 1324 2622 1389; x_wconf 88' lang='lat' dir='ltr'><strong>Haec</strong></span> <span class='ocrx_word' id='word_1_82' title='bbox 2664 1324 2785 1388; x_wconf 89' lang='lat' dir='ltr'><strong>ita·</strong></span> 
     </span>
     <span class='ocr_line' id='line_1_12' title="bbox 874 1408 2786 1497; baseline -0.003 -19"><span class='ocrx_word' id='word_1_83' title='bbox 874 1434 1000 1497; x_wconf 90' lang='lat' dir='ltr'><strong>que</strong></span> <span class='ocrx_word' id='word_1_84' title='bbox 1045 1409 1386 1475; x_wconf 87' lang='lat' dir='ltr'><strong>manifesta</strong></span> <span class='ocrx_word' id='word_1_85' title='bbox 1430 1408 1649 1475; x_wconf 89' lang='lat' dir='ltr'><strong>Saulis</strong></span> <span class='ocrx_word' id='word_1_86' title='bbox 1696 1410 1870 1475; x_wconf 88' lang='lat' dir='ltr'><strong>vitia.</strong></span> <span class='ocrx_word' id='word_1_87' title='bbox 1957 1409 2135 1474; x_wconf 87' lang='lat' dir='ltr'><strong>Hinc</strong></span> <span class='ocrx_word' id='word_1_88' title='bbox 2174 1409 2495 1475; x_wconf 89' lang='lat' dir='ltr'><strong>discamus</strong></span> <span class='ocrx_word' id='word_1_89' title='bbox 2538 1410 2607 1474; x_wconf 92' lang='lat' dir='ltr'><strong>in</strong></span> <span class='ocrx_word' id='word_1_90' title='bbox 2651 1409 2786 1492; x_wconf 91' lang='lat' dir='ltr'><strong>pri-</strong></span> 
     </span>
     <span class='ocr_line' id='line_1_13' title="bbox 874 1494 2787 1578; baseline -0.003 -15"><span class='ocrx_word' id='word_1_91' title='bbox 874 1499 1000 1563; x_wconf 88' lang='lat' dir='ltr'><strong>mis</strong></span> <span class='ocrx_word' id='word_1_92' title='bbox 1062 1517 1291 1562; x_wconf 89' lang='lat' dir='ltr'><strong>cavere</strong></span> <span class='ocrx_word' id='word_1_93' title='bbox 1357 1515 1784 1578; x_wconf 88' lang='lat' dir='ltr'><strong>summopere,</strong></span> <span class='ocrx_word' id='word_1_94' title='bbox 1850 1516 1933 1559; x_wconf 91' lang='lat' dir='ltr'><strong>ne</strong></span> <span class='ocrx_word' id='word_1_95' title='bbox 1997 1494 2141 1560; x_wconf 89' lang='lat' dir='ltr'><strong>aliis</strong></span> <span class='ocrx_word' id='word_1_96' title='bbox 2198 1496 2473 1560; x_wconf 89' lang='lat' dir='ltr'><strong>virtutes</strong></span> <span class='ocrx_word' id='word_1_97' title='bbox 2531 1516 2691 1577; x_wconf 90' lang='lat' dir='ltr'><strong>quas</strong></span> <span class='ocrx_word' id='word_1_98' title='bbox 2749 1515 2787 1558; x_wconf 91' lang='lat' dir='ltr'><strong>a</strong></span> 
     </span>
     <span class='ocr_line' id='line_1_14' title="bbox 873 1579 2786 1664; baseline -0.003 -16"><span class='ocrx_word' id='word_1_99' title='bbox 873 1582 1018 1648; x_wconf 91' lang='lat' dir='ltr'><strong>Deo</strong></span> <span class='ocrx_word' id='word_1_100' title='bbox 1087 1590 1474 1664; x_wconf 83' lang='lat' dir='ltr'><strong>acceperunt</strong></span> <span class='ocrx_word' id='word_1_101' title='bbox 1544 1579 1983 1645; x_wconf 88' lang='lat' dir='ltr'><strong>invideamus:</strong></span> <span class='ocrx_word' id='word_1_102' title='bbox 2057 1580 2368 1663; x_wconf 91' lang='lat' dir='ltr'><strong>siquidem</strong></span> <span class='ocrx_word' id='word_1_103' title='bbox 2427 1579 2786 1645; x_wconf 88' lang='lat' dir='ltr'><strong>alienarum</strong></span> 
     </span>
     <span class='ocr_line' id='line_1_15' title="bbox 877 1662 2787 1748; baseline -0.002 -16"><span class='ocrx_word' id='word_1_104' title='bbox 877 1668 1191 1733; x_wconf 89' lang='lat' dir='ltr'><strong>virtutum</strong></span> <span class='ocrx_word' id='word_1_105' title='bbox 1238 1662 1439 1730; x_wconf 90' lang='lat' dir='ltr'><strong>invidi</strong></span> <span class='ocrx_word' id='word_1_106' title='bbox 1487 1686 1614 1729; x_wconf 91' lang='lat' dir='ltr'><strong>non</strong></span> <span class='ocrx_word' id='word_1_107' title='bbox 1661 1666 1729 1729; x_wconf 91' lang='lat' dir='ltr'><strong>in</strong></span> <span class='ocrx_word' id='word_1_108' title='bbox 1772 1663 2067 1730; x_wconf 88' lang='lat' dir='ltr'><strong>homines</strong></span> <span class='ocrx_word' id='word_1_109' title='bbox 2112 1678 2383 1742; x_wconf 91' lang='lat' dir='ltr'><strong>tantum,</strong></span> <span class='ocrx_word' id='word_1_110' title='bbox 2427 1665 2542 1730; x_wconf 89' lang='lat' dir='ltr'><strong>sed</strong></span> <span class='ocrx_word' id='word_1_111' title='bbox 2585 1665 2653 1730; x_wconf 91' lang='lat' dir='ltr'><strong>in</strong></span> <span class='ocrx_word' id='word_1_112' title='bbox 2692 1667 2787 1748; x_wconf 88' lang='lat' dir='ltr'><strong>ip·</strong></span> 
     </span>
     <span class='ocr_line' id='line_1_16' title="bbox 875 1750 2786 1833; baseline -0.004 -14"><span class='ocrx_word' id='word_1_113' title='bbox 875 1774 1020 1820; x_wconf 88' lang='lat' dir='ltr'><strong>sum</strong></span> <span class='ocrx_word' id='word_1_114' title='bbox 1067 1752 1282 1816; x_wconf 90' lang='lat' dir='ltr'><strong>Deum</strong></span> <span class='ocrx_word' id='word_1_115' title='bbox 1331 1751 1655 1815; x_wconf 89' lang='lat' dir='ltr'><strong>viventem</strong></span> <span class='ocrx_word' id='word_1_116' title='bbox 1701 1761 1968 1833; x_wconf 88' lang='lat' dir='ltr'><strong>peccant</strong></span> <span class='ocrx_word' id='word_1_117' title='bbox 2009 1761 2075 1814; x_wconf 91' lang='lat' dir='ltr'><strong>et</strong></span> <span class='ocrx_word' id='word_1_118' title='bbox 2116 1760 2267 1816; x_wconf 88' lang='lat' dir='ltr'><strong>sunt</strong></span> <span class='ocrx_word' id='word_1_119' title='bbox 2309 1750 2786 1815; x_wconf 87' lang='lat' dir='ltr'><strong>contumeliosi:</strong></span> 
     </span>
     <span class='ocr_line' id='line_1_17' title="bbox 875 1835 2791 1918; baseline -0.002 -15"><span class='ocrx_word' id='word_1_120' title='bbox 875 1845 943 1903; x_wconf 92' lang='lat' dir='ltr'><strong>et</strong></span> <span class='ocrx_word' id='word_1_121' title='bbox 979 1838 1035 1903; x_wconf 92' lang='lat' dir='ltr'><strong>si</strong></span> <span class='ocrx_word' id='word_1_122' title='bbox 1065 1836 1350 1900; x_wconf 90' lang='lat' dir='ltr'><strong>divinam</strong></span> <span class='ocrx_word' id='word_1_123' title='bbox 1378 1837 1777 1900; x_wconf 87' lang='lat' dir='ltr'><strong>maiestatem</strong></span> <span class='ocrx_word' id='word_1_124' title='bbox 1801 1835 2237 1901; x_wconf 89' lang='lat' dir='ltr'><strong>adversariam</strong></span> <span class='ocrx_word' id='word_1_125' title='bbox 2264 1835 2521 1910; x_wconf 87' lang='lat' dir='ltr'><strong>habent,</strong></span> <span class='ocrx_word' id='word_1_126' title='bbox 2570 1836 2791 1918; x_wconf 88' lang='lat' dir='ltr'><strong>quales</strong></span> 
     </span>
     <span class='ocr_line' id='line_1_18' title="bbox 877 1919 2792 2007; baseline -0.003 -19"><span class='ocrx_word' id='word_1_127' title='bbox 877 1927 1166 2007; x_wconf 90' lang='lat' dir='ltr'><strong>ipsorum</strong></span> <span class='ocrx_word' id='word_1_128' title='bbox 1225 1921 1400 1985; x_wconf 87' lang='lat' dir='ltr'><strong>vires</strong></span> <span class='ocrx_word' id='word_1_129' title='bbox 1459 1919 1767 1986; x_wconf 87' lang='lat' dir='ltr'><strong>adversus</strong></span> <span class='ocrx_word' id='word_1_130' title='bbox 1826 1941 1968 1985; x_wconf 89' lang='lat' dir='ltr'><strong>eam</strong></span> <span class='ocrx_word' id='word_1_131' title='bbox 2012 1921 2271 1986; x_wconf 83' lang='lat' dir='ltr'><strong>futurae</strong></span> <span class='ocrx_word' id='word_1_132' title='bbox 2327 1919 2527 1986; x_wconf 85' lang='lat' dir='ltr'><strong>sunt?</strong></span> <span class='ocrx_word' id='word_1_133' title='bbox 2618 1922 2792 1985; x_wconf 86' lang='lat' dir='ltr'><strong>Con-</strong></span> 
     </span>
     <span class='ocr_line' id='line_1_19' title="bbox 879 2006 2790 2092; baseline -0.003 -18"><span class='ocrx_word' id='word_1_134' title='bbox 879 2011 1171 2092; x_wconf 88' lang='lat' dir='ltr'><strong>spicuum</strong></span> <span class='ocrx_word' id='word_1_135' title='bbox 1219 2006 1426 2089; x_wconf 91' lang='lat' dir='ltr'><strong>igitur</strong></span> <span class='ocrx_word' id='word_1_136' title='bbox 1468 2016 1586 2088; x_wconf 88' lang='lat' dir='ltr'><strong>est,</strong></span> <span class='ocrx_word' id='word_1_137' title='bbox 1653 2006 1817 2082; x_wconf 89' lang='lat' dir='ltr'><strong>odia,</strong></span> <span class='ocrx_word' id='word_1_138' title='bbox 1884 2018 1950 2070; x_wconf 92' lang='lat' dir='ltr'><strong>et</strong></span> <span class='ocrx_word' id='word_1_139' title='bbox 2005 2007 2334 2082; x_wconf 91' lang='lat' dir='ltr'><strong>invidiam,</strong></span> <span class='ocrx_word' id='word_1_140' title='bbox 2401 2014 2466 2070; x_wconf 88' lang='lat' dir='ltr'><strong>et</strong></span> <span class='ocrx_word' id='word_1_141' title='bbox 2519 2006 2790 2069; x_wconf 88' lang='lat' dir='ltr'><strong>livorem</strong></span> 
     </span>
     <span class='ocr_line' id='line_1_20' title="bbox 879 2090 2791 2159; baseline -0.003 -1"><span class='ocrx_word' id='word_1_142' title='bbox 879 2095 1126 2159; x_wconf 88' lang='lat' dir='ltr'><strong>alienae</strong></span> <span class='ocrx_word' id='word_1_143' title='bbox 1199 2091 1461 2157; x_wconf 89' lang='lat' dir='ltr'><strong>virtutis</strong></span> <span class='ocrx_word' id='word_1_144' title='bbox 1519 2112 1658 2157; x_wconf 89' lang='lat' dir='ltr'><strong>esse</strong></span> <span class='ocrx_word' id='word_1_145' title='bbox 1717 2090 2028 2155; x_wconf 85' lang='lat' dir='ltr'><strong>adversus</strong></span> <span class='ocrx_word' id='word_1_146' title='bbox 2082 2090 2298 2155; x_wconf 89' lang='lat' dir='ltr'><strong>Deum</strong></span> <span class='ocrx_word' id='word_1_147' title='bbox 2357 2091 2791 2156; x_wconf 79' lang='lat' dir='ltr'><strong>inimicitiam:</strong></span> 
     </span>
     <span class='ocr_line' id='line_1_21' title="bbox 881 2175 2797 2261; baseline -0.004 -16"><span class='ocrx_word' id='word_1_148' title='bbox 881 2199 956 2245; x_wconf 87' lang='lat' dir='ltr'><strong>ac</strong></span> <span class='ocrx_word' id='word_1_149' title='bbox 998 2177 1266 2261; x_wconf 87' lang='lat' dir='ltr'><strong>proinde</strong></span> <span class='ocrx_word' id='word_1_150' title='bbox 1310 2178 1419 2258; x_wconf 87' lang='lat' dir='ltr'><strong>qui</strong></span> <span class='ocrx_word' id='word_1_151' title='bbox 1460 2176 1756 2258; x_wconf 84' lang='lat' dir='ltr'><strong>proximo</strong></span> <span class='ocrx_word' id='word_1_152' title='bbox 1799 2175 1965 2240; x_wconf 91' lang='lat' dir='ltr'><strong>dona</strong></span> <span class='ocrx_word' id='word_1_153' title='bbox 2001 2176 2270 2251; x_wconf 90' lang='lat' dir='ltr'><strong>invidet,</strong></span> <span class='ocrx_word' id='word_1_154' title='bbox 2318 2196 2446 2240; x_wconf 91' lang='lat' dir='ltr'><strong>non</strong></span> <span class='ocrx_word' id='word_1_155' title='bbox 2486 2176 2797 2240; x_wconf 90' lang='lat' dir='ltr'><strong>adversus</strong></span> 
     </span>
     <span class='ocr_line' id='line_1_22' title="bbox 883 2260 2797 2345; baseline -0.003 -16"><span class='ocrx_word' id='word_1_156' title='bbox 883 2262 1243 2339; x_wconf 84' lang='lat' dir='ltr'><strong>mortalem,</strong></span> <span class='ocrx_word' id='word_1_157' title='bbox 1304 2260 1414 2325; x_wconf 86' lang='lat' dir='ltr'><strong>sed</strong></span> <span class='ocrx_word' id='word_1_158' title='bbox 1460 2260 1774 2326; x_wconf 88' lang='lat' dir='ltr'><strong>adversus</strong></span> <span class='ocrx_word' id='word_1_159' title='bbox 1832 2260 2050 2325; x_wconf 91' lang='lat' dir='ltr'><strong>Deum</strong></span> <span class='ocrx_word' id='word_1_160' title='bbox 2106 2262 2319 2342; x_wconf 88' lang='lat' dir='ltr'><strong>ipsum</strong></span> <span class='ocrx_word' id='word_1_161' title='bbox 2364 2282 2674 2345; x_wconf 88' lang='lat' dir='ltr'><strong>pugnare,</strong></span> <span class='ocrx_word' id='word_1_162' title='bbox 2733 2273 2797 2325; x_wconf 93' lang='lat' dir='ltr'><strong>et</strong></span> 
     </span>
     <span class='ocr_line' id='line_1_23' title="bbox 882 2344 2792 2414; baseline -0.003 0"><span class='ocrx_word' id='word_1_163' title='bbox 882 2347 1147 2414; x_wconf 88' lang='lat' dir='ltr'><strong>tandem</strong></span> <span class='ocrx_word' id='word_1_164' title='bbox 1205 2344 1664 2411; x_wconf 89' lang='lat' dir='ltr'><strong>detrimentum</strong></span> <span class='ocrx_word' id='word_1_165' title='bbox 1728 2368 1802 2411; x_wconf 90' lang='lat' dir='ltr'><strong>ac</strong></span> <span class='ocrx_word' id='word_1_166' title='bbox 1860 2366 2177 2410; x_wconf 87' lang='lat' dir='ltr'><strong>summam</strong></span> <span class='ocrx_word' id='word_1_167' title='bbox 2236 2348 2672 2411; x_wconf 85' lang='lat' dir='ltr'><strong>confusionem</strong></span> <span class='ocrx_word' id='word_1_168' title='bbox 2727 2345 2792 2408; x_wconf 90' lang='lat' dir='ltr'><strong>in</strong></span> 
     </span>
     <span class='ocr_line' id='line_1_24' title="bbox 882 2430 2797 2516; baseline -0.003 -17"><span class='ocrx_word' id='word_1_169' title='bbox 882 2456 952 2499; x_wconf 86' lang='lat' dir='ltr'><strong>se</strong></span> <span class='ocrx_word' id='word_1_170' title='bbox 996 2435 1210 2516; x_wconf 91' lang='lat' dir='ltr'><strong>ipsum</strong></span> <span class='ocrx_word' id='word_1_171' title='bbox 1287 2452 1631 2497; x_wconf 86' lang='lat' dir='ltr'><strong>accersere.</strong></span> <span class='ocrx_word' id='word_1_172' title='bbox 1718 2430 1893 2511; x_wconf 78' lang='lat' dir='ltr'><strong>Quin</strong></span> <span class='ocrx_word' id='word_1_173' title='bbox 1948 2432 2078 2495; x_wconf 91' lang='lat' dir='ltr'><strong>imo</strong></span> <span class='ocrx_word' id='word_1_174' title='bbox 2122 2430 2281 2497; x_wconf 89' lang='lat' dir='ltr'><strong>Saul</strong></span> <span class='ocrx_word' id='word_1_175' title='bbox 2324 2432 2460 2515; x_wconf 90' lang='lat' dir='ltr'><strong>ipse</strong></span> <span class='ocrx_word' id='word_1_176' title='bbox 2503 2452 2644 2496; x_wconf 91' lang='lat' dir='ltr'><strong>sese</strong></span> <span class='ocrx_word' id='word_1_177' title='bbox 2687 2451 2797 2495; x_wconf 92' lang='lat' dir='ltr'><strong>ore</strong></span> 
     </span>
     <span class='ocr_line' id='line_1_25' title="bbox 883 2516 2797 2603; baseline -0.001 -21"><span class='ocrx_word' id='word_1_178' title='bbox 883 2518 1141 2603; x_wconf 87' lang='lat' dir='ltr'><strong>proprio</strong></span> <span class='ocrx_word' id='word_1_179' title='bbox 1200 2516 1605 2593; x_wconf 82' lang='lat' dir='ltr'><strong>condemnat,</strong></span> <span class='ocrx_word' id='word_1_180' title='bbox 1664 2537 1861 2598; x_wconf 89' lang='lat' dir='ltr'><strong>quum</strong></span> <span class='ocrx_word' id='word_1_181' title='bbox 1906 2517 2014 2593; x_wconf 91' lang='lat' dir='ltr'><strong>ait,</strong></span> <span class='ocrx_word' id='word_1_182' title='bbox 2072 2517 2224 2598; x_wconf 77' lang='lat' dir='ltr'><strong>quid</strong></span> <span class='ocrx_word' id='word_1_183' title='bbox 2265 2517 2322 2581; x_wconf 83' lang='lat' dir='ltr'><strong>ei</strong></span> <span class='ocrx_word' id='word_1_184' title='bbox 2354 2522 2629 2597; x_wconf 78' lang='lat' dir='ltr'><strong>superest</strong></span> <span class='ocrx_word' id='word_1_185' title='bbox 2668 2517 2797 2581; x_wconf 78' lang='lat' dir='ltr'><strong>nisi</strong></span> 
     </span>
     <span class='ocr_line' id='line_1_26' title="bbox 885 2600 2797 2685; baseline -0.003 -15"><span class='ocrx_word' id='word_1_186' title='bbox 885 2605 1086 2670; x_wconf 75' lang='lat' dir='ltr'><strong>solum</strong></span> <span class='ocrx_word' id='word_1_187' title='bbox 1127 2602 1436 2685; x_wconf 74' lang='lat' dir='ltr'><strong>reynum?</strong></span> <span class='ocrx_word' id='word_1_188' title='bbox 1523 2600 1690 2666; x_wconf 87' lang='lat' dir='ltr'><strong>Nam</strong></span> <span class='ocrx_word' id='word_1_189' title='bbox 1736 2623 1866 2667; x_wconf 90' lang='lat' dir='ltr'><strong>non</strong></span> <span class='ocrx_word' id='word_1_190' title='bbox 1910 2601 2174 2666; x_wconf 91' lang='lat' dir='ltr'><strong>dubium</strong></span> <span class='ocrx_word' id='word_1_191' title='bbox 2214 2612 2313 2665; x_wconf 90' lang='lat' dir='ltr'><strong>est</strong></span> <span class='ocrx_word' id='word_1_192' title='bbox 2348 2602 2505 2684; x_wconf 91' lang='lat' dir='ltr'><strong>quin</strong></span> <span class='ocrx_word' id='word_1_193' title='bbox 2544 2601 2797 2666; x_wconf 89' lang='lat' dir='ltr'><strong>venerit</strong></span> 
     </span>
     <span class='ocr_line' id='line_1_27' title="bbox 883 2685 2797 2773; baseline -0.002 -19"><span class='ocrx_word' id='word_1_194' title='bbox 883 2690 1010 2773; x_wconf 89' lang='lat' dir='ltr'><strong>ipsi</strong></span> <span class='ocrx_word' id='word_1_195' title='bbox 1067 2688 1136 2751; x_wconf 91' lang='lat' dir='ltr'><strong>in</strong></span> <span class='ocrx_word' id='word_1_196' title='bbox 1191 2694 1476 2752; x_wconf 89' lang='lat' dir='ltr'><strong>mentem</strong></span> <span class='ocrx_word' id='word_1_197' title='bbox 1534 2685 1856 2753; x_wconf 83' lang='lat' dir='ltr'><strong>Samuelis</strong></span> <span class='ocrx_word' id='word_1_198' title='bbox 1898 2686 2010 2751; x_wconf 91' lang='lat' dir='ltr'><strong>illa</strong></span> <span class='ocrx_word' id='word_1_199' title='bbox 2053 2687 2482 2764; x_wconf 88' lang='lat' dir='ltr'><strong>comminatio,</strong></span> <span class='ocrx_word' id='word_1_200' title='bbox 2538 2687 2639 2751; x_wconf 90' lang='lat' dir='ltr'><strong>cni</strong></span> <span class='ocrx_word' id='word_1_201' title='bbox 2685 2707 2797 2770; x_wconf 90' lang='lat' dir='ltr'><strong>pro</strong></span> 
     </span>
     <span class='ocr_line' id='line_1_28' title="bbox 885 2769 2797 2855; baseline -0.002 -16"><span class='ocrx_word' id='word_1_202' title='bbox 885 2772 1138 2839; x_wconf 89' lang='lat' dir='ltr'><strong>viribus</strong></span> <span class='ocrx_word' id='word_1_203' title='bbox 1182 2772 1480 2838; x_wconf 89' lang='lat' dir='ltr'><strong>resistere</strong></span> <span class='ocrx_word' id='word_1_204' title='bbox 1524 2772 1767 2837; x_wconf 90' lang='lat' dir='ltr'><strong>nititur.</strong></span> <span class='ocrx_word' id='word_1_205' title='bbox 1855 2769 1987 2837; x_wconf 85' lang='lat' dir='ltr'><strong>Sed</strong></span> <span class='ocrx_word' id='word_1_206' title='bbox 2025 2771 2177 2854; x_wconf 90' lang='lat' dir='ltr'><strong>quid</strong></span> <span class='ocrx_word' id='word_1_207' title='bbox 2213 2773 2408 2837; x_wconf 88' lang='lat' dir='ltr'><strong>miser</strong></span> <span class='ocrx_word' id='word_1_208' title='bbox 2442 2783 2797 2855; x_wconf 87' lang='lat' dir='ltr'><strong>promovet,</strong></span> 
     </span>
     <span class='ocr_line' id='line_1_29' title="bbox 883 2854 2796 2941; baseline -0.002 -17"><span class='ocrx_word' id='word_1_209' title='bbox 883 2860 1012 2926; x_wconf 90' lang='lat' dir='ltr'><strong>nisi</strong></span> <span class='ocrx_word' id='word_1_210' title='bbox 1049 2857 1216 2941; x_wconf 88' lang='lat' dir='ltr'><strong>quod</strong></span> <span class='ocrx_word' id='word_1_211' title='bbox 1252 2855 1559 2922; x_wconf 88' lang='lat' dir='ltr'><strong>adversus</strong></span> <span class='ocrx_word' id='word_1_212' title='bbox 1594 2857 1886 2923; x_wconf 91' lang='lat' dir='ltr'><strong>stimulos</strong></span> <span class='ocrx_word' id='word_1_213' title='bbox 1922 2854 2254 2924; x_wconf 85' lang='lat' dir='ltr'><strong>calcitrat?</strong></span> <span class='ocrx_word' id='word_1_214' title='bbox 2333 2856 2495 2921; x_wconf 89' lang='lat' dir='ltr'><strong>Inde</strong></span> <span class='ocrx_word' id='word_1_215' title='bbox 2530 2869 2796 2940; x_wconf 88' lang='lat' dir='ltr'><strong>apparet</strong></span> 
     </span>
     <span class='ocr_line' id='line_1_30' title="bbox 883 2942 2799 3026; baseline -0.003 -15"><span class='ocrx_word' id='word_1_216' title='bbox 883 2945 1183 3011; x_wconf 89' lang='lat' dir='ltr'><strong>homines</strong></span> <span class='ocrx_word' id='word_1_217' title='bbox 1218 2942 1354 3007; x_wconf 90' lang='lat' dir='ltr'><strong>suis</strong></span> <span class='ocrx_word' id='word_1_218' title='bbox 1387 2942 1794 3024; x_wconf 86' lang='lat' dir='ltr'><strong>passionibus</strong></span> <span class='ocrx_word' id='word_1_219' title='bbox 1830 2943 2195 3026; x_wconf 90' lang='lat' dir='ltr'><strong>implicitos,</strong></span> <span class='ocrx_word' id='word_1_220' title='bbox 2241 2964 2497 3007; x_wconf 89' lang='lat' dir='ltr'><strong>omnem</strong></span> <span class='ocrx_word' id='word_1_221' title='bbox 2536 2962 2799 3008; x_wconf 90' lang='lat' dir='ltr'><strong>sensum</strong></span> 
     </span>
     <span class='ocr_line' id='line_1_31' title="bbox 884 3027 2800 3109; baseline -0.003 -14"><span class='ocrx_word' id='word_1_222' title='bbox 884 3030 1155 3095; x_wconf 86' lang='lat' dir='ltr'><strong>rationis</strong></span> <span class='ocrx_word' id='word_1_223' title='bbox 1199 3027 1514 3105; x_wconf 90' lang='lat' dir='ltr'><strong>amittere,</strong></span> <span class='ocrx_word' id='word_1_224' title='bbox 1559 3040 1622 3092; x_wconf 92' lang='lat' dir='ltr'><strong>et</strong></span> <span class='ocrx_word' id='word_1_225' title='bbox 1658 3037 1965 3109; x_wconf 91' lang='lat' dir='ltr'><strong>tanquam</strong></span> <span class='ocrx_word' id='word_1_226' title='bbox 1991 3029 2157 3091; x_wconf 89' lang='lat' dir='ltr'><strong>feras</strong></span> <span class='ocrx_word' id='word_1_227' title='bbox 2180 3027 2422 3093; x_wconf 86' lang='lat' dir='ltr'><strong>belluas</strong></span> <span class='ocrx_word' id='word_1_228' title='bbox 2444 3027 2510 3091; x_wconf 89' lang='lat' dir='ltr'><strong>in</strong></span> <span class='ocrx_word' id='word_1_229' title='bbox 2539 3028 2800 3093; x_wconf 92' lang='lat' dir='ltr'><strong>obvium</strong></span> 
     </span>
     <span class='ocr_line' id='line_1_32' title="bbox 886 3112 2799 3199; baseline -0.003 -19"><span class='ocrx_word' id='word_1_230' title='bbox 886 3132 1204 3199; x_wconf 87' lang='lat' dir='ltr'><strong>quemque</strong></span> <span class='ocrx_word' id='word_1_231' title='bbox 1252 3124 1489 3177; x_wconf 90' lang='lat' dir='ltr'><strong>temere</strong></span> <span class='ocrx_word' id='word_1_232' title='bbox 1535 3114 1725 3177; x_wconf 81' lang='lat' dir='ltr'><strong>ferri:</strong></span> <span class='ocrx_word' id='word_1_233' title='bbox 1771 3133 1845 3177; x_wconf 90' lang='lat' dir='ltr'><strong>ac</strong></span> <span class='ocrx_word' id='word_1_234' title='bbox 1888 3113 1942 3177; x_wconf 91' lang='lat' dir='ltr'><strong>si</strong></span> <span class='ocrx_word' id='word_1_235' title='bbox 1978 3112 2188 3177; x_wconf 90' lang='lat' dir='ltr'><strong>Deum</strong></span> <span class='ocrx_word' id='word_1_236' title='bbox 2212 3116 2424 3195; x_wconf 88' lang='lat' dir='ltr'><strong>ipsum</strong></span> <span class='ocrx_word' id='word_1_237' title='bbox 2448 3112 2799 3190; x_wconf 75' lang='lat' dir='ltr'><strong>offendant,</strong></span> 
     </span>
     <span class='ocr_line' id='line_1_33' title="bbox 884 3197 2802 3283; baseline -0.003 -16"><span class='ocrx_word' id='word_1_238' title='bbox 884 3202 1079 3268; x_wconf 89' lang='lat' dir='ltr'><strong>etiam</strong></span> <span class='ocrx_word' id='word_1_239' title='bbox 1139 3197 1452 3263; x_wconf 88' lang='lat' dir='ltr'><strong>adversus</strong></span> <span class='ocrx_word' id='word_1_240' title='bbox 1509 3199 1723 3280; x_wconf 87' lang='lat' dir='ltr'><strong>ipsum</strong></span> <span class='ocrx_word' id='word_1_241' title='bbox 1793 3217 2103 3283; x_wconf 89' lang='lat' dir='ltr'><strong>pugnare,</strong></span> <span class='ocrx_word' id='word_1_242' title='bbox 2167 3219 2480 3280; x_wconf 89' lang='lat' dir='ltr'><strong>suumque</strong></span> <span class='ocrx_word' id='word_1_243' title='bbox 2535 3199 2802 3263; x_wconf 81' lang='lat' dir='ltr'><strong>exitium</strong></span> 
     </span>
     <span class='ocr_line' id='line_1_34' title="bbox 888 3282 2803 3367; baseline -0.002 -17"><span class='ocrx_word' id='word_1_244' title='bbox 888 3285 1150 3350; x_wconf 91' lang='lat' dir='ltr'><strong>sibimet</strong></span> <span class='ocrx_word' id='word_1_245' title='bbox 1191 3284 1350 3367; x_wconf 89' lang='lat' dir='ltr'><strong>ipsis</strong></span> <span class='ocrx_word' id='word_1_246' title='bbox 1390 3282 1661 3347; x_wconf 87' lang='lat' dir='ltr'><strong>adferre.</strong></span> <span class='ocrx_word' id='word_1_247' title='bbox 1749 3282 1897 3363; x_wconf 78' lang='lat' dir='ltr'><strong>Quo</strong></span> <span class='ocrx_word' id='word_1_248' title='bbox 1940 3303 2161 3347; x_wconf 89' lang='lat' dir='ltr'><strong>sumus</strong></span> <span class='ocrx_word' id='word_1_249' title='bbox 2205 3285 2404 3367; x_wconf 90' lang='lat' dir='ltr'><strong>igitur</strong></span> <span class='ocrx_word' id='word_1_250' title='bbox 2446 3284 2514 3347; x_wconf 92' lang='lat' dir='ltr'><strong>in</strong></span> <span class='ocrx_word' id='word_1_251' title='bbox 2549 3283 2670 3349; x_wconf 92' lang='lat' dir='ltr'><strong>hoc</strong></span> <span class='ocrx_word' id='word_1_252' title='bbox 2715 3285 2803 3347; x_wconf 90' lang='lat' dir='ltr'><strong>vi-</strong></span> 
     </span>
     <span class='ocr_line' id='line_1_35' title="bbox 890 3368 2807 3451; baseline -0.002 -16"><span class='ocrx_word' id='word_1_253' title='bbox 890 3374 1051 3435; x_wconf 90' lang='lat' dir='ltr'><strong>tium</strong></span> <span class='ocrx_word' id='word_1_254' title='bbox 1118 3369 1553 3451; x_wconf 82' lang='lat' dir='ltr'><strong>procliviores,</strong></span> <span class='ocrx_word' id='word_1_255' title='bbox 1620 3389 1694 3432; x_wconf 92' lang='lat' dir='ltr'><strong>eo</strong></span> <span class='ocrx_word' id='word_1_256' title='bbox 1758 3369 1964 3433; x_wconf 89' lang='lat' dir='ltr'><strong>maior</strong></span> <span class='ocrx_word' id='word_1_257' title='bbox 2030 3368 2393 3433; x_wconf 89' lang='lat' dir='ltr'><strong>adhibenda</strong></span> <span class='ocrx_word' id='word_1_258' title='bbox 2457 3370 2643 3434; x_wconf 89' lang='lat' dir='ltr'><strong>nobis</strong></span> <span class='ocrx_word' id='word_1_259' title='bbox 2707 3377 2807 3433; x_wconf 89' lang='lat' dir='ltr'><strong>est</strong></span> 
     </span>
     <span class='ocr_line' id='line_1_36' title="bbox 891 3452 2803 3528; baseline -0.001 -7"><span class='ocrx_word' id='word_1_260' title='bbox 891 3456 1123 3528; x_wconf 88' lang='lat' dir='ltr'><strong>cautio,</strong></span> <span class='ocrx_word' id='word_1_261' title='bbox 1173 3462 1244 3518; x_wconf 92' lang='lat' dir='ltr'><strong>ut</strong></span> <span class='ocrx_word' id='word_1_262' title='bbox 1287 3453 1528 3518; x_wconf 89' lang='lat' dir='ltr'><strong>nostris</strong></span> <span class='ocrx_word' id='word_1_263' title='bbox 1571 3454 1904 3518; x_wconf 88' lang='lat' dir='ltr'><strong>affectibus</strong></span> <span class='ocrx_word' id='word_1_264' title='bbox 1948 3452 2370 3526; x_wconf 84' lang='lat' dir='ltr'><strong>moderemur,</strong></span> <span class='ocrx_word' id='word_1_265' title='bbox 2435 3476 2518 3519; x_wconf 90' lang='lat' dir='ltr'><strong>ne</strong></span> <span class='ocrx_word' id='word_1_266' title='bbox 2564 3466 2803 3519; x_wconf 88' lang='lat' dir='ltr'><strong>temere</strong></span> 
     </span>
     <span class='ocr_line' id='line_1_37' title="bbox 892 3538 2804 3623; baseline -0.001 -19"><span class='ocrx_word' id='word_1_267' title='bbox 892 3540 1207 3604; x_wconf 88' lang='lat' dir='ltr'><strong>adversus</strong></span> <span class='ocrx_word' id='word_1_268' title='bbox 1253 3538 1467 3603; x_wconf 89' lang='lat' dir='ltr'><strong>Deum</strong></span> <span class='ocrx_word' id='word_1_269' title='bbox 1512 3538 1723 3620; x_wconf 91' lang='lat' dir='ltr'><strong>ipsum</strong></span> <span class='ocrx_word' id='word_1_270' title='bbox 1770 3539 2183 3623; x_wconf 85' lang='lat' dir='ltr'><strong>insurgamus</strong></span> <span class='ocrx_word' id='word_1_271' title='bbox 2226 3550 2291 3603; x_wconf 90' lang='lat' dir='ltr'><strong>et</strong></span> <span class='ocrx_word' id='word_1_272' title='bbox 2336 3540 2646 3604; x_wconf 86' lang='lat' dir='ltr'><strong>feramur:</strong></span> <span class='ocrx_word' id='word_1_273' title='bbox 2691 3538 2804 3604; x_wconf 89' lang='lat' dir='ltr'><strong>sed</strong></span> 
     </span>
     <span class='ocr_line' id='line_1_38' title="bbox 895 3622 2804 3708; baseline -0.002 -17"><span class='ocrx_word' id='word_1_274' title='bbox 895 3636 1125 3708; x_wconf 91' lang='lat' dir='ltr'><strong>sponte</strong></span> <span class='ocrx_word' id='word_1_275' title='bbox 1182 3631 1250 3688; x_wconf 93' lang='lat' dir='ltr'><strong>et</strong></span> <span class='ocrx_word' id='word_1_276' title='bbox 1308 3622 1554 3706; x_wconf 90' lang='lat' dir='ltr'><strong>placide</strong></span> <span class='ocrx_word' id='word_1_277' title='bbox 1606 3623 1770 3688; x_wconf 88' lang='lat' dir='ltr'><strong>colla</strong></span> <span class='ocrx_word' id='word_1_278' title='bbox 1813 3624 1933 3706; x_wconf 90' lang='lat' dir='ltr'><strong>ipsi</strong></span> <span class='ocrx_word' id='word_1_279' title='bbox 1979 3623 2412 3703; x_wconf 87' lang='lat' dir='ltr'><strong>subiiciamus,</strong></span> <span class='ocrx_word' id='word_1_280' title='bbox 2470 3632 2554 3703; x_wconf 92' lang='lat' dir='ltr'><strong>et,</strong></span> <span class='ocrx_word' id='word_1_281' title='bbox 2610 3642 2804 3707; x_wconf 90' lang='lat' dir='ltr'><strong>quam</strong></span> 
     </span>
     <span class='ocr_line' id='line_1_39' title="bbox 897 3708 2802 3794; baseline 0 -20"><span class='ocrx_word' id='word_1_282' title='bbox 897 3730 1171 3794; x_wconf 90' lang='lat' dir='ltr'><strong>poenam</strong></span> <span class='ocrx_word' id='word_1_283' title='bbox 1212 3708 1398 3774; x_wconf 90' lang='lat' dir='ltr'><strong>nobis</strong></span> <span class='ocrx_word' id='word_1_284' title='bbox 1431 3709 1761 3789; x_wconf 88' lang='lat' dir='ltr'><strong>imponere</strong></span> <span class='ocrx_word' id='word_1_285' title='bbox 1795 3709 2109 3791; x_wconf 87' lang='lat' dir='ltr'><strong>placuerit</strong></span> <span class='ocrx_word' id='word_1_286' title='bbox 2144 3710 2461 3792; x_wconf 88' lang='lat' dir='ltr'><strong>patienter</strong></span> <span class='ocrx_word' id='word_1_287' title='bbox 2499 3710 2802 3775; x_wconf 84' lang='lat' dir='ltr'><strong>feramus.</strong></span> 
     </span>
    </p>

    <p class='ocr_par' dir='ltr' id='par_1_2' title="bbox 896 3792 2810 5245">
     <span class='ocr_line' id='line_1_40' title="bbox 1069 3792 2803 3860; baseline 0.001 -3"><span class='ocrx_word' id='word_1_288' title='bbox 1069 3795 1157 3858; x_wconf 82' lang='lat' dir='ltr'><strong>Et</strong></span> <span class='ocrx_word' id='word_1_289' title='bbox 1200 3792 1280 3857; x_wconf 92' lang='lat' dir='ltr'><strong>de</strong></span> <span class='ocrx_word' id='word_1_290' title='bbox 1322 3794 1464 3858; x_wconf 89' lang='lat' dir='ltr'><strong>istis</strong></span> <span class='ocrx_word' id='word_1_291' title='bbox 1509 3793 1840 3859; x_wconf 87' lang='lat' dir='ltr'><strong>hactenus.</strong></span> <span class='ocrx_word' id='word_1_292' title='bbox 1931 3792 2090 3860; x_wconf 88' lang='lat' dir='ltr'><strong>Saul</strong></span> <span class='ocrx_word' id='word_1_293' title='bbox 2135 3793 2558 3859; x_wconf 90' lang='lat' dir='ltr'><strong>nihilominus</strong></span> <span class='ocrx_word' id='word_1_294' title='bbox 2603 3795 2803 3860; x_wconf 88' lang='lat' dir='ltr'><strong>Davi·-</strong></span> 
     </span>
     <span class='ocr_line' id='line_1_41' title="bbox 901 3878 2806 3960; baseline -0.001 -15"><span class='ocrx_word' id='word_1_295' title='bbox 901 3880 1046 3945; x_wconf 89' lang='lat' dir='ltr'><strong>dem</strong></span> <span class='ocrx_word' id='word_1_296' title='bbox 1102 3878 1272 3960; x_wconf 90' lang='lat' dir='ltr'><strong>apud</strong></span> <span class='ocrx_word' id='word_1_297' title='bbox 1327 3898 1395 3942; x_wconf 86' lang='lat' dir='ltr'><strong>se</strong></span> <span class='ocrx_word' id='word_1_298' title='bbox 1439 3878 1724 3943; x_wconf 89' lang='lat' dir='ltr'><strong>retinuit.</strong></span> <span class='ocrx_word' id='word_1_299' title='bbox 1814 3878 1991 3959; x_wconf 78' lang='lat' dir='ltr'><strong>Quid</strong></span> <span class='ocrx_word' id='word_1_300' title='bbox 2035 3880 2127 3944; x_wconf 91' lang='lat' dir='ltr'><strong>ita</strong></span> <span class='ocrx_word' id='word_1_301' title='bbox 2169 3879 2368 3943; x_wconf 83' lang='lat' dir='ltr'><strong>vero?</strong></span> <span class='ocrx_word' id='word_1_302' title='bbox 2456 3880 2625 3944; x_wconf 88' lang='lat' dir='ltr'><strong>Nam</strong></span> <span class='ocrx_word' id='word_1_303' title='bbox 2670 3881 2806 3945; x_wconf 85' lang='lat' dir='ltr'><strong>eius</strong></span> 
     </span>
     <span class='ocr_line' id='line_1_42' title="bbox 899 3963 2806 4047; baseline 0 -18"><span class='ocrx_word' id='word_1_304' title='bbox 899 3975 1226 4047; x_wconf 89' lang='lat' dir='ltr'><strong>aspectum</strong></span> <span class='ocrx_word' id='word_1_305' title='bbox 1266 3965 1374 4026; x_wconf 84' lang='lat' dir='ltr'><strong>vix</strong></span> <span class='ocrx_word' id='word_1_306' title='bbox 1410 3965 1576 4028; x_wconf 82' lang='lat' dir='ltr'><strong>ferre</strong></span> <span class='ocrx_word' id='word_1_307' title='bbox 1616 3976 1883 4046; x_wconf 90' lang='lat' dir='ltr'><strong>poterat,</strong></span> <span class='ocrx_word' id='word_1_308' title='bbox 1923 3974 1988 4028; x_wconf 90' lang='lat' dir='ltr'><strong>et</strong></span> <span class='ocrx_word' id='word_1_309' title='bbox 2017 3975 2089 4028; x_wconf 90' lang='lat' dir='ltr'><strong>ut</strong></span> <span class='ocrx_word' id='word_1_310' title='bbox 2112 3963 2406 4047; x_wconf 87' lang='lat' dir='ltr'><strong>deinceps</strong></span> <span class='ocrx_word' id='word_1_311' title='bbox 2431 3964 2806 4044; x_wconf 83' lang='lat' dir='ltr'><strong>videbimus,</strong></span> 
     </span>
     <span class='ocr_line' id='line_1_43' title="bbox 898 4048 2806 4134; baseline -0.001 -20"><span class='ocrx_word' id='word_1_312' title='bbox 898 4052 1037 4115; x_wconf 89' lang='lat' dir='ltr'><strong>eius</strong></span> <span class='ocrx_word' id='word_1_313' title='bbox 1075 4049 1500 4131; x_wconf 88' lang='lat' dir='ltr'><strong>praesentiam</strong></span> <span class='ocrx_word' id='word_1_314' title='bbox 1542 4060 1671 4112; x_wconf 88' lang='lat' dir='ltr'><strong>tam</strong></span> <span class='ocrx_word' id='word_1_315' title='bbox 1710 4071 1900 4134; x_wconf 90' lang='lat' dir='ltr'><strong>aegre</strong></span> <span class='ocrx_word' id='word_1_316' title='bbox 1929 4050 2098 4127; x_wconf 90' lang='lat' dir='ltr'><strong>tulit,</strong></span> <span class='ocrx_word' id='word_1_317' title='bbox 2144 4064 2215 4113; x_wconf 89' lang='lat' dir='ltr'><strong>ut</strong></span> <span class='ocrx_word' id='word_1_318' title='bbox 2259 4050 2384 4113; x_wconf 89' lang='lat' dir='ltr'><strong>alio</strong></span> <span class='ocrx_word' id='word_1_319' title='bbox 2427 4048 2806 4133; x_wconf 86' lang='lat' dir='ltr'><strong>amandarit,</strong></span> 
     </span>
     <span class='ocr_line' id='line_1_44' title="bbox 898 4133 2805 4218; baseline -0.002 -17"><span class='ocrx_word' id='word_1_320' title='bbox 898 4147 964 4202; x_wconf 91' lang='lat' dir='ltr'><strong>et</strong></span> <span class='ocrx_word' id='word_1_321' title='bbox 1009 4134 1162 4199; x_wconf 92' lang='lat' dir='ltr'><strong>alibi</strong></span> <span class='ocrx_word' id='word_1_322' title='bbox 1208 4134 1512 4198; x_wconf 85' lang='lat' dir='ltr'><strong>mandata</strong></span> <span class='ocrx_word' id='word_1_323' title='bbox 1554 4135 1675 4216; x_wconf 90' lang='lat' dir='ltr'><strong>ipsi</strong></span> <span class='ocrx_word' id='word_1_324' title='bbox 1719 4133 1983 4211; x_wconf 88' lang='lat' dir='ltr'><strong>dederit,</strong></span> <span class='ocrx_word' id='word_1_325' title='bbox 2029 4156 2110 4199; x_wconf 93' lang='lat' dir='ltr'><strong>ne</strong></span> <span class='ocrx_word' id='word_1_326' title='bbox 2157 4135 2433 4218; x_wconf 88' lang='lat' dir='ltr'><strong>amplius</strong></span> <span class='ocrx_word' id='word_1_327' title='bbox 2477 4135 2678 4200; x_wconf 90' lang='lat' dir='ltr'><strong>oculis</strong></span> <span class='ocrx_word' id='word_1_328' title='bbox 2710 4135 2805 4217; x_wconf 88' lang='lat' dir='ltr'><strong>ip-</strong></span> 
     </span>
     <span class='ocr_line' id='line_1_45' title="bbox 896 4219 2806 4303; baseline -0.002 -17"><span class='ocrx_word' id='word_1_329' title='bbox 896 4222 1030 4287; x_wconf 88' lang='lat' dir='ltr'><strong>sius</strong></span> <span class='ocrx_word' id='word_1_330' title='bbox 1073 4220 1546 4285; x_wconf 87' lang='lat' dir='ltr'><strong>obversaretur.</strong></span> <span class='ocrx_word' id='word_1_331' title='bbox 1633 4219 1773 4284; x_wconf 91' lang='lat' dir='ltr'><strong>Iam</strong></span> <span class='ocrx_word' id='word_1_332' title='bbox 1821 4223 2033 4302; x_wconf 90' lang='lat' dir='ltr'><strong>itaque</strong></span> <span class='ocrx_word' id='word_1_333' title='bbox 2078 4222 2342 4285; x_wconf 88' lang='lat' dir='ltr'><strong>retinuit</strong></span> <span class='ocrx_word' id='word_1_334' title='bbox 2386 4223 2596 4303; x_wconf 83' lang='lat' dir='ltr'><strong>ipsum</strong></span> <span class='ocrx_word' id='word_1_335' title='bbox 2636 4220 2806 4303; x_wconf 90' lang='lat' dir='ltr'><strong>apud</strong></span> 
     </span>
     <span class='ocr_line' id='line_1_46' title="bbox 897 4304 2807 4388; baseline -0.001 -16"><span class='ocrx_word' id='word_1_336' title='bbox 897 4329 985 4384; x_wconf 91' lang='lat' dir='ltr'><strong>se,</strong></span> <span class='ocrx_word' id='word_1_337' title='bbox 1031 4305 1283 4370; x_wconf 90' lang='lat' dir='ltr'><strong>invitus</strong></span> <span class='ocrx_word' id='word_1_338' title='bbox 1328 4318 1390 4369; x_wconf 92' lang='lat' dir='ltr'><strong>et</strong></span> <span class='ocrx_word' id='word_1_339' title='bbox 1433 4326 1578 4370; x_wconf 93' lang='lat' dir='ltr'><strong>cum</strong></span> <span class='ocrx_word' id='word_1_340' title='bbox 1624 4305 1944 4371; x_wconf 88' lang='lat' dir='ltr'><strong>amicitiae</strong></span> <span class='ocrx_word' id='word_1_341' title='bbox 1987 4306 2413 4371; x_wconf 88' lang='lat' dir='ltr'><strong>simulatione.</strong></span> <span class='ocrx_word' id='word_1_342' title='bbox 2499 4304 2661 4371; x_wconf 90' lang='lat' dir='ltr'><strong>Inde</strong></span> <span class='ocrx_word' id='word_1_343' title='bbox 2696 4327 2807 4388; x_wconf 90' lang='lat' dir='ltr'><strong>ap-</strong></span> 
     </span>
     <span class='ocr_line' id='line_1_47' title="bbox 899 4390 2808 4476; baseline -0.001 -19"><span class='ocrx_word' id='word_1_344' title='bbox 899 4403 1083 4476; x_wconf 89' lang='lat' dir='ltr'><strong>paret</strong></span> <span class='ocrx_word' id='word_1_345' title='bbox 1153 4390 1449 4454; x_wconf 91' lang='lat' dir='ltr'><strong>homines</strong></span> <span class='ocrx_word' id='word_1_346' title='bbox 1511 4391 1656 4455; x_wconf 90' lang='lat' dir='ltr'><strong>odia</strong></span> <span class='ocrx_word' id='word_1_347' title='bbox 1713 4411 1831 4455; x_wconf 88' lang='lat' dir='ltr'><strong>sua</strong></span> <span class='ocrx_word' id='word_1_348' title='bbox 1886 4401 1951 4456; x_wconf 91' lang='lat' dir='ltr'><strong>et</strong></span> <span class='ocrx_word' id='word_1_349' title='bbox 2006 4391 2373 4457; x_wconf 86' lang='lat' dir='ltr'><strong>inimicitias</strong></span> <span class='ocrx_word' id='word_1_350' title='bbox 2426 4391 2808 4474; x_wconf 88' lang='lat' dir='ltr'><strong>plerumque</strong></span> 
     </span>
     <span class='ocr_line' id='line_1_48' title="bbox 899 4476 2807 4561; baseline -0.002 -18"><span class='ocrx_word' id='word_1_351' title='bbox 899 4490 1118 4561; x_wconf 89' lang='lat' dir='ltr'><strong>tegere</strong></span> <span class='ocrx_word' id='word_1_352' title='bbox 1160 4476 1479 4540; x_wconf 85' lang='lat' dir='ltr'><strong>amicitiae</strong></span> <span class='ocrx_word' id='word_1_353' title='bbox 1522 4477 1735 4559; x_wconf 90' lang='lat' dir='ltr'><strong>pallio,</strong></span> <span class='ocrx_word' id='word_1_354' title='bbox 1782 4486 1848 4541; x_wconf 88' lang='lat' dir='ltr'><strong>et</strong></span> <span class='ocrx_word' id='word_1_355' title='bbox 1880 4477 2156 4559; x_wconf 88' lang='lat' dir='ltr'><strong>aliquem</strong></span> <span class='ocrx_word' id='word_1_356' title='bbox 2188 4476 2396 4542; x_wconf 90' lang='lat' dir='ltr'><strong>odisse</strong></span> <span class='ocrx_word' id='word_1_357' title='bbox 2432 4480 2499 4541; x_wconf 88' lang='lat' dir='ltr'><strong>in</strong></span> <span class='ocrx_word' id='word_1_358' title='bbox 2537 4488 2807 4560; x_wconf 89' lang='lat' dir='ltr'><strong>pectore,</strong></span> 
     </span>
     <span class='ocr_line' id='line_1_49' title="bbox 899 4562 2808 4646; baseline -0.002 -18"><span class='ocrx_word' id='word_1_359' title='bbox 899 4583 1090 4646; x_wconf 91' lang='lat' dir='ltr'><strong>quem</strong></span> <span class='ocrx_word' id='word_1_360' title='bbox 1149 4576 1385 4639; x_wconf 88' lang='lat' dir='ltr'><strong>tamen,</strong></span> <span class='ocrx_word' id='word_1_361' title='bbox 1436 4583 1517 4626; x_wconf 92' lang='lat' dir='ltr'><strong>ne</strong></span> <span class='ocrx_word' id='word_1_362' title='bbox 1578 4562 1889 4626; x_wconf 91' lang='lat' dir='ltr'><strong>malitiam</strong></span> <span class='ocrx_word' id='word_1_363' title='bbox 1944 4585 2128 4628; x_wconf 89' lang='lat' dir='ltr'><strong>suam</strong></span> <span class='ocrx_word' id='word_1_364' title='bbox 2184 4576 2247 4627; x_wconf 91' lang='lat' dir='ltr'><strong>et</strong></span> <span class='ocrx_word' id='word_1_365' title='bbox 2293 4563 2473 4629; x_wconf 90' lang='lat' dir='ltr'><strong>virus</strong></span> <span class='ocrx_word' id='word_1_366' title='bbox 2516 4562 2808 4646; x_wconf 86' lang='lat' dir='ltr'><strong>prodant,</strong></span> 
     </span>
     <span class='ocr_line' id='line_1_50' title="bbox 898 4645 2808 4732; baseline -0.002 -18"><span class='ocrx_word' id='word_1_367' title='bbox 898 4667 1118 4715; x_wconf 90' lang='lat' dir='ltr'><strong>secum</strong></span> <span class='ocrx_word' id='word_1_368' title='bbox 1179 4645 1454 4711; x_wconf 90' lang='lat' dir='ltr'><strong>retinere</strong></span> <span class='ocrx_word' id='word_1_369' title='bbox 1511 4662 1577 4711; x_wconf 92' lang='lat' dir='ltr'><strong>et</strong></span> <span class='ocrx_word' id='word_1_370' title='bbox 1635 4646 1871 4714; x_wconf 88' lang='lat' dir='ltr'><strong>habere</strong></span> <span class='ocrx_word' id='word_1_371' title='bbox 1928 4649 2154 4724; x_wconf 90' lang='lat' dir='ltr'><strong>velint,</strong></span> <span class='ocrx_word' id='word_1_372' title='bbox 2219 4649 2572 4732; x_wconf 89' lang='lat' dir='ltr'><strong>multisque</strong></span> <span class='ocrx_word' id='word_1_373' title='bbox 2617 4647 2808 4711; x_wconf 89' lang='lat' dir='ltr'><strong>bene-</strong></span> 
     </span>
     <span class='ocr_line' id='line_1_51' title="bbox 897 4731 2810 4817; baseline -0.002 -17"><span class='ocrx_word' id='word_1_374' title='bbox 897 4736 1059 4801; x_wconf 90' lang='lat' dir='ltr'><strong>ficiis</strong></span> <span class='ocrx_word' id='word_1_375' title='bbox 1097 4732 1409 4797; x_wconf 91' lang='lat' dir='ltr'><strong>demereri</strong></span> <span class='ocrx_word' id='word_1_376' title='bbox 1444 4731 1809 4811; x_wconf 89' lang='lat' dir='ltr'><strong>videantur,</strong></span> <span class='ocrx_word' id='word_1_377' title='bbox 1853 4733 1964 4798; x_wconf 89' lang='lat' dir='ltr'><strong>sed</strong></span> <span class='ocrx_word' id='word_1_378' title='bbox 2005 4746 2070 4799; x_wconf 87' lang='lat' dir='ltr'><strong>ut</strong></span> <span class='ocrx_word' id='word_1_379' title='bbox 2107 4736 2434 4801; x_wconf 85' lang='lat' dir='ltr'><strong>incautum</strong></span> <span class='ocrx_word' id='word_1_380' title='bbox 2468 4733 2526 4798; x_wconf 89' lang='lat' dir='ltr'><strong>si</strong></span> <span class='ocrx_word' id='word_1_381' title='bbox 2560 4735 2810 4817; x_wconf 89' lang='lat' dir='ltr'><strong>possint</strong></span> 
     </span>
     <span class='ocr_line' id='line_1_52' title="bbox 899 4816 2809 4903; baseline -0.002 -16"><span class='ocrx_word' id='word_1_382' title='bbox 899 4819 1289 4903; x_wconf 87' lang='lat' dir='ltr'><strong>opprimant.</strong></span> <span class='ocrx_word' id='word_1_383' title='bbox 1380 4816 1558 4883; x_wconf 89' lang='lat' dir='ltr'><strong>Sane</strong></span> <span class='ocrx_word' id='word_1_384' title='bbox 1612 4819 1956 4901; x_wconf 90' lang='lat' dir='ltr'><strong>primariae</strong></span> <span class='ocrx_word' id='word_1_385' title='bbox 2012 4817 2343 4903; x_wconf 86' lang='lat' dir='ltr'><strong>dignitatis</strong></span> <span class='ocrx_word' id='word_1_386' title='bbox 2397 4819 2590 4899; x_wconf 88' lang='lat' dir='ltr'><strong>viros,</strong></span> <span class='ocrx_word' id='word_1_387' title='bbox 2655 4831 2809 4902; x_wconf 89' lang='lat' dir='ltr'><strong>puta</strong></span> 
     </span>
     <span class='ocr_line' id='line_1_53' title="bbox 900 4902 2808 5053; baseline 0.001 -84"><span class='ocrx_word' id='word_1_388' title='bbox 900 4926 1104 4988; x_wconf 89' lang='lat' dir='ltr'><strong>reges,</strong></span> <span class='ocrx_word' id='word_1_389' title='bbox 1138 4902 1467 5053; x_wconf 51' lang='lat' dir='ltr'><strong>principes</strong></span> <span class='ocrx_word' id='word_1_390' title='bbox 1503 4915 1568 4968; x_wconf 91' lang='lat' dir='ltr'><strong>et</strong></span> <span class='ocrx_word' id='word_1_391' title='bbox 1600 4905 1964 4969; x_wconf 87' lang='lat' dir='ltr'><strong>istiusmodi</strong></span> <span class='ocrx_word' id='word_1_392' title='bbox 2001 4906 2176 4971; x_wconf 86' lang='lat' dir='ltr'><strong>viros</strong></span> <span class='ocrx_word' id='word_1_393' title='bbox 2206 4927 2472 4989; x_wconf 88' lang='lat' dir='ltr'><strong>magnos</strong></span> <span class='ocrx_word' id='word_1_394' title='bbox 2495 4905 2808 4984; x_wconf 89' lang='lat' dir='ltr'><strong>videmus,</strong></span> 
     </span>
     <span class='ocr_line' id='line_1_54' title="bbox 900 4988 2809 5073; baseline -0.001 -17"><span class='ocrx_word' id='word_1_395' title='bbox 900 4994 957 5057; x_wconf 88' lang='lat' dir='ltr'><strong>si</strong></span> <span class='ocrx_word' id='word_1_396' title='bbox 1013 5010 1136 5073; x_wconf 91' lang='lat' dir='ltr'><strong>quo</strong></span> <span class='ocrx_word' id='word_1_397' title='bbox 1222 4988 1289 5052; x_wconf 89' lang='lat' dir='ltr'><strong>in</strong></span> <span class='ocrx_word' id='word_1_398' title='bbox 1338 5009 1455 5053; x_wconf 89' lang='lat' dir='ltr'><strong>ens</strong></span> <span class='ocrx_word' id='word_1_399' title='bbox 1499 4989 1879 5055; x_wconf 89' lang='lat' dir='ltr'><strong>beneficium</strong></span> <span class='ocrx_word' id='word_1_400' title='bbox 1923 4992 2284 5072; x_wconf 90' lang='lat' dir='ltr'><strong>acceperint</strong></span> <span class='ocrx_word' id='word_1_401' title='bbox 2326 5013 2364 5056; x_wconf 88' lang='lat' dir='ltr'><strong>a</strong></span> <span class='ocrx_word' id='word_1_402' title='bbox 2407 4989 2809 5056; x_wconf 89' lang='lat' dir='ltr'><strong>subditorum</strong></span> 
     </span>
     <span class='ocr_line' id='line_1_55' title="bbox 903 5074 2809 5158; baseline 0.001 -17"><span class='ocrx_word' id='word_1_403' title='bbox 903 5075 1133 5158; x_wconf 89' lang='lat' dir='ltr'><strong>aliquo,</strong></span> <span class='ocrx_word' id='word_1_404' title='bbox 1191 5095 1277 5157; x_wconf 90' lang='lat' dir='ltr'><strong>pu</strong></span> <span class='ocrx_word' id='word_1_405' title='bbox 1324 5095 1434 5140; x_wconf 91' lang='lat' dir='ltr'><strong>ore</strong></span> <span class='ocrx_word' id='word_1_406' title='bbox 1491 5075 1765 5156; x_wconf 88' lang='lat' dir='ltr'><strong>quodam</strong></span> <span class='ocrx_word' id='word_1_407' title='bbox 1812 5076 1978 5142; x_wconf 81' lang='lat' dir='ltr'><strong>affici</strong></span> <span class='ocrx_word' id='word_1_408' title='bbox 2021 5074 2190 5157; x_wconf 90' lang='lat' dir='ltr'><strong>quod</strong></span> <span class='ocrx_word' id='word_1_409' title='bbox 2232 5076 2387 5158; x_wconf 89' lang='lat' dir='ltr'><strong>ipsis</strong></span> <span class='ocrx_word' id='word_1_410' title='bbox 2429 5096 2503 5140; x_wconf 92' lang='lat' dir='ltr'><strong>eo</strong></span> <span class='ocrx_word' id='word_1_411' title='bbox 2548 5076 2809 5142; x_wconf 90' lang='lat' dir='ltr'><strong>nomine</strong></span> 
     </span>
     <span class='ocr_line' id='line_1_56' title="bbox 900 5158 2809 5245; baseline 0.001 -18"><span class='ocrx_word' id='word_1_412' title='bbox 900 5161 1183 5227; x_wconf 90' lang='lat' dir='ltr'><strong>devincti</strong></span> <span class='ocrx_word' id='word_1_413' title='bbox 1248 5158 1415 5226; x_wconf 88' lang='lat' dir='ltr'><strong>sint:</strong></span> <span class='ocrx_word' id='word_1_414' title='bbox 1482 5181 1557 5227; x_wconf 87' lang='lat' dir='ltr'><strong>ao</strong></span> <span class='ocrx_word' id='word_1_415' title='bbox 1621 5159 1890 5244; x_wconf 91' lang='lat' dir='ltr'><strong>proinde</strong></span> <span class='ocrx_word' id='word_1_416' title='bbox 1948 5170 2173 5245; x_wconf 89' lang='lat' dir='ltr'><strong>optare</strong></span> <span class='ocrx_word' id='word_1_417' title='bbox 2228 5180 2266 5225; x_wconf 86' lang='lat' dir='ltr'><strong>a</strong></span> <span class='ocrx_word' id='word_1_418' title='bbox 2307 5182 2424 5226; x_wconf 90' lang='lat' dir='ltr'><strong>suo</strong></span> <span class='ocrx_word' id='word_1_419' title='bbox 2467 5171 2809 5245; x_wconf 89' lang='lat' dir='ltr'><strong>conspectu</strong></span> 
     </span>
    </p>
   </div>
   <div class='ocr_carea' id='block_1_2' title="bbox 2468 280 3176 349">
    <p class='ocr_par' dir='ltr' id='par_1_3' title="bbox 2468 280 3176 349">
     <span class='ocr_line' id='line_1_57' title="bbox 2468 280 3176 349; baseline -0.001 -1"><span class='ocrx_word' id='word_1_420' title='bbox 2468 280 2882 349; x_wconf 80' lang='lat' dir='ltr'><strong>HOMILIA</strong></span> <span class='ocrx_word' id='word_1_421' title='bbox 2930 280 3176 347; x_wconf 82' lang='lat' dir='ltr'><strong>LXVI.</strong></span> 
     </span>
    </p>
   </div>
   <div class='ocr_carea' id='block_1_3' title="bbox 4630 285 4722 348">
    <p class='ocr_par' dir='ltr' id='par_1_4' title="bbox 4630 285 4722 348">
     <span class='ocr_line' id='line_1_58' title="bbox 4630 285 4722 348; baseline 0 0"><span class='ocrx_word' id='word_1_422' title='bbox 4630 285 4722 348; x_wconf 77' lang='lat'><strong>264</strong></span> 
     </span>
    </p>
   </div>
   <div class='ocr_carea' id='block_1_4' title="bbox 2881 468 4772 5250">
    <p class='ocr_par' dir='ltr' id='par_1_5' title="bbox 2881 468 4772 5250">
     <span class='ocr_line' id='line_1_59' title="bbox 2884 468 4730 549; baseline 0.001 -13"><span class='ocrx_word' id='word_1_423' title='bbox 2884 481 3185 549; x_wconf 90' lang='lat' dir='ltr'><strong>remotos,</strong></span> <span class='ocrx_word' id='word_1_424' title='bbox 3230 482 3297 535; x_wconf 91' lang='lat' dir='ltr'><strong>et</strong></span> <span class='ocrx_word' id='word_1_425' title='bbox 3339 468 3597 534; x_wconf 89' lang='lat' dir='ltr'><strong>illorum</strong></span> <span class='ocrx_word' id='word_1_426' title='bbox 3644 490 3876 535; x_wconf 91' lang='lat' dir='ltr'><strong>nomen</strong></span> <span class='ocrx_word' id='word_1_427' title='bbox 3921 490 3957 536; x_wconf 91' lang='lat' dir='ltr'><strong>e</strong></span> <span class='ocrx_word' id='word_1_428' title='bbox 3998 470 4166 535; x_wconf 88' lang='lat' dir='ltr'><strong>vivis</strong></span> <span class='ocrx_word' id='word_1_429' title='bbox 4205 468 4541 535; x_wconf 89' lang='lat' dir='ltr'><strong>sublatum.</strong></span> <span class='ocrx_word' id='word_1_430' title='bbox 4596 472 4730 538; x_wconf 75' lang='lat' dir='ltr'><strong>&#39;Palis</strong></span> 
     </span>
     <span class='ocr_line' id='line_1_60' title="bbox 2885 555 4731 640; baseline 0.002 -20"><span class='ocrx_word' id='word_1_431' title='bbox 2885 567 2981 620; x_wconf 91' lang='lat' dir='ltr'><strong>est</strong></span> <span class='ocrx_word' id='word_1_432' title='bbox 3040 577 3154 637; x_wconf 89' lang='lat' dir='ltr'><strong>pro</strong></span> <span class='ocrx_word' id='word_1_433' title='bbox 3212 555 3490 637; x_wconf 85' lang='lat' dir='ltr'><strong>acceptis</strong></span> <span class='ocrx_word' id='word_1_434' title='bbox 3546 555 3873 621; x_wconf 87' lang='lat' dir='ltr'><strong>beneficiis</strong></span> <span class='ocrx_word' id='word_1_435' title='bbox 3927 557 4157 637; x_wconf 89' lang='lat' dir='ltr'><strong>gratia,</strong></span> <span class='ocrx_word' id='word_1_436' title='bbox 4215 566 4285 619; x_wconf 90' lang='lat' dir='ltr'><strong>et</strong></span> <span class='ocrx_word' id='word_1_437' title='bbox 4340 564 4731 640; x_wconf 78' lang='lat' dir='ltr'><strong>compensatio.</strong></span> 
     </span>
     <span class='ocr_line' id='line_1_61' title="bbox 2883 639 4734 708; baseline 0.001 -1"><span class='ocrx_word' id='word_1_438' title='bbox 2883 642 3181 707; x_wconf 78' lang='lat' dir='ltr'><strong>Profecto</strong></span> <span class='ocrx_word' id='word_1_439' title='bbox 3247 642 3304 704; x_wconf 91' lang='lat' dir='ltr'><strong>si</strong></span> <span class='ocrx_word' id='word_1_440' title='bbox 3364 639 3521 707; x_wconf 91' lang='lat' dir='ltr'><strong>Saul</strong></span> <span class='ocrx_word' id='word_1_441' title='bbox 3581 640 3852 706; x_wconf 89' lang='lat' dir='ltr'><strong>candide</strong></span> <span class='ocrx_word' id='word_1_442' title='bbox 3911 650 3974 704; x_wconf 92' lang='lat' dir='ltr'><strong>et</strong></span> <span class='ocrx_word' id='word_1_443' title='bbox 4029 642 4277 706; x_wconf 87' lang='lat' dir='ltr'><strong>sincere</strong></span> <span class='ocrx_word' id='word_1_444' title='bbox 4333 662 4480 706; x_wconf 92' lang='lat' dir='ltr'><strong>cum</strong></span> <span class='ocrx_word' id='word_1_445' title='bbox 4532 641 4734 708; x_wconf 84' lang='lat' dir='ltr'><strong>Davide</strong></span> 
     </span>
     <span class='ocr_line' id='line_1_62' title="bbox 2882 725 4735 809; baseline 0.001 -18"><span class='ocrx_word' id='word_1_446' title='bbox 2882 727 3138 809; x_wconf 84' lang='lat' dir='ltr'><strong>egisset,</strong></span> <span class='ocrx_word' id='word_1_447' title='bbox 3183 747 3331 790; x_wconf 91' lang='lat' dir='ltr'><strong>eum</strong></span> <span class='ocrx_word' id='word_1_448' title='bbox 3375 725 3546 790; x_wconf 89' lang='lat' dir='ltr'><strong>ultro</strong></span> <span class='ocrx_word' id='word_1_449' title='bbox 3589 725 3758 809; x_wconf 90' lang='lat' dir='ltr'><strong>apud</strong></span> <span class='ocrx_word' id='word_1_450' title='bbox 3803 746 3874 791; x_wconf 90' lang='lat' dir='ltr'><strong>se</strong></span> <span class='ocrx_word' id='word_1_451' title='bbox 3916 736 4242 808; x_wconf 90' lang='lat' dir='ltr'><strong>receptum</strong></span> <span class='ocrx_word' id='word_1_452' title='bbox 4290 727 4561 801; x_wconf 87' lang='lat' dir='ltr'><strong>fovisset,</strong></span> <span class='ocrx_word' id='word_1_453' title='bbox 4598 740 4652 791; x_wconf 87' lang='lat' dir='ltr'><strong>et</strong></span> <span class='ocrx_word' id='word_1_454' title='bbox 4676 729 4735 792; x_wconf 82' lang='lat' dir='ltr'><strong>ad</strong></span> 
     </span>
     <span class='ocr_line' id='line_1_63' title="bbox 2881 811 4739 894; baseline 0.001 -18"><span class='ocrx_word' id='word_1_455' title='bbox 2881 811 3161 876; x_wconf 88' lang='lat' dir='ltr'><strong>honores</strong></span> <span class='ocrx_word' id='word_1_456' title='bbox 3206 813 3648 893; x_wconf 87' lang='lat' dir='ltr'><strong>promovisset,</strong></span> <span class='ocrx_word' id='word_1_457' title='bbox 3694 834 3764 876; x_wconf 87' lang='lat' dir='ltr'><strong>re</strong></span> <span class='ocrx_word' id='word_1_458' title='bbox 3807 813 3948 894; x_wconf 90' lang='lat' dir='ltr'><strong>ipsa</strong></span> <span class='ocrx_word' id='word_1_459' title='bbox 3984 824 4309 893; x_wconf 82' lang='lat' dir='ltr'><strong>expertus,</strong></span> <span class='ocrx_word' id='word_1_460' title='bbox 4353 828 4423 876; x_wconf 90' lang='lat' dir='ltr'><strong>et</strong></span> <span class='ocrx_word' id='word_1_461' title='bbox 4456 814 4739 878; x_wconf 84' lang='lat' dir='ltr'><strong>universus</strong></span> 
     </span>
     <span class='ocr_line' id='line_1_64' title="bbox 2884 896 4740 980; baseline 0 -18"><span class='ocrx_word' id='word_1_462' title='bbox 2884 917 3033 963; x_wconf 91' lang='lat' dir='ltr'><strong>cum</strong></span> <span class='ocrx_word' id='word_1_463' title='bbox 3068 898 3207 980; x_wconf 91' lang='lat' dir='ltr'><strong>ipso</strong></span> <span class='ocrx_word' id='word_1_464' title='bbox 3243 896 3536 980; x_wconf 90' lang='lat' dir='ltr'><strong>populus,</strong></span> <span class='ocrx_word' id='word_1_465' title='bbox 3581 908 3737 978; x_wconf 91' lang='lat' dir='ltr'><strong>quot</strong></span> <span class='ocrx_word' id='word_1_466' title='bbox 3771 897 4159 980; x_wconf 89' lang='lat' dir='ltr'><strong>quantisque</strong></span> <span class='ocrx_word' id='word_1_467' title='bbox 4194 898 4542 962; x_wconf 87' lang='lat' dir='ltr'><strong>virtutibus</strong></span> <span class='ocrx_word' id='word_1_468' title='bbox 4573 919 4607 962; x_wconf 90' lang='lat' dir='ltr'><strong>a</strong></span> <span class='ocrx_word' id='word_1_469' title='bbox 4634 898 4740 962; x_wconf 84' lang='lat' dir='ltr'><strong>Deo</strong></span> 
     </span>
     <span class='ocr_line' id='line_1_65' title="bbox 2885 980 4742 1063; baseline -0.001 -14"><span class='ocrx_word' id='word_1_470' title='bbox 2885 990 3056 1049; x_wconf 86' lang='lat' dir='ltr'><strong>esset</strong></span> <span class='ocrx_word' id='word_1_471' title='bbox 3119 993 3488 1047; x_wconf 85' lang='lat' dir='ltr'><strong>exornatus.</strong></span> <span class='ocrx_word' id='word_1_472' title='bbox 3581 980 3713 1047; x_wconf 88' lang='lat' dir='ltr'><strong>Sed</strong></span> <span class='ocrx_word' id='word_1_473' title='bbox 3771 981 4209 1063; x_wconf 89' lang='lat' dir='ltr'><strong>nihilominus,</strong></span> <span class='ocrx_word' id='word_1_474' title='bbox 4265 985 4385 1049; x_wconf 90' lang='lat' dir='ltr'><strong>etsi</strong></span> <span class='ocrx_word' id='word_1_475' title='bbox 4431 986 4742 1048; x_wconf 86' lang='lat' dir='ltr'><strong>contraius</strong></span> 
     </span>
     <span class='ocr_line' id='line_1_66' title="bbox 2882 1067 4740 1150; baseline -0.001 -18"><span class='ocrx_word' id='word_1_476' title='bbox 2882 1080 2949 1132; x_wconf 91' lang='lat' dir='ltr'><strong>et</strong></span> <span class='ocrx_word' id='word_1_477' title='bbox 2990 1088 3268 1149; x_wconf 89' lang='lat' dir='ltr'><strong>aequum</strong></span> <span class='ocrx_word' id='word_1_478' title='bbox 3310 1067 3685 1133; x_wconf 86' lang='lat' dir='ltr'><strong>inimicitias</strong></span> <span class='ocrx_word' id='word_1_479' title='bbox 3728 1078 3984 1150; x_wconf 87' lang='lat' dir='ltr'><strong>pectore</strong></span> <span class='ocrx_word' id='word_1_480' title='bbox 4028 1067 4307 1148; x_wconf 83' lang='lat' dir='ltr'><strong>fovebat,</strong></span> <span class='ocrx_word' id='word_1_481' title='bbox 4368 1078 4437 1132; x_wconf 91' lang='lat' dir='ltr'><strong>et</strong></span> <span class='ocrx_word' id='word_1_482' title='bbox 4478 1090 4599 1132; x_wconf 92' lang='lat' dir='ltr'><strong>non</strong></span> <span class='ocrx_word' id='word_1_483' title='bbox 4634 1091 4740 1134; x_wconf 88' lang='lat' dir='ltr'><strong>cum</strong></span> 
     </span>
     <span class='ocr_line' id='line_1_67' title="bbox 2885 1152 4745 1235; baseline -0.001 -18"><span class='ocrx_word' id='word_1_484' title='bbox 2885 1153 3151 1218; x_wconf 90' lang='lat' dir='ltr'><strong>homine</strong></span> <span class='ocrx_word' id='word_1_485' title='bbox 3209 1152 3483 1228; x_wconf 89' lang='lat' dir='ltr'><strong>mortali,</strong></span> <span class='ocrx_word' id='word_1_486' title='bbox 3553 1152 3667 1218; x_wconf 91' lang='lat' dir='ltr'><strong>sed</strong></span> <span class='ocrx_word' id='word_1_487' title='bbox 3727 1172 3876 1218; x_wconf 91' lang='lat' dir='ltr'><strong>cum</strong></span> <span class='ocrx_word' id='word_1_488' title='bbox 3933 1153 4074 1218; x_wconf 91' lang='lat' dir='ltr'><strong>Deo</strong></span> <span class='ocrx_word' id='word_1_489' title='bbox 4131 1155 4269 1235; x_wconf 89' lang='lat' dir='ltr'><strong>ipso</strong></span> <span class='ocrx_word' id='word_1_490' title='bbox 4315 1154 4551 1218; x_wconf 90' lang='lat' dir='ltr'><strong>bellum</strong></span> <span class='ocrx_word' id='word_1_491' title='bbox 4590 1158 4745 1219; x_wconf 82' lang='lat' dir='ltr'><strong>susci·</strong></span> 
     </span>
     <span class='ocr_line' id='line_1_68' title="bbox 2887 1237 4744 1321; baseline 0 -20"><span class='ocrx_word' id='word_1_492' title='bbox 2887 1238 3121 1321; x_wconf 90' lang='lat' dir='ltr'><strong>piebat,</strong></span> <span class='ocrx_word' id='word_1_493' title='bbox 3169 1237 3275 1304; x_wconf 92' lang='lat' dir='ltr'><strong>vel</strong></span> <span class='ocrx_word' id='word_1_494' title='bbox 3320 1238 3599 1303; x_wconf 90' lang='lat' dir='ltr'><strong>invitum</strong></span> <span class='ocrx_word' id='word_1_495' title='bbox 3642 1238 3928 1321; x_wconf 87' lang='lat' dir='ltr'><strong>oportuit</strong></span> <span class='ocrx_word' id='word_1_496' title='bbox 3970 1237 4141 1321; x_wconf 91' lang='lat' dir='ltr'><strong>apud</strong></span> <span class='ocrx_word' id='word_1_497' title='bbox 4184 1261 4252 1304; x_wconf 89' lang='lat' dir='ltr'><strong>se</strong></span> <span class='ocrx_word' id='word_1_498' title='bbox 4288 1240 4603 1306; x_wconf 83' lang='lat' dir='ltr'><strong>Davidem</strong></span> <span class='ocrx_word' id='word_1_499' title='bbox 4634 1242 4744 1302; x_wconf 79' lang='lat' dir='ltr'><strong>ret-i·</strong></span> 
     </span>
     <span class='ocr_line' id='line_1_69' title="bbox 2885 1323 4748 1408; baseline 0 -22"><span class='ocrx_word' id='word_1_500' title='bbox 2885 1344 3041 1389; x_wconf 89' lang='lat' dir='ltr'><strong>nere</strong></span> <span class='ocrx_word' id='word_1_501' title='bbox 3103 1331 3179 1387; x_wconf 95' lang='lat' dir='ltr'><strong>ut</strong></span> <span class='ocrx_word' id='word_1_502' title='bbox 3235 1323 3375 1386; x_wconf 92' lang='lat' dir='ltr'><strong>eius</strong></span> <span class='ocrx_word' id='word_1_503' title='bbox 3430 1323 3607 1387; x_wconf 87' lang='lat' dir='ltr'><strong>furor</strong></span> <span class='ocrx_word' id='word_1_504' title='bbox 3665 1336 3730 1389; x_wconf 93' lang='lat' dir='ltr'><strong>et</strong></span> <span class='ocrx_word' id='word_1_505' title='bbox 3787 1325 4006 1388; x_wconf 91' lang='lat' dir='ltr'><strong>odium</strong></span> <span class='ocrx_word' id='word_1_506' title='bbox 4050 1335 4416 1408; x_wconf 85' lang='lat' dir='ltr'><strong>augeretur,</strong></span> <span class='ocrx_word' id='word_1_507' title='bbox 4473 1336 4534 1388; x_wconf 89' lang='lat' dir='ltr'><strong>et</strong></span> <span class='ocrx_word' id='word_1_508' title='bbox 4572 1337 4748 1390; x_wconf 77' lang='lat' dir='ltr'><strong>contra</strong></span> 
     </span>
     <span class='ocr_line' id='line_1_70' title="bbox 2886 1407 4747 1494; baseline 0.002 -23"><span class='ocrx_word' id='word_1_509' title='bbox 2886 1407 3126 1472; x_wconf 89' lang='lat' dir='ltr'><strong>Davidi</strong></span> <span class='ocrx_word' id='word_1_510' title='bbox 3160 1428 3538 1491; x_wconf 89' lang='lat' dir='ltr'><strong>prosperum</strong></span> <span class='ocrx_word' id='word_1_511' title='bbox 3577 1430 3793 1474; x_wconf 91' lang='lat' dir='ltr'><strong>rerum</strong></span> <span class='ocrx_word' id='word_1_512' title='bbox 3831 1429 4196 1475; x_wconf 89' lang='lat' dir='ltr'><strong>successum</strong></span> <span class='ocrx_word' id='word_1_513' title='bbox 4233 1409 4393 1488; x_wconf 90' lang='lat' dir='ltr'><strong>dari,</strong></span> <span class='ocrx_word' id='word_1_514' title='bbox 4430 1420 4497 1473; x_wconf 91' lang='lat' dir='ltr'><strong>et</strong></span> <span class='ocrx_word' id='word_1_515' title='bbox 4522 1411 4747 1494; x_wconf 83' lang='lat' dir='ltr'><strong>gratiam</strong></span> 
     </span>
     <span class='ocr_line' id='line_1_71' title="bbox 2885 1493 4749 1577; baseline 0.001 -20"><span class='ocrx_word' id='word_1_516' title='bbox 2885 1506 2953 1557; x_wconf 91' lang='lat' dir='ltr'><strong>et</strong></span> <span class='ocrx_word' id='word_1_517' title='bbox 3010 1493 3417 1558; x_wconf 85' lang='lat' dir='ltr'><strong>autoritatem</strong></span> <span class='ocrx_word' id='word_1_518' title='bbox 3478 1494 3556 1571; x_wconf 86' lang='lat' dir='ltr'><strong>ei,</strong></span> <span class='ocrx_word' id='word_1_519' title='bbox 3625 1494 3723 1558; x_wconf 90' lang='lat' dir='ltr'><strong>vel</strong></span> <span class='ocrx_word' id='word_1_520' title='bbox 3769 1495 3906 1577; x_wconf 93' lang='lat' dir='ltr'><strong>ipso</strong></span> <span class='ocrx_word' id='word_1_521' title='bbox 3950 1493 4149 1559; x_wconf 82' lang='lat' dir='ltr'><strong>Saule</strong></span> <span class='ocrx_word' id='word_1_522' title='bbox 4190 1496 4511 1575; x_wconf 87' lang='lat' dir='ltr'><strong>ministro,</strong></span> <span class='ocrx_word' id='word_1_523' title='bbox 4568 1500 4749 1577; x_wconf 84' lang='lat' dir='ltr'><strong>parari.</strong></span> 
     </span>
     <span class='ocr_line' id='line_1_72' title="bbox 2887 1577 4754 1663; baseline -0.001 -19"><span class='ocrx_word' id='word_1_524' title='bbox 2887 1580 3054 1644; x_wconf 90' lang='lat' dir='ltr'><strong>Nam</strong></span> <span class='ocrx_word' id='word_1_525' title='bbox 3116 1588 3271 1661; x_wconf 91' lang='lat' dir='ltr'><strong>quot</strong></span> <span class='ocrx_word' id='word_1_526' title='bbox 3329 1577 3425 1642; x_wconf 91' lang='lat' dir='ltr'><strong>illi</strong></span> <span class='ocrx_word' id='word_1_527' title='bbox 3482 1578 3791 1643; x_wconf 88' lang='lat' dir='ltr'><strong>mandata</strong></span> <span class='ocrx_word' id='word_1_528' title='bbox 3849 1579 4027 1644; x_wconf 88' lang='lat' dir='ltr'><strong>dedit</strong></span> <span class='ocrx_word' id='word_1_529' title='bbox 4066 1581 4134 1643; x_wconf 91' lang='lat' dir='ltr'><strong>in</strong></span> <span class='ocrx_word' id='word_1_530' title='bbox 4182 1590 4317 1644; x_wconf 89' lang='lat' dir='ltr'><strong>tota</strong></span> <span class='ocrx_word' id='word_1_531' title='bbox 4361 1583 4637 1663; x_wconf 88' lang='lat' dir='ltr'><strong>regione,</strong></span> <span class='ocrx_word' id='word_1_532' title='bbox 4684 1592 4754 1643; x_wconf 82' lang='lat' dir='ltr'><strong>tot</strong></span> 
     </span>
     <span class='ocr_line' id='line_1_73' title="bbox 2890 1663 4753 1748; baseline 0 -20"><span class='ocrx_word' id='word_1_533' title='bbox 2890 1663 3102 1728; x_wconf 90' lang='lat' dir='ltr'><strong>media</strong></span> <span class='ocrx_word' id='word_1_534' title='bbox 3160 1664 3423 1728; x_wconf 88' lang='lat' dir='ltr'><strong>fuerunt</strong></span> <span class='ocrx_word' id='word_1_535' title='bbox 3483 1665 3714 1746; x_wconf 88' lang='lat' dir='ltr'><strong>quibus</strong></span> <span class='ocrx_word' id='word_1_536' title='bbox 3770 1665 3867 1728; x_wconf 91' lang='lat' dir='ltr'><strong>illi</strong></span> <span class='ocrx_word' id='word_1_537' title='bbox 3921 1668 4132 1748; x_wconf 88' lang='lat' dir='ltr'><strong>gratia</strong></span> <span class='ocrx_word' id='word_1_538' title='bbox 4174 1679 4239 1730; x_wconf 91' lang='lat' dir='ltr'><strong>et</strong></span> <span class='ocrx_word' id='word_1_539' title='bbox 4281 1667 4590 1730; x_wconf 87' lang='lat' dir='ltr'><strong>autoritas</strong></span> <span class='ocrx_word' id='word_1_540' title='bbox 4626 1665 4753 1746; x_wconf 84' lang='lat' dir='ltr'><strong>apud</strong></span> 
     </span>
     <span class='ocr_line' id='line_1_74' title="bbox 2890 1749 4755 1832; baseline 0 -19"><span class='ocrx_word' id='word_1_541' title='bbox 2890 1750 3193 1832; x_wconf 89' lang='lat' dir='ltr'><strong>populum</strong></span> <span class='ocrx_word' id='word_1_542' title='bbox 3232 1760 3460 1831; x_wconf 88' lang='lat' dir='ltr'><strong>parata</strong></span> <span class='ocrx_word' id='word_1_543' title='bbox 3495 1749 3644 1814; x_wconf 87' lang='lat' dir='ltr'><strong>fuit:</strong></span> <span class='ocrx_word' id='word_1_544' title='bbox 3692 1749 3863 1832; x_wconf 92' lang='lat' dir='ltr'><strong>quod</strong></span> <span class='ocrx_word' id='word_1_545' title='bbox 3898 1751 4091 1816; x_wconf 89' lang='lat' dir='ltr'><strong>etiam</strong></span> <span class='ocrx_word' id='word_1_546' title='bbox 4133 1753 4515 1816; x_wconf 90' lang='lat' dir='ltr'><strong>nominatim</strong></span> <span class='ocrx_word' id='word_1_547' title='bbox 4552 1751 4755 1816; x_wconf 80' lang='lat' dir='ltr'><strong>dicitur.</strong></span> 
     </span>
     <span class='ocr_line' id='line_1_75' title="bbox 2888 1835 4758 1919; baseline 0 -20"><span class='ocrx_word' id='word_1_548' title='bbox 2888 1835 3064 1900; x_wconf 87' lang='lat' dir='ltr'><strong>Hinc</strong></span> <span class='ocrx_word' id='word_1_549' title='bbox 3109 1844 3379 1916; x_wconf 88' lang='lat' dir='ltr'><strong>apparet</strong></span> <span class='ocrx_word' id='word_1_550' title='bbox 3422 1836 3745 1916; x_wconf 89' lang='lat' dir='ltr'><strong>principes</strong></span> <span class='ocrx_word' id='word_1_551' title='bbox 3789 1856 3981 1919; x_wconf 87' lang='lat' dir='ltr'><strong>saepe</strong></span> <span class='ocrx_word' id='word_1_552' title='bbox 4018 1837 4120 1900; x_wconf 89' lang='lat' dir='ltr'><strong>vel</strong></span> <span class='ocrx_word' id='word_1_553' title='bbox 4156 1837 4397 1901; x_wconf 80' lang='lat' dir='ltr'><strong>invitos</strong></span> <span class='ocrx_word' id='word_1_554' title='bbox 4434 1857 4758 1918; x_wconf 78' lang='lat' dir='ltr'><strong>promovere</strong></span> 
     </span>
     <span class='ocr_line' id='line_1_76' title="bbox 2891 1918 4756 2004; baseline 0 -20"><span class='ocrx_word' id='word_1_555' title='bbox 2891 1940 3041 1985; x_wconf 90' lang='lat' dir='ltr'><strong>suos</strong></span> <span class='ocrx_word' id='word_1_556' title='bbox 3106 1918 3394 1984; x_wconf 89' lang='lat' dir='ltr'><strong>subditos</strong></span> <span class='ocrx_word' id='word_1_557' title='bbox 3453 1920 3518 1983; x_wconf 91' lang='lat' dir='ltr'><strong>in</strong></span> <span class='ocrx_word' id='word_1_558' title='bbox 3581 1920 3859 2002; x_wconf 90' lang='lat' dir='ltr'><strong>aliquam</strong></span> <span class='ocrx_word' id='word_1_559' title='bbox 3928 1921 4324 2004; x_wconf 86' lang='lat' dir='ltr'><strong>dignitatem,</strong></span> <span class='ocrx_word' id='word_1_560' title='bbox 4398 1942 4529 1986; x_wconf 94' lang='lat' dir='ltr'><strong>non</strong></span> <span class='ocrx_word' id='word_1_561' title='bbox 4583 1941 4756 1984; x_wconf 81' lang='lat' dir='ltr'><strong>amors</strong></span> 
     </span>
     <span class='ocr_line' id='line_1_77' title="bbox 2892 2002 4757 2088; baseline 0.001 -19"><span class='ocrx_word' id='word_1_562' title='bbox 2892 2026 3017 2088; x_wconf 92' lang='lat' dir='ltr'><strong>quo</strong></span> <span class='ocrx_word' id='word_1_563' title='bbox 3061 2003 3190 2067; x_wconf 87' lang='lat' dir='ltr'><strong>illis</strong></span> <span class='ocrx_word' id='word_1_564' title='bbox 3235 2002 3396 2068; x_wconf 92' lang='lat' dir='ltr'><strong>bene</strong></span> <span class='ocrx_word' id='word_1_565' title='bbox 3438 2004 3663 2079; x_wconf 90' lang='lat' dir='ltr'><strong>velint,</strong></span> <span class='ocrx_word' id='word_1_566' title='bbox 3721 2006 4020 2088; x_wconf 90' lang='lat' dir='ltr'><strong>quoniam</strong></span> <span class='ocrx_word' id='word_1_567' title='bbox 4067 2028 4196 2070; x_wconf 90' lang='lat' dir='ltr'><strong>non</strong></span> <span class='ocrx_word' id='word_1_568' title='bbox 4242 2017 4402 2071; x_wconf 90' lang='lat' dir='ltr'><strong>sunt</strong></span> <span class='ocrx_word' id='word_1_569' title='bbox 4446 2005 4640 2081; x_wconf 88' lang='lat' dir='ltr'><strong>liberi,</strong></span> <span class='ocrx_word' id='word_1_570' title='bbox 4675 2007 4757 2070; x_wconf 82' lang='lat' dir='ltr'><strong>sed</strong></span> 
     </span>
     <span class='ocr_line' id='line_1_78' title="bbox 2888 2087 4759 2156; baseline 0 -1"><span class='ocrx_word' id='word_1_571' title='bbox 2888 2087 3201 2155; x_wconf 66' lang='lat' dir='ltr'><strong>&#39;vitiorum</strong></span> <span class='ocrx_word' id='word_1_572' title='bbox 3287 2110 3551 2154; x_wconf 89' lang='lat' dir='ltr'><strong>suorum</strong></span> <span class='ocrx_word' id='word_1_573' title='bbox 3633 2092 3828 2155; x_wconf 90' lang='lat' dir='ltr'><strong>servi.</strong></span> <span class='ocrx_word' id='word_1_574' title='bbox 3915 2091 4261 2156; x_wconf 88' lang='lat' dir='ltr'><strong>Praeterea</strong></span> <span class='ocrx_word' id='word_1_575' title='bbox 4332 2090 4759 2156; x_wconf 87' lang='lat' dir='ltr'><strong>observandum</strong></span> 
     </span>
     <span class='ocr_line' id='line_1_79' title="bbox 2893 2173 4759 2259; baseline 0.001 -19"><span class='ocrx_word' id='word_1_576' title='bbox 2893 2196 3013 2240; x_wconf 87' lang='lat' dir='ltr'><strong>sua</strong></span> <span class='ocrx_word' id='word_1_577' title='bbox 3071 2174 3370 2256; x_wconf 90' lang='lat' dir='ltr'><strong>opinione</strong></span> <span class='ocrx_word' id='word_1_578' title='bbox 3414 2173 3678 2240; x_wconf 90' lang='lat' dir='ltr'><strong>Saulem</strong></span> <span class='ocrx_word' id='word_1_579' title='bbox 3722 2175 4056 2241; x_wconf 82' lang='lat' dir='ltr'><strong>excidisse.</strong></span> <span class='ocrx_word' id='word_1_580' title='bbox 4144 2177 4311 2241; x_wconf 90' lang='lat' dir='ltr'><strong>Nam</strong></span> <span class='ocrx_word' id='word_1_581' title='bbox 4358 2199 4560 2259; x_wconf 90' lang='lat' dir='ltr'><strong>quum</strong></span> <span class='ocrx_word' id='word_1_582' title='bbox 4604 2177 4759 2241; x_wconf 84' lang='lat' dir='ltr'><strong>Davi·</strong></span> 
     </span>
     <span class='ocr_line' id='line_1_80' title="bbox 2896 2259 4761 2344; baseline -0.001 -21"><span class='ocrx_word' id='word_1_583' title='bbox 2896 2259 3041 2324; x_wconf 90' lang='lat' dir='ltr'><strong>dem</strong></span> <span class='ocrx_word' id='word_1_584' title='bbox 3099 2259 3269 2343; x_wconf 89' lang='lat' dir='ltr'><strong>apud</strong></span> <span class='ocrx_word' id='word_1_585' title='bbox 3326 2280 3394 2323; x_wconf 90' lang='lat' dir='ltr'><strong>se</strong></span> <span class='ocrx_word' id='word_1_586' title='bbox 3450 2260 3734 2334; x_wconf 86' lang='lat' dir='ltr'><strong>retinuit,</strong></span> <span class='ocrx_word' id='word_1_587' title='bbox 3797 2280 3928 2324; x_wconf 91' lang='lat' dir='ltr'><strong>non</strong></span> <span class='ocrx_word' id='word_1_588' title='bbox 3984 2261 4170 2327; x_wconf 92' lang='lat' dir='ltr'><strong>modo</strong></span> <span class='ocrx_word' id='word_1_589' title='bbox 4230 2263 4405 2327; x_wconf 89' lang='lat' dir='ltr'><strong>viam</strong></span> <span class='ocrx_word' id='word_1_590' title='bbox 4466 2262 4761 2344; x_wconf 82' lang='lat' dir='ltr'><strong>praeclusit</strong></span> 
     </span>
     <span class='ocr_line' id='line_1_81' title="bbox 2898 2344 4761 2430; baseline -0.001 -20"><span class='ocrx_word' id='word_1_591' title='bbox 2898 2344 3195 2410; x_wconf 90' lang='lat' dir='ltr'><strong>omnibus</strong></span> <span class='ocrx_word' id='word_1_592' title='bbox 3250 2346 3386 2409; x_wconf 87' lang='lat' dir='ltr'><strong>suis</strong></span> <span class='ocrx_word' id='word_1_593' title='bbox 3444 2348 3663 2428; x_wconf 87' lang='lat' dir='ltr'><strong>pravis</strong></span> <span class='ocrx_word' id='word_1_594' title='bbox 3717 2345 4031 2411; x_wconf 89' lang='lat' dir='ltr'><strong>adversus</strong></span> <span class='ocrx_word' id='word_1_595' title='bbox 4073 2347 4289 2430; x_wconf 90' lang='lat' dir='ltr'><strong>ipsum</strong></span> <span class='ocrx_word' id='word_1_596' title='bbox 4332 2348 4637 2421; x_wconf 89' lang='lat' dir='ltr'><strong>consiliis,</strong></span> <span class='ocrx_word' id='word_1_597' title='bbox 4679 2346 4761 2409; x_wconf 85' lang='lat' dir='ltr'><strong>sed</strong></span> 
     </span>
     <span class='ocr_line' id='line_1_82' title="bbox 2899 2430 4765 2515; baseline -0.002 -19"><span class='ocrx_word' id='word_1_598' title='bbox 2899 2431 3091 2497; x_wconf 89' lang='lat' dir='ltr'><strong>etiam</strong></span> <span class='ocrx_word' id='word_1_599' title='bbox 3152 2432 3547 2495; x_wconf 91' lang='lat' dir='ltr'><strong>occasionem</strong></span> <span class='ocrx_word' id='word_1_600' title='bbox 3588 2432 3824 2515; x_wconf 92' lang='lat' dir='ltr'><strong>populo</strong></span> <span class='ocrx_word' id='word_1_601' title='bbox 3869 2430 4183 2513; x_wconf 89' lang='lat' dir='ltr'><strong>praebuit,</strong></span> <span class='ocrx_word' id='word_1_602' title='bbox 4249 2433 4425 2514; x_wconf 92' lang='lat' dir='ltr'><strong>quod</strong></span> <span class='ocrx_word' id='word_1_603' title='bbox 4471 2432 4765 2505; x_wconf 83' lang='lat' dir='ltr'><strong>metuebat,</strong></span> 
     </span>
     <span class='ocr_line' id='line_1_83' title="bbox 2900 2513 4764 2600; baseline 0 -21"><span class='ocrx_word' id='word_1_604' title='bbox 2900 2513 3234 2581; x_wconf 87' lang='lat' dir='ltr'><strong>efficiendi.</strong></span> <span class='ocrx_word' id='word_1_605' title='bbox 3322 2515 3489 2580; x_wconf 86' lang='lat' dir='ltr'><strong>Nam</strong></span> <span class='ocrx_word' id='word_1_606' title='bbox 3560 2516 3830 2600; x_wconf 86' lang='lat' dir='ltr'><strong>populus</strong></span> <span class='ocrx_word' id='word_1_607' title='bbox 3887 2515 4037 2580; x_wconf 90' lang='lat' dir='ltr'><strong>inde</strong></span> <span class='ocrx_word' id='word_1_608' title='bbox 4095 2528 4350 2599; x_wconf 89' lang='lat' dir='ltr'><strong>poterat</strong></span> <span class='ocrx_word' id='word_1_609' title='bbox 4411 2519 4764 2584; x_wconf 85' lang='lat' dir='ltr'><strong>occasionem</strong></span> 
     </span>
     <span class='ocr_line' id='line_1_84' title="bbox 2900 2600 4766 2687; baseline 0 -23"><span class='ocrx_word' id='word_1_610' title='bbox 2900 2602 3184 2683; x_wconf 90' lang='lat' dir='ltr'><strong>arripere</strong></span> <span class='ocrx_word' id='word_1_611' title='bbox 3228 2601 3405 2683; x_wconf 89' lang='lat' dir='ltr'><strong>regia</strong></span> <span class='ocrx_word' id='word_1_612' title='bbox 3447 2600 3763 2684; x_wconf 87' lang='lat' dir='ltr'><strong>dignitate</strong></span> <span class='ocrx_word' id='word_1_613' title='bbox 3804 2601 4015 2683; x_wconf 88' lang='lat' dir='ltr'><strong>ipsum</strong></span> <span class='ocrx_word' id='word_1_614' title='bbox 4054 2601 4387 2687; x_wconf 89' lang='lat' dir='ltr'><strong>spoliandi,</strong></span> <span class='ocrx_word' id='word_1_615' title='bbox 4438 2615 4504 2668; x_wconf 88' lang='lat' dir='ltr'><strong>et</strong></span> <span class='ocrx_word' id='word_1_616' title='bbox 4536 2602 4766 2667; x_wconf 85' lang='lat' dir='ltr'><strong>ludibrio</strong></span> 
     </span>
     <span class='ocr_line' id='line_1_85' title="bbox 2901 2685 4767 2772; baseline 0.001 -22"><span class='ocrx_word' id='word_1_617' title='bbox 2901 2685 3200 2765; x_wconf 89' lang='lat' dir='ltr'><strong>habendi,</strong></span> <span class='ocrx_word' id='word_1_618' title='bbox 3255 2685 3422 2768; x_wconf 92' lang='lat' dir='ltr'><strong>quod</strong></span> <span class='ocrx_word' id='word_1_619' title='bbox 3481 2686 3650 2752; x_wconf 89' lang='lat' dir='ltr'><strong>malo</strong></span> <span class='ocrx_word' id='word_1_620' title='bbox 3692 2687 3922 2768; x_wconf 86' lang='lat' dir='ltr'><strong>spiritu</strong></span> <span class='ocrx_word' id='word_1_621' title='bbox 3963 2688 4215 2771; x_wconf 76' lang='lat' dir='ltr'><strong>vexari,</strong></span> <span class='ocrx_word' id='word_1_622' title='bbox 4272 2704 4339 2752; x_wconf 87' lang='lat' dir='ltr'><strong>et</strong></span> <span class='ocrx_word' id='word_1_623' title='bbox 4385 2688 4767 2772; x_wconf 78' lang='lat' dir='ltr'><strong>ignominiose</strong></span> 
     </span>
     <span class='ocr_line' id='line_1_86' title="bbox 2902 2770 4767 2857; baseline 0.001 -19"><span class='ocrx_word' id='word_1_624' title='bbox 2902 2773 3104 2838; x_wconf 85' lang='lat' dir='ltr'><strong>vitam</strong></span> <span class='ocrx_word' id='word_1_625' title='bbox 3147 2791 3339 2854; x_wconf 88' lang='lat' dir='ltr'><strong>agere</strong></span> <span class='ocrx_word' id='word_1_626' title='bbox 3384 2770 3647 2837; x_wconf 88' lang='lat' dir='ltr'><strong>videret.</strong></span> <span class='ocrx_word' id='word_1_627' title='bbox 3736 2771 3972 2852; x_wconf 90' lang='lat' dir='ltr'><strong>Nosne,</strong></span> <span class='ocrx_word' id='word_1_628' title='bbox 4032 2783 4333 2857; x_wconf 87' lang='lat' dir='ltr'><strong>poterant</strong></span> <span class='ocrx_word' id='word_1_629' title='bbox 4378 2774 4609 2853; x_wconf 83' lang='lat' dir='ltr'><strong>dicere,</strong></span> <span class='ocrx_word' id='word_1_630' title='bbox 4664 2774 4767 2854; x_wconf 78' lang='lat' dir='ltr'><strong>regi</strong></span> 
     </span>
     <span class='ocr_line' id='line_1_87' title="bbox 2900 2856 4768 2924; baseline -0.001 -3"><span class='ocrx_word' id='word_1_631' title='bbox 2900 2858 3126 2921; x_wconf 88' lang='lat' dir='ltr'><strong>insano</strong></span> <span class='ocrx_word' id='word_1_632' title='bbox 3158 2868 3223 2920; x_wconf 91' lang='lat' dir='ltr'><strong>et</strong></span> <span class='ocrx_word' id='word_1_633' title='bbox 3257 2857 3494 2921; x_wconf 88' lang='lat' dir='ltr'><strong>furioso</strong></span> <span class='ocrx_word' id='word_1_634' title='bbox 3531 2856 3930 2922; x_wconf 82' lang='lat' dir='ltr'><strong>servituros?</strong></span> <span class='ocrx_word' id='word_1_635' title='bbox 3968 2857 4123 2922; x_wconf 90' lang='lat' dir='ltr'><strong>Istis</strong></span> <span class='ocrx_word' id='word_1_636' title='bbox 4159 2870 4228 2923; x_wconf 91' lang='lat' dir='ltr'><strong>et</strong></span> <span class='ocrx_word' id='word_1_637' title='bbox 4261 2859 4588 2924; x_wconf 88' lang='lat' dir='ltr'><strong>similibus</strong></span> <span class='ocrx_word' id='word_1_638' title='bbox 4618 2858 4768 2922; x_wconf 85' lang='lat' dir='ltr'><strong>ratio-</strong></span> 
     </span>
     <span class='ocr_line' id='line_1_88' title="bbox 2903 2940 4769 3025; baseline 0 -20"><span class='ocrx_word' id='word_1_639' title='bbox 2903 2941 3090 3006; x_wconf 87' lang='lat' dir='ltr'><strong>nibus</strong></span> <span class='ocrx_word' id='word_1_640' title='bbox 3155 2940 3384 3006; x_wconf 89' lang='lat' dir='ltr'><strong>adduci</strong></span> <span class='ocrx_word' id='word_1_641' title='bbox 3438 2952 3690 3024; x_wconf 90' lang='lat' dir='ltr'><strong>poterat</strong></span> <span class='ocrx_word' id='word_1_642' title='bbox 3749 2942 4023 3025; x_wconf 90' lang='lat' dir='ltr'><strong>populus</strong></span> <span class='ocrx_word' id='word_1_643' title='bbox 4067 2943 4147 3008; x_wconf 90' lang='lat' dir='ltr'><strong>ad</strong></span> <span class='ocrx_word' id='word_1_644' title='bbox 4195 2942 4470 3010; x_wconf 90' lang='lat' dir='ltr'><strong>Saulem</strong></span> <span class='ocrx_word' id='word_1_645' title='bbox 4515 2956 4769 3009; x_wconf 82' lang='lat' dir='ltr'><strong>exaucto·</strong></span> 
     </span>
     <span class='ocr_line' id='line_1_89' title="bbox 2903 3027 4769 3103; baseline 0.001 -13"><span class='ocrx_word' id='word_1_646' title='bbox 2903 3027 3195 3103; x_wconf 89' lang='lat' dir='ltr'><strong>randum,</strong></span> <span class='ocrx_word' id='word_1_647' title='bbox 3284 3034 3351 3090; x_wconf 88' lang='lat' dir='ltr'><strong>et</strong></span> <span class='ocrx_word' id='word_1_648' title='bbox 3429 3028 3499 3090; x_wconf 92' lang='lat' dir='ltr'><strong>in</strong></span> <span class='ocrx_word' id='word_1_649' title='bbox 3588 3028 3885 3092; x_wconf 88' lang='lat' dir='ltr'><strong>ultimum</strong></span> <span class='ocrx_word' id='word_1_650' title='bbox 3962 3030 4235 3093; x_wconf 82' lang='lat' dir='ltr'><strong>exitium</strong></span> <span class='ocrx_word' id='word_1_651' title='bbox 4314 3029 4769 3095; x_wconf 86' lang='lat' dir='ltr'><strong>deturbandum.</strong></span> 
     </span>
     <span class='ocr_line' id='line_1_90' title="bbox 2904 3113 4770 3195; baseline -0.001 -18"><span class='ocrx_word' id='word_1_652' title='bbox 2904 3113 3098 3177; x_wconf 85' lang='lat' dir='ltr'><strong>Multi</strong></span> <span class='ocrx_word' id='word_1_653' title='bbox 3168 3122 3465 3193; x_wconf 89' lang='lat' dir='ltr'><strong>poterant</strong></span> <span class='ocrx_word' id='word_1_654' title='bbox 3529 3134 3613 3176; x_wconf 84' lang='lat' dir='ltr'><strong>ex</strong></span> <span class='ocrx_word' id='word_1_655' title='bbox 3671 3114 3853 3195; x_wconf 90' lang='lat' dir='ltr'><strong>plebe</strong></span> <span class='ocrx_word' id='word_1_656' title='bbox 3907 3115 4103 3179; x_wconf 90' lang='lat' dir='ltr'><strong>rebus</strong></span> <span class='ocrx_word' id='word_1_657' title='bbox 4162 3115 4346 3181; x_wconf 88' lang='lat' dir='ltr'><strong>novis</strong></span> <span class='ocrx_word' id='word_1_658' title='bbox 4406 3116 4675 3190; x_wconf 86' lang='lat' dir='ltr'><strong>studere,</strong></span> <span class='ocrx_word' id='word_1_659' title='bbox 4725 3126 4770 3175; x_wconf 89' lang='lat' dir='ltr'><strong>et</strong></span> 
     </span>
     <span class='ocr_line' id='line_1_91' title="bbox 2904 3195 4771 3284; baseline 0.002 -24"><span class='ocrx_word' id='word_1_660' title='bbox 2904 3196 3088 3281; x_wconf 90' lang='lat' dir='ltr'><strong>pulso</strong></span> <span class='ocrx_word' id='word_1_661' title='bbox 3133 3196 3334 3261; x_wconf 86' lang='lat' dir='ltr'><strong>Saule</strong></span> <span class='ocrx_word' id='word_1_662' title='bbox 3377 3195 3701 3262; x_wconf 88' lang='lat' dir='ltr'><strong>Davidem</strong></span> <span class='ocrx_word' id='word_1_663' title='bbox 3745 3198 3840 3261; x_wconf 89' lang='lat' dir='ltr'><strong>illi</strong></span> <span class='ocrx_word' id='word_1_664' title='bbox 3883 3199 4295 3277; x_wconf 87' lang='lat' dir='ltr'><strong>substituere,</strong></span> <span class='ocrx_word' id='word_1_665' title='bbox 4341 3202 4459 3283; x_wconf 88' lang='lat' dir='ltr'><strong>qni</strong></span> <span class='ocrx_word' id='word_1_666' title='bbox 4505 3200 4663 3284; x_wconf 90' lang='lat' dir='ltr'><strong>apud</strong></span> <span class='ocrx_word' id='word_1_667' title='bbox 4692 3218 4771 3282; x_wconf 84' lang='lat' dir='ltr'><strong>po-</strong></span> 
     </span>
     <span class='ocr_line' id='line_1_92' title="bbox 2907 3282 4771 3370; baseline -0.001 -23"><span class='ocrx_word' id='word_1_668' title='bbox 2907 3283 3128 3365; x_wconf 86' lang='lat' dir='ltr'><strong>pulum</strong></span> <span class='ocrx_word' id='word_1_669' title='bbox 3193 3283 3329 3346; x_wconf 83' lang='lat' dir='ltr'><strong>suis</strong></span> <span class='ocrx_word' id='word_1_670' title='bbox 3394 3282 3740 3349; x_wconf 87' lang='lat' dir='ltr'><strong>virtutibus</strong></span> <span class='ocrx_word' id='word_1_671' title='bbox 3798 3292 3863 3347; x_wconf 91' lang='lat' dir='ltr'><strong>et</strong></span> <span class='ocrx_word' id='word_1_672' title='bbox 3907 3284 4165 3367; x_wconf 88' lang='lat' dir='ltr'><strong>egregie</strong></span> <span class='ocrx_word' id='word_1_673' title='bbox 4211 3285 4396 3351; x_wconf 85' lang='lat' dir='ltr'><strong>factis</strong></span> <span class='ocrx_word' id='word_1_674' title='bbox 4440 3288 4697 3370; x_wconf 88' lang='lat' dir='ltr'><strong>gratiam</strong></span> <span class='ocrx_word' id='word_1_675' title='bbox 4728 3298 4771 3346; x_wconf 79' lang='lat' dir='ltr'><strong>et</strong></span> 
     </span>
     <span class='ocr_line' id='line_1_93' title="bbox 2906 3367 4771 3451; baseline -0.001 -19"><span class='ocrx_word' id='word_1_676' title='bbox 2906 3368 3316 3432; x_wconf 89' lang='lat' dir='ltr'><strong>autoritatem</strong></span> <span class='ocrx_word' id='word_1_677' title='bbox 3360 3367 3748 3449; x_wconf 87' lang='lat' dir='ltr'><strong>acquirebat.</strong></span> <span class='ocrx_word' id='word_1_678' title='bbox 3836 3368 3995 3434; x_wconf 85' lang='lat' dir='ltr'><strong>Saul</strong></span> <span class='ocrx_word' id='word_1_679' title='bbox 4041 3380 4257 3434; x_wconf 90' lang='lat' dir='ltr'><strong>autem</strong></span> <span class='ocrx_word' id='word_1_680' title='bbox 4301 3370 4496 3436; x_wconf 89' lang='lat' dir='ltr'><strong>illum</strong></span> <span class='ocrx_word' id='word_1_681' title='bbox 4541 3369 4691 3451; x_wconf 87' lang='lat' dir='ltr'><strong>apud</strong></span> <span class='ocrx_word' id='word_1_682' title='bbox 4723 3387 4771 3430; x_wconf 81' lang='lat' dir='ltr'><strong>se</strong></span> 
     </span>
     <span class='ocr_line' id='line_1_94' title="bbox 2904 3454 4770 3539; baseline 0.001 -22"><span class='ocrx_word' id='word_1_683' title='bbox 2904 3455 3159 3535; x_wconf 89' lang='lat' dir='ltr'><strong>retinet,</strong></span> <span class='ocrx_word' id='word_1_684' title='bbox 3205 3466 3275 3516; x_wconf 91' lang='lat' dir='ltr'><strong>ut</strong></span> <span class='ocrx_word' id='word_1_685' title='bbox 3320 3464 3620 3534; x_wconf 89' lang='lat' dir='ltr'><strong>tanquam</strong></span> <span class='ocrx_word' id='word_1_686' title='bbox 3666 3454 3987 3537; x_wconf 87' lang='lat' dir='ltr'><strong>mancipio</strong></span> <span class='ocrx_word' id='word_1_687' title='bbox 4030 3466 4273 3539; x_wconf 87' lang='lat' dir='ltr'><strong>utatur,</strong></span> <span class='ocrx_word' id='word_1_688' title='bbox 4318 3469 4389 3521; x_wconf 89' lang='lat' dir='ltr'><strong>et</strong></span> <span class='ocrx_word' id='word_1_689' title='bbox 4434 3457 4576 3522; x_wconf 88' lang='lat' dir='ltr'><strong>eius</strong></span> <span class='ocrx_word' id='word_1_690' title='bbox 4610 3456 4770 3519; x_wconf 78' lang='lat' dir='ltr'><strong>virtu·</strong></span> 
     </span>
     <span class='ocr_line' id='line_1_95' title="bbox 2904 3536 4770 3623; baseline -0.002 -21"><span class='ocrx_word' id='word_1_691' title='bbox 2904 3546 3033 3604; x_wconf 89' lang='lat' dir='ltr'><strong>tem</strong></span> <span class='ocrx_word' id='word_1_692' title='bbox 3107 3536 3576 3620; x_wconf 89' lang='lat' dir='ltr'><strong>quodammodo</strong></span> <span class='ocrx_word' id='word_1_693' title='bbox 3645 3540 3939 3621; x_wconf 90' lang='lat' dir='ltr'><strong>sepeliat:</strong></span> <span class='ocrx_word' id='word_1_694' title='bbox 4016 3539 4128 3604; x_wconf 89' lang='lat' dir='ltr'><strong>sed</strong></span> <span class='ocrx_word' id='word_1_695' title='bbox 4188 3541 4502 3623; x_wconf 88' lang='lat' dir='ltr'><strong>opinione</strong></span> <span class='ocrx_word' id='word_1_696' title='bbox 4558 3541 4770 3605; x_wconf 85' lang='lat' dir='ltr'><strong>fallitur.</strong></span> 
     </span>
     <span class='ocr_line' id='line_1_96' title="bbox 2904 3620 4770 3708; baseline -0.001 -20"><span class='ocrx_word' id='word_1_697' title='bbox 2904 3624 3074 3689; x_wconf 90' lang='lat' dir='ltr'><strong>Nam</strong></span> <span class='ocrx_word' id='word_1_698' title='bbox 3124 3624 3242 3687; x_wconf 93' lang='lat' dir='ltr'><strong>Dei</strong></span> <span class='ocrx_word' id='word_1_699' title='bbox 3287 3620 3613 3688; x_wconf 89' lang='lat' dir='ltr'><strong>decretum</strong></span> <span class='ocrx_word' id='word_1_700' title='bbox 3648 3624 4069 3690; x_wconf 85' lang='lat' dir='ltr'><strong>irrevocabile</strong></span> <span class='ocrx_word' id='word_1_701' title='bbox 4101 3647 4293 3691; x_wconf 91' lang='lat' dir='ltr'><strong>suum</strong></span> <span class='ocrx_word' id='word_1_702' title='bbox 4332 3628 4634 3692; x_wconf 88' lang='lat' dir='ltr'><strong>effectum</strong></span> <span class='ocrx_word' id='word_1_703' title='bbox 4666 3644 4770 3708; x_wconf 87' lang='lat' dir='ltr'><strong>pro·</strong></span> 
     </span>
     <span class='ocr_line' id='line_1_97' title="bbox 2905 3708 4772 3789; baseline 0 -16"><span class='ocrx_word' id='word_1_704' title='bbox 2905 3708 3101 3774; x_wconf 89' lang='lat' dir='ltr'><strong>ducat</strong></span> <span class='ocrx_word' id='word_1_705' title='bbox 3166 3728 3426 3773; x_wconf 89' lang='lat' dir='ltr'><strong>necesse</strong></span> <span class='ocrx_word' id='word_1_706' title='bbox 3470 3720 3585 3772; x_wconf 89' lang='lat' dir='ltr'><strong>est.</strong></span> <span class='ocrx_word' id='word_1_707' title='bbox 3674 3708 4115 3789; x_wconf 78' lang='lat' dir='ltr'><strong>Quamobrem</strong></span> <span class='ocrx_word' id='word_1_708' title='bbox 4159 3713 4397 3778; x_wconf 89' lang='lat' dir='ltr'><strong>animis</strong></span> <span class='ocrx_word' id='word_1_709' title='bbox 4448 3712 4674 3777; x_wconf 88' lang='lat' dir='ltr'><strong>nostris</strong></span> <span class='ocrx_word' id='word_1_710' title='bbox 4707 3708 4772 3772; x_wconf 85' lang='lat' dir='ltr'><strong>sl·</strong></span> 
     </span>
     <span class='ocr_line' id='line_1_98' title="bbox 2906 3794 4772 3880; baseline 0.001 -23"><span class='ocrx_word' id='word_1_711' title='bbox 2906 3796 3032 3857; x_wconf 89' lang='lat' dir='ltr'><strong>tius</strong></span> <span class='ocrx_word' id='word_1_712' title='bbox 3074 3794 3420 3875; x_wconf 85' lang='lat' dir='ltr'><strong>infigamus</strong></span> <span class='ocrx_word' id='word_1_713' title='bbox 3456 3814 3596 3856; x_wconf 91' lang='lat' dir='ltr'><strong>eam</strong></span> <span class='ocrx_word' id='word_1_714' title='bbox 3633 3797 4040 3869; x_wconf 86' lang='lat' dir='ltr'><strong>sententiam,</strong></span> <span class='ocrx_word' id='word_1_715' title='bbox 4085 3817 4250 3880; x_wconf 90' lang='lat' dir='ltr'><strong>quae</strong></span> <span class='ocrx_word' id='word_1_716' title='bbox 4286 3800 4353 3861; x_wconf 92' lang='lat' dir='ltr'><strong>in</strong></span> <span class='ocrx_word' id='word_1_717' title='bbox 4394 3798 4596 3863; x_wconf 83' lang='lat' dir='ltr'><strong>sacris</strong></span> <span class='ocrx_word' id='word_1_718' title='bbox 4627 3814 4772 3876; x_wconf 78' lang='lat' dir='ltr'><strong>saepe</strong></span> 
     </span>
     <span class='ocr_line' id='line_1_99' title="bbox 2905 3878 4769 3965; baseline -0.001 -20"><span class='ocrx_word' id='word_1_719' title='bbox 2905 3880 3216 3945; x_wconf 88' lang='lat' dir='ltr'><strong>occurrit:</strong></span> <span class='ocrx_word' id='word_1_720' title='bbox 3262 3878 3458 3943; x_wconf 88' lang='lat' dir='ltr'><strong>Nulla</strong></span> <span class='ocrx_word' id='word_1_721' title='bbox 3502 3878 3791 3944; x_wconf 88' lang='lat' dir='ltr'><strong>humana</strong></span> <span class='ocrx_word' id='word_1_722' title='bbox 3834 3881 4123 3959; x_wconf 90' lang='lat' dir='ltr'><strong>consilia,</strong></span> <span class='ocrx_word' id='word_1_723' title='bbox 4166 3902 4380 3965; x_wconf 88' lang='lat' dir='ltr'><strong>neque</strong></span> <span class='ocrx_word' id='word_1_724' title='bbox 4422 3882 4591 3948; x_wconf 89' lang='lat' dir='ltr'><strong>ullos</strong></span> <span class='ocrx_word' id='word_1_725' title='bbox 4622 3901 4769 3947; x_wconf 82' lang='lat' dir='ltr'><strong>cona·</strong></span> 
     </span>
     <span class='ocr_line' id='line_1_100' title="bbox 2906 3964 4770 4051; baseline -0.001 -23"><span class='ocrx_word' id='word_1_726' title='bbox 2906 3972 3013 4029; x_wconf 90' lang='lat' dir='ltr'><strong>tus</strong></span> <span class='ocrx_word' id='word_1_727' title='bbox 3048 3984 3236 4045; x_wconf 89' lang='lat' dir='ltr'><strong>posse</strong></span> <span class='ocrx_word' id='word_1_728' title='bbox 3270 3964 3412 4028; x_wconf 92' lang='lat' dir='ltr'><strong>Deo</strong></span> <span class='ocrx_word' id='word_1_729' title='bbox 3448 3965 3773 4030; x_wconf 87' lang='lat' dir='ltr'><strong>resistere:</strong></span> <span class='ocrx_word' id='word_1_730' title='bbox 3818 3965 3885 4028; x_wconf 89' lang='lat' dir='ltr'><strong>id</strong></span> <span class='ocrx_word' id='word_1_731' title='bbox 3922 3978 4037 4042; x_wconf 91' lang='lat' dir='ltr'><strong>est,</strong></span> <span class='ocrx_word' id='word_1_732' title='bbox 4084 3987 4268 4050; x_wconf 89' lang='lat' dir='ltr'><strong>posse</strong></span> <span class='ocrx_word' id='word_1_733' title='bbox 4302 3968 4618 4051; x_wconf 87' lang='lat' dir='ltr'><strong>impedire</strong></span> <span class='ocrx_word' id='word_1_734' title='bbox 4649 3983 4770 4048; x_wconf 76' lang='lat' dir='ltr'><strong>quan</strong></span> 
     </span>
     <span class='ocr_line' id='line_1_101' title="bbox 2908 4048 4771 4132; baseline 0.001 -18"><span class='ocrx_word' id='word_1_735' title='bbox 2908 4049 3077 4132; x_wconf 89' lang='lat' dir='ltr'><strong>apud</strong></span> <span class='ocrx_word' id='word_1_736' title='bbox 3115 4070 3183 4113; x_wconf 90' lang='lat' dir='ltr'><strong>se</strong></span> <span class='ocrx_word' id='word_1_737' title='bbox 3220 4048 3520 4115; x_wconf 86' lang='lat' dir='ltr'><strong>decrevit.</strong></span> <span class='ocrx_word' id='word_1_738' title='bbox 3609 4050 3683 4114; x_wconf 87' lang='lat' dir='ltr'><strong>Si</strong></span> <span class='ocrx_word' id='word_1_739' title='bbox 3726 4049 3910 4115; x_wconf 89' lang='lat' dir='ltr'><strong>Sauli</strong></span> <span class='ocrx_word' id='word_1_740' title='bbox 3935 4051 4063 4116; x_wconf 89' lang='lat' dir='ltr'><strong>Dei</strong></span> <span class='ocrx_word' id='word_1_741' title='bbox 4086 4054 4419 4117; x_wconf 89' lang='lat' dir='ltr'><strong>sententia</strong></span> <span class='ocrx_word' id='word_1_742' title='bbox 4442 4076 4572 4118; x_wconf 90' lang='lat' dir='ltr'><strong>non</strong></span> <span class='ocrx_word' id='word_1_743' title='bbox 4594 4052 4771 4118; x_wconf 77' lang='lat' dir='ltr'><strong>fuisset</strong></span> 
     </span>
     <span class='ocr_line' id='line_1_102' title="bbox 2908 4133 4771 4222; baseline -0.001 -24"><span class='ocrx_word' id='word_1_744' title='bbox 2908 4135 3216 4217; x_wconf 90' lang='lat' dir='ltr'><strong>abrogata</strong></span> <span class='ocrx_word' id='word_1_745' title='bbox 3259 4133 3437 4217; x_wconf 90' lang='lat' dir='ltr'><strong>regia</strong></span> <span class='ocrx_word' id='word_1_746' title='bbox 3474 4135 3781 4218; x_wconf 86' lang='lat' dir='ltr'><strong>dignitas,</strong></span> <span class='ocrx_word' id='word_1_747' title='bbox 3841 4147 3906 4199; x_wconf 88' lang='lat' dir='ltr'><strong>et</strong></span> <span class='ocrx_word' id='word_1_748' title='bbox 3951 4138 4006 4200; x_wconf 90' lang='lat' dir='ltr'><strong>si</strong></span> <span class='ocrx_word' id='word_1_749' title='bbox 4050 4159 4178 4202; x_wconf 90' lang='lat' dir='ltr'><strong>non</strong></span> <span class='ocrx_word' id='word_1_750' title='bbox 4223 4140 4580 4222; x_wconf 86' lang='lat' dir='ltr'><strong>accepisset</strong></span> <span class='ocrx_word' id='word_1_751' title='bbox 4618 4160 4654 4201; x_wconf 87' lang='lat' dir='ltr'><strong>a</strong></span> <span class='ocrx_word' id='word_1_752' title='bbox 4687 4135 4771 4200; x_wconf 83' lang='lat' dir='ltr'><strong>Ss-</strong></span> 
     </span>
     <span class='ocr_line' id='line_1_103' title="bbox 2908 4218 4771 4307; baseline 0.001 -24"><span class='ocrx_word' id='word_1_753' title='bbox 2908 4221 3118 4284; x_wconf 90' lang='lat' dir='ltr'><strong>muele</strong></span> <span class='ocrx_word' id='word_1_754' title='bbox 3153 4218 3465 4302; x_wconf 87' lang='lat' dir='ltr'><strong>propheta</strong></span> <span class='ocrx_word' id='word_1_755' title='bbox 3500 4219 3736 4285; x_wconf 87' lang='lat' dir='ltr'><strong>decreti</strong></span> <span class='ocrx_word' id='word_1_756' title='bbox 3779 4220 3984 4285; x_wconf 89' lang='lat' dir='ltr'><strong>divini</strong></span> <span class='ocrx_word' id='word_1_757' title='bbox 4010 4221 4537 4304; x_wconf 84' lang='lat' dir='ltr'><strong>declarationem,</strong></span> <span class='ocrx_word' id='word_1_758' title='bbox 4572 4234 4771 4307; x_wconf 79' lang='lat' dir='ltr'><strong>poterat</strong></span> 
     </span>
     <span class='ocr_line' id='line_1_104' title="bbox 2909 4302 4769 4389; baseline -0.001 -20"><span class='ocrx_word' id='word_1_759' title='bbox 2909 4305 3195 4369; x_wconf 88' lang='lat' dir='ltr'><strong>humana</strong></span> <span class='ocrx_word' id='word_1_760' title='bbox 3251 4303 3524 4386; x_wconf 91' lang='lat' dir='ltr'><strong>quadam</strong></span> <span class='ocrx_word' id='word_1_761' title='bbox 3581 4305 3921 4388; x_wconf 89' lang='lat' dir='ltr'><strong>prudentia</strong></span> <span class='ocrx_word' id='word_1_762' title='bbox 3964 4307 4283 4374; x_wconf 88' lang='lat' dir='ltr'><strong>Davidem</strong></span> <span class='ocrx_word' id='word_1_763' title='bbox 4329 4311 4573 4389; x_wconf 81' lang='lat' dir='ltr'><strong>fovere,</strong></span> <span class='ocrx_word' id='word_1_764' title='bbox 4624 4318 4682 4372; x_wconf 87' lang='lat' dir='ltr'><strong>et</strong></span> <span class='ocrx_word' id='word_1_765' title='bbox 4712 4302 4769 4368; x_wconf 78' lang='lat' dir='ltr'><strong>ad</strong></span> 
     </span>
     <span class='ocr_line' id='line_1_105' title="bbox 2910 4388 4769 4479; baseline 0.002 -25"><span class='ocrx_word' id='word_1_766' title='bbox 2910 4390 3155 4472; x_wconf 89' lang='lat' dir='ltr'><strong>aliquos</strong></span> <span class='ocrx_word' id='word_1_767' title='bbox 3205 4388 3480 4455; x_wconf 92' lang='lat' dir='ltr'><strong>honores</strong></span> <span class='ocrx_word' id='word_1_768' title='bbox 3536 4411 3934 4475; x_wconf 88' lang='lat' dir='ltr'><strong>promovere,</strong></span> <span class='ocrx_word' id='word_1_769' title='bbox 3991 4415 4116 4475; x_wconf 92' lang='lat' dir='ltr'><strong>quo</strong></span> <span class='ocrx_word' id='word_1_770' title='bbox 4158 4393 4326 4460; x_wconf 85' lang='lat' dir='ltr'><strong>facto</strong></span> <span class='ocrx_word' id='word_1_771' title='bbox 4369 4395 4500 4461; x_wconf 89' lang='lat' dir='ltr'><strong>sibi</strong></span> <span class='ocrx_word' id='word_1_772' title='bbox 4542 4393 4769 4479; x_wconf 82' lang='lat' dir='ltr'><strong>gratiam</strong></span> 
     </span>
     <span class='ocr_line' id='line_1_106' title="bbox 2910 4474 4767 4563; baseline 0.001 -24"><span class='ocrx_word' id='word_1_773' title='bbox 2910 4475 3078 4559; x_wconf 88' lang='lat' dir='ltr'><strong>apud</strong></span> <span class='ocrx_word' id='word_1_774' title='bbox 3124 4474 3429 4558; x_wconf 90' lang='lat' dir='ltr'><strong>populum</strong></span> <span class='ocrx_word' id='word_1_775' title='bbox 3474 4476 3890 4556; x_wconf 89' lang='lat' dir='ltr'><strong>conciliasset,</strong></span> <span class='ocrx_word' id='word_1_776' title='bbox 3959 4489 4030 4542; x_wconf 89' lang='lat' dir='ltr'><strong>ut</strong></span> <span class='ocrx_word' id='word_1_777' title='bbox 4070 4482 4179 4562; x_wconf 92' lang='lat' dir='ltr'><strong>qui</strong></span> <span class='ocrx_word' id='word_1_778' title='bbox 4221 4492 4488 4563; x_wconf 87' lang='lat' dir='ltr'><strong>gratum</strong></span> <span class='ocrx_word' id='word_1_779' title='bbox 4532 4480 4767 4545; x_wconf 87' lang='lat' dir='ltr'><strong>animum</strong></span> 
     </span>
     <span class='ocr_line' id='line_1_107' title="bbox 2908 4560 4765 4648; baseline 0.002 -23"><span class='ocrx_word' id='word_1_780' title='bbox 2908 4563 2968 4625; x_wconf 90' lang='lat' dir='ltr'><strong>ei</strong></span> <span class='ocrx_word' id='word_1_781' title='bbox 3030 4560 3384 4639; x_wconf 83' lang='lat' dir='ltr'><strong>exhiberet,</strong></span> <span class='ocrx_word' id='word_1_782' title='bbox 3449 4562 3630 4627; x_wconf 91' lang='lat' dir='ltr'><strong>cuius</strong></span> <span class='ocrx_word' id='word_1_783' title='bbox 3693 4563 3936 4629; x_wconf 84' lang='lat' dir='ltr'><strong>auxilio</strong></span> <span class='ocrx_word' id='word_1_784' title='bbox 4002 4564 4273 4629; x_wconf 88' lang='lat' dir='ltr'><strong>victoria</strong></span> <span class='ocrx_word' id='word_1_785' title='bbox 4335 4578 4529 4648; x_wconf 82' lang='lat' dir='ltr'><strong>parta</strong></span> <span class='ocrx_word' id='word_1_786' title='bbox 4590 4568 4765 4631; x_wconf 78' lang='lat' dir='ltr'><strong>fuerat.</strong></span> 
     </span>
     <span class='ocr_line' id='line_1_108' title="bbox 2912 4645 4765 4735; baseline 0.001 -22"><span class='ocrx_word' id='word_1_787' title='bbox 2912 4645 3042 4713; x_wconf 90' lang='lat' dir='ltr'><strong>Sed</strong></span> <span class='ocrx_word' id='word_1_788' title='bbox 3085 4666 3282 4728; x_wconf 88' lang='lat' dir='ltr'><strong>quum</strong></span> <span class='ocrx_word' id='word_1_789' title='bbox 3330 4646 3498 4730; x_wconf 91' lang='lat' dir='ltr'><strong>apud</strong></span> <span class='ocrx_word' id='word_1_790' title='bbox 3544 4669 3611 4711; x_wconf 90' lang='lat' dir='ltr'><strong>se</strong></span> <span class='ocrx_word' id='word_1_791' title='bbox 3655 4668 3917 4713; x_wconf 87' lang='lat' dir='ltr'><strong>manere</strong></span> <span class='ocrx_word' id='word_1_792' title='bbox 3959 4648 4152 4728; x_wconf 92' lang='lat' dir='ltr'><strong>iubet,</strong></span> <span class='ocrx_word' id='word_1_793' title='bbox 4194 4650 4288 4717; x_wconf 87' lang='lat' dir='ltr'><strong>sic</strong></span> <span class='ocrx_word' id='word_1_794' title='bbox 4330 4660 4409 4716; x_wconf 89' lang='lat' dir='ltr'><strong>ut</strong></span> <span class='ocrx_word' id='word_1_795' title='bbox 4447 4674 4527 4717; x_wconf 91' lang='lat' dir='ltr'><strong>ne</strong></span> <span class='ocrx_word' id='word_1_796' title='bbox 4560 4649 4765 4735; x_wconf 70' lang='lat' dir='ltr'><strong>prodire</strong></span> 
     </span>
     <span class='ocr_line' id='line_1_109' title="bbox 2907 4731 4764 4821; baseline 0.001 -24"><span class='ocrx_word' id='word_1_797' title='bbox 2907 4731 3167 4815; x_wconf 91' lang='lat' dir='ltr'><strong>quidem</strong></span> <span class='ocrx_word' id='word_1_798' title='bbox 3211 4733 3352 4796; x_wconf 87' lang='lat' dir='ltr'><strong>sine</strong></span> <span class='ocrx_word' id='word_1_799' title='bbox 3393 4732 3694 4797; x_wconf 88' lang='lat' dir='ltr'><strong>mandato</strong></span> <span class='ocrx_word' id='word_1_800' title='bbox 3740 4735 3962 4817; x_wconf 90' lang='lat' dir='ltr'><strong>possit,</strong></span> <span class='ocrx_word' id='word_1_801' title='bbox 4024 4747 4090 4799; x_wconf 91' lang='lat' dir='ltr'><strong>et</strong></span> <span class='ocrx_word' id='word_1_802' title='bbox 4134 4746 4445 4818; x_wconf 86' lang='lat' dir='ltr'><strong>tanquam</strong></span> <span class='ocrx_word' id='word_1_803' title='bbox 4490 4736 4764 4821; x_wconf 78' lang='lat' dir='ltr'><strong>captivum</strong></span> 
     </span>
     <span class='ocr_line' id='line_1_110' title="bbox 2907 4818 4764 4905; baseline -0.002 -20"><span class='ocrx_word' id='word_1_804' title='bbox 2907 4818 3162 4898; x_wconf 90' lang='lat' dir='ltr'><strong>retinet,</strong></span> <span class='ocrx_word' id='word_1_805' title='bbox 3204 4818 3328 4883; x_wconf 90' lang='lat' dir='ltr'><strong>etsi</strong></span> <span class='ocrx_word' id='word_1_806' title='bbox 3364 4838 3553 4882; x_wconf 91' lang='lat' dir='ltr'><strong>suum</strong></span> <span class='ocrx_word' id='word_1_807' title='bbox 3588 4819 3925 4884; x_wconf 89' lang='lat' dir='ltr'><strong>consilium</strong></span> <span class='ocrx_word' id='word_1_808' title='bbox 3964 4841 4095 4886; x_wconf 89' lang='lat' dir='ltr'><strong>non</strong></span> <span class='ocrx_word' id='word_1_809' title='bbox 4132 4823 4363 4905; x_wconf 91' lang='lat' dir='ltr'><strong>prodit,</strong></span> <span class='ocrx_word' id='word_1_810' title='bbox 4408 4824 4566 4888; x_wconf 89' lang='lat' dir='ltr'><strong>satis</strong></span> <span class='ocrx_word' id='word_1_811' title='bbox 4599 4837 4764 4886; x_wconf 80' lang='lat' dir='ltr'><strong>tamen</strong></span> 
     </span>
     <span class='ocr_line' id='line_1_111' title="bbox 2909 4904 4764 4987; baseline -0.001 -17"><span class='ocrx_word' id='word_1_812' title='bbox 2909 4912 3175 4987; x_wconf 87' lang='lat' dir='ltr'><strong>apparet</strong></span> <span class='ocrx_word' id='word_1_813' title='bbox 3217 4923 3293 4969; x_wconf 89' lang='lat' dir='ltr'><strong>ea</strong></span> <span class='ocrx_word' id='word_1_814' title='bbox 3335 4912 3553 4969; x_wconf 90' lang='lat' dir='ltr'><strong>mente</strong></span> <span class='ocrx_word' id='word_1_815' title='bbox 3595 4904 3806 4986; x_wconf 91' lang='lat' dir='ltr'><strong>ipsum</strong></span> <span class='ocrx_word' id='word_1_816' title='bbox 3850 4907 4074 4982; x_wconf 82' lang='lat' dir='ltr'><strong>facere,</strong></span> <span class='ocrx_word' id='word_1_817' title='bbox 4121 4917 4194 4972; x_wconf 90' lang='lat' dir='ltr'><strong>ut</strong></span> <span class='ocrx_word' id='word_1_818' title='bbox 4234 4906 4559 4973; x_wconf 88' lang='lat' dir='ltr'><strong>Davidem</strong></span> <span class='ocrx_word' id='word_1_819' title='bbox 4600 4914 4764 4971; x_wconf 65' lang='lat' dir='ltr'><strong>arceat</strong></span> 
     </span>
     <span class='ocr_line' id='line_1_112' title="bbox 2908 4988 4763 5074; baseline -0.001 -20"><span class='ocrx_word' id='word_1_820' title='bbox 2908 5010 2947 5054; x_wconf 91' lang='lat' dir='ltr'><strong>a</strong></span> <span class='ocrx_word' id='word_1_821' title='bbox 3000 4989 3182 5074; x_wconf 89' lang='lat' dir='ltr'><strong>regia</strong></span> <span class='ocrx_word' id='word_1_822' title='bbox 3239 4988 3571 5074; x_wconf 88' lang='lat' dir='ltr'><strong>dignitate,</strong></span> <span class='ocrx_word' id='word_1_823' title='bbox 3631 5010 3712 5055; x_wconf 92' lang='lat' dir='ltr'><strong>ne</strong></span> <span class='ocrx_word' id='word_1_824' title='bbox 3756 4990 3879 5056; x_wconf 91' lang='lat' dir='ltr'><strong>sibi</strong></span> <span class='ocrx_word' id='word_1_825' title='bbox 3920 4992 4239 5072; x_wconf 88' lang='lat' dir='ltr'><strong>succedat,</strong></span> <span class='ocrx_word' id='word_1_826' title='bbox 4297 5004 4363 5058; x_wconf 90' lang='lat' dir='ltr'><strong>et</strong></span> <span class='ocrx_word' id='word_1_827' title='bbox 4406 4994 4581 5059; x_wconf 84' lang='lat' dir='ltr'><strong>illam</strong></span> <span class='ocrx_word' id='word_1_828' title='bbox 4618 4991 4763 5056; x_wconf 77' lang='lat' dir='ltr'><strong>Iona-</strong></span> 
     </span>
     <span class='ocr_line' id='line_1_113' title="bbox 2910 5073 4761 5158; baseline 0.001 -17"><span class='ocrx_word' id='word_1_829' title='bbox 2910 5075 3112 5141; x_wconf 87' lang='lat' dir='ltr'><strong>thano</strong></span> <span class='ocrx_word' id='word_1_830' title='bbox 3148 5073 3287 5140; x_wconf 93' lang='lat' dir='ltr'><strong>filio</strong></span> <span class='ocrx_word' id='word_1_831' title='bbox 3329 5094 3447 5139; x_wconf 89' lang='lat' dir='ltr'><strong>suo</strong></span> <span class='ocrx_word' id='word_1_832' title='bbox 3490 5075 3860 5158; x_wconf 88' lang='lat' dir='ltr'><strong>praeripiat.</strong></span> <span class='ocrx_word' id='word_1_833' title='bbox 3946 5076 4533 5147; x_wconf 86' lang='lat' dir='ltr'><strong>Verumenimvero</strong></span> <span class='ocrx_word' id='word_1_834' title='bbox 4573 5080 4761 5144; x_wconf 71' lang='lat' dir='ltr'><strong>frustra</strong></span> 
     </span>
     <span class='ocr_line' id='line_1_114' title="bbox 2911 5156 4757 5250; baseline -0.002 -24"><span class='ocrx_word' id='word_1_835' title='bbox 2911 5160 3192 5245; x_wconf 81' lang='lat' dir='ltr'><strong>laborat3</strong></span> <span class='ocrx_word' id='word_1_836' title='bbox 3234 5159 3407 5247; x_wconf 91' lang='lat' dir='ltr'><strong>quod</strong></span> <span class='ocrx_word' id='word_1_837' title='bbox 3441 5161 3673 5226; x_wconf 90' lang='lat' dir='ltr'><strong>metuit</strong></span> <span class='ocrx_word' id='word_1_838' title='bbox 3704 5162 3962 5229; x_wconf 88' lang='lat' dir='ltr'><strong>eveniat</strong></span> <span class='ocrx_word' id='word_1_839' title='bbox 3997 5173 4281 5247; x_wconf 86' lang='lat' dir='ltr'><strong>oportet:</strong></span> <span class='ocrx_word' id='word_1_840' title='bbox 4327 5184 4447 5232; x_wconf 87' lang='lat' dir='ltr'><strong>nee</strong></span> <span class='ocrx_word' id='word_1_841' title='bbox 4478 5165 4610 5250; x_wconf 87' lang='lat' dir='ltr'><strong>ipse</strong></span> <span class='ocrx_word' id='word_1_842' title='bbox 4640 5156 4757 5228; x_wconf 83' lang='lat' dir='ltr'><strong>Saul</strong></span> 
     </span>
    </p>
   </div>
  </div>
 </body>
</html>
