5059 6059
798 287 925 353 367

2487 282 2902 351 HOMILIA
2944 282 3106 348 XII.

4632 288 4735 356 368

801 476 999 543 minis
1069 470 1451 549 exseruerit,
1516 468 1703 535 cuius
1759 490 1830 535 se
1885 491 2123 538 manus
2190 471 2480 555 effugere
2550 492 2743 555 posse
2851 472 2935 539 ad
2994 490 3287 539 summos
3344 471 3762 556 pontificatus
3828 470 4113 538 honores
4178 470 4492 540 evehendi
4546 495 4737 558 quem·

802 563 1168 646 desperent,
1213 572 1351 622 tum
1394 554 1634 622 misere
1676 556 1940 621 attoniti
1969 565 2037 622 et
2072 558 2474 623 consternati
2517 555 2746 624 cohor-

803 655 1091 727 rescunt,
1157 652 1225 709 et
1281 643 1351 708 in
1409 643 1684 707 summis
1742 643 2064 726 angustiis
2121 644 2325 709 animi
2391 643 2474 709 de
2530 642 2745 709 salute

803 735 1175 818 desperant,
1219 728 1581 794 inferorum
1625 728 1950 794 cruciatus
1995 728 2289 807 horrent,
2334 728 2585 794 nullam
2631 729 2743 795 de-

804 822 1003 904 nique
1064 815 1574 884 consolationem
1641 813 2028 881 admittunt:
2106 814 2291 880 nullo
2356 816 2744 898 insequente

805 904 1138 990 perpetuis
1163 902 1394 1052 agitati
1433 898 1789 966 terroribus
1833 900 2111 984 fugiunt.
2173 900 2321 966 Non
2362 902 2456 966 ita
2496 901 2741 967 fideles.

804 992 994 1069 Nam,
1056 990 1155 1055 uti
1245 986 1505 1067 iximus,
1560 985 1712 1051 licet
1761 986 2053 1069 ipsorum
2095 987 2301 1053 vitam
2345 986 2492 1052 Deo
2537 988 2743 1053 fortu-

804 1085 1006 1145 nante
1064 1085 1130 1141 et
1175 1073 1458 1158 benigne
1518 1094 1594 1137 ac
1636 1071 1889 1155 placide
1931 1094 2083 1138 cum
2131 1073 2292 1155 ipsis
2345 1083 2600 1157 agente,
2645 1082 2744 1138 ta-

805 1186 959 1230 men
1012 1168 1333 1236 metuunt,
1391 1178 1465 1224 ac
1523 1157 1645 1224 sibi
1704 1158 1864 1242 ipsis
1916 1157 2223 1224 fraenum
2280 1159 2603 1240 iniiciunt,
2661 1180 2745 1225 ne

806 1248 1126 1316 adversus
1184 1244 1591 1310 maiestatem
1654 1243 1861 1327 ipsius
1917 1244 2276 1311 calcitrent.
2368 1243 2551 1326 Quin
2612 1245 2744 1310 imo

807 1337 951 1403 Deo
993 1333 1147 1399 licet
1189 1330 1402 1414 plagis
1443 1329 1619 1412 ipsos
1662 1328 1986 1395 afficiente
2031 1332 2274 1411 gratias
2317 1340 2544 1415 agunt,
2589 1330 2743 1395 sibi·

805 1442 933 1507 que
975 1419 1147 1486 vitae
1188 1415 1387 1482 huius
1414 1413 1855 1482 conditionem
1889 1416 1961 1481 in
1988 1418 2369 1482 memoriam
2417 1425 2744 1500 revocant,

806 1517 883 1575 ut
937 1525 1136 1589 quum
1203 1503 1422 1568 omnia
1488 1513 1763 1566 mortem
1829 1502 2181 1581 intentent,
2249 1510 2433 1568 tanto
2500 1504 2743 1568 maiore

807 1589 1247 1661 sollicitudine
1305 1586 1387 1653 ad
1435 1587 1652 1652 Deum
1699 1596 2067 1672 assurgant.
2158 1588 2250 1652 Et
2294 1596 2368 1653 ut
2410 1589 2608 1654 rebus
2650 1609 2745 1654 se-

806 1678 1039 1749 cundis
1097 1683 1164 1740 et
1222 1674 1549 1757 prosperis
1607 1672 1831 1738 fideles
1876 1694 2007 1738 non
2052 1673 2244 1739 modo
2292 1695 2427 1739 non
2472 1674 2744 1740 efferan-

803 1775 929 1842 tur,
986 1761 1100 1829 sed
1157 1760 1368 1844 magis
1424 1767 1738 1835 metuant,
1799 1767 1875 1823 ut
1931 1768 2117 1824 tanto
2175 1761 2419 1825 maiore
2476 1781 2636 1826 cura
2679 1768 2747 1826 et

799 1848 1239 1920 sollicitudine
1284 1844 1409 1910 Dei
1464 1844 1670 1909 cultui
1730 1865 1871 1910 sese
1931 1853 2103 1910 totos
2146 1845 2429 1911 tradant.
2515 1846 2743 1928 Neque

799 1958 958 2004 vero
1015 1930 1439 2018 cogitandum
1498 1929 1622 1995 hoc
1679 1930 1914 1997 timore
1972 1931 2118 1996 fieri
2161 1932 2604 1998 conditionem
2647 1930 2745 2014 ip-

803 2043 1028 2091 sorum
1094 2017 1519 2084 deteriorem:
1586 2037 1739 2081 nam
1819 2017 1942 2082 etsi
2015 2017 2214 2081 variis
2272 2017 2745 2084 afflictionibus

800 2118 868 2175 et
911 2104 1388 2173 calamitatibus
1448 2109 1827 2186 urgeantur,
1888 2122 2227 2185 nunquam
2284 2111 2503 2169 tamen
2549 2104 2744 2169 obru-

801 2203 1038 2261 untur:
1119 2191 1281 2274 quin
1348 2188 1564 2269 potius
1626 2187 1695 2252 in
1762 2186 1977 2253 medio
2043 2188 2492 2255 calamitatum
2560 2199 2744 2255 aestu

803 2287 1184 2348 recreantur
1225 2283 1294 2341 et
1352 2272 1817 2351 refocillantur,
1874 2273 1999 2339 Dei
2056 2274 2378 2340 auxilium
2435 2285 2744 2359 opportu-

804 2388 963 2433 num
1024 2363 1350 2447 patienter
1405 2359 1898 2442 praestolantes,
1965 2358 2050 2425 ad
2108 2359 2279 2443 quod
2335 2361 2406 2427 in
2469 2361 2745 2427 summis

802 2450 1128 2536 angustiis
1186 2457 1500 2529 tanquam
1545 2444 1627 2509 ad
1671 2445 1922 2528 asylum
1970 2445 2237 2512 unicum
2287 2446 2742 2532 confugerunt.

805 2539 914 2604 En
969 2547 1043 2601 ut
1114 2533 1339 2600 fideles
1396 2528 1663 2597 modum
1719 2532 1789 2596 in
1833 2531 2137 2598 omnibus
2186 2542 2471 2610 servant,
2539 2533 2745 2597 iucre-

806 2622 981 2689 dulis
1023 2630 1253 2686 contra
1292 2618 1361 2683 in
1412 2615 1581 2683 hanc
1625 2616 1731 2683 vel
1771 2615 1956 2682 illam
1998 2626 2256 2700 partem
2290 2617 2744 2701 pendentibus,

805 2717 876 2777 et
916 2704 1341 2773 immoderate
1385 2724 1528 2768 sese
1592 2703 1990 2786 gerentibus,
2041 2713 2114 2768 ut
2180 2724 2520 2787 nunquam
2583 2725 2747 2770 vera

808 2791 1282 2877 tranquillitate
1324 2789 1643 2856 fruantur.

975 2880 1416 2944 Transeamus
1474 2872 1558 2940 ad
1615 2874 1818 2940 verba
1858 2874 1973 2939 illa
2032 2874 2270 2957 quibus
2311 2895 2379 2941 se
2422 2873 2609 2941 Deus
2652 2875 2744 2941 di-

805 2966 896 3032 cit
953 2963 1200 3047 fidelem
1253 2961 1628 3028 sacerdotem
1684 2960 1811 3026 sibi
1861 2960 2330 3041 suscitaturum,
2395 2961 2505 3044 qui
2561 2961 2747 3027 iuxta

801 3073 907 3121 cor
948 3069 1136 3118 suum
1178 3052 1233 3113 et
1288 3047 1574 3113 animam
1621 3066 1809 3112 suam
1857 3045 2059 3128 faciat
2075 3096 2090 3123 ,
2149 3047 2328 3128 eique
2381 3067 2449 3113 se
2489 3046 2746 3112 domum

800 3136 1043 3221 fidelem
1094 3132 1575 3216 aedificaturum
1591 3182 1607 3212 ,
1663 3137 1719 3197 et
1772 3152 1981 3198 coram
2038 3129 2285 3198 Christo
2337 3152 2453 3199 suo
2507 3134 2747 3199 cunctis

800 3222 1020 3292 diebus
1080 3222 1292 3304 ipsum
1348 3217 1833 3285 ambulaturum.
1923 3216 2003 3282 In
2064 3216 2299 3301 primis
2356 3218 2465 3285 hic
2522 3218 2746 3285 obser-

806 3308 1117 3389 vandum,
1162 3325 1404 3372 vanam
1446 3304 1630 3369 illam
1674 3303 1829 3369 Heli
1872 3305 2362 3385 persuasionem
2406 3303 2487 3370 de
2531 3325 2745 3371 sacer-

806 3394 964 3461 dotii
1021 3390 1459 3475 perpetuitate
1518 3388 1680 3456 tolli.
1770 3388 1942 3454 Nam
2000 3389 2129 3455 sibi
2183 3398 2418 3473 sponte
2460 3410 2583 3457 sua
2627 3390 2744 3455 ho-

804 3480 1020 3546 mines
1083 3478 1450 3562 imponunt,
1519 3484 1587 3541 et
1643 3474 1902 3541 delitias
1966 3476 2233 3554 faciunt,
2299 3475 2369 3541 in
2428 3497 2505 3543 eo
2572 3475 2746 3559 quod

807 3564 1199 3651 dignitatem
1247 3562 1532 3645 aliquam
1589 3562 1945 3645 assequuti,
2066 3571 2406 3643 erpetuam
2471 3560 2748 3628 eandem

807 3652 1275 3736 imaginantur,
1330 3648 1519 3730 quasi
1568 3647 1781 3713 Deum
1840 3646 1964 3713 sibi
2053 3646 2386 3713 evinctum
2428 3646 2745 3713 habeant:

807 3736 981 3821 quod
1025 3734 1147 3801 etsi
1185 3733 1399 3800 verbis
1438 3754 1567 3800 non
1610 3734 2060 3817 profiteantur,
2105 3754 2176 3797 re
2198 3732 2343 3816 ipsa
2381 3741 2602 3798 tamen
2638 3732 2749 3798 de-

813 3829 1198 3888 monstrant.
1267 3820 1540 3885 Poterat
1578 3819 1783 3903 igitur
1825 3818 1985 3884 Heli
2027 3816 2344 3885 adversus
2388 3816 2750 3884 Dominum

812 3908 1134 3992 excipere,
1180 3905 1465 3971 debitam
1487 3905 1613 3970 sibi
1634 3906 1778 3970 iure
1819 3902 2289 3970 sacerdotalem
2333 3903 2749 3988 dignitatem,

808 4007 1010 4078 atque
1067 3993 1495 4057 mutationem
1563 3990 1853 4056 eiusdem
1911 3988 2078 4075 legis
2143 3990 2272 4056 Dei
2330 3990 2749 4055 violationem

810 4100 987 4148 esse:
1047 4099 1183 4143 non
1239 4097 1428 4161 posse
1482 4084 1664 4141 recta
1720 4075 1899 4141 linea
1956 4073 2393 4141 sacerdotium
2452 4074 2535 4142 ad
2586 4074 2751 4141 alios

856 4186 1007 4232 uam
1063 4163 1271 4247 ipsius
1336 4165 1647 4246 posteros,
1713 4161 1841 4226 nisi
1905 4171 2133 4227 contra
2185 4161 2458 4226 Domini
2514 4162 2749 4244 legem,

808 4189 1150 4318 devenire:
1212 4249 1338 4329 his,
1396 4248 1685 4331 inquam,
1744 4254 1861 4312 aut
1917 4246 2237 4312 similibus
2280 4246 2550 4313 vocibus
2593 4246 2750 4313 Heli

811 4336 1097 4404 Domino
1141 4353 1524 4417 responsare
1548 4353 1733 4416 posse
1776 4331 2140 4412 videbatur,
2183 4332 2431 4415 sibique
2454 4333 2752 4399 ordinem

811 4424 1000 4488 illum
1054 4420 1256 4486 semel
1302 4439 1343 4485 a
1398 4417 1687 4484 Domino
1744 4417 2219 4502 praescriptum
2276 4419 2624 4484 immotum
2686 4427 2753 4483 et

812 4506 1285 4574 immutabilem
1340 4506 1481 4571 fore
1538 4504 1949 4589 persuadere.
2042 4504 2293 4570 Verum
2349 4504 2527 4570 enim
2571 4525 2751 4583 vero,

811 4593 997 4660 Deus
1031 4613 1231 4675 penes
1265 4611 1337 4658 se
1376 4597 1798 4673 protestatem
1853 4599 1921 4656 et
1978 4591 2391 4656 autoritatem
2433 4611 2578 4657 esse
2620 4598 2753 4656 tes-

819 4689 1019 4759 tatur,
1078 4675 1451 4745 sacerdotes
1508 4697 1594 4742 ex
1637 4676 1906 4742 arbitrio
1950 4697 2069 4742 suo
2113 4676 2588 4756 constituendi,
2664 4698 2752 4742 ex

810 4765 1095 4833 Aaronis
1158 4763 1409 4829 familia
1470 4762 1628 4829 licet
1690 4761 2018 4828 oriundos.
2106 4762 2334 4845 Neque
2393 4763 2570 4827 enim
2628 4762 2751 4827 sibi

811 4853 999 4919 Deus
1077 4871 1167 4915 un
1217 4870 1370 4914 uam
1447 4848 1859 4915 contradixit.
1972 4847 2122 4914 Etsi
2198 4848 2408 4913 fateor
2486 4846 2754 4914 tandem

812 4958 1007 5007 omne
1050 4935 1170 5001 illu
1258 4933 1468 5018 legale
1510 4933 1943 5001 sacerdotium
1967 4934 2050 4999 ab
2077 4935 2358 5017 ipsomet
2399 4932 2750 5000 abolitum:

812 5045 968 5090 nam
1026 5020 1108 5087 ad
1164 5031 1420 5103 tempus
1470 5026 1728 5086 tantum
1784 5020 2155 5087 ordinatum
2202 5019 2435 5090 fuerat.
2522 5020 2755 5086 Valuit

810 5119 1030 5174 tamen
1086 5104 1404 5191 quamdiu
1465 5104 1761 5172 duravit:
1827 5105 2111 5172 Aaronis
2166 5106 2481 5173 familiam
2522 5126 2753 5190 perpe-

808 5207 994 5261 tuum
1050 5193 1152 5259 ius
1211 5191 1294 5258 ad
1353 5190 1793 5260 sacerdotium
1848 5192 2163 5258 retinere:
2220 5190 2335 5259 sed
2379 5214 2460 5258 ex
2520 5193 2752 5259 eadem

2848 579 3105 643 cunque
3189 556 3490 623 libuisset
3558 564 3948 640 potestatem
4016 565 4085 622 et
4165 557 4551 624 autoritaten
4610 564 4738 628 reti-

2850 646 3011 711 nuit.
3099 644 3200 710 Ac
3258 665 3437 721 sane,
3497 644 3645 726 quis
3704 665 3790 708 ex
3838 643 4125 710 Aaronis
4182 644 4426 710 familia
4480 645 4740 714 sacerdos

2847 732 3108 797 futurus
3167 751 3299 795 non
3344 751 3383 795 a
3425 727 3569 794 Deo
3627 741 3882 795 creatus
3940 738 4057 808 est,
4118 739 4186 794 et
4229 729 4311 794 ad
4354 727 4519 795 hauc
4558 730 4740 816 digni·

2846 826 3049 882 tatem
3108 814 3473 880 formatus?
3566 813 3733 896 Quis
3793 815 3908 895 illi,
3976 836 4236 898 quaeso,
4297 817 4495 881 vitam
4551 817 4738 883 dedit?

2847 901 3156 985 Denique
3200 900 3356 966 hino
3399 900 3727 968 discamus
3770 901 4021 968 nullam
4068 901 4229 967 adeo
4271 903 4522 968 firmam
4545 912 4606 967 et
4624 924 4740 986 per-

2847 1000 3113 1072 petuam
3156 986 3562 1072 dignitatem,
3610 986 3831 1053 nullos
3875 986 4037 1052 adeo
4078 995 4292 1053 certos
4338 986 4622 1068 honores,
4659 990 4742 1055 ni·

2848 1074 2944 1140 hil
2968 1073 3127 1139 adeo
3164 1083 3383 1138 tutum
3405 1073 3488 1138 ab
3531 1074 3837 1139 omnibus
3879 1072 4205 1156 periculis,
4251 1075 4411 1157 quin
4453 1085 4743 1140 momento

2848 1162 3028 1226 Deus
3091 1159 3537 1226 securissimos
3606 1167 4063 1236 exauctorare,
4128 1168 4196 1224 et
4259 1159 4332 1225 in
4398 1159 4742 1225 vilissimam

2848 1246 3489 1328 abiectissimamque
3511 1244 3948 1311 conditionem
3973 1243 4269 1330 redigere
4291 1246 4512 1328 possit.
4555 1244 4745 1326 Quare

2848 1332 2968 1399 sub
3027 1332 3284 1397 alarum
3339 1331 3363 1395 i
3411 1330 3547 1397 sius
3607 1331 3878 1396 tutelam
3935 1332 4286 1415 confugere
4332 1331 4655 1409 discamus,
4694 1341 4747 1398 et

2850 1417 2930 1483 de
2988 1416 3177 1484 nobis
3236 1438 3342 1482 mo
3391 1423 3529 1482 este
3584 1417 3850 1497 sentire,
3907 1438 3992 1483 ne
4050 1436 4252 1501 supra
4307 1416 4568 1484 modum
4619 1418 4746 1483 effe·

2846 1524 3089 1569 ramur.
3179 1502 3410 1585 Neque
3473 1501 3671 1582 enim,
3735 1502 3792 1569 si
3858 1501 4076 1568 altiori
4143 1501 4302 1570 aeri.
4346 1524 4464 1569 nos
4529 1502 4747 1568 tradere

2848 1590 3173 1668 volumus,
3217 1588 3361 1654 alae
3403 1587 3770 1654 sufficiunt:
3831 1588 3945 1653 sed
3991 1588 4194 1654 altius
4254 1589 4506 1655 alarum
4547 1587 4750 1654 fiducia

2848 1677 3047 1741 fretos
3088 1674 3312 1740 volare
3357 1673 3711 1756 cupientes,
3755 1673 4128 1741 horrendus
4170 1674 4397 1757 lapsus
4416 1684 4484 1740 et
4524 1673 4748 1758 quidem

2848 1760 3140 1826 mortalis
3184 1767 3426 1825 manet.
3515 1758 3648 1826 Sed
3694 1760 3749 1826 si
3793 1769 4021 1826 contra
4062 1760 4424 1843 gratiarum
4460 1760 4584 1826 Dei
4621 1780 4748 1827 con·

2850 1847 3284 1912 tinuationem
3339 1845 3746 1928 supplicibus
3813 1846 3984 1913 votis
4036 1856 4509 1929 exspectemus,
4551 1849 4656 1912 fiet
4689 1854 4748 1911 ut

2847 1933 2917 1998 in
2962 1933 3101 1998 dies
3146 1939 3213 1997 et
3257 1931 3326 1996 in
3370 1952 3578 1996 annos
3634 1931 4080 2015 persistamus,
4147 1931 4315 1997 nihil
4361 1943 4575 1998 tamen
4614 1931 4746 1997 certi

2849 2018 3038 2084 nobis
3082 2020 3163 2083 de
3221 2017 3406 2084 nobis
3450 2016 3849 2100 pollicentes,
3901 2016 4016 2084 sed
4061 2016 4143 2082 ab
4187 2018 4387 2083 unius
4429 2018 4555 2084 Dei
4596 2017 4749 2083 boni·

2849 2113 2986 2170 tate
3030 2114 3097 2169 et
3139 2103 3590 2169 benevolentia
3635 2105 3754 2169 toti
3815 2102 4192 2187 pendentes,
4250 2124 4421 2187 quae
4463 2105 4528 2169 in
4569 2104 4748 2188 ipsam

2847 2189 3302 2257 recumbentes
3344 2209 3680 2272 nunquam
3726 2200 3826 2256 est
3867 2190 4238 2272 deceptura.

3022 2273 3215 2356 Quod
3291 2294 3488 2357 porro
3552 2274 3712 2341 dicit
3774 2275 4109 2341 Dominus
4170 2295 4243 2341 se
4313 2275 4749 2342 suscitaturum

2849 2360 3107 2427 fidelem
3161 2360 3584 2438 sacerdotem,
3645 2360 3910 2427 videtur
3967 2359 4211 2444 aliquid
4254 2359 4652 2428 difficultatis
4694 2360 4750 2424 in

2849 2467 2921 2512 se
2964 2445 3320 2527 continere,
3362 2468 3568 2530 quum
3591 2447 3659 2513 id
3686 2469 3725 2512 a
3750 2446 4101 2513 Salomone
4135 2446 4382 2512 factum
4429 2447 4748 2513 videamus.

2852 2531 2987 2599 Sed
3045 2532 3400 2598 tenendum
3460 2539 3579 2612 est,
3635 2534 3854 2598 Deum
3914 2533 4109 2600 rebus
4164 2532 4475 2599 omnibus
4531 2531 4751 2610 creatis,

2850 2629 2920 2685 et
2974 2639 3201 2683 earum
3245 2619 3539 2684 omnium
3580 2639 3778 2702 opera
3819 2618 3915 2684 sic
3959 2618 4079 2697 uti,
4123 2625 4199 2683 ut
4242 2617 4588 2684 hominum
4625 2638 4752 2685 con-

2851 2704 3015 2771 siliis
3049 2703 3134 2770 ad
3177 2705 3536 2771 faciendam
3582 2704 3858 2771 decretis
3903 2704 4039 2770 suis
4082 2704 4259 2771 viam
4301 2710 4372 2770 et
4416 2703 4499 2770 ad
4540 2704 4752 2769 exitum

2849 2791 2965 2857 illa
3005 2789 3440 2874 perducenda.
3503 2789 3695 2872 Quod
3740 2799 3807 2856 et
3848 2790 4061 2874 ipsum
4107 2790 4177 2854 iu
4221 2789 4498 2856 historia
4538 2788 4660 2866 illa,
4698 2789 4751 2851 in

2848 2899 2979 2961 qua
2999 2877 3328 2943 Abiathar
3369 2885 3828 2943 exauctoratus
3871 2876 3891 2940 l
3980 2877 4129 2956 itur,
4177 2883 4248 2940 et
4287 2877 4357 2941 in
4403 2876 4544 2941 eius
4578 2876 4754 2941 locum

2851 2962 3065 3029 Sadoc
3122 2962 3454 3041 suffectus,
3515 2962 3899 3027 nominatim
4011 2964 4073 3027 ei
4129 2961 4406 3044 spiritus
4449 2967 4752 3027 memorat.

2848 3049 3020 3114 Nam
3078 3048 3204 3113 etsi
3261 3045 3573 3113 Solomon
3631 3047 4069 3114 Abiatharum
4133 3047 4345 3112 officio
4407 3045 4756 3114 sacerdotali

2851 3134 3103 3218 depulit
3145 3133 3535 3199 necessitate
3569 3132 3910 3216 impulsus,
3955 3144 4118 3217 puta
4162 3132 4369 3215 ipsius
4410 3130 4757 3200 Abiatharis

2849 3218 3143 3305 perfidia,
3188 3239 3384 3301 quam
3429 3218 3484 3284 Ι.
3507 3219 3674 3301 Reg.
3719 3219 3780 3298 2,
3803 3219 3888 3285 26
3923 3217 4222 3303 pluribus
4266 3219 4335 3284 in
4382 3218 4545 3285 haec
4585 3217 4758 3284 verba

2850 3305 3298 3389 persequitur:
3346 3305 3442 3370 Es
3484 3303 3766 3388 quidem,
3809 3304 4042 3388 inquit,
4089 3304 4194 3369 vir
4214 3306 4481 3372 mortis:
4525 3302 4633 3370 sed
4663 3301 4758 3367 ho·

2852 3391 2957 3456 die
3000 3398 3067 3456 te
3113 3411 3244 3455 non
3282 3390 3692 3470 interficiam,
3740 3391 3890 3475 quia
3934 3390 4211 3475 portasti
4255 3411 4478 3457 arcam
4522 3388 4759 3455 Domini

2850 3477 2980 3542 Dei
3022 3496 3244 3544 coram
3277 3474 3496 3543 David
3541 3486 3729 3559 patre
3772 3498 3933 3555 meo,
3979 3484 4044 3541 et
4086 3476 4463 3543 sustinuisti
4505 3478 4758 3543 laborem

2850 3564 2925 3629 in
2966 3562 3284 3642 omnibus,
3329 3563 3399 3628 in
3444 3563 3683 3645 quibus
3725 3560 4053 3628 laboravit
4093 3570 4282 3645 pater
4324 3584 4544 3629 meus:
4590 3573 4652 3626 tu
4689 3557 4758 3623 ad

2849 3669 3081 3733 agrum
3139 3655 3329 3713 tuum
3375 3648 3498 3730 abi,
3556 3668 3690 3714 non
3736 3649 3914 3715 enim
3959 3647 4239 3732 amplius
4279 3648 4581 3716 sacerdos
4619 3645 4755 3712 eris:

2851 3756 2927 3801 ac
2970 3732 3300 3800 Sadocum
3348 3735 3416 3800 in
3478 3733 3859 3801 Abiatharis
3915 3734 4133 3801 locum
4188 3735 4496 3819 deinceps
4551 3727 4756 3800 substi-

2854 3821 3011 3886 tuit:
3078 3840 3243 3903 quae
3307 3818 3571 3904 quidem
3634 3822 3848 3903 prima
3909 3821 4129 3888 fronte
4195 3820 4277 3886 ab
4331 3819 4459 3888 hac
4513 3815 4752 3885 Domini

2851 3906 3354 3974 comminatione
3415 3904 3622 3972 videri
3681 3913 3960 3988 possunt
4017 3906 4442 3972 alienissima:
4510 3920 4760 3987 namque

2854 3992 3178 4058 Abiathar
3234 4012 3507 4057 suorum
3563 3991 3927 4058 facinorum
3988 4013 4228 4075 poenas
4285 3991 4430 4073 luit,
4486 4013 4645 4076 quae
4691 3985 4758 4053 ad

2853 4077 3091 4143 liberos
3163 4076 3372 4160 ipsius
3437 4098 3571 4142 non
3636 4075 4049 4160 spectabant;
4120 4099 4195 4143 ac
4260 4077 4532 4161 proinde
4595 4074 4759 4142 huius

2853 4162 3231 4247 prophetiae
3296 4162 3377 4227 de
3442 4183 3571 4246 qua
3630 4163 3737 4230 hic
3795 4162 4051 4245 agimus
4111 4183 4244 4230 non
4301 4164 4502 4230 fuisse
4560 4159 4761 4245 imple-

2855 4250 3100 4315 tionem
3158 4247 3419 4326 factam‚
3486 4247 3650 4314 illud
3710 4247 4064 4316 Solominis
4125 4258 4345 4314 tamen
4403 4245 4758 4314 nominatim

2852 4335 2924 4401 in
2985 4334 3296 4400 historiae
3360 4333 3541 4401 illius
3598 4334 3739 4402 loco
3795 4334 4122 4401 Dominus
4178 4334 4510 4401 adiectum
4565 4331 4762 4406 voluit,

2854 4422 3133 4487 eiectum
3177 4437 3221 4484 a
3262 4418 3615 4486 Solomone
3648 4418 4074 4487 Abiatharem
4111 4429 4187 4486 ut
4229 4420 4610 4505 impleretur
4646 4436 4760 4482 ser·

2855 4528 2960 4572 mo
3004 4505 3295 4581 Domini,
3353 4527 3545 4589 quem
3591 4506 3897 4589 loquutus
3940 4515 4041 4573 est
4083 4527 4282 4590 super
4325 4507 4590 4572 domum
4627 4498 4760 4569 Heli

2853 4593 2924 4658 in
2982 4591 3144 4659 Silo.
3235 4590 3492 4673 Quibus
3559 4591 3777 4660 verbis
3842 4592 4012 4660 oculi
4077 4593 4265 4659 nobis
4329 4594 4646 4677 patefiunt
4693 4581 4760 4650 ad

2853 4677 3125 4744 Domini
3202 4677 3689 4763 providentiam
3753 4679 4021 4762 propius
4097 4678 4508 4745 intuendam:
4588 4689 4762 4760 quum

2854 4763 3246 4830 nominatim
3290 4764 3532 4830 dicitur
3572 4763 3897 4830 Abiathar
3916 4764 4215 4847 graviore
4250 4763 4585 4847 supplicio,
4625 4765 4761 4842 puta

2854 4859 3083 4933 morte,
3126 4849 3329 4917 fuisse
3370 4849 3632 4935 dignus,
3677 4857 3744 4915 et
3766 4857 3983 4914 tamen
4027 4849 4458 4916 nihilominus
4502 4843 4760 4942 effecisse

2852 4935 3235 5013 Dominum,
3287 4943 3361 5001 ut
3403 4934 3780 5019 prophetiae
3822 4934 3997 5002 illius
4039 4934 4195 5000 olim
4238 4935 4398 5001 Heli
4440 4933 4760 5025 denuncia-

2854 5028 2960 5089 tae
3005 5022 3356 5099 decretum,
3403 5041 3595 5087 suum
3640 5021 3942 5087 effectum
3989 5022 4355 5088 sortiretur.
4442 5021 4642 5086 Porro
4680 5015 4760 5078 dl·

2857 5109 3012 5176 vina
3065 5107 3183 5174 illa
3249 5106 3661 5193 providentia
3719 5106 4105 5191 plerumque
4168 5127 4291 5173 nos
4354 5106 4531 5172 latet.
4615 5101 4761 5168 Nam

2856 5214 3051 5279 saepe
3096 5193 3284 5262 Deus
3342 5193 3702 5279 quemlibet
3755 5195 3838 5260 ob
3897 5193 4216 5279 flagitium
4266 5191 4523 5278 aliquod
4563 5181 4761 5272 flagel-
