5059 6059
846 342 972 412 531

849 531 1008 598 dum
1044 537 1146 597 est
1184 537 1261 595 ιιι
1301 528 1523 594 miseri
1567 540 1636 592 et
1679 525 1871 611 egeni
1915 525 2152 592 fratros
2195 526 2398 590 nostri
2457 525 2525 589 in
2586 524 2795 590 oculis

850 616 1093 684 nostris
1119 615 1289 680 fame
1314 627 1379 679 et
1402 615 1514 680 siti
1540 621 1919 690 enecentur,
1958 622 2027 677 et
2048 632 2214 695 qnae
2238 611 2408 677 bona
2429 613 2797 693 accepimus

849 721 892 768 a
933 701 1078 766 Deo
1122 698 1517 783 pauperibus
1562 697 1998 780 dispensanda
2065 699 2484 775 retineamus,
2544 696 2657 761 sed
2701 696 2797 760 ita

850 785 1276 870 possidendae
1320 805 1476 867 opes
1520 803 1686 866 quas
1708 783 1982 866 quisque
2021 795 2252 849 nactus
2295 793 2415 860 est,
2454 794 2528 848 ut
2571 802 2796 847 earum

848 873 1200 957 participes
1258 871 1579 936 faciamus
1637 890 1803 952 quos
1862 871 2085 954 gravis
2158 880 2349 953 urget
2421 870 2795 946 necessitas,

850 957 1021 1041 quod
1064 958 1339 1040 quisque
1385 966 1507 1041 pro‘
1549 954 1932 1021 facultatum
1981 957 2230 1020 ratione
2268 958 2480 1020 facere
2516 965 2794 1019 tenetur.

849 1043 1176 1128 Equidem
1234 1043 1443 1107 fateor
1500 1062 1630 1106 non
1687 1061 1830 1107 esse
1889 1042 2101 1125 legem
2157 1040 2443 1123 aliquam
2515 1038 2798 1123 singulis

851 1132 1152 1213 positam,
1197 1138 1272 1215 ut
1316 1130 1409 1193 ait
1452 1126 1718 1192 Paulus.
1778 1126 1950 1191 Nam
1989 1126 2367 1191 donatorem
2412 1137 2669 1208 oportet
2712 1146 2797 1189 ex

850 1216 1074 1281 animo
1117 1226 1184 1278 et
1226 1226 1458 1297 sponte
1483 1212 1657 1289 dare,
1702 1212 1813 1277 sed
1860 1221 2082 1278 tamen
2126 1213 2251 1277 etsi
2273 1211 2459 1276 nulla
2500 1212 2797 1294 cogimur

851 1300 1241 1368 necessitate
1283 1299 1449 1383 legis
1493 1318 1610 1381 pro
1657 1297 1905 1363 viribus
1963 1299 2124 1363 eniti
2181 1297 2477 1381 singulos
2539 1306 2797 1379 oportet

852 1387 936 1452 ad
980 1388 1253 1451 miseros
1299 1396 1364 1449 et
1406 1403 1650 1468 egenos
1692 1385 1828 1448 suis
1873 1383 2291 1450 facultatibus
2334 1382 2792 1448 sublevandos.

853 1471 1296 1553 Quamobrem
1361 1470 1419 1535 si
1476 1490 1630 1552 opes
1697 1480 1762 1534 et
1830 1469 2096 1534 divitias
2161 1491 2201 1535 a
2264 1470 2410 1534 Deo
2474 1468 2794 1533 fuerimus

854 1557 1243 1640 consequuti
1288 1554 1523 1639 quibus
1567 1575 1760 1638 egere
1796 1555 2127 1637 proximos
2172 1555 2529 1633 videamus,
2577 1575 2617 1618 a
2652 1553 2794 1618 Deo

851 1665 971 1710 nos
1017 1642 1346 1726 explorari
1388 1642 1694 1722 sciamus,
1737 1660 1814 1707 ac
1858 1640 2131 1724 proinde
2165 1641 2223 1730 si
2265 1641 2478 1705 officio
2513 1638 2791 1704 defueri-

851 1751 1000 1796 mus
1045 1750 1163 1794 nos
1214 1748 1254 1791 a
1307 1726 1454 1792 Deo
1511 1742 1818 1807 tanquam
1877 1727 2228 1810 sacrilegos
2284 1726 2793 1791 condemnatum

851 1816 952 1880 iri.
1056 1813 1317 1878 Divites
1375 1812 1577 1896 igitur
1633 1813 2018 1877 intueantur
2071 1812 2341 1878 Nabalia
2398 1810 2794 1900 exemplum,

737 1896 758 1914 ⁶
849 1913 917 1966 et
968 1898 1126 1982 quid
1188 1899 1270 1964 ab
1322 1899 1486 1981 ipsis
1555 1897 1742 1963 Deus
1799 1897 2083 1981 postulet
2142 1898 2415 1964 discant.
2505 1896 2795 1976 Divitiae

849 2007 1011 2051 sane
1061 1984 1326 2050 divinae
1372 1983 1685 2050 bonitatis
1722 1993 1789 2048 et
1832 1985 2076 2049 favoris
2120 1995 2279 2049 sunt
2336 1983 2799 2060 testimonium,

848 2070 965 2137 sed
1012 2069 1283 2135 Nabalis
1326 2067 1595 2134 divitiae
1640 2070 1708 2134 in
1744 2070 1953 2152 ipsius
1976 2069 2579 2135 condemnationem
2620 2089 2795 2133 com·

849 2167 1321 2222 memorantur.
1431 2153 1679 2220 Oontra
1757 2176 1914 2220 vero
1993 2154 2443 2220 Abrahamum
2528 2153 2795 2219 divitem

849 2242 1080 2323 fuisse,
1124 2262 1313 2307 sacra
1355 2240 1685 2324 scriptura
1707 2239 2062 2322 praedicat,
2108 2262 2238 2306 non
2263 2261 2420 2306 sane
2464 2238 2547 2305 ad
2591 2239 2799 2322 ipsius

853 2327 1156 2402 dedecus,
1239 2325 1355 2392 sed
1420 2325 1640 2408 potius
1704 2325 1786 2391 ad
1847 2347 2171 2391 summam
2231 2326 2488 2391 laudem
2508 2376 2524 2405 ,
2603 2345 2794 2408 quem

854 2412 1041 2478 Deus
1084 2434 1168 2478 ex
1214 2423 1485 2496 paterna
1513 2411 1805 2477 bonitate
1852 2411 2094 2478 divitiis
2138 2411 2368 2477 multis
2390 2411 2596 2477 auxit.
2663 2408 2797 2475 Sed

855 2498 1165 2582 quoniam
1223 2497 1438 2563 Nabal
1496 2498 1776 2580 acceptis
1834 2517 1872 2561 a
1928 2496 2074 2562 Deo
2134 2497 2320 2562 bonis
2378 2498 2623 2562 abusus
2678 2504 2797 2570 est,

856 2584 1099 2650 idcirco
1143 2582 1530 2649 facultatum
1568 2583 1779 2665 ipsius
1801 2584 2047 2648 mentio
2082 2585 2177 2662 fit,
2221 2595 2298 2648 ut
2333 2583 2473 2648 eius
2494 2581 2796 2663 exemplo

859 2669 1115 2736 discant
1158 2668 1270 2751 qui
1316 2669 1561 2733 multas
1605 2669 2045 2750 possessiones
2108 2670 2375 2750 habent,
2433 2677 2500 2734 et
2555 2667 2798 2732 multos

858 2775 1114 2821 annuos
1173 2753 1421 2819 reditus
1478 2754 1713 2837 quibus
1771 2754 1995 2819 multis
2053 2753 2432 2821 benefacere
2499 2762 2794 2837 possunt,

860 2841 918 2908 si
963 2840 1167 2917 avari,
1213 2850 1331 2906 aut
1372 2840 1590 2922 parci,
1634 2850 1702 2904 et
1743 2840 2003 2905 steriles
2047 2839 2314 2924 fuerint,
2358 2861 2430 2905 se
2473 2839 2793 2905 bonorum

858 2946 1049 2993 usum
1093 2926 1462 3008 profanare,
1512 2944 1675 3008 quae
1719 2923 2022 2992 dominus
2062 2927 2214 2993 usui
2271 2946 2632 3009 pauperum
2690 2922 2801 2988 de-

858 3011 1131 3078 dicarat.
1218 3010 1350 3075 Hic
1418 3011 1623 3094 igitur
1695 3010 1942 3077 dictum
2016 3010 2386 3079 Salomonis
2450 3011 2798 3095 diligenter

855 3095 1335 3164 observandum
1409 3095 1698 3162 iubentis
1769 3096 1990 3163 bibere
2073 3119 2310 3180 aquam
2387 3097 2681 3181 singulos
2760 3116 2799 3160 e

854 3185 1141 3252 cisterna
1184 3201 1322 3260 sua,
1367 3192 1437 3247 et
1477 3181 1730 3248 fluenta
1774 3204 1810 3248 e
1841 3181 2054 3248 medio
2076 3184 2258 3267 putei
2301 3184 2423 3262 sui,
2466 3195 2535 3248 et
2576 3194 2796 3247 tamen

855 3288 1167 3353 spargere
1210 3267 1427 3333 fontes
1469 3289 1622 3334 suos
1680 3268 1870 3334 foras.
1960 3269 2023 3334 N
2026 3291 2134 3334 am
2185 3290 2387 3352 quum
2440 3268 2623 3334 iubet
2677 3287 2800 3332 nos

854 3355 1076 3421 bibere
1120 3374 1359 3436 aquam
1403 3374 1440 3418 e
1483 3355 1662 3419 fonte
1708 3365 1931 3420 nostro
1975 3354 2269 3439 singulos
2293 3354 2477 3421 docet
2498 3363 2798 3437 oportere

853 3450 1200 3510 contentos
1255 3439 1338 3505 iis
1393 3460 1538 3504 esse
1589 3459 1756 3522 quae
1813 3460 1855 3504 a
1911 3441 2198 3505 Domino
2262 3440 2660 3523 accepimus,
2733 3448 2802 3504 et

851 3526 1026 3595 nihil
1068 3525 1355 3608 amplius
1376 3534 1707 3609 appetere,
1749 3537 1826 3590 ut
1847 3526 2232 3609 plerumque
2272 3526 2485 3591 solent
2526 3525 2798 3591 insatia-

853 3613 1023 3680 biles
1066 3610 1333 3692 quidam
1381 3611 1674 3695 gurgites
1718 3612 1835 3694 qui
1880 3611 2071 3678 novis
2113 3633 2374 3695 semper
2417 3611 2656 3695 opibus
2699 3611 2802 3675 in-

850 3700 1063 3774 hiant,
1107 3707 1174 3760 et
1213 3695 1370 3761 licet
1410 3696 1889 3780 opulentissimi
1935 3697 2185 3763 vicinos
2244 3711 2463 3763 tamen
2523 3697 2801 3762 miseros

852 3779 1244 3867 depraedari
1304 3780 1538 3859 solent,
1608 3784 1814 3848 donec
1876 3784 2056 3865 ipsos
2121 3783 2384 3850 tandem
2452 3793 2621 3848 totos
2684 3802 2799 3847 ex-

853 3866 1219 3938 hauserint.
1297 3866 1548 3933 Contra
1592 3868 1779 3935 docet
1816 3868 2125 3934 Salomon
2171 3868 2517 3935 bibendam
2563 3887 2799 3951 aquam

854 3980 893 4024 e
937 3956 1139 4030 fonte,
1197 3949 1341 4017 ideo
1384 3954 1842 4035 praesentibus
1899 3963 2199 4037 oportere
2256 3964 2597 4022 contentos
2661 3973 2803 4019 esse

853 4054 926 4112 et
967 4038 1213 4106 divites
1259 4058 1451 4121 posse
1507 4039 1765 4121 quidem
1815 4042 2099 4125 acceptis
2153 4061 2192 4106 a
2234 4039 2379 4106 Deo
2426 4039 2616 4106 bonis
2669 4038 2803 4103 frui

853 4140 925 4198 et
976 4125 1208 4194 eadem
1269 4125 1444 4189 bona
1501 4127 1895 4191 conscientia
1954 4127 2237 4192 retinere
2308 4148 2384 4193 ac
2457 4124 2806 4208 possidere,

854 4212 1048 4282 modo
1108 4209 1195 4277 ad
1256 4210 1554 4294 ipsorum
1604 4223 1895 4277 autorem
1937 4223 2004 4278 et
2048 4213 2292 4278 fontem
2329 4221 2697 4295 assurgant,
2742 4219 2811 4274 et

856 4300 1076 4367 sobrie
1112 4294 1344 4362 iisdem
1393 4307 1699 4361 utantur:
1745 4298 1860 4365 sed
1904 4310 2241 4381 praeterea
2284 4299 2469 4363 iubet
2489 4296 2805 4363 Salomon

853 4389 1070 4453 fontes
1113 4382 1340 4467 spargi
1386 4383 1581 4460 foras,
1625 4393 1694 4448 et
1737 4383 1912 4449 rivos
1956 4404 2274 4467 aquarum
2320 4386 2389 4449 in
2434 4384 2669 4468 puteis,
2732 4390 2808 4448 ut

852 4471 1081 4537 doceat
1125 4468 1544 4536 facultatibus
1585 4469 1866 4535 residuis
1900 4470 2306 4537 adiuvandos
2327 4469 2661 4554 proximos
2695 4467 2808 4551 qui

853 4556 1247 4626 necessitate
1293 4553 1514 4638 aliqua
1558 4565 1968 4637 premuntur.

1027 4641 1363 4723 Deinceps
1421 4661 1583 4705 vero
1640 4639 1923 4706 Davidis
1980 4639 2185 4706 verba
2240 4649 2603 4725 sequuntur
2656 4659 2808 4706 suos

852 4727 1183 4796 mittentis
1237 4725 1320 4792 ad
1384 4725 1445 4791 N
1450 4726 1722 4802 abalem,
1783 4734 1853 4792 et
1909 4728 2142 4810 quibus
2195 4726 2415 4794 verbis
2472 4726 2806 4791 hominem

854 4812 1350 4897 compellarent,
1397 4811 1803 4890 instruentis,
1849 4833 2016 4896 quae
2061 4813 2261 4879 verba
2302 4812 2601 4896 pluribus
2642 4812 2805 4877 reci·

855 4912 1105 4983 tantur,
1161 4910 1239 4963 ut
1308 4898 1521 4980 magis
1574 4919 1650 4963 ac
1709 4901 1921 4984 magis
1981 4909 2225 4982 quanta
2282 4899 2479 4964 fuerit
2536 4896 2807 4964 Nabalie

855 4984 1240 5069 improbitas
1286 4983 1534 5049 bestiae
1580 4984 1797 5067 potius
1842 5005 2040 5068 quam
2079 4983 2330 5050 homini
2375 4982 2609 5050 similis
2651 5004 2806 5050 con-

855 5069 1253 5154 templemur
1300 5078 1365 5134 et
1403 5067 1815 5136 erudiamur:
1858 5069 2080 5137 David
2125 5070 2299 5135 enim
2338 5070 2606 5136 iuvenes
2647 5090 2806 5152 quos

857 5154 1165 5236 mittebat
1207 5153 1289 5220 ad
1336 5156 1574 5239 ipsum,
1633 5155 1818 5221 iubet
1874 5155 1997 5223 hac
2055 5156 2341 5221 formula
2393 5153 2802 5238 compellare.

861 5240 1114 5310 Salutat
1182 5244 1238 5306 te
1333 5260 1552 5307 servus
1615 5247 1763 5307 tuus
1838 5262 1981 5310 cum
2053 5243 2196 5308 suis
2266 5241 2584 5321 omnibu-³,
2668 5242 2802 5326 tibi,

2413 334 2826 402 HOMILIA
2870 333 3277 401 LXXXIX.
3350 389 3359 398 .
4640 340 4719 405 532

2894 523 3220 604 familiae,
3371 525 3471 608 e9i
3536 528 3595 590 et
3652 523 3943 590 omnibus
3998 524 4088 589 iis
4156 544 4316 606 quae
4361 526 4731 607 possidebam

2888 615 3207 692 precatur.
3293 546 3592 675 gulbium
3637 630 3771 675 non
3817 621 3921 675 est
3961 611 4119 694 quin
4166 611 4275 675 his
4310 610 4514 676 verbis
4545 627 4730 683 conetur

2896 696 2959 761 N
2964 695 3171 762 abalis
3232 694 3755 761 benevolentiam
3816 707 4111 780 captare:
4183 716 4337 760 nam
4408 695 4547 764 haec
4598 704 4733 769 verbs

2898 783 3294 865 precationis
3327 782 3677 847 formulam
3712 802 3872 866 prae
3894 802 3966 847 se
4001 783 4238 861 ferunt,
4274 783 4458 864 quasi
4478 784 4733 872 eleemosy-

2900 889 3053 933 nam
3098 868 3377 952 supplex
3398 879 3669 952 peteret,
3711 889 3926 951 neque
3968 867 4329 934 modestius
4351 881 4542 951 potest
4573 870 4735 954 aliquia

2900 952 3146 1036 aliquid
3204 973 3441 1037 rogare
3497 953 3652 1019 dum
3715 955 3876 1020 bene
3948 965 4271 1036 precatur.
4362 957 4458 1020 Ac
4504 957 4549 1020 si
4607 956 4734 1038 diest,

2898 1039 3259 1140 Denedieat
3302 1040 3627 1105 Dominus
3686 1041 3766 1139 iis
3821 1039 4122 1105 omnibus
4164 1061 4334 1123 quae
4376 1042 4637 1123 possides,
4676 1046 4735 1109 id-

2897 1126 3512 1296 ?Z‘isstdgisssssstssffo
3528 1136 4057 1295 ἓῖᾞῗιὲἶὲῑθὲξ
4070 1146 4382 1292 ἐῒέῗὲἓιῗ
4422 1126 4569 1296 ξὲῗέἷ
4587 1128 4739 1279 &¹33

2899 1317 3019 1361 nec
3063 1299 3259 1362 minis
3304 1319 3422 1364 nec
3482 1296 3735 1381 probris
3790 1318 3948 1363 usus
3998 1298 4103 1375 s‘it,
4162 1306 4231 1362 et
4290 1298 4441 1363 licet
4488 1321 4741 1366 servorum

2897 1384 3007 1466 qui
3053 1382 3339 1449 Carmeli
3386 1382 3675 1463 fuerunt,
3733 1384 4128 1447 mentionem
4194 1384 4498 1460 iniecerit,
4549 1405 4653 1449 non
4692 1407 4742 1451 ea

2898 1469 3154 1534 ratione
3177 1470 3424 1535 factum
3470 1489 3631 1548 esse,
3677 1478 3752 1534 ut
3792 1490 3939 1534 eum
3981 1471 4421 1547 exacerbaret,
4460 1469 4561 1536 sed
4594 1473 4744 1554 potius

2896 1565 2972 1621 ut
3011 1554 3209 1622 fidem
3250 1565 3317 1620 et
3335 1554 3690 1621 amicitiam
3714 1575 3900 1620 suam
3923 1554 4159 1620 Nabali
4184 1556 4512 1638 proderet:
4531 1560 4743 1622 narratio

2894 1639 3058 1707 haec
3101 1642 3384 1724 simplex
3430 1651 3550 1707 est.
3640 1641 3939 1705 Primum
3986 1653 4204 1706 autem
4266 1641 4371 1706 his
4415 1641 4746 1710 observemus

2896 1726 3215 1792 Nabalem
3260 1749 3391 1792 non
3428 1727 3640 1793 solum
3684 1726 3927 1810 ingrati
3951 1726 4152 1792 animi
4176 1728 4279 1791 eui
4302 1728 4570 1815 vitam⁸)
4587 1730 4747 1795 adver-

2897 1835 3010 1877 sus
3056 1812 3399 1888 Davidem,
3445 1812 3560 1877 sed
3598 1812 3795 1877 etiam
3830 1811 4233 1895 impietatem
4268 1834 4453 1879 suam
4487 1814 4746 1890 detexisse.

2898 1899 3420 1981 quandoquidem
3500 1899 3590 1963 ita
3665 1899 4040 1981 petitionem
4108 1919 4295 1963 suam
4360 1901 4649 1981 instituit,
4703 1913 4750 1965 ut

2899 1984 3103 2068 ipsius
3163 1984 3432 2049 Domini
3490 1985 3757 2049 nomine
3812 2004 3853 2048 a
3908 1984 4159 2050 Nabale
4217 1986 4625 2067 postulaverit
4675 1988 4749 2052 ali·

2898 2069 3070 2153 quod
3135 2069 3521 2136 subsidium.
3629 2070 3963 2153 Pauperes
4038 2070 4213 2134 enim
4295 2073 4538 2153 quoties
4602 2073 4755 2155 inopis

2899 2167 3293 2238 premuntur
3317 2206 3331 2233 ,
3399 2175 3523 2221 nec
3589 2156 3833 2221 referre
3896 2156 4179 2240 gratiam
4244 2169 4549 2240 possunt,
4603 2157 4754 2222 Deum

2898 2255 3254 2326 precantur
3296 2253 3371 2307 ut
3416 2262 3611 2325 quam
3655 2242 3779 2325 ipsi
3840 2262 3972 2306 non
4018 2253 4311 2326 possunt,
4374 2244 4547 2310 Deus
4584 2244 4758 2308 referat

2900 2329 2981 2393 iis
3023 2328 3134 2411 qui
3183 2327 3431 2392 miserti
3472 2338 3631 2393 sunt
3663 2328 3978 2411 ipsorum.
4048 2328 4139 2392 Et
4179 2349 4335 2393 sane
4381 2327 4574 2393 divini
4612 2330 4756 2394 nomi·

2903 2414 3007 2479 nis
3050 2415 3578 2478 commemoratio
3625 2413 3800 2493 facit,
3845 2425 3921 2478 ut
3953 2416 4061 2497 qui
4104 2424 4340 2478 natura
4377 2413 4605 2480 sordidi
4638 2428 4758 2490 sunt,

2902 2509 2969 2564 et
3035 2499 3352 2564 avaritiae
3409 2497 3615 2563 dediti
3674 2499 3891 2582 aliquo
3947 2498 4140 2565 modo
4214 2500 4572 2565 flectantur.
4660 2500 4760 2580 Qus

2902 2583 3513 2650 commemoratione
3557 2604 3763 2667 quum
3805 2584 4019 2651 Nabal
4074 2605 4206 2649 non
4262 2586 4353 2650 sit
4412 2586 4671 2665 affectus,
4706 2607 4761 2649 ex

2903 2692 2978 2736 eo
3021 2681 3293 2753 apparet
3335 2672 3547 2754 ipsum
3593 2691 3724 2734 non
3771 2669 3979 2736 solum
4019 2670 4335 2736 adversus
4370 2670 4665 2738 Davidem
4696 2673 4762 2735 in·

2903 2767 3160 2837 gratum
3219 2767 3287 2821 et
3350 2758 3797 2821 immemorem
3856 2756 4150 2822 beneficii
4214 2756 4299 2822 ab
4365 2759 4507 2841 ipso
4566 2759 4761 2840 accepti,

2900 2841 3014 2908 sed
3054 2851 3187 2906 tam
3232 2842 3529 2925 impium,
3587 2852 3663 2905 ut
3708 2863 3790 2906 ne
3832 2842 4118 2907 scintilla
4159 2843 4425 2926 quidem
4471 2844 4691 2927 pietatis
4719 2846 4762 2908 in

2900 2930 3045 3011 ipso
3086 2928 3437 2993 exstiterit.
3486 2925 3700 2993 Decet
3721 2928 3922 3011 igitur
3947 2949 4068 2994 nos
4092 2939 4432 3012 acceptum
4455 2929 4761 2995 beneficium

2901 3023 3196 3097 tempore
3260 3025 3327 3078 et
3390 3012 3530 3078 loco
3607 3034 4061 3096 compensare,
4143 3027 4340 3098 prout
4416 3013 4588 3080 dabit
4638 3013 4767 3078 Deus

2900 3098 3323 3164 occasionem.
3411 3097 3584 3164 Nam
3629 3098 3688 3164 si
3733 3098 4028 3165 hostibus
4071 3101 4456 3167 benefacere
4507 3099 4762 3172 debemus,

2900 3184 3128 3268 quales
3194 3207 3312 3251 nos
3376 3194 3635 3268 oportet
3702 3206 3845 3250 esse
3915 3207 4073 3269 erga
4138 3207 4279 3264 eos,
4362 3187 4478 3268 qni
4540 3197 4767 3250 nostram

2903 3272 3262 3337 amicitiam
3349 3270 3680 3337 beneficiis
3780 3270 3905 3336 sibi
3988 3271 4333 3338 conciliare
4424 3268 4766 3337 studuerint?
4878 3285 4879 3364 ξ

2904 3355 3348 3437 Quamobrem
3406 3355 3810 3440 ingratitudo
3869 3365 4001 3420 tam
4070 3355 4531 3444 detestandum
4585 3356 4767 3424 crimen

2903 3456 3022 3520 est,
3068 3456 3142 3508 ut
3185 3444 3337 3508 licet
3380 3442 3697 3508 adversus
3740 3442 3904 3507 illud
3951 3442 4117 3507 actio
4162 3465 4289 3509 non
4340 3444 4551 3521 detur,
4609 3453 4765 3506 tamen

2905 3528 3089 3594 nulla
3130 3528 3550 3594 excusatione
3592 3549 3663 3592 se
3707 3529 3876 3593 tueri
3919 3528 4172 3611 possint
4212 3530 4322 3612 qui
4348 3529 4559 3595 officio
4587 3526 4766 3592 defeet-

2904 3617 3061 3694 rint,
3106 3625 3173 3678 et
3215 3625 3481 3696 accepta
3526 3614 3837 3680 beneficia
3879 3612 4237 3696 rependere
4272 3636 4410 3680 non
4448 3615 4767 3680 studuerint.

2902 3700 3079 3782 Quin
3122 3700 3256 3765 imo
3301 3700 3360 3764 si
3402 3699 3550 3783 quis
3593 3699 3836 3784 ingrati
3879 3699 4086 3764 animi
4128 3711 4490 3779 accusetur,
4532 3711 4768 3781 tanquam

2903 3786 3190 3852 crudelis
3233 3798 3302 3851 et
3343 3785 3746 3851 inhumanus
3791 3784 3874 3851 ab
3916 3784 4220 3851 omnibus
4266 3785 4626 3863 habebitur,
4661 3804 4771 3866 qua-

2903 3883 3173 3958 propter
3237 3893 3314 3937 eo
3387 3870 3767 3955 diligentius
3848 3870 3955 3937 hic
4029 3869 4444 3937 observanda
4517 3867 4771 3938 sententio

2905 3979 3099 4041 quam
3147 3956 3367 4024 David
3413 3956 3728 4022 adversus
3773 3956 4088 4022 Nabaiem
4133 3957 4285 4022 tulit
4334 3958 4510 4042 quod
4562 3973 4675 4021 tam
4706 3955 4771 4018 in·

2907 4055 3172 4130 gratum
3213 4065 3284 4109 se
3326 4040 3735 4127 praebuisset
3778 4063 3937 4127 erga
3979 4063 4071 4122 se,
4113 4053 4183 4107 et
4226 4063 4478 4110 vacuos
4520 4063 4654 4109 suos
4680 4059 4770 4104 ser-

2910 4152 3025 4196 vos
3070 4129 3443 4196 dimisisset.
3516 4128 3865 4193 Praeterea
3902 4126 4056 4192 hinc
4097 4127 4489 4196 discendum
4531 4149 4640 4195 nos
4671 4125 4771 4191 lieet

2907 4216 3073 4281 nibil
3120 4216 3469 4281 debeamus
3511 4212 3752 4297 aliquid
3796 4234 3836 4277 a
3879 4211 4063 4279 nobis
4099 4216 4497 4297 petentibus,
4540 4231 4770 4279 reveren·

2909 4304 3002 4366 tia
3068 4312 3288 4366 tamen
3358 4299 3569 4365 divini
3641 4300 3924 4364 nominis
3994 4311 4297 4382 oportere
4376 4300 4609 4384 aliquid
4663 4295 4771 4391 ipsi!
4878 4309 4879 4314 ’

2909 4409 3021 4453 ero
3110 4408 3199 4466 re,
3259 4399 3325 4452 et
3381 4387 3768 4450 miserorum
3822 4406 4311 4469 egenorumque
4382 4388 4476 4453 sic
4534 4388 4771 4454 miseren,

2910 4484 2986 4540 ut
3096 4494 3246 4539 eum
3290 4491 3548 4555 semper
3590 4471 3979 4547 intueamur,
4042 4470 4122 4537 de
4162 4472 4355 4538 cuius
4400 4474 4543 4538 iure
4582 4477 4769 4536 tantum

2911 4559 3279 4624 detrahitur
3335 4567 3652 4640 quantum
3710 4556 4105 4641 pauperibus
4163 4568 4486 4643 negatur,
4542 4557 4651 4622 nisi
4694 4568 4770 4634 1³¹⁰

2911 4644 3298 4710 facultatum
3345 4643 3598 4708 ratione
3641 4643 3852 4725 parati
3895 4643 4103 4708 simus
4145 4645 4380 4728 egenis
4424 4663 4602 4728 opem
4638 4641 4767 4705 fem

3081 4729 3410 4812 Deinceps
3468 4748 3626 4794 vero
3685 4740 4052 4811 sequuntur
4096 4729 4373 4796 Nabalia
4432 4732 4557 4796 ista
4607 4723 4769 4792 verbe:

2918 4814 3077 4897 Qm‘s
3119 4820 3210 4882 est
3241 4814 3478 4894 David,
3522 4819 3581 4880 et
3619 4814 3767 4898 quis
3807 4819 3898 4879 est
3934 4813 4117 4896 filius
4158 4814 4365 4882 Issi?
4423 4815 4592 4882 hodie
4632 4813 4769 4875 {aar

2906 4907 3128 4967 verunt
3168 4902 3337 4968 servi
3388 4901 3501 4985 qui
3553 4900 3814 4985 fuyiunt
3865 4900 4155 4966 dominos
4209 4922 4396 4968 suos:
4452 4902 4644 4984 ωἶζαιυ
4673 4909 4769 4978 019*

2895 4990 3899 5069 Ραηεεηιεοε,ειαφιαεωεαε
3954 4992 4013 5051 et
4066 4993 4770 5070 camespeeorumw

2908 5073 3103 5140 occidi
3148 5071 3500 5139 tonsoribus
3539 5072 3712 5152 meis,
3755 5071 4010 5138 etdabo
4050 5074 4215 5140 viris
4254 5059 4771 5156 quosnesoiondt

3080 5261 3142 5331 ·)
3173 5263 3313 5333 1090.-
3350 5261 3552 5317 vitium.
