5059 6059
322 326 442 396 289

320 518 481 586 entia
530 518 929 599 exspectare.
1017 511 1213 581 Hanc
1270 516 1327 582 si
1386 514 1580 584 mulu‘
1635 514 1999 584 doctrinam
2042 537 2233 586 usur-
2336 515 2800 596 cumbendum,
2869 525 2943 584 ut
3008 516 3087 584 de
3155 517 3301 585 Dec
3364 517 3724 620 loquentes,

1656 325 1759 392 IN
1802 327 1856 394 1.
1902 327 2085 396 LIB.
2130 326 2539 398 summm„
2582 326 2782 396 OAP.
2825 327 2917 394 ΙΙ.

4145 332 4279 400 2oe

3811 520 4009 588 simul
4073 522 4272 589 etiam

319 612 551 690 parent,
609 602 835 683 utique
894 618 1023 664 non
1081 609 1468 684 personaret
1524 623 1639 668 aer
1697 610 1795 668 tot
1838 602 2232 687 blasphemis
2335 603 2554 687 ipsum
2591 604 3095 684 sanctificemus,
3139 603 3308 670 nihil
3354 604 3436 672 de
3478 623 3622 688 ipso
3666 620 3928 686 temere,
3976 616 4054 674 ιιι
4085 608 4170 674 de
4201 629 4276 676 re

321 701 381 758 et
420 684 754 755 horrendis
796 685 1087 762 vocibus,
1133 706 1298 770 quas
1342 687 1653 772 flagitiosi
1695 686 1996 756 homines
2039 690 2233 757 vehe-
2333 690 2616 767 mortali,
2679 689 3078 774 cogitantes:
3135 689 3252 756 sed
3313 691 3520 775 ipsius
3574 712 3819 758 numen
3878 703 4274 762 venerantes

320 776 591 844 mentius
642 773 779 839 suis
835 772 1253 855 passionibus
1308 773 1562 840 efferati
1620 788 1916 854 vomunt,
1974 775 2103 842 nisi
2147 796 2229 842 ex
2330 795 2408 842 ac
2470 776 2781 842 timentes
2843 774 3170 842 discamus
3211 774 3295 842 ab
3337 797 3415 842 eo
3458 797 3590 843 nno
3632 799 3826 842 omne
3869 779 3938 843 in
3985 800 4104 845 nos
4147 780 4271 845 im·

318 861 569 930 arbitrio
621 870 687 924 et
739 856 1008 923 libidine
1060 851 1221 941 ipsis
1276 860 1503 926 omnia
1556 859 2005 928 successerint.
2092 860 2229 928 Nos

318 967 457 1016 vcro
539 952 790 1021 contra,
877 963 1077 1025 quum
1148 943 1535 1012 facinorosos
1599 945 1903 1031 superbia
1968 959 2228 1033 turgere

322 1032 694 1107 videbimus,
739 1049 990 1112 nosque
1018 1027 1291 1111 pedibus
1326 1032 1465 1098 suis
1507 1033 1910 1112 conculcare,
1955 1051 2030 1099 ac
2075 1053 2225 1100 eon·

318 1119 484 1186 viciis
524 1127 595 1184 et
636 1115 897 1200 probris
930 1136 1221 1194 onerare,
1265 1116 1603 1183 silentium,
1637 1117 1848 1184 colere
1882 1118 2227 1201 discamus,

316 1206 622 1288 tantisper
681 1202 841 1268 dum
898 1200 1081 1266 Deus
1131 1222 1253 1268 nos
1308 1202 1623 1270 adversus
1671 1204 1684 1217 “
1812 1226 1956 1270 rum
2000 1221 2226 1287 super·

313 1291 469 1359 biam
501 1287 949 1355 corroboratos
981 1287 1327 1367 exhilaret,
1373 1309 1657 1372 veraque
1716 1291 1941 1356 aetitia
1975 1290 2224 1373 perfrui

308 1378 504 1446 faciat.
594 1374 793 1440 Hane
848 1371 933 1437 ob
975 1393 1239 1439 causam
1286 1377 1484 1440 Anna
1529 1373 1867 1442 dilatatum
1913 1396 1988 1441 os
2028 1397 2224 1443 suum

309 1485 347 1530 a
382 1461 667 1528 Domino
710 1459 869 1525 dicit
911 1478 1109 1559 super
1149 1480 1306 1530 suos
1349 1458 1792 1560 adversarios:
1835 1460 2014 1562 dedit
2044 1462 2224 1528 enim

306 1570 423 1703 :35
449 1549 1141 1730 ἕέἓέἰῗῖιῒωῗῗῖζὲἓ
1176 1554 2226 1716 0⁰u⁰mu2m21⁶m21i‘11?;2‘⁰02¹2⁰²’133

307 1721 487 1787 terim
530 1740 697 1785 vero
740 1717 1011 1783 minime
1064 1714 1337 1784 dubium
1393 1727 1495 1786 est
1536 1719 1694 1802 quin
1738 1739 1811 1784 se
1854 1719 1924 1786 in
1964 1720 2224 1786 silentio

304 1809 615 1892 patienter
656 1802 1074 1886 continuerit,
1120 1803 1290 1885 quod
1328 1803 1541 1886 ipsam
1575 1806 1666 1870 ita
1704 1804 1884 1871 Deus
1918 1826 2223 1873 exercere

308 1903 372 1959 st
405 1890 839 1959 humilitatem
885 1888 1115 1954 docere
1160 1888 1283 1954 hac
1319 1891 1573 1956 ratione
1619 1890 1915 1956 voluerit.

462 1978 829 2061 Pergamus
872 1974 957 2041 ad
1002 1974 1286 2056 reliqua:
1346 1974 1495 2042 Noa
1535 1980 1645 2056 ed,
1698 1977 1930 2059 inquit,
1972 1982 2223 2044 caumas

308 2061 2221 2142 &Bucinumctnouoetfortissicuiffluemsten

308 2148 534 2232 Quibus
574 2149 800 2215 verbis
832 2147 1054 2213 innuit
1088 2146 1194 2210 vel
1227 2147 1562 2213 tantillum
1594 2170 1639 2214 a
1676 2149 1819 2213 Deo
1845 2147 2221 2216 recedentes

306 2235 453 2302 nihil
508 2235 643 2301 nisi
686 2232 949 2299 fraudes
991 2243 1059 2297 et
1101 2230 1280 2298 dolos
1327 2233 1812 2317 vanitatemque
1855 2245 2220 2317 reportare:

303 2333 506 2389 contra
568 2318 723 2386 Deo
780 2319 898 2384 uni
963 2317 1397 2385 adhaerentes
1464 2319 1625 2385 nihil
1686 2328 1994 2403 expetere
2035 2339 2222 2388 cuius

296 2408 427 2474 fieri
470 2416 813 2490 compotes
871 2425 1004 2470 non
1060 2403 1332 2487 possint.
1420 2404 1593 2471 Nam
1651 2426 1809 2473 voce
1866 2405 1979 2471 illa
2019 2405 2221 2472 sandi

296 2495 497 2559 emnia
553 2493 726 2558 haec
784 2494 980 2556 Anna
1020 2487 1497 2572 complectitur.
1582 2488 1699 2558 Sic
1741 2491 2026 2576 exempli
2071 2513 2218 2575 gra-

294 2580 394 2659 tia,
452 2599 665 2664 quum
728 2576 1053 2660 supplices
1098 2574 1245 2640 Deo
1310 2576 1463 2642 fact-i
1528 2577 1810 2660 petimus
1865 2577 1947 2644 ab
1992 2599 2069 2644 eo
2111 2598 2220 2644 res

294 2665 467 2731 nobis
531 2665 941 2730 necessarias
1007 2661 1436 2746 suppeditari,
1524 2663 1617 2727 ita
1677 2683 1798 2729 nos
1864 2682 2219 2747 agnoscere

290 2752 488 2835 ipsum
538 2749 765 2815 omnis
804 2747 1186 2831 sapientiae,
1248 2747 1577 2828 bonitatis,
1620 2767 1696 2814 ac
1739 2749 2028 2814 iustitiae
2071 2747 2217 2815 fon-

290 2844 408 2903 tem
474 2838 887 2921 profitemur.
976 2831 1197 2914 Quare
1272 2844 1416 2900 tum
1500 2835 1680 2900 Deus
1754 2843 2024 2901 sauctus
2096 2843 2215 2913 est,

286 2943 470 3007 quum
527 2922 737 2989 talem
793 2940 941 2986 eum
987 2919 1198 3002 qualis
1242 2933 1342 2988 est
1385 2920 1836 3004 agnoscimus:
1892 2941 2101 3003 neque
2143 2919 2215 2986 in

284 3007 509 3075 idolum
554 3006 1128 3084 transformemus,
1172 3005 1287 3072 sed
1329 3005 1501 3089 quod
1550 3006 1664 3071 uni
1706 3006 1830 3089 ipsi
1874 3007 2215 3090 proprium

284 3110 373 3162 cst
424 3094 879 3171 attribuimus,
934 3112 977 3156 a
1036 3091 1303 3175 reliquis
1360 3090 1667 3158 omnibus
1724 3091 1921 3158 rebus
1974 3091 2217 3159 creatis

284 3182 690 3248 maiestatem
753 3178 895 3245 eius
944 3187 1321 3259 separantes
1379 3178 1672 3244 debitum
1729 3177 1855 3261 ipsi
1898 3177 2215 3244 honorem

285 3264 607 3347 habemus,
656 3285 790 3331 non
821 3274 1078 3330 tantum
1108 3262 1279 3347 quod
1313 3283 1434 3329 suo
1469 3263 1742 3347 imperio
1774 3265 1996 3330 omnia
2032 3273 2217 3346 regat

285 3364 343 3419 et
380 3352 816 3433 administret,
861 3348 977 3416 sed
1023 3350 1309 3415 maxime
1349 3349 1523 3433 quod
1565 3349 1917 3417 sceleratos
1958 3351 2212 3416 meritis

285 3441 489 3590 floccis
554 3438 818 3513 afficiat,
884 3455 1163 3534 suosque
1235 3434 1465 3501 fideles
1533 3436 1837 3534 misertus
1906 3434 2209 3504 vindicet.

284 3549 396 3677 s:
441 3520 2212 3706 ³3:2²⁰ssae:¹322tsiri‘zsszzuzfflszfflssswffs

283 3694 440 3763 Nam
498 3716 711 3780 quum
771 3695 899 3758 Des
956 3693 1269 3758 virtutem
1311 3693 1751 3773 obscuramus,
1796 3696 2206 3758 sanctitatem

285 3782 413 3848 eius
490 3783 937 3866 profanamus.
1036 3777 1327 3861 Insignis
1414 3778 1591 3843 enim
1657 3779 2023 3862 profanatio
2087 3789 2211 3857 est,

285 3887 469 3950 quum
530 3868 756 3932 Deum
816 3865 1168 3931 autoritate
1223 3885 1344 3929 sua
1400 3864 1775 3946 spoliamus.
1865 3868 1959 3931 Δι
2010 3864 2206 3949 longe

285 3956 475 4020 satius
524 3961 706 4021 esset
764 3951 1143 4017 universum
1201 3950 1422 4016 orbem
1468 3949 1758 4028 interire,
1817 3970 2014 4032 quam
2064 3952 2204 4017 Deo

283 4038 373 4104 sic
410 4040 709 4106 illudere.
798 4036 890 4102 Et
933 4046 1153 4102 tamen
1196 4047 1517 4119 quantum
1560 4035 1641 4101 ab
1686 4036 1809 4102 hoc
1845 4036 2201 4103 absumus?

281 4123 441 4191 Nam
501 4145 714 4210 quum
772 4144 915 4189 sese
974 4122 1161 4188 nobis
1214 4120 1540 4205 patefacit,
1608 4131 1677 4187 et
1731 4122 1943 4205 ipsum
1989 4122 2203 4205 qualis

278 4222 376 4275 est
423 4233 557 4278 non
613 4209 1054 4294 agnoscimus:
1117 4228 1315 4291 quum
1360 4206 1559 4272 fidem
1604 4217 1897 4273 nostram
1943 4217 2013 4273 et
2055 4208 2201 4274 obe-

277 4294 581 4364 dientiam
654 4296 971 4378 explorat,
1049 4303 1114 4358 et
1173 4295 1240 4357 in
1299 4292 1518 4375 ipsum
1564 4291 1864 4358 fiduciam
1910 4304 2200 4361 nostram

277 4403 401 4447 non
456 4383 860 4467 reponimus,
917 4388 984 4444 et
1037 4379 1105 4443 in
1162 4377 1625 4444 afflictionibus
1680 4378 1761 4445 ad
1824 4382 2039 4463 ipsum
2086 4401 2202 4463 per

274 4487 495 4551 preces
530 4491 667 4534 non
711 4469 1152 4549 confugimus:
1198 4485 1403 4547 quum
1439 4463 1718 4547 denique
1759 4465 1842 4531 ab
1884 4467 2025 4549 ipso
2068 4488 2203 4533 cas·

274 4555 478 4637 tigati,
538 4576 663 4620 nos
702 4553 831 4636 ipsi
870 4572 1001 4617 non
1043 4550 1508 4626 submittimus,
1567 4570 1790 4615 annon
1822 4551 2203 4634 profanatae

271 4639 631 4707 maiestatis
695 4639 901 4722 ipsius
966 4638 1059 4703 rel
1126 4639 1359 4702 merito
1423 4635 1745 4701 dicimur?
1836 4636 1927 4702 Et
1992 4637 2199 4703 multo

270 4728 477 4810 magis
544 4727 763 4791 adhuc
820 4745 1021 4806 quum
1080 4724 1146 4787 in
1207 4722 1729 4805 indignationem
1788 4743 1991 4805 usque
2050 4743 2198 4806 pro-

270 4812 627 4896 gredimur,
684 4821 753 4876 et
811 4810 1225 4891 blasphemas
1270 4829 1457 4874 voces
1504 4808 1743 4874 frustra
1783 4808 1971 4873 illum
2014 4809 2198 4874 invo-

270 4900 419 4976 cari,
480 4900 726 4963 frustra
768 4894 1045 4978 denique
1087 4915 1271 4977 spem
1313 4893 1381 4958 in
1427 4894 1549 4957 illo
1587 4895 1745 4978 poni
1786 4897 2203 4963 eructamus?

2329 861 2585 945 perium
2663 882 2740 928 ac
2817 859 3326 928 dominationem
3389 860 3883 950 αόιοαραεορικῆν
3938 865 4271 932 obtinente

2324 947 2424 1013 sic
2468 947 2774 1031 pendere,
2839 956 2920 1013 ιιι
2956 948 3029 1012 in
3074 968 3208 1013 uno
3253 948 3393 1031 ipso
3437 970 3618 1033 spem
3663 970 3928 1016 omnem
3972 961 4268 1017 nostram

2332 1033 2747 1114 collocemus,
2794 1031 2878 1099 ad
2923 1033 3189 1099 unicum
3238 1034 3452 1117 ipsum
3488 1034 3964 1118 confugiamus,
4009 1048 4085 1101 ut
4121 1036 4271 1103 boni

2330 1121 2546 1185 omnis
2606 1119 2854 1185 fontem
2914 1129 2981 1184 ct
3039 1119 3382 1204 originem,
3455 1131 3633 1186 certo
3694 1123 3988 1203 persuasi
4030 1143 4151 1189 nos
4195 1124 4268 1187 in

2325 1205 2471 1289 ipso
2525 1204 2845 1288 quidquid
2910 1202 3099 1271 nobis
3151 1226 3313 1287 opus
3369 1206 3568 1272 fuerit
3631 1206 4040 1276 inventuros.
4127 1208 4273 1275 Hac

2328 1291 2583 1357 ratione
2642 1291 2858 1356 Deum
2919 1290 3332 1357 sanctificare
3376 1313 3497 1358 nos
3541 1291 3762 1358 decet:
3822 1305 3892 1359 et
3933 1305 4272 1377 praeterea

2326 1375 2456 1444 huc
2527 1378 2750 1443 omnia
2812 1385 2959 1442 vota
3018 1389 3246 1443 nostra
3301 1376 3644 1462 dirigenda
3697 1391 3774 1443 ιιι
3832 1399 4069 1445 nomen
4128 1382 4270 1447 eius

2328 1483 2587 1546 semper
2672 1462 3133 1542 sanctificetur,
3220 1463 3500 1530 scientes
3585 1484 3790 1547 quum
3866 1487 3950 1530 ex
4016 1465 4268 1532 Christi

2328 1548 2642 1614 mandato
2704 1548 2987 1631 petimus
3030 1548 3098 1613 in
3142 1548 3437 1614 oratione
3480 1548 3808 1616 dominica
3851 1571 4094 1616 nomen
4137 1550 4272 1617 Dei

2326 1635 2741 1715 sanctificari,
2808 1632 3131 1716 publicam
3199 1654 3339 1700 esse
3405 1636 3962 1718 protestationem,
4023 1640 4093 1702 in
4141 1659 4261 1705 nos

2325 1721 2503 1803 ipsos
2560 1719 3101 1798 redundaturum,
3167 1719 3228 1786 si
3282 1741 3524 1786 nomen
3581 1720 3707 1788 Dei
3765 1721 3984 1788 verbis
4023 1724 4268 1788 sancti-

2325 1807 2508 1872 ficari
2571 1805 2994 1889 postulantes,
3053 1806 3239 1871 factis
3299 1805 3535 1872 deinde
3593 1808 3833 1873 nostris
3892 1805 4068 1873 idem
4113 1829 4264 1892 pro·

2323 1893 2629 1958 sanamus
2671 1904 2865 1974 atque
2908 1890 3280 1974 polluimus.

2499 1978 2854 2044 Caeterum
2893 1997 3093 2058 quum
3133 1977 3228 2042 ait
3268 1976 3517 2043 natum
3561 1996 3695 2043 esse
3731 1983 4018 2044 samm
4059 1984 4134 2044 ut
4176 1985 4267 2046 cst

2322 2061 2661 2139 Dominae,
2720 2084 2804 2128 ex
2858 2061 3292 2128 admiratione
3349 2060 3614 2128 divinae
3671 2065 4031 2130 maiestatis
4087 2065 4261 2132 facit.

2324 2146 2519 2230 Quod
2579 2148 2953 2230 exemplum
3011 2145 3199 2213 nobis
3254 2146 3363 2213 hic
3420 2147 3810 2213 imitandum
3856 2151 4260 2233 proponitur,

2323 2249 2399 2299 ut
2438 2253 2641 2317 quum
2684 2235 3010 2300 infinitam
3056 2233 3182 2299 Dei
3228 2234 3604 2316 potentiam,
3649 2235 3962 2300 iustitiam
4001 2256 4078 2302 ao
4121 2260 4258 2304 rec-

2324 2319 2672 2386 titudinem
2719 2318 3019 2386 meditati
3062 2319 3403 2396 fuerimus,
3447 2319 3519 2384 in
3564 2319 3754 2386 nobis
3787 2321 3946 2403 ipsis
3979 2342 4264 2390 commo·

2325 2427 2618 2482 veamur,
2663 2415 2861 2488 atque
2903 2404 3066 2472 haec
3107 2406 3328 2471 animo
3371 2413 3594 2471 nostro
3637 2425 4012 2472 versemus:
4065 2407 4262 2488 Quid,

2324 2492 2630 2572 Domine,
2706 2492 3038 2568 faciamus,
3105 2511 3309 2574 quum
3375 2512 3462 2555 ne
3521 2491 3936 2557 millesimam
3999 2493 4263 2576 quidem

2324 2587 2587 2643 tuarum
2655 2576 2977 2644 virtutum
3063 2585 3275 2642 artem
3333 2587 3554 2643 mente
3597 2597 4039 2660 assequamur,
4104 2599 4261 2663 quo·

2322 2662 2516 2729 modo
2561 2663 2758 2743 digne
2801 2684 2911 2729 eas
2947 2683 3020 2729 ce
3046 2662 3397 2729 obremus?
3444 2662 3660 2728 Extra
3694 2684 3813 2727 nos
3847 2663 4052 2748 igitur
4083 2665 4262 2749 ipsos

2321 2749 2698 2816 exeundum
2757 2749 2945 2815 nobis
2989 2756 3106 2825 est,
3162 2757 3239 2813 ut
3281 2769 3483 2831 snpra
3522 2761 3848 2813 terrarum
3889 2750 4116 2816 orbem
4159 2761 4258 2816 to·

2323 2844 2464 2901 tum
2524 2835 2896 2912 efferamur,
2955 2854 3163 2918 quum
3206 2833 3289 2899 de
3333 2832 3475 2899 Deo
3520 2834 3710 2899 nobis
3755 2836 4000 2899 mentio
4041 2837 4261 2922 aliqua

2321 2920 2637 3000 facienda,
2695 2929 2814 2986 aut
2870 2920 3068 2986 etiam
3123 2919 3383 3003 quando
3446 2939 3597 2984 cum
3639 2922 3780 3001 ipso
3826 2929 3926 2985 est
3969 2942 4257 2988 commu·

2320 3005 2695 3072 nicandum.
2783 3004 2935 3088 Qua
2976 3006 3046 3070 in
3091 3026 3163 3070 re
3215 3005 3537 3071 Davidem
3572 3004 3908 3088 exemplar
3942 3005 4260 3073 habemus

2319 3091 2734 3170 imitandum,
2806 3112 3008 3175 quum
3077 3091 3203 3170 ait,
3271 3091 3556 3158 Domine
3620 3111 3818 3174 quam
3882 3099 3996 3158 tua
4059 3114 4258 3177 opera

2319 3191 2477 3243 sunt
2532 3176 2937 3255 admiranda,
3004 3185 3076 3243 ιιι
3138 3176 3357 3242 efferri
3403 3196 3479 3243 ac
3553 3178 3845 3242 narrarri
3914 3197 4046 3242 non
4107 3199 4255 3262 pos-

2319 3263 2474 3339 sint,
2543 3263 2976 3330 nihilomdnus
3019 3262 3375 3328 eorundem
3422 3262 3869 3327 narrationem
3943 3263 4252 3331 institnit.

2317 3350 2521 3450 Atqui
2581 3349 2710 3415 duo
2766 3349 2882 3415 illa
2939 3350 3114 3414 iuter
3168 3368 3241 3414 se
3285 3351 3610 3414 contraria
3651 3368 3794 3414 esse
3838 3346 4253 3430 videbuntur,

2317 3434 2445 3501 nisi
2535 3434 2859 3500 Davidem
2937 3433 3380 3518 intelligamus
3445 3454 3564 3516 pro
3626 3454 3752 3499 sua
3814 3451 4121 3501 mensura
4186 3448 4254 3503 et

2311 3530 2509 3604 captu
2575 3531 3000 3586 narraturum
3066 3520 3328 3603 quidem
3389 3540 3811 3602 quaecunque
3870 3520 3949 3585 de
4007 3521 4249 3591 divinis

2310 3605 2617 3689 operibus
2658 3608 2922 3690 poterit,
2967 3604 3083 3671 sed
3128 3625 3207 3671 ea
3250 3613 3470 3671 tamen
3517 3605 3684 3670 nihil
3719 3625 3863 3671 esse
3897 3604 3981 3670 ad
4013 3628 4247 3674 eorum
4368 3615 4372 3622 '

2309 3691 2764 3760 excellentiam
2800 3701 2868 3758 et
2897 3712 2968 3756 m
3125 3690 3443 3756 tudinem.
3526 3691 3698 3756 Nam
3737 3692 4028 3757 humana
4061 3714 4248 3761 mens

2310 3778 2589 3844 crassior
2646 3787 2750 3844 est
2805 3799 2884 3843 ac
2929 3711 3123 3842 riffiin
3119 3797 3153 3842 r
3194 3797 3390 3860 quam
3437 3785 3513 3841 ut
3555 3776 3932 3842 divinorum
3976 3798 4246 3861 operum

2308 3866 2717 3931 maiestatem
2792 3870 3196 3945 assequatur.
3287 3863 3505 3945 Atque
3574 3862 3682 3929 hic
3740 3872 3838 3928 est
3899 3863 4245 3930 verborum

2309 3954 2544 4020 Annae
2587 3970 2837 4033 sensus,
2882 3947 3141 4014 nullum
3185 3968 3326 4014 esse
3361 3956 3661 4014 sanctum
3695 3949 3824 4014 nisi
3857 3949 4248 4016 Dominum.

2308 4035 2569 4102 Deinde
2640 4033 2896 4101 nullum
2954 4036 3019 4099 in
3074 4031 3456 4099 hominibus
3505 4054 3648 4099 esse
3706 4033 3906 4100 robur
3962 4037 4250 4101 ostendit

2306 4121 2434 4188 nisi
2481 4142 2523 4187 a
2560 4120 2843 4187 Domino
2876 4120 3292 4203 promanarit,
3337 4138 3540 4202 quum
3574 4118 3656 4184 ad
3692 4120 4031 4202 superiora
4063 4121 4242 4188 istud

2304 4207 2517 4275 addit:
2567 4206 2715 4274 Non
2757 4227 2890 4274 csse
2928 4206 3150 4287 fortem
3189 4205 3354 4271 simet
3385 4203 3599 4270 Deum
3630 4211 3933 4271 nostram.
4021 4208 4241 4289 Atque

2305 4293 2437 4360 huc
2482 4292 2666 4359 nobis
2709 4290 3216 4374 confugiendum
3260 4311 3299 4355 a
3345 4290 3487 4355 Deo
3529 4291 3811 4374 gratiam
3849 4300 3914 4357 et
3949 4292 4238 4358 favorem

2304 4379 2868 4462 exspectantibus:
2914 4377 3056 4453 hcc,
3099 4376 3392 4459 inquam,
3430 4376 3558 4441 Dei
3593 4378 3889 4443 roburac
3925 4376 4239 4444 fortitudo

2301 4465 2556 4531 cunctis
2620 4462 3092 4530 tentationibus
3150 4460 3539 4546 opponenda
3595 4472 3768 4527 sunt.
3858 4461 4040 4526 Haec
4081 4474 4238 4528 sunt

2305 4552 2630 4616 maximae
2700 4550 2933 4632 quibus
3005 4567 3127 4613 nos
3201 4548 3408 4613 Satan
3467 4547 3762 4613 adoritur
3820 4548 4235 4628 tentationes,

2302 4651 2377 4700 ut
2440 4636 2599 4701 dum
2655 4656 2876 4701 rerum
2935 4634 3374 4699 humanarum
3437 4632 3812 4716 adspectum
3871 4632 4235 4699 terribilem

2301 4731 2367 4787 et
2411 4720 2812 4787 horrendum
2851 4720 3034 4786 nobis
3068 4717 3306 4795 obiicit,
3354 4720 3448 4784 sic
3484 4719 3797 4801 percellat
3833 4729 3902 4781 ut
3939 4718 4234 4785 animum

2301 4828 2568 4890 prorsus
2626 4806 3027 4872 abiiciamus.
3117 4804 3196 4871 Si
3238 4806 3406 4870 forte
3449 4804 3735 4869 hostium
3781 4803 3848 4867 in
3897 4823 4016 4869 nos
4062 4806 4233 4869 mul·

2299 4893 2512 4958 titudo
2578 4893 3027 4974 insurrexerit,
3105 4892 3302 4956 robur
3373 4909 3449 4954 ae
3509 4890 3863 4972 potentiam
3921 4889 4230 4971 ipsorum,

271 4982 374 5048 En
415 4985 657 5068 quibus
699 4983 907 5047 modis
950 4981 1170 5047 miseri
1215 4978 1526 5045 mortales
1571 4979 1947 5063 profanatae
1993 4980 2201 5065 pollu·
2245 5027 2254 5080 ι
2300 5000 2665 5055 numerum,
2726 4976 3142 5055 munitiones,
3185 4985 3573 5060 apparatum
3621 4974 3943 5051 bellicum,
3990 4995 4228 5060 propu-

270 5077 499 5153 tacque
545 5069 811 5134 divinae
854 5068 1215 5133 maiestatis
1258 5065 1354 5132 rei
1399 5065 1598 5130 fiunt:
1668 5066 1807 5131 Deo
1844 5087 1974 5129 non
2012 5068 2197 5131 attri-

270 5152 542 5220 buentes
585 5155 758 5237 quod
803 5155 1006 5238 ipsius
1052 5155 1357 5217 maiestas
1402 5152 1691 5235 requirit.
1780 5149 2201 5236 Quapropter

270 5261 343 5305 eo
386 5243 635 5308 maiore
690 5262 849 5307 cura
911 5251 977 5306 et
1039 5235 1479 5304 sollieitudine
1542 5238 1613 5304 in
1678 5235 1801 5303 hoc
1866 5239 2053 5305 nobis
2097 5239 2197 5304 in·

469 5342 701 5403 calva&
728 5357 917 5413 opera.
992 5340 1115 5399 Vol.
1142 5339 1377 5398 XXIX.

2299 5065 2604 5148 gnacula,
2668 5083 2899 5130 currus
2964 5073 3273 5138 armatos,
3340 5069 3410 5125 et
3463 5060 3700 5125 similia
3757 5060 3965 5125 multa
4021 5060 4230 5129 Satan

2302 5151 2547 5216 nostris
2595 5149 2801 5216 oculis
2834 5149 3116 5216 subiicit.
3183 5146 3439 5228 Quibus
3475 5167 3631 5211 sane
3653 5146 4232 5235 terriculamentis,

2296 5235 2380 5303 ad
2437 5237 2726 5321 primum
2781 5236 3045 5301 illorum
3101 5233 3478 5318 adspectum
3537 5231 3980 5315 deiiceremnr,
4046 5234 4103 5300 si
4158 5235 4233 5302 in

3763 5332 3830 5389 19
