5059 6059
678 328 812 394 663

682 519 888 583 vitam
944 535 1135 581 suam
1196 510 1542 587 dedebant,
1589 530 1754 591 quos
1800 532 1836 574 e
1881 532 2083 576 manu
2128 509 2647 576 Philistaeorum

683 623 878 685 saepe
920 601 1276 682 eripuerat,
1322 608 1389 663 et
1433 617 1553 680 pro
1597 596 1761 678 ipsis
1807 595 2128 663 adversus
2174 596 2648 662 infensissimos

683 688 904 752 hostes
964 687 1057 750 ita
1108 685 1557 767 depugnarat,
1630 691 1706 746 ut
1765 682 2001 747 merito
2060 680 2235 765 apud
2292 703 2520 747 omnes
2580 684 2648 747 in

684 773 934 837 honore
992 783 1061 835 et
1116 772 1329 853 pretio
1389 789 1531 834 esse
1585 765 1933 832 debuerit?
2021 768 2158 833 Sed
2204 769 2452 852 ingrati
2494 778 2650 833 sunt

684 870 752 923 et
809 858 1015 941 iniqui
1076 854 1343 933 Davidi,
1398 866 1466 918 et
1526 852 1863 936 indignam
1924 855 2293 920 mercedem
2350 853 2650 920 laborum

685 946 741 1009 ci
813 943 1208 1019 tribuerunt,
1276 960 1478 1022 quum
1547 940 1656 1004 alii
1718 939 1935 1022 ipsum
1999 939 2465 1023 prodiderunt,
2536 940 2649 1005 alii

684 1030 887 1094 armis
932 1028 1264 1111 insequuti
1309 1035 1484 1090 sunt.
1551 1023 1810 1106 Quibus
1861 1025 2167 1091 omnibus
2211 1028 2499 1109 peccatis
2546 1027 2648 1090 in-

688 1114 931 1197 voluti,
991 1134 1150 1178 sane
1208 1114 1479 1177 fuerunt
1537 1109 1902 1193 dignissimi
1959 1132 2118 1195 quos
2164 1113 2347 1177 Deus
2393 1113 2648 1196 gravie-

689 1204 852 1264 sime
878 1202 1162 1282 puniret.
1210 1197 1554 1277 Quantum
1581 1197 1755 1261 enim
1783 1208 2122 1280 peccatum
2160 1209 2262 1263 est
2298 1198 2645 1262 innoxium

688 1289 1075 1366 sanguinem
1139 1282 1446 1359 fundere,
1512 1293 1809 1365 potestne
1867 1285 2267 1366 impunitum
2328 1282 2644 1348 manere?

688 1371 834 1434 Etsi
863 1392 1016 1434 vero
1047 1369 1368 1434 Davidem
1408 1367 1666 1450 quidem
1692 1391 1824 1434 non
1868 1369 2362 1454 interfecerunt,
2409 1370 2647 1434 millies

692 1468 913 1520 tamen
946 1478 1025 1519 ex
1068 1458 1357 1539 ipsorum
1395 1454 1734 1518 voluntate
1781 1466 2080 1520 mortuus
2125 1466 2244 1538 est,
2289 1466 2366 1520 ut
2411 1456 2647 1519 merito

691 1543 910 1606 caedis
970 1542 1146 1607 illius
1192 1560 1404 1604 coram
1452 1538 1742 1605 Domino
1799 1542 1891 1605 rei
1952 1542 2106 1605 sint.
2197 1541 2644 1621 Quamobrem

694 1648 778 1690 ne
814 1648 1055 1692 novum
1094 1638 1160 1691 et
1198 1626 1490 1691 insolens
1537 1627 1725 1691 nobis
1770 1627 2077 1691 videatur
2098 1626 2317 1691 Deum
2365 1627 2646 1710 punien-

691 1722 820 1776 tem
884 1712 1186 1787 Saulem,
1256 1713 1321 1775 in
1384 1712 1555 1775 idem
1616 1712 2013 1795 supplicium
2073 1715 2268 1777 etiam
2331 1712 2643 1794 populum

688 1798 1081 1877 involvisse,
1164 1797 1686 1880 quandoquidem
1768 1820 1995 1863 omnes
2071 1799 2371 1863 certatim
2438 1799 2646 1882 ipsius

687 1885 854 1947 iram
915 1884 1234 1948 adversus
1294 1905 1363 1947 se
1423 1884 1598 1965 ipsos
1654 1893 2111 1966 provocarant.
2200 1884 2379 1950 Hinc
2423 1884 2646 1965 itaque

688 1969 1015 2033 discamus
1062 1969 1283 2032 Deum
1347 1968 1685 2034 ardentius
1753 1992 1948 2052 quam
2017 1970 2302 2035 solemus
2348 1971 2672 2052 precarit'

688 2055 875 2119 nobis
906 2055 1078 2119 enim
1114 2054 1583 2136 persuademus
1612 2056 1826 2119 Deum
1867 2057 1926 2120 si
1966 2077 2097 2120 non
2138 2057 2350 2137 primo
2387 2075 2645 2137 quoque

689 2158 979 2222 tempore
1037 2141 1289 2220 flagitia
1336 2139 1672 2204 hominum
1723 2142 1914 2223 punit
1960 2141 2319 2206 eorundem
2366 2142 2644 2205 oblitum

676 2246 850 2300 esse,
911 2235 978 2290 et
1041 2226 1197 2290 inde
1264 2227 1685 2291 occasionem
1734 2228 2057 2292 sumimus
2123 2227 2314 2291 nobis
2382 2225 2645 2291 delitias

681 2310 977 2388 faciendi,
1043 2326 1110 2377 et
1170 2311 1371 2375 veluti
1435 2312 1604 2375 laxis
1668 2311 1947 2377 habenis
1993 2313 2060 2376 in
2108 2313 2436 2394 quaelibet
2486 2311 2643 2376 vitia

679 2418 795 2481 spe
831 2397 1250 2478 impunitatis
1290 2398 1542 2462 ruendi.
1592 2395 1726 2463 Sed
1755 2398 1940 2463 Deus
1986 2410 2250 2480 peccata
2295 2397 2642 2462 hominum

677 2504 816 2548 non
860 2483 1287 2559 obliviscitur,
1338 2503 1509 2563 quae
1553 2482 1709 2548 licet
1757 2493 1979 2547 vetera
2025 2485 2163 2548 sint
2207 2505 2325 2548 suo
2372 2483 2640 2547 tandem

684 2584 979 2648 tempore
1037 2568 1253 2650 punit.
1342 2567 1443 2632 Ac
1498 2588 1660 2633 sane
1702 2570 2110 2651 experientia
2156 2568 2365 2634 edocti
2411 2589 2642 2652 sapere

683 2653 1016 2718 debemus.
1108 2653 1276 2717 Nam
1339 2653 1514 2718 unde
1572 2655 1664 2728 fit,
1723 2654 2009 2729 obsecre,
2076 2664 2151 2718 ut
2206 2655 2399 2719 multi
2445 2674 2643 2737 saepe

682 2740 829 2804 Deo
884 2738 1062 2820 ipsos
1119 2736 1455 2820 affligente
1511 2740 1936 2805 vehementer
1980 2740 2298 2816 laborent,
2344 2749 2410 2804 et
2455 2740 2642 2805 anxii

680 2826 846 2903 sint,
906 2843 1266 2906 causasque
1326 2825 1668 2906 requirant
1725 2846 1926 2908 quare
1985 2825 2206 2890 Deum
2266 2846 2419 2891 cum
2481 2826 2643 2907 ipsis

679 2919 836 2994 agat
885 2922 1014 2973 tam
1062 2908 1340 2973 severe?
1427 2908 1557 2976 Sed
1606 2930 1736 2974 non
1784 2921 2095 2976 revocant
2139 2913 2208 2975 in
2256 2912 2641 2976 memoriam

679 2995 1074 3078 praeteritos
1137 2994 1296 3075 dies,
1355 3004 1422 3059 et
1479 2996 1847 3077 superiores
1907 3017 2119 3063 annos
2174 2998 2412 3079 quibus
2455 2995 2642 3061 Deus

680 3083 859 3165 ipsos
889 3080 1214 3157 toleravit,
1262 3093 1327 3144 et
1361 3080 1600 3163 quibus
1639 3092 1858 3146 tamen
1907 3083 2153 3147 malum
2200 3081 2373 3147 malo
2420 3102 2644 3146 cumu-

681 3168 819 3231 lare
881 3187 1014 3229 non
1075 3166 1430 3243 desierunt,
1490 3178 1564 3231 ut
1629 3168 1860 3232 merito
1898 3167 2226 3252 deinceps
2273 3187 2516 3250 poenas
2559 3165 2644 3231 ab

680 3252 846 3335 ipsis
891 3251 1078 3316 Deus
1149 3260 1422 3333 repetat,
1490 3252 1662 3335 quod
1725 3273 1854 3318 non
1924 3252 2243 3318 exciderit
2301 3254 2446 3318 iure
2506 3274 2645 3333 suo,

685 3358 900 3421 neque
961 3337 1177 3401 deleta
1225 3337 1361 3401 sint
1404 3338 1695 3420 ipsorum
1745 3351 2026 3421 peccata,
2088 3340 2213 3404 etsi
2255 3339 2336 3404 ad
2383 3346 2646 3420 tempus

683 3426 751 3489 ia
799 3444 878 3488 ea
924 3443 1052 3487 aon
1100 3424 1589 3489 animadvertit.
1636 3423 1871 3507 Itaque
1904 3425 2142 3489 animis
2189 3425 2432 3490 nostris
2466 3424 2645 3489 istud

686 3509 883 3574 altius
940 3508 1291 3590 infigamus
1335 3508 1555 3574 Deum
1617 3521 1990 3592 peccatores
2051 3510 2134 3575 ad
2176 3519 2437 3593 tempus
2481 3511 2648 3574 tole-

688 3603 972 3673 rantem,
994 3595 1050 3657 si
1074 3597 1545 3676 poenitentiam
1574 3616 1702 3659 non
1728 3596 2009 3678 egerint,
2034 3617 2154 3661 nec
2191 3594 2275 3660 ad
2306 3595 2647 3659 meliorem

688 3680 949 3762 frugem
1011 3678 1344 3755 redierint,
1409 3682 1718 3764 colligere
1780 3692 2092 3763 tanquam
2146 3683 2213 3745 in
2262 3681 2648 3745 fasciculum

692 3768 984 3846 ipserum
1044 3776 1343 3845 peecata,
1412 3777 1478 3831 et
1539 3769 1931 3832 sententiam
1996 3766 2260 3831 tandem
2332 3765 2650 3831 adversus

686 3850 873 3933 ipsos
914 3851 1107 3913 ferre.
1180 3850 1623 3929 Quamobrem
1671 3874 1746 3917 eo
1790 3854 2007 3916 maior
2048 3851 2418 3917 adhibenda
2464 3852 2652 3917 nobis

694 3935 910 4002 cautio
934 3945 1053 4011 est,
1100 3955 1183 3998 ne
1221 3936 1291 3999 in
1333 3939 1613 4017 peccatis
1658 3939 1903 4003 nostris
1949 3938 2198 4003 diutius
2241 3937 2651 4013 haereamus,

690 4020 803 4087 sed
869 4030 1090 4084 tamen
1149 4019 1432 4085 admisso
1490 4022 1807 4088 adversus
1866 4024 2087 4088 Deum
2148 4038 2412 4105 peccato
2469 4024 2653 4107 inge·

691 4106 1069 4182 miscamus,
1115 4114 1183 4169 et
1219 4106 1482 4171 veniam
1519 4108 1600 4174 ab
1639 4110 1780 4192 ipso·
1826 4108 2269 4192 deprecemur,
2316 4117 2393 4173 ut
2433 4129 2651 4175 coram

689 4194 832 4275 ipso
877 4192 1304 4274 sepeliantur.

869 4276 1253 4358 Sequuntur
1313 4275 1549 4342 deinde
1607 4279 1815 4344 verba·
1852 4280 2004 4344 illa:
2070 4279 2235 4345 Cras
2278 4280 2445 4344 enim
2488 4283 2562 4342 m
2601 4284 2657 4344 et

690 4362 821 4445 filii
862 4364 959 4426 mi
1000 4382 1237 4428 meeum
1281 4365 1481 4429 eritis
1544 4363 1800 4443 Quibus
1846 4366 2062 4430 verbis
2107 4365 2370 4446 quidam
2420 4364 2656 4429 volunt

696 4449 1025 4512 diabolum
1075 4449 1416 4529 loquutum
1463 4449 1685 4525 fuisse,
1731 4460 1799 4513 et
1843 4449 2113 4515 Saulem
2163 4449 2509 4533 reprobum
2539 4450 2656 4515 ho-

694 4535 944 4598 minem
1004 4554 1136 4597 non
1197 4536 1488 4616 potuisse
1534 4555 1572 4597 a
1618 4534 1763 4598 Deo
1808 4537 2319 4601 misericordiam
2366 4556 2653 4618 sperare,

697 4639 771 4685 ac
817 4619 1089 4701 proinde
1134 4620 1302 4684 filios
1339 4621 1537 4685 etiam
1575 4619 1802 4686 Saulis
1840 4620 2048 4686 videri
2094 4643 2132 4685 a
2170 4622 2313 4687 Deo
2363 4624 2657 4701 reiectos,

699 4716 765 4768 et
809 4704 1017 4768 eidem
1068 4704 1211 4769 irae
1256 4704 1384 4769 Dei
1427 4705 1531 4771 cui
1575 4716 1764 4789 pater
1808 4707 2145 4772 obnoxios.
2213 4707 2347 4773 Sed
2395 4706 2537 4783 etsi,
2584 4716 2658 4771 ut

698 4798 857 4855 ante
900 4790 1217 4869 diximus,
1263 4800 1593 4872 spectrum
1643 4792 1764 4855 fuit
1808 4792 1978 4876 quod
2025 4791 2293 4858 Saulem
2338 4791 2462 4857 sub
2504 4810 2657 4875 per·

700 4896 861 4941 sona
908 4874 1240 4941 Samuelis
1285 4876 1755 4958 alloquebatur,
1803 4889 2027 4942 tamen
2071 4898 2202 4942 non
2248 4878 2401 4942 inde
2443 4886 2657 4960 potest

701 4959 1179 5026 maledictionis
1211 4971 1517 5026 aeternae
1551 4964 1882 5028 contentia
1917 4962 2051 5029 diei
2090 4963 2441 5028 adversum
2485 4963 2658 5028 filios

705 5045 927 5113 Saulis
962 5048 1115 5125 lata,
1161 5047 1276 5113 sed
1317 5047 1663 5113 verborum
1711 5050 1985 5113 ictorum
2034 5066 2277 5114 sensus·
2312 5066 2454 5114 esse
2499 5050 2657 5115 sim·

702 5132 1103 5216 plicissimus
1164 5133 1457 5212 videtur,
1531 5135 1821 5199 crastino
1873 5136 1982 5200 die
2036 5132 2311 5200 Saulem
2365 5145 2430 5198 et
2486 5135 2659 5201 filios

702 5218 1082 5283 morituros.
1131 5216 1481 5299 Spectrum
1528 5220 1702 5284 enim
1752 5219 1914 5285 illud
1960 5220 2131 5305 qued
2177 5219 2455 5287 Saulem
2497 5221 2656 5285 alle—

2426 320 2843 388 HOMILIA
2894 321 3007 388 CI.

4575 320 4696 384 664

2753 513 3076 594 quebatur
3155 531 3392 577 verum
3458 509 3839 577 Samuelem
3911 510 4265 577 simulabat
4332 532 4372 576 a
4439 512 4702 576 mortuis

2751 607 3113 664 evocatum.
3217 598 3451 680 Itaque
3519 597 3852 661 communi
3921 596 4036 660 illa
4101 596 4411 680 loquendi
4489 596 4705 680 phrasi

2749 685 3091 749 utebatur:
3138 684 3244 748 Tu
3287 704 3544 749 mecum
3592 683 3744 759 eris,
3790 681 3858 745 id
3904 691 4003 746 est
4050 690 4122 746 tu
4163 682 4490 747 morieris.
4573 683 4706 747 Alii

2749 788 2909 835 vero
2954 771 3022 834 in
3061 770 3166 835 his
3204 771 3424 835 verbis
3461 777 3789 851 quaerunt
3832 767 4236 833 iustificandi
4259 769 4491 834 Saulis
4533 788 4710 835 occc-

2750 856 3032 932 sionem,
3092 855 3278 938 quasi
3338 855 3806 938 poenitentiam
3869 854 4110 936 egisset
4166 864 4235 918 et
4294 875 4441 919 sese
4493 874 4709 919 coram

2748 940 2896 1006 Deo
2957 941 3388 1020 humiliasset,
3442 940 3716 1023 ideoque
3774 940 4050 1004 meritus
4111 948 4284 1005 esset
4327 950 4408 1004 ut
4452 941 4710 1004 veniam

2749 1047 2789 1091 a
2832 1027 2978 1092 Deo
3038 1037 3452 1109 peccatorum
3496 1034 4021 1107 consequeretur,
4087 1035 4154 1090 et
4200 1046 4350 1090 cum
4400 1024 4712 1090 Samuele

2750 1122 2944 1177 esset.
3035 1112 3284 1178 Verum
3345 1111 3528 1177 nulla
3585 1113 3838 1175 ratione
3881 1110 4120 1175 nititur
4160 1110 4328 1176 haec
4369 1111 4710 1194 expositio,

2749 1197 3068 1280 siquidem
3131 1199 3569 1281 poenitentiae
3630 1195 3853 1263 Saulis
3914 1196 4099 1260 nulla
4151 1196 4261 1261 hic
4317 1198 4397 1261 fit
4446 1198 4712 1273 mentio,

2750 1284 2861 1348 ced
2890 1294 3145 1348 tantum
3189 1285 3455 1366 pavoris
3500 1284 3611 1365 qui
3657 1282 3941 1346 multum
3988 1283 4173 1347 abest
4219 1304 4259 1346 a
4304 1282 4713 1366 poenitentia

2749 1380 2814 1434 ct
2861 1391 3017 1435 vera
3059 1370 3451 1449 humilitate,
3504 1377 3570 1433 et
3610 1368 3693 1432 ad
3737 1367 3957 1432 Deum
4005 1369 4462 1433 conversione.
4535 1367 4712 1447 Qua-

2749 1455 3040 1521 mobrem
3102 1478 3186 1520 ex
3232 1456 3452 1522 verbis
3496 1454 3640 1519 istis
3685 1453 3904 1536 colligi
3953 1474 4083 1516 non
4123 1464 4344 1535 potest
4388 1473 4711 1536 quaenam

2749 1541 2969 1607 Saulis
3013 1542 3212 1606 fuerit
3270 1552 3416 1623 post
3460 1551 3735 1605 mortem
3784 1540 4005 1603 futura
4049 1537 4361 1617 conditio,
4414 1538 4711 1623 quando-

2748 1627 3010 1709 quidem
3097 1648 3228 1691 non
3309 1628 3478 1693 alius
3554 1634 3657 1691 est
3712 1626 4062 1690 verborum
4132 1625 4414 1690 istorum
4484 1645 4711 1691 sensus

2748 1732 2942 1795 quam
2973 1712 3238 1779 Saulem
3282 1733 3417 1778 una
3462 1734 3607 1777 cum
3654 1710 3810 1776 filiis
3855 1712 4031 1775 inter
4075 1724 4375 1776 mortuos
4421 1712 4712 1776 crastino

2749 1799 2854 1863 die
2913 1800 3071 1864 fore.
3162 1799 3372 1863 Porro
3426 1798 3496 1861 in
3544 1793 3696 1863 filiis
3741 1797 3870 1861 illis
3915 1795 3996 1860 de
4039 1797 4276 1879 quibus
4321 1798 4402 1862 fit
4449 1798 4710 1875 mentio,

2747 1884 3157 1949 Ionathanus
3202 1884 3608 1961 censebatur,
3667 1895 3947 1946 mortem
3993 1902 4141 1947 cum
4187 1883 4334 1965 ipso
4379 1883 4708 1967 oppetitu-

2747 1990 2882 2046 rus,
2929 1971 3115 2036 euius
3152 1980 3351 2034 antea
3385 1968 3678 2034 vidimus
3720 1968 3918 2032 fidem
3966 1979 4031 2032 et
4076 1968 4559 2052 integritatem,
4605 1969 4714 2052 qui

2746 2055 3008 2121 foedere
3082 2075 3231 2121 cum
3289 2053 3548 2119 Davide
3606 2054 3775 2118 facto
3833 2064 4068 2135 sponte
4122 2053 4252 2118 Dei
4317 2055 4587 2120 decreto
4651 2062 4714 2119 et

2748 2141 3068 2206 voluntati
3112 2161 3260 2205 sese
3300 2140 3591 2218 subiecit,
3646 2139 3956 2222 regiaque
4000 2138 4322 2222 dignitate
4366 2160 4548 2223 quae
4589 2140 4712 2224 ipsi

2747 2226 3107 2291 debebatur
3147 2246 3290 2291 sese
3333 2226 3509 2290 ultro
3554 2222 3899 2302 abdicavit,
3947 2232 4023 2288 ut
4056 2246 4254 2307 quum
4295 2225 4714 2290 Ionathanus

2749 2320 2844 2376 tot
2904 2313 3262 2377 virtutibus
3322 2311 3601 2395 insignis
3661 2310 3863 2374 fuerit
3921 2331 4053 2373 non
4114 2312 4320 2394 possit
4368 2312 4438 2376 in

2750 2397 2982 2463 borum
3031 2418 3379 2462 numerum
3425 2397 3640 2474 referi,
3687 2393 3803 2460 sed
3849 2415 4032 2460 mors
4070 2396 4248 2462 illius
4310 2396 4420 2461 his
4488 2398 4711 2463 verbis

2749 2484 3177 2569 significetur.

2924 2569 3251 2651 Deinceps
3297 2588 3452 2632 vero
3496 2566 3740 2632 dicitur
3779 2564 3944 2631 Saul
3991 2567 4308 2632 cecidisse
4346 2568 4419 2632 in
4467 2576 4710 2632 terram

2748 2655 2971 2719 verbis
3014 2654 3148 2719 illis
3189 2652 3765 2719 Pseudcsamuelis
3810 2654 4343 2735 perterrefactus.
4413 2654 4526 2719 Ex
4569 2654 4710 2737 qui-

2750 2740 2871 2806 bus
2939 2738 3159 2805 verbis
3225 2739 3552 2804 discamus
3618 2748 3863 2821 quanta
3929 2738 4017 2803 sit
4083 2737 4268 2804 verbi
4333 2737 4550 2806 divini
4613 2742 4712 2805 vis

2748 2825 3069 2890 adversus
3115 2835 3505 2907 peccatores,
3550 2833 3625 2888 ut
3670 2844 3747 2888 ee
3789 2824 4025 2888 terreri
4063 2822 4504 2890 vehementer
4539 2827 4712 2909 ipsus

2749 2921 3066 2993 oporteat,
3113 2921 3179 2974 et
3214 2910 3474 2992 quidem
3521 2910 3666 2974 sine
3707 2910 3847 2974 ulla
3889 2929 4005 2992 spe
4049 2911 4542 2976 misericordiae
4585 2913 4712 2976 nisi

2750 2997 2932 3061 Deus
2977 2997 3116 3079 ipse
3160 2994 3498 3060 mentibus-
3534 3016 3759 3060 eorum
3805 2994 4319 3061 consolationem
4374 2996 4712 3073 immittat,

2750 3082 2920 3165 quod
2981 3081 3282 3163 exemplo
3327 3080 3553 3147 Saulis
3612 3082 3689 3146 fit
3747 3081 3939 3145 nobis
3998 3083 4437 3164 perspicuum.
4532 3083 4712 3147 Tulit

2749 3169 2927 3232 enim
2992 3168 3307 3233 adversus
3372 3186 3521 3231 eum
3579 3165 3766 3232 Deus
3832 3168 4264 3245 sententiam,
4330 3184 4707 3251 quanqum

2747 3254 2953 3336 ipsius
3013 3252 3254 3318 diaboli
3310 3253 3433 3317 sub
3493 3263 3750 3334 spectro
3807 3252 4138 3335 loquentis
4182 3253 4589 3334 ministerio,
4645 3262 4710 3318 et

2748 3338 2940 3404 Sauli
2978 3358 3167 3404 suam
3202 3338 3616 3402 voluntatem
3655 3338 3968 3421 patefecit
4004 3358 4083 3402 ea
4126 3339 4406 3417 ratione,
4451 3350 4531 3404 ut
4573 3341 4708 3405 sine

2749 3425 2981 3490 solatio
3028 3434 3406 3489 terreretur.
3468 3424 3639 3491 Nam
3684 3426 3736 3488 si
3784 3422 3929 3487 Deo
3975 3430 4205 3507 gratus
4251 3425 4487 3491 fuisset
4533 3424 4708 3505 saut,

2749 3509 2937 3575 Deus
2997 3511 3192 3575 etiam
3260 3508 3364 3573 vel
3423 3530 3541 3594 per
3585 3510 3914 3593 angelum,
3980 3509 4081 3574 vel
4140 3530 4263 3594 per
4315 3509 4710 3594 prophetam

2752 3597 2845 3661 sic
2905 3596 2966 3659 ei
3012 3595 3419 3661 voluntatem
3465 3614 3650 3659 suam
3698 3593 4133 3677 patefecisset,
4176 3604 4260 3659 ut
4301 3606 4525 3663 tamen
4572 3617 4712 3679 pa·—

2752 3682 3172 3746 terrefactum
3218 3681 3560 3746 solaretur.
3628 3678 3758 3746 Sed
3807 3700 4016 3761 quam·
4053 3681 4325 3746 meritus
4374 3692 4523 3746 erat
4563 3704 4708 3747 sen·

2755 3770 3027 3831 tentiam
3088 3766 3376 3843 audivit,
3431 3785 3559 3848 qua
3619 3767 4008 3833 terrefactus
4052 3765 4366 3846 concidit,
4427 3780 4498 3834 et
4545 3771 4714 3832 vires

2753 3872 2981 3917 omnes
3021 3851 3242 3916 amisit
3278 3873 3361 3916 ex
3407 3851 3774 3916 sententiae
3820 3851 4082 3916 divinae
4124 3853 4448 3918 adversus
4491 3853 4712 3936 ipsum

2755 3937 3025 4002 horrore
3085 3937 3167 4001 ad
3220 3957 3411 4020 quem
3457 3939 3652 4002 etiam
3700 3936 4051 4002 accedebat
4094 3937 4402 4004 debilitas
4447 3941 4710 4018 virium,

2757 4023 2926 4106 qnod
2951 4042 3188 4106 panem
3215 4035 3407 4087 antea
3443 4043 3570 4085 non
3618 4023 4020 4099 comedisset,
4067 4032 4132 4087 et
4175 4024 4458 4107 pedibus
4506 4036 4709 4090 totam

2758 4120 3012 4173 noctem
3040 4110 3165 4173 iter
3199 4108 3602 4173 confecisset.
3647 4108 3856 4173 Porro
3893 4108 4001 4174 hic
4045 4108 4538 4175 observandum
4583 4133 4710 4175 non

2758 4194 2982 4259 eodem
3024 4214 3285 4275 semper
3321 4194 3512 4258 modo
3548 4193 3864 4259 adversus
3901 4206 4271 4277 peccatores
4291 4194 4525 4261 Deum
4570 4218 4706 4263 sen·

2761 4282 3033 4345 tentiam
3093 4280 3298 4344 ferre:
3358 4299 3827 4362 nonnunquam
3890 4282 4064 4344 enim
4113 4292 4376 4345 tantum
4419 4284 4710 4348 minatur

2759 4386 2960 4448 quum
3008 4364 3295 4429 maxime
3337 4365 3777 4448 propinquum
3826 4365 4095 4430 videtur
4128 4367 4335 4450 ipsius
4375 4367 4710 4433 iudicium.

2762 4450 2874 4517 Sic
2912 4449 3141 4516 Ionam
3191 4450 3272 4514 ad
3312 4451 3649 4515 Ninivitas
3685 4451 3959 4517 missum
4006 4451 4312 4517 videmus
4369 4453 4505 4519 Dei
4547 4452 4714 4519 iudi-

2757 4538 2934 4602 cium·
2988 4546 3296 4618 tanquam
3357 4537 3710 4601 imminens
3768 4537 4061 4620 ipsorum
4129 4538 4279 4603 urbi
4350 4537 4698 4605 denuncia-

2760 4630 2999 4697 turnm,
3069 4640 3280 4704 quum·
3343 4633 3558 4686 tamen
3629 4622 3750 4688 hac
3810 4624 4062 4687 ratione
4105 4622 4292 4689 Deus
4355 4625 4438 4690 ad
4664 4623 4711 4673 ‘-

2759 4710 3029 4773 tentiam
3093 4708 3292 4771 vellet
3349 4708 3525 4791 ipsos
3569 4726 3927 4792 provocare
3973 4709 4418 4795 quadraginta
4466 4645 4712 4777 m

2758 4794 2972 4875 spatio
3018 4810 3344 4859 concesso.
3412 4791 3590 4858 Sanc
3636 4794 3818 4860 Deus
3862 4793 3985 4859 hac
4029 4797 4550 4861 comminatione
4585 4816 4714 4861 non

2761 4890 2894 4943 tam
2919 4879 3358 4944 condemnare
3393 4879 3568 4960 ipsos
3612 4890 3680 4944 et
3722 4879 3963 4944 iudicio
4006 4900 4125 4945 suo
4171 4879 4480 4947 addicere
4526 4901 4714 4965 qm

2759 4964 3122 5029 admonere·
3173 4962 3393 5043 voluit,
3449 4976 3516 5028 et
3570 4965 3658 5029 ad
3709 4974 4128 5048 peccatorum
4185 4967 4596 5050 agnitionem
4655 4974 4718 5031 α

2761 5049 3236 5132 poenitentiam
3293 5050 3601 5125 excitare,
3662 5061 3740 5115 ut
3797 5050 4096 5134 precibus
4155 5051 4244 5116 ad*
4287 5050 4518 5117 Deum
4574 5071 4716 5116 ceu·

2762 5136 2937 5201 versi
2996 5135 3256 5202 veniam
3297 5136 3745 5217 impetrarent,
3805 5136 3984 5219 quod
4026 5144 4094 5200 et
4137 5138 4220 5202 ab
4261 5138 4429 5222 ipsis
4474 5138 4714 5205 motum

2762 5220 3083 5288 videmus.
3127 5220 3347 5304 Atque
3382 5220 3545 5287 haec
3581 5222 3748 5288 ratio
3794 5232 3895 5288 est
3935 5230 4317 5305 peccatores
4364 5222 4448 5289 ad
4495 5226 4714 5308 pomi-
