5059 6059
852 325 981 391 463
2411 322 2824 391 HOMILlA
2870 323 3272 391 LXXXIII.
4651 327 4739 393 464

854 518 1011 595 fore,
1069 515 1194 582 nisi
1248 516 1521 599 ipsemet
1580 514 1647 579 in
1706 513 1887 579 nobis
1951 534 2066 596 per
2122 513 2328 579 sancti
2375 512 2478 577 sui
2521 512 2795 596 spiritus
2900 512 3254 593 desertum,
3314 534 3628 598 suamque
3672 513 4027 579 amicitiam
4073 520 4348 579 testatus
4391 522 4502 578 est.
4571 514 4745 583 Filium

854 601 1208 668 efficaciam
1266 610 1667 684 operaretur.
1755 600 1930 666 Nam
1975 597 2145 681 quod
2189 599 2448 681 reprobi
2494 597 2796 664 homines
2899 598 3074 664 enim
3114 602 3289 684 regis
3331 601 3546 684 gratia
3589 613 3653 665 et
3697 601 4046 665 autoritate
4090 599 4442 683 plurimum
4485 600 4746 686 valentem,

852 687 1064 771 magis
1121 706 1196 753 ac
1255 685 1466 770 magis
1524 685 1936 766 indurantur,
1996 697 2061 749 et
2104 685 2423 749 adversus
2469 685 2799 767 propriam
2898 684 3044 768 quis
3087 683 3331 750 dixerit
3374 685 3549 751 ultro
3589 706 3659 750 se
3701 686 3774 749 in
3818 684 4167 751 discrimen
4214 685 4387 750 vitae
4430 694 4489 749 et
4527 686 4586 750 in
4620 707 4745 770 aper-

851 771 1132 839 salutem
1170 775 1566 856 conspirant,
1611 772 1941 855 proprium
1981 780 2082 836 est
2118 771 2443 834 humanae
2487 783 2793 835 naturae:
2900 779 3045 834 tum
3083 772 3310 835 mortis
3356 771 3739 855 periculum,
3783 781 3880 836 tot
3925 770 4297 836 hominibus
4330 770 4500 835 illius
4536 773 4749 840 actiones

855 881 895 924 a
937 878 1062 942 qua
1105 857 1291 924 Deus
1325 878 1486 923 suos
1530 857 1778 922 eximit.
1868 857 2192 922 Homines
2237 856 2411 920 enim
2458 867 2651 920 antea
2692 856 2795 920 in·
2898 854 3406 939 explorantibuS,
3463 866 3529 922 et
3574 867 3758 940 patre
3799 857 3940 940 ipso
3986 856 4206 934 Saule,
4251 858 4670 936 coniecturum,
4698 858 4751 923 oh

852 943 1100 1010 creduli
1145 942 1399 1027 placido
1443 953 1511 1008 et
1552 952 1894 1009 mansueto
1939 942 2156 1008 animo
2196 941 2326 1006 Dei
2371 942 2643 1006 verbum
2689 962 2799 1006 ex·
2899 941 3250 1007 amicitiam
3309 963 3435 1025 qua
3494 942 3820 1007 Davidem
3880 943 4450 1024 complectebatur.
4527 943 4752 1010 Profecto

849 1032 1183 1112 cipientes,
1243 1051 1378 1095 non
1439 1029 1698 1111 propria
1759 1029 2001 1092 virtute
2052 1038 2118 1093 et
2159 1027 2485 1093 industria
2529 1047 2796 1092 moven-
2898 1027 3141 1092 sciebat
3177 1027 3591 1094 Ionathanus
3631 1049 3703 1093 se
3747 1050 3874 1093 non
3921 1030 4063 1093 sine
4109 1028 4478 1093 discrimine
4517 1049 4671 1109 posse
4699 1030 4753 1093 ad

849 1126 975 1195 tur,
1038 1115 1152 1181 sed
1202 1115 1517 1199 singulari
1563 1114 1844 1198 quodam
1889 1113 2018 1178 Dei
2066 1114 2401 1193 beneficio,
2447 1133 2566 1196 per
2609 1132 2796 1178 sanc·
2899 1112 3226 1206 Davidem
3292 1115 3556 1179 venire:
3624 1123 3691 1179 et
3756 1115 3886 1180 iam
3953 1114 4122 1180 iram
4187 1114 4395 1198 patris
4450 1127 4697 1179 senserat
4731 1137 4755 1179 e

850 1215 992 1267 tum
1025 1222 1217 1267 suum
1255 1202 1556 1284 spiritum
1603 1200 1673 1264 in
1718 1200 1876 1283 ipsis
1920 1209 2243 1282 agentem.
2313 1197 2560 1264 Idcirco
2606 1198 2797 1264 divus
2899 1198 3085 1264 cuius
3130 1199 3427 1265 manibus
3473 1200 3587 1265 vix
3631 1208 3961 1265 evaserat:
4005 1200 4119 1265 sed
4158 1199 4575 1265 nihilominus
4609 1198 4758 1265 Davi·

853 1287 1103 1353 Paulus
1182 1286 1412 1352 videns
1484 1285 1727 1351 multos
1807 1306 1890 1349 ex
1954 1284 2218 1351 Iudaeis
2296 1284 2642 1350 adversum
2726 1305 2797 1349 se
2900 1284 3046 1349 dem
3105 1287 3446 1367 quaesivit,
3503 1296 3569 1350 et
3625 1285 3707 1350 ad
3768 1307 3914 1350 eum
3977 1288 4179 1352 venit.
4287 1283 4421 1351 Sed
4474 1288 4537 1349 in
4588 1287 4759 1367 quibus

849 1395 1166 1457 suamque
1225 1373 1581 1437 doctrinam
1643 1372 2013 1453 insurgere,
2081 1371 2242 1435 alios
2304 1391 2458 1436 vero
2519 1369 2791 1435 eandem
2842 1425 2848 1448 ,
2898 1367 3054 1435 locis
3114 1369 3425 1436 obsecro?
3530 1370 3612 1436 In
3670 1369 3964 1448 saltibus,
4032 1383 4101 1435 et
4158 1370 4432 1436 desertis
4487 1372 4548 1436 in
4590 1372 4761 1452 quibus

845 1471 920 1523 ut
971 1479 1199 1542 puram
1244 1471 1308 1522 et
1351 1467 1641 1524 sanctam
1689 1454 2048 1534 admittere,
2110 1455 2268 1523 dicit
2308 1465 2607 1538 oportere
2652 1476 2795 1538 per·
2899 1455 3120 1520 nullae
3179 1458 3591 1535 munitiones,
3652 1465 3719 1522 et
3775 1478 3860 1521 ne
3918 1455 4233 1522 habitatio
4290 1456 4548 1540 quidem
4586 1457 4641 1519 in
4676 1477 4760 1538 qua

848 1545 952 1610 fici
988 1545 1152 1627 quod
1193 1544 1347 1609 olim
1394 1565 1513 1627 per
1557 1543 1944 1626 prophetam
1992 1542 2394 1625 praedictum
2441 1553 2561 1622 est,
2605 1542 2798 1606 nimi·
2841 1591 2847 1630 ι
2897 1542 3326 1625 exciperetur.
3416 1543 3594 1607 Eant
3636 1543 3836 1623 igitur
3877 1543 4011 1607 iam
4056 1542 4388 1624 perfidiosi
4438 1543 4690 1608 homines
4719 1555 4764 1607 et

846 1651 994 1696 rum
1039 1630 1334 1695 indurari
1377 1629 1587 1713 magis
1630 1650 1704 1695 ac
1751 1630 1959 1712 magis
2002 1629 2333 1711 improbos
2379 1647 2583 1710 quum
2608 1627 2793 1691 Deus
2842 1645 2847 1660 ·
2895 1647 3046 1693 suas
3081 1627 3500 1694 difficultates
3536 1639 3605 1694 et
3638 1650 3722 1693 an
3817 1629 3977 1693 stias
4014 1639 4420 1711 praetexant,
4461 1648 4642 1710 quum
4678 1647 4764 1691 non

847 1715 1163 1798 loquitur:
1225 1717 1532 1798 quoniam
1590 1725 1875 1779 mentem
1935 1713 2180 1778 habent
2225 1712 2682 1777 amaritudinis
2725 1721 2795 1776 et
2841 1681 2847 1796 Ι
2897 1723 3156 1778 tantum
3223 1712 3599 1780 hominibus
3664 1735 3732 1779 se
3844 1714 3971 1797 ipsi
4036 1715 4236 1778 etiam
4305 1715 4447 1779 Deo
4509 1712 4764 1796 perfidiosi

847 1801 1397 1880 contradictionis,
1458 1808 1532 1865 ut
1574 1800 1878 1865 omnibus
1923 1820 2089 1882 quae
2136 1808 2591 1884 proponuntur
2636 1798 2792 1880 ipsis
2841 1803 2845 1844 Ι
2896 1796 3161 1878 fuerint,
3220 1809 3286 1864 et
3344 1800 3425 1866 ab
3470 1801 3679 1867 officio
3723 1799 4144 1865 recesserint:
4190 1798 4552 1864 cuiusmodi
4589 1799 4768 1863 multos

845 1886 1315 1964 contradicant,
1362 1895 1428 1952 et
1471 1908 1612 1953 sese
1657 1894 2010 1969 opponant.
2097 1883 2347 1950 Contra
2392 1905 2547 1949 vero
2590 1904 2793 1966 quum
2840 1849 2847 1974 l
2896 1885 3068 1949 male
3126 1885 3389 1950 feriatos
3434 1886 3732 1952 homines
3778 1885 4004 1951 videas
4047 1886 4331 1949 frontem
4379 1883 4696 1967 perfricare
4724 1893 4767 1947 et

844 1971 1029 2038 Deus
1087 1974 1160 2037 in
1211 1973 1397 2038 nobis
1455 1972 1662 2039 sancti
1721 1973 1823 2038 sui
1882 1972 2149 2053 spiritus
2206 1971 2495 2036 efficacia
2551 1984 2615 2034 et
2661 1971 2792 2035 vir·
2842 2005 2847 2072 ι
2899 1991 3067 2035 vana
3104 1972 3349 2054 effugia
3385 1992 3695 2055 quaerere
3739 1992 3942 2054 quum
3987 1970 4333 2054 evangelio
4372 1969 4771 2044 renuntiarint,

848 2067 987 2123 tute
1031 2059 1123 2124 sic
1168 2060 1417 2140 operari
1464 2058 1629 2134 vult,
1675 2067 1753 2122 ut
1796 2056 2259 2141 praedicationi
2305 2056 2486 2121 verbi
2532 2065 2600 2119 et
2642 2054 2792 2120 doc·
2841 2075 2849 2184 Ι
2897 2066 2963 2119 et
3020 2057 3462 2139 improborum
3522 2057 3854 2141 iniquitati
3909 2057 4388 2121 consenserint.
4480 2053 4588 2122 Sic
4636 2054 4773 2120 hodie

846 2144 1060 2210 trinae
1124 2144 1386 2211 coelesti
1431 2143 1629 2208 fidem
1691 2141 2132 2216 adhibeamus,
2179 2152 2564 2224 tantumque
2622 2140 2792 2224 apud
2842 2191 2845 2200 ι
2894 2141 3173 2207 Iudaeos
3199 2142 3498 2208 videmus
3521 2144 3663 2208 istis
3695 2142 3899 2208 larvis
3934 2163 4122 2207 suam
4160 2142 4565 2227 impietatem
4597 2149 4778 2225 teffire,

846 2250 970 2294 nos
1013 2228 1269 2313 pondus
1334 2229 1627 2294 obtineat
1685 2239 1758 2294 ut
1803 2249 1920 2302 nos
1969 2229 2091 2310 ipsi
2137 2227 2310 2292 ultro
2354 2227 2792 2306 subiiciamus,
2842 2209 2846 2262 ¹
2896 2249 2965 2293 se
3020 2227 3303 2293 libenter
3347 2227 3518 2310 quod
3564 2239 3819 2294 rectum
3866 2237 3966 2294 est
4010 2241 4430 2309 sequuturos,
4475 2226 4580 2292 sed
4618 2247 4676 2291 se
4710 2239 4774 2289 tot

849 2329 912 2378 et
974 2315 1056 2380 ad
1099 2315 1122 2380 i
1171 2316 1304 2381 sius
1347 2315 1727 2397 obsequium
1776 2334 2236 2397 componamus
2279 2312 2788 2399 singularis'be-
2897 2314 3194 2379 hostibus
3231 2312 3521 2397 undique
3556 2311 3970 2397 circumdari,
4017 2322 4111 2377 tot
4148 2314 4457 2395 periculis
4500 2312 4697 2396 premi,
4728 2325 4775 2375 ut

847 2401 1065 2466 neficii
1165 2419 1281 2466 oco
1340 2399 1714 2466 habendum
1774 2411 1891 2465 est.
1992 2399 2130 2465 Nos
2185 2399 2410 2483 itaque
2467 2399 2791 2464 discamus
2897 2398 3112 2464 Deum
3170 2401 3483 2465 tentaturi
3540 2401 3693 2483 sint,
3755 2412 3821 2465 et
3868 2421 4025 2465 suae
4069 2399 4282 2463 famae
4326 2401 4637 2465 iacturam
4673 2417 4773 2479 pat-

849 2486 1039 2551 nobis
1103 2487 1263 2569 ipsis
1330 2486 1710 2569 displicere:
1781 2496 1845 2550 et
1910 2488 2291 2570 praesertim
2359 2483 2612 2551 diabolo
2675 2504 2790 2549 nos
2840 2451 2845 2524 ¹
2896 2487 3054 2565 suri,
3110 2496 3174 2549 et
3234 2484 3696 2552 offendiculum
3758 2485 3984 2551 multis
4040 2485 4298 2549 allaturi
4344 2488 4407 2550 si
4449 2506 4622 2549 secus
4657 2484 4773 2547 feco-

853 2570 1181 2637 alliciente
1216 2580 1284 2637 et
1320 2574 1400 2638 ab
1445 2569 1812 2637 obedientia
1837 2572 1961 2637 Dei
1997 2570 2397 2650 retrahente,
2442 2590 2791 2637 caveamus
2840 2535 2846 2612 ἲ
2897 2570 3049 2635 rint.
3120 2569 3232 2638 Sic
3277 2571 3468 2637 multi
3514 2573 3811 2637 iocantur
3854 2583 3921 2637 et
3963 2570 4182 2635 larvas
4226 2570 4592 2637 obtendunt
4629 2587 4776 2651 quum

851 2657 1035 2722 illam
1123 2656 1431 2741 abyssum
1512 2657 1898 2723 immensam
1984 2656 2052 2721 in
2134 2677 2333 2740 quam
2410 2655 2792 2739 plerumque
2897 2676 3039 2722 sese
3098 2657 3356 2722 fortiter
3414 2666 3481 2722 et
3539 2658 4052 2740 magnanimiter
4111 2677 4337 2739 gerere
4399 2654 4690 2720 deberent
4730 2652 4776 2714 in

855 2742 1241 2826 praecipites
1298 2741 1490 2808 multi
1546 2744 1861 2823 feruntur,
1919 2751 1995 2807 ut
2037 2743 2352 2809 adversus
2398 2743 2614 2807 Deum
2660 2740 2791 2805 fre·
2896 2740 3023 2807 fide
3094 2763 3212 2808 sua
3268 2743 3484 2826 palam
3539 2742 3923 2810 asserenda:
3995 2755 4058 2805 et
4120 2740 4473 2823 perfidiose
4530 2739 4778 2806 adversus

850 2837 1051 2906 mant,
1097 2826 1517 2911 eiusdemque
1554 2827 1878 2894 voluntati
1921 2831 2254 2895 resistant.
2321 2829 2411 2893 Et
2458 2836 2793 2909 praeterea
2896 2827 3113 2892 Deum
3172 2839 3238 2893 et
3296 2829 3594 2894 homines
3637 2841 3874 2912 agunt:
3936 2838 4003 2891 et
4047 2826 4171 2892 sibi
4215 2828 4295 2891 ad
4334 2826 4610 2910 quodvis
4644 2824 4777 2906 flagi·

849 2922 1315 2998 cognoscentes
1361 2934 1479 2979 nos
1523 2934 1655 2979 non
1700 2936 1886 2998 posse
1930 2934 2013 2979 ex
2056 2915 2243 2980 nobis
2287 2914 2465 2997 ipsis,
2511 2911 2593 2978 ad
2636 2912 2788 2977 fidei
2896 2914 3060 2978 tium
3098 2913 3386 2980 habenas
3420 2916 3840 2998 permittunt:
3886 2924 3953 2978 et
3985 2916 4039 2978 si
4087 2913 4306 2978 miseri
4352 2912 4584 2979 fideles
4620 2931 4780 2994 peme-

846 2999 1283 3067 obedientiam
1320 3020 1438 3066 nos
1471 3020 1873 3083 componere,
1898 3001 2116 3066 Deum
2152 3020 2513 3084 precemur,
2558 3007 2633 3062 ut
2675 3019 2792 3063 nos
2897 3000 3281 3082 quntionem
3343 3000 3702 3083 patiuntur,
3763 3001 3903 3064 sive
3959 3011 4158 3078 metu,
4217 2999 4361 3064 sive
4412 2999 4543 3064 alio
4583 2998 4778 3068 affectu.

846 3107 967 3171 per
1009 3093 1307 3152 sanctum
1351 3106 1544 3150 suum
1589 3086 1891 3169 spiritum
1937 3096 2280 3170 regeneret
2323 3096 2389 3152 et
2430 3094 2652 3168 regat:
2717 3093 2792 3148 ut
2838 3097 2845 3198 j
2894 3086 3241 3167 patiuntur
3294 3086 3713 3153 innocentem
3769 3086 4156 3168 sanguinem
4213 3084 4491 3162 effundi,
4545 3093 4610 3149 et
4642 3079 4780 3147 modo

847 3194 981 3239 non
1026 3179 1286 3237 tantum
1333 3192 1524 3237 aures
1565 3179 1828 3237 nostrae
1872 3181 2145 3237 externo
2207 3172 2389 3237 verbi
2434 3190 2615 3248 sono,
2673 3185 2790 3252 per
2893 3191 3082 3236 suam
3151 3172 3325 3255 apud
3385 3173 3684 3237 homines
3739 3171 4155 3236 autoritatem
4214 3170 4584 3249 retineant,
4646 3186 4779 3251 paru

848 3256 1192 3324 mortalem
1251 3257 1623 3323 ministrum
1665 3258 2053 3341 praedicato,
2113 3259 2461 3323 feriantur:
2509 3255 2621 3321 sed
2670 3276 2788 3320 nos
2837 3203 2844 3306 l
2894 3257 3141 3322 faciunt
3199 3258 3445 3342 perfide
3500 3257 3817 3322 adversus
3862 3257 4078 3322 Deum
4135 3268 4200 3321 et
4253 3255 4562 3322 homines
4614 3271 4783 3340 ageret

849 3344 1119 3410 interius
1201 3343 1446 3409 virtute
1511 3364 1630 3408 sua
1697 3342 2104 3427 alloquatur,
2183 3354 2249 3408 et
2313 3340 2790 3408 incredulitatis
2837 3321 2843 3392 l
2893 3352 3010 3408 aut
3066 3344 3124 3408 si
3170 3366 3301 3409 non
3346 3364 3422 3409 eo
3469 3364 3675 3426 usque
3718 3341 4156 3424 improbitatis
4201 3341 4501 3421 veniant,
4549 3341 4691 3407 satis
4722 3338 4783 3401 fe·

850 3439 1112 3495 nostrae
1147 3429 1342 3493 talem
1381 3449 1644 3493 sensum
1681 3428 1870 3495 nobis
1906 3430 2175 3507 iniiciat,
2218 3450 2345 3511 quo
2390 3428 2471 3493 ad
2516 3447 2786 3511 regene—
2890 3429 3058 3495 cisse
3116 3441 3349 3514 putant
3391 3451 3461 3495 se
3506 3427 3735 3510 officio,
3794 3428 3851 3493 si
3896 3449 4025 3492 non
4072 3429 4531 3493 consenserint
4569 3428 4635 3491 in
4670 3425 4782 3489 aho-

845 3515 1165 3580 rationem
1223 3515 1614 3598 aspiremus:
1678 3514 1848 3598 quod
1904 3516 2236 3598 proprium
2299 3524 2400 3580 est
2458 3513 2585 3578 Dei
2646 3512 2786 3577 offi·
2891 3535 3041 3581 rum
3107 3515 3557 3581 crudelitatem
3626 3525 3693 3579 et
3751 3514 3876 3579 Dei
3934 3523 4424 3596 contemptum:
4494 3524 4561 3577 et
4620 3525 4784 3576 tamen

842 3601 1037 3665 cium.
1128 3600 1297 3665 Nam
1357 3621 1544 3666 sacra
1588 3603 1911 3683 scriptura
1956 3601 2141 3667 docet
2185 3622 2305 3666 nos
2349 3600 2534 3665 verbi
2582 3597 2788 3664 divini
2892 3599 3141 3666 duabus
3179 3600 3356 3664 sellis
3392 3600 3642 3680 sedent,
3687 3607 3754 3665 et
3789 3600 4019 3681 quovis
4063 3611 4261 3664 vento
4304 3598 4631 3665 feruntur.
4667 3595 4783 3660 Illos

842 3685 1313 3769 praedicationi
1349 3684 1762 3751 attendentes
1797 3687 1939 3752 fieri
1974 3707 2179 3752 novas
2202 3696 2552 3752 creaturas.
2598 3684 2791 3749 Licet
2889 3684 3150 3770 quidem
3197 3687 3404 3752 fateor
3448 3687 3641 3752 rebus
3683 3684 3984 3752 secundis
4026 3695 4093 3749 et
4136 3685 4496 3768 prosperis,
4551 3697 4623 3749 ut
4658 3683 4787 3748 virus

845 3772 1024 3837 enim
1083 3791 1294 3853 neque
1339 3792 1529 3837 aures
1575 3793 1785 3855 neque
1829 3772 2069 3850 oculos,
2117 3793 2326 3854 neque
2370 3793 2622 3849 manus,
2669 3791 2787 3834 nec
2892 3772 3223 3848 simulent,
3268 3771 3569 3838 fidelibus
3616 3771 4016 3849 conversari,
4062 3781 4128 3835 et
4166 3770 4246 3836 de
4287 3790 4361 3836 se
4408 3770 4618 3835 multa
4653 3764 4787 3851 polli·

847 3856 1127 3939 denique
1185 3877 1420 3939 corpus
1480 3858 1693 3940 ipsum
1738 3868 2085 3937 mutemus,
2135 3868 2352 3922 tamen
2396 3857 2787 3941 cogitatione
2891 3858 3054 3925 ceri:
3112 3856 3225 3923 sed
3284 3879 3481 3941 quum
3545 3857 3737 3923 rebus
3797 3855 4090 3922 adversis
4147 3865 4335 3941 terga
4399 3855 4702 3933 dederint,
4744 3863 4787 3914 et

847 3951 915 4009 et
950 3942 1289 4008 affectibus
1334 3962 1407 4007 ac
1453 3943 1788 4008 voluntate
1831 3945 2274 4009 immutamur.
2342 3941 2788 4023 Quamobrem
2892 3952 3158 4009 neutros
3219 3965 3287 4008 se
3345 3944 3780 4027 praebuerint,
3841 3941 4235 4008 satisfecisse
4291 3964 4365 4008 se
4411 3943 4623 4008 officio
4662 3937 4785 4004 arbi·

846 4049 1050 4112 quum
1097 4026 1540 4092 Ionathannm
1601 4027 1907 4095 audimus
1964 4038 2337 4096 constanter
2395 4030 2462 4093 in
2508 4027 2792 4093 amicitia
2893 4039 3170 4096 trantur.
3274 4030 3465 4095 Hanc
3514 4030 3717 4112 igitur
3775 4027 4139 4095 doctrinam
4197 4047 4319 4094 nos
4382 4028 4575 4095 decet
4626 4023 4787 4108 magis

846 4113 1127 4181 Davidis
1162 4133 1630 4196 perseverasse,
1677 4116 1962 4181 sciamus
2005 4136 2150 4181 eam
2195 4116 2511 4181 virtutem
2558 4133 2597 4177 a
2638 4110 2790 4177 fidei
2892 4137 2968 4182 ac
3011 4117 3222 4200 magis
3267 4136 3603 4199 usurpare,
3664 4121 3730 4179 et
3787 4113 3971 4193 scire,
4031 4133 4155 4179 nos
4209 4115 4264 4177 si
4310 4115 4707 4180 remissiores
4741 4110 4785 4172 in

846 4199 1065 4266 radice
1144 4209 1461 4282 tanquam
1537 4200 1821 4265 fructum
1890 4221 2330 4283 promanasse.
2439 4200 2791 4265 Praeterea
2892 4222 3112 4267 amore
3156 4201 3599 4283 proximorum
3645 4201 3983 4277 fuerimus,
4028 4220 4225 4282 quam
4270 4199 4402 4265 fuit
4446 4199 4604 4265 olim
4644 4198 4784 4263 Iom-

846 4285 1004 4351 hinc
1061 4287 1481 4351 observemus
1539 4286 1665 4350 Dei
1727 4286 1923 4352 verbo
1981 4285 2377 4352 credendum
2439 4307 2600 4360 esse,
2655 4304 2790 4349 non
2894 4288 3135 4354 thanus
3158 4290 3224 4352 in
3249 4288 3536 4354 amicitia
3559 4284 3857 4366 Davidis,
3892 4295 3960 4351 et
3996 4283 4189 4349 fidem
4232 4287 4621 4370 frangamus
4640 4299 4786 4367 quam

847 4380 1106 4436 tantum
1173 4392 1372 4453 quum
1441 4381 1700 4453 gratum
1765 4383 1831 4437 et
1894 4372 2245 4438 iucundum
2313 4370 2477 4437 illud
2544 4379 2660 4449 est,
2727 4378 2792 4434 et
2892 4373 3037 4438 Deo
3094 4373 3512 4458 promisimus
3571 4372 3654 4437 ad
3705 4369 3971 4436 honoris
4024 4371 4228 4454 ipsius
4281 4381 4349 4436 et
4392 4371 4641 4455 gloriae
4676 4385 4783 4452 pro-

845 4458 1017 4525 votis
1041 4458 1284 4523 nostris
1323 4454 1700 4541 respondet:
1749 4456 1862 4522 sed
1908 4458 2109 4523 etiam
2152 4457 2404 4542 placide
2450 4455 2793 4522 admitten-
2893 4460 3322 4543 pagationem,
3368 4468 3672 4541 metuque
3713 4457 3926 4522 territi
3959 4457 4173 4522 Deum
4219 4457 4559 4523 reiicimus
4600 4469 4670 4523 ut
4704 4456 4785 4520 bo-

849 4544 1006 4609 dum
1048 4542 1201 4609 licet
1236 4564 1437 4626 grave
1480 4544 1569 4608 sit
1612 4552 1680 4608 et
1720 4543 2028 4610 acerbum
2074 4565 2150 4610 ac
2194 4543 2609 4609 miseriarum
2652 4542 2788 4626 ple-
2893 4545 3176 4611 minibus
3234 4545 3617 4625 serviamus,
3683 4542 3900 4614 Deum
3960 4543 4114 4607 olim
4173 4544 4506 4609 rationem
4573 4566 4608 4609 a
4648 4539 4784 4606 nobis

849 4651 1031 4695 num.
1119 4628 1202 4692 In
1246 4629 1476 4711 primis
1520 4641 1738 4695 autem
1783 4631 2341 4712 perseverantiam
2386 4650 2526 4694 esse
2570 4649 2790 4694 neces-
2891 4631 3325 4713 repetiturum
3389 4651 3593 4713 quum
3664 4628 3895 4693 ultimo
3966 4627 4080 4693 illo
4137 4627 4242 4693 die
4296 4650 4571 4696 causam
4625 4628 4785 4694 dicere

848 4716 1086 4781 sariam
1148 4715 1448 4793 sciamus,
1503 4736 1587 4779 ne
1646 4723 1904 4780 tantum
1961 4716 2123 4781 bene
2167 4714 2573 4798 incipiamus,
2631 4713 2788 4780 Dei·
2894 4737 3010 4781 nos
3048 4715 3221 4800 apud
3259 4717 3469 4797 ipsius
3511 4714 3797 4780 tribunal
3843 4714 4185 4798 oportebit,
4229 4725 4298 4779 et
4330 4714 4560 4782 larvas
4592 4729 4780 4780 omnen.

850 4822 975 4883 que
1055 4799 1302 4884 gloriae
1367 4800 1656 4865 studium
1725 4800 1989 4883 aliquod
2058 4812 2459 4866 ostentemus
2527 4810 2593 4865 et
2655 4800 2787 4867 levi
2891 4803 3130 4886 quibus
3154 4824 3222 4867 se
3250 4801 3439 4866 multi
3478 4810 3766 4880 tuentur,
3812 4801 4253 4885 periculorum
4300 4823 4547 4886 nempe
4588 4811 4781 4865 metum

853 4885 1070 4967 aliquo
1134 4884 1384 4969 fulgore
1427 4884 1645 4951 oculos
1692 4886 2031 4951 hominum
2078 4890 2628 4972 perstringamus:
2674 4887 2786 4954 sed
2891 4888 3318 4955 detecturum.
3388 4885 3829 4967 Quamobrem
3876 4886 3933 4951 si
3977 4887 4126 4969 quis
4168 4907 4240 4953 se
4282 4907 4511 4954 coram
4536 4887 4669 4952 Deo
4702 4904 4779 4947 ex·

848 4979 1226 5037 constanter
1250 4969 1330 5037 ad
1353 4971 1557 5035 finem
1582 4993 1787 5054 usque
1822 4993 2332 5055 perseveremus,
2370 4985 2435 5039 et
2468 4974 2787 5040 adversus
2891 4975 3106 5040 cusari
3160 4994 3349 5057 posse
3408 4982 3627 5054 putat,
3689 4971 3860 5058 quod
3918 4973 3999 5038 ab
4058 4973 4236 5037 omni
4296 4973 4597 5056 periculo
4646 4983 4780 5062 tum}

850 5075 1270 5140 quascunque
1334 5058 1729 5124 tentationes
1786 5059 2042 5124 fortiter
2103 5080 2503 5143 pugnemus,
2584 5060 2789 5127 donec
2889 5082 3031 5126 esse
3068 5060 3230 5125 velit
3264 5069 3330 5124 et
3372 5057 3718 5135 indemnis,
3761 5078 3831 5123 se
3874 5059 3945 5122 in
3992 5058 4113 5122 hoc
4156 5059 4463 5141 exemplo
4487 5055 4775 5123 Ionatham

848 5143 1398 5224 superaverimus.
1463 5143 1690 5227 Neque
1727 5144 1899 5209 enim
1923 5144 2329 5211 Ionathanus
2372 5147 2513 5209 sine
2558 5146 2787 5211 multis
2888 5147 3238 5223 intueatur,
3285 5156 3349 5210 et
3371 5144 3657 5210 officium
3683 5143 3920 5209 discat:
3958 5144 4069 5227 qui
4104 5164 4236 5209 non
4276 5144 4495 5209 solum
4536 5144 4775 5232 fortuna

847 5228 1340 5297 difficultatibus
1400 5242 1466 5294 et
1522 5229 1667 5295 sine
1724 5230 1899 5296 lucta
1955 5233 2137 5297 venit
2190 5230 2272 5296 ad
2331 5230 2654 5297 Davidem
2712 5231 2785 5296 in
2889 5232 3001 5298 sed
3060 5232 3265 5299 vitam
3324 5231 3533 5314 ipsam
3589 5229 3954 5296 certissimo
4006 5228 4297 5312 periculo
4351 5237 4425 5294 et
4471 5225 4773 5296 disci-imin]
