5059 6059
823 305 957 372 203

2513 302 2926 371 HOMILIA
2969 303 3160 370 LXI.

4647 310 4737 377 204

823 492 1228 560 consuetudo
1252 501 1471 557 tamen
1507 492 1698 557 istius
1742 492 1965 576 populi
2009 500 2110 557 est
2143 490 2566 559 observanda.
2603 493 2776 558 Nam
2880 491 3072 558 debat
3112 492 3376 577 prodire
3419 493 3499 558 ad
3545 492 3891 578 inaequale
3932 503 4294 562 certamen:
4339 495 4451 561 sed
4476 506 4625 562 metu
4640 517 4745 580 per·

827 600 910 644 ex
956 579 1100 644 istis
1143 590 1415 663 apparet
1458 578 1770 660 populum
1827 579 1961 644 suis
2016 577 2383 661 sumptibus
2427 579 2774 644 militasse:

823 685 992 748 quae
1034 686 1167 731 non
1226 685 1430 747 parva
1488 662 1615 728 fuit
1660 665 1963 729 tentatio:
2021 663 2346 747 siquidem
2389 664 2578 732 Deus
2622 686 2774 748 pro·

827 753 1094 817 miserat
1151 750 1297 815 illos
1357 759 1602 814 terram
1662 749 1845 814 illam
1888 748 2371 816 inhabitaturos
2413 750 2666 833 placide
2710 761 2778 816 et

824 839 1042 920 quiete
1085 857 1278 918 quam
1325 835 1486 918 ipsis
1531 834 1763 901 dabat:
1825 835 1938 900 sed
2004 856 2244 919 magna
2288 855 2445 901 cura
2486 849 2554 904 et
2597 836 2776 903 solli-

821 922 1112 989 citudine
1156 933 1480 1005 coguntur
1523 921 1699 986 domi
1746 921 1970 987 vivere
2012 937 2080 987 et
2123 942 2332 1004 parce,
2405 932 2481 988 ut
2524 924 2777 1006 possint

822 1010 905 1074 iis
949 1011 1060 1092 qui
1105 1009 1175 1073 in
1223 1008 1454 1072 castris
1498 1019 1690 1073 erant
1743 1008 1991 1073 victum
2051 1016 2118 1072 et
2161 1027 2490 1073 annonam
2537 1030 2776 1094 suppe-

821 1095 1050 1160 ditare.
1140 1094 1393 1159 Verum
1438 1091 1779 1177 oportebat
1819 1094 1996 1176 ipsos
2042 1113 2394 1177 agnoscere
2438 1116 2509 1160 se
2555 1095 2776 1160 datam

819 1181 947 1246 sibi
990 1180 1357 1246 libertatem
1405 1199 1522 1244 suo
1570 1179 1729 1243 vitio
1770 1178 2150 1261 perdidisse.
2231 1179 2324 1244 Et
2366 1178 2607 1247 debent
2648 1183 2777 1246 ista

824 1266 1173 1350 diligenter
1219 1286 1257 1330 a
1303 1265 1489 1330 nobis
1533 1265 1602 1328 in
1656 1264 2087 1329 eruditionem
2133 1275 2422 1329 nostram
2469 1267 2775 1350 expendi.

822 1352 995 1418 Nam
1055 1352 1190 1417 fere
1250 1352 1325 1416 fit
1382 1358 1458 1415 ut
1513 1350 1638 1415 nisi
1686 1350 1864 1416 Deus
1923 1351 2110 1416 nobis
2169 1372 2250 1415 ex
2311 1351 2515 1417 animi
2570 1354 2776 1419 nostri

820 1440 1149 1505 sententia
1192 1446 1260 1501 et
1302 1449 1455 1501 voto
1492 1436 1862 1519 suppeditet
1896 1457 2065 1518 quae
2101 1436 2419 1519 cupimus,
2463 1438 2777 1505 adversus

820 1525 1046 1610 ipsum
1096 1524 1688 1598 obmurmuremus,
1751 1521 2090 1605 Deumque
2146 1522 2328 1588 velut
2386 1523 2455 1588 in
2510 1544 2775 1590 causam

820 1631 1147 1692 vocemus,
1211 1610 1296 1673 iis
1355 1629 1523 1690 quae
1583 1608 1767 1673 nobie
1825 1629 1911 1673 ex
1967 1629 2147 1673 mera
2204 1607 2600 1674 liberalitate
2665 1608 2778 1674 dat

821 1717 950 1762 nou
995 1695 1316 1761 contenti:
1378 1706 1463 1770 et,
1511 1693 1679 1776 quod
1723 1693 1916 1777 longe
1959 1692 2249 1759 deterius
2293 1705 2424 1771 est,
2484 1696 2567 1760 ad
2610 1695 2774 1760 diffi-

821 1781 1115 1847 dentiam
1176 1780 1619 1859 sollicitemur,
1687 1799 1889 1862 quum
1956 1800 2087 1844 non
2155 1781 2410 1862 perficit
2474 1802 2555 1847 ea
2609 1801 2778 1864 quae

821 1868 1011 1934 nobis
1072 1885 1642 1950 pei-suaseramus:
1702 1878 1765 1929 et
1823 1866 1880 1930 si
1937 1885 2247 1948 prospera
2304 1868 2526 1932 omnia
2590 1868 2777 1952 polli-

820 1968 1046 2021 ceatur
1095 1974 1223 2017 non
1270 1952 1666 2029 intueamur,
1727 1972 1935 2034 neque
1994 1952 2210 2034 ipsum
2270 1972 2386 2017 nos
2443 1951 2527 2018 ad
2583 1974 2778 2020 suum

822 2041 1076 2106 cultum
1166 2046 1231 2101 et
1312 2039 1626 2101 honorem
1706 2037 2078 2102 hortantem
2155 2035 2530 2104 audiamus:
2620 2040 2777 2122 quin

826 2126 1046 2211 potius
1097 2132 1331 2207 sponte
1389 2124 1602 2205 ipsum
1663 2142 2092 2206 provocemus
2148 2131 2216 2187 et
2272 2122 2479 2206 ipsius
2532 2127 2781 2210 gratias

822 2211 1243 2296 repellamus.
1334 2207 1513 2289 Quid
1568 2209 1808 2273 mirum
1867 2208 2074 2290 igitur
2132 2208 2191 2276 si
2251 2230 2369 2275 nos
2421 2210 2781 2277 afflictioni-

824 2299 948 2365 bus
994 2296 1240 2363 diutius
1284 2294 1497 2379 premi
1541 2294 1883 2376 permittit,
1929 2294 1985 2359 si
2030 2293 2257 2358 multis
2299 2293 2780 2362 calamitatibus

823 2384 1279 2468 persequitur,
1342 2389 1408 2445 et
1462 2400 1593 2463 quo
1639 2391 1927 2463 tempore
1970 2388 2347 2463 optaremus
2393 2403 2522 2446 non
2569 2382 2782 2448 adfert

824 2467 1192 2534 auxilium?
1261 2464 1503 2547 Quare,
1549 2466 1837 2548 inquam,
1883 2466 2011 2530 ista
2054 2465 2447 2531 miraremur
2489 2467 2779 2551 quando-

825 2552 1085 2638 quidem
1131 2554 1273 2617 eius
1317 2555 1481 2616 iram
1527 2550 1973 2616 indesinenter
2014 2572 2467 2633 provocamus,
2508 2564 2576 2618 et
2618 2573 2779 2637 quo-

827 2642 1047 2704 minus
1092 2660 1162 2703 se
1209 2648 1458 2720 patrem
1516 2636 1703 2702 nobis
1760 2636 2063 2703 ostendat
2118 2638 2558 2720 impedimus?
2646 2639 2780 2705 Ita-

827 2745 953 2808 que
998 2743 1199 2807 quum
1241 2734 1501 2789 veteres
1545 2723 1695 2788 illos
1738 2731 1960 2807 patres
2003 2722 2301 2789 videmus
2344 2745 2476 2790 non
2515 2725 2679 2791 bene
2715 2734 2781 2791 et

824 2809 1158 2877 commode
1203 2829 1459 2892 semper
1503 2808 1572 2873 in
1617 2817 1794 2874 terra
1836 2808 1951 2874 illa
2008 2809 2327 2891 promissa
2371 2811 2651 2890 vixisse,
2712 2820 2782 2878 et

825 2918 959 2963 non
1003 2897 1225 2961 omnia
1266 2917 1348 2960 ex
1395 2893 1596 2959 animi
1641 2895 1970 2959 sententia
2013 2896 2174 2977 ipsis
2197 2896 2619 2964 successisse:
2664 2896 2780 2964 sed

826 3003 1022 3065 saepe
1065 2980 1242 3046 domi
1284 2981 1355 3044 in
1401 2980 1675 3047 summis
1726 2980 2046 3064 angustiis
2100 2981 2320 3061 fuisse,
2375 3001 2568 3065 saepe
2624 2983 2780 3048 foris

831 3067 913 3135 ab
949 3067 1250 3133 hostibus
1295 3067 1644 3145 lacessitos,
1700 3075 1769 3131 et
1827 3066 2106 3149 praedae
2164 3085 2240 3130 ac
2284 3068 2536 3152 rapinis
2580 3090 2778 3153 expo-

826 3154 1004 3233 sitos,
1048 3164 1115 3217 et
1136 3155 1203 3217 in
1230 3152 1500 3236 ancipiti
1524 3160 1704 3217 statu
1743 3152 1960 3230 fuisse,
2006 3153 2151 3218 aliis
2196 3151 2512 3219 adversus
2557 3155 2779 3222 hostes

826 3238 1318 3325 praeliantibus,
1384 3238 1530 3302 aliis
1586 3258 1744 3303 vero
1804 3237 1976 3304 domi
2046 3238 2293 3303 victum
2336 3249 2404 3303 et
2446 3260 2778 3306 annonam

825 3326 987 3409 ipsis
1069 3324 1589 3407 procurantibus,
1678 3322 2002 3390 discamus
2080 3342 2201 3388 nos
2278 3323 2455 3407 ipsos
2534 3326 2782 3391 intueri

829 3421 896 3476 et
980 3410 1341 3494 explorare,
1430 3419 1932 3491 nostrarumque
2010 3408 2440 3475 afflictionum
2517 3431 2781 3477 causam

830 3507 1096 3579 peccata
1161 3507 1387 3561 nostra
1452 3516 1595 3560 esse
1660 3515 2106 3576 agnoscamus.
2199 3495 2374 3561 Hinc
2441 3497 2620 3562 enim
2683 3496 2783 3562 fa-

827 3581 1132 3646 ciendum
1198 3581 1562 3646 exordium.
1674 3579 1930 3646 Deinde
1993 3581 2318 3663 patienter
2378 3582 2667 3647 feramus
2745 3603 2785 3648 a

828 3666 973 3733 Deo
1029 3675 1319 3732 nostram
1379 3666 1764 3749 patientiam
1818 3677 1884 3730 et
1948 3666 2389 3732 obedientiam
2431 3668 2780 3750 explorari,

831 3774 908 3819 ac
952 3753 1023 3816 in
1085 3754 1292 3836 ipsius
1350 3754 1584 3817 timore
1643 3773 1900 3834 semper
1956 3751 2400 3831 ambulemus,
2455 3755 2608 3819 licet
2665 3776 2782 3838 per

827 3838 1019 3921 ignes
1063 3850 1129 3902 et
1171 3858 1371 3921 aquas
1416 3838 1623 3903 multa
1657 3838 1947 3922 pericula
1982 3837 2386 3919 immineant,
2434 3851 2500 3906 et
2536 3840 2782 3906 multae

828 3923 1236 3990 calamitates
1281 3923 1469 3989 uobis
1515 3933 1779 4006 paratae
1822 3924 2191 3989 videantur.

1001 4010 1361 4091 Postquam
1406 4031 1563 4075 vero
1587 4008 1808 4074 David
1851 4011 1921 4074 in
1965 4020 2184 4076 castra
2228 4012 2542 4093 venisset,
2589 4020 2656 4076 et
2702 4011 2780 4077 de

826 4095 1110 4161 fratrum
1156 4103 1330 4161 statu
1376 4095 1772 4178 inquireret,
1830 4116 1978 4162 ecce
2021 4095 2285 4161 auditur
2329 4097 2655 4162 tumultus
2698 4098 2778 4162 ad

828 4204 1017 4248 arma
1070 4184 1618 4254 concurrentium,
1685 4193 1753 4244 et
1817 4204 1886 4246 se
1945 4181 2028 4246 ad
2088 4202 2378 4265 pugnam
2438 4185 2781 4266 utriusque

826 4270 989 4334 aciei
1034 4268 1328 4351 parantis
1371 4287 1754 4332 concursus:
1824 4273 1881 4331 et
1935 4269 2242 4348 apparuit
2294 4269 2397 4333 vir
2452 4270 2563 4335 ille
2604 4274 2783 4335 stans

823 4354 989 4419 inter
1029 4355 1195 4419 duas
1240 4352 1423 4430 acieS,
1489 4353 1865 4418 adscendens
1915 4352 2177 4419 Goliath
2220 4355 2485 4436 nomine,
2535 4354 2781 4421 Philis-

823 4446 1003 4506 taeus
1059 4440 1136 4505 de
1197 4438 1372 4520 Get-h,
1432 4439 1508 4503 de
1564 4439 1793 4503 castris
1827 4437 2342 4517 Philistinorum,
2402 4446 2459 4504 et
2501 4440 2782 4522 loquente

824 4546 907 4603 e0,
950 4525 1198 4591 audivit
1242 4524 1483 4590 David.
1553 4523 1780 4590 Omnes
1812 4529 2022 4589 autem
2066 4525 2402 4590 Israelitae
2445 4547 2641 4609 quum
2682 4528 2781 4592 vi-

825 4613 1060 4677 dissent
1101 4611 1312 4675 virum
1345 4610 1640 4693 fuyerant
1674 4630 1716 4674 a
1734 4608 1900 4690 facie
1922 4611 2075 4691 eius,
2118 4611 2396 4676 timentes
2415 4632 2558 4677 eum
2578 4612 2778 4677 valde.

765 4739 776 4754 .
827 4696 917 4761 Et
959 4698 1124 4761 dtr-it
1165 4716 1331 4760 unus
1372 4697 1691 4777 quispam
1732 4697 1809 4761 de
1851 4694 2096 4760 Israel.-
2157 4695 2333 4760 Num
2390 4698 2644 4763 vidistis
2686 4699 2781 4763 vi-

825 4804 969 4847 rum
1011 4783 1172 4847 hunc
1214 4782 1326 4863 qui
1370 4782 1689 4848 adscendit
1709 4781 1748 4850 Ρ
1803 4781 1889 4846 ad
1922 4781 2420 4862 exprobrandum
2464 4784 2633 4848 enim
2678 4784 2783 4848 Is·

824 4868 984 4933 raeti
1026 4868 1357 4933 adscendit.
1420 4867 1642 4933 Virum
1687 4887 1829 4951 erqo
1871 4870 1981 4948 qui
2014 4870 2395 4949 percusserit
2435 4889 2577 4934 eum
2617 4869 2779 4934 dita-

828 4953 916 5018 bit
957 4974 1069 5019 rex
1110 4953 1356 5018 divitiis
1396 4953 1676 5036 maynis,
1738 4959 1796 5017 et
1845 4952 2054 5033 filiam
2107 4973 2296 5018 suam
2352 4955 2526 5021 dabit
2580 4955 2656 5031 ei,
2725 4959 2781 5019 et

826 5040 1076 5105 domum
1133 5040 1347 5121 patris
1404 5040 1543 5105 eius
1594 5038 1786 5119 faciet
1841 5038 2073 5121 absque
2131 5038 2357 5107 tributo
2423 5041 2495 5105 in
2552 5039 2776 5106 lsrael.

831 5122 1007 5191 Saue
1050 5124 1405 5189 audiebant
1459 5125 1724 5207 quidem
1766 5145 1995 5191 omnes
2038 5125 2322 5208 gigantis
2367 5127 2777 5208 provocatio-

827 5231 998 5288 nem,
1044 5209 1161 5277 sed
1204 5211 1318 5276 alii
1363 5211 1524 5276 alios
1569 5212 1993 5277 intuebantur
2032 5211 2330 5277 attoniti:
2393 5212 2616 5279 nullus
2657 5233 2776 5278 au-

2878 578 3045 644 culsi
3109 588 3176 644 et
3240 578 3718 661 despondentes
3781 581 4077 647 animum
4142 580 4573 665 diffugiebant.
4651 580 4745 650 Sed

2876 662 3094 729 David
3162 685 3526 729 sermonem
3593 667 3928 749 excipiens
3982 668 4108 731 ait:
4182 667 4422 751 Ecquis
4480 688 4614 734 vero
4661 670 4748 734 iste
4843 699 4851 714 ·

2877 759 2980 816 est
3041 750 3572 829 incircumcisus,
3631 754 3738 833 qui
3798 753 4219 836 exprobravit
4276 754 4478 818 aciem
4518 752 4625 817 Dei
4675 754 4745 820 vi·

2877 834 3137 902 ventis?
3221 836 3353 902 Hic
3396 836 3465 900 in
3509 836 3739 920 primis
3784 837 4263 906 observandum
4308 839 4476 922 quod
4517 839 4748 923 superius

2877 922 3234 1005 attigimus,
3298 922 3511 987 Deum
3556 924 3646 987 ita
3688 925 4123 1007 prostravisse
4166 926 4421 989 animos
4462 924 4668 1008 populi,
4698 934 4752 989 ut

2879 1008 3061 1073 nulla
3106 1006 3347 1084 Saulis,
3415 1008 3603 1073 nulla
3645 1007 4021 1090 Ionathani,
4080 1010 4263 1075 nulla
4304 1009 4571 1094 denique
4606 1009 4753 1076 ullius

2877 1094 2948 1158 in
2994 1105 3130 1159 toto
3175 1092 3464 1160 exercitu
3507 1095 3725 1161 virtus
3770 1104 3837 1160 et
3878 1094 4191 1161 fortitudo
4233 1095 4465 1175 fuerit,
4523 1096 4633 1160 etsi
4665 1096 4753 1159 fuit

2880 1198 3286 1244 numerosus.
3390 1181 3608 1245 Antea
3681 1190 3902 1247 tamen
3961 1182 4311 1246 Ionathani
4370 1179 4755 1246 fortitudinem

2878 1263 3269 1344 audivimus,
3331 1262 3445 1347 qui
3509 1285 3712 1331 ausus
3775 1268 3973 1332 etiam
4034 1267 4251 1332 fuerat
4313 1266 4756 1334 Philistaeorum

2877 1350 3214 1416 cohortem
3248 1349 3387 1415 solo
3431 1351 3756 1437 armigero
3793 1354 4143 1419 comitatus
4178 1352 4468 1436 aggredi,
4512 1365 4579 1420 ut
4607 1364 4757 1418 teme-

2878 1436 3039 1501 ritas
3103 1435 3320 1519 potius
3384 1456 3579 1517 quam
3637 1437 3949 1505 fortitudo
4006 1439 4132 1505 dici
4192 1438 4427 1505 debere
4471 1437 4758 1504 videretur.

2877 1521 3050 1586 Nam
3109 1521 3256 1603 quis
3312 1519 3763 1588 fortitudinem
3817 1523 3992 1590 dicat
4046 1545 4250 1623 quum
4307 1546 4379 1594 se
4434 1525 4503 1590 in
4556 1523 4763 1589 eviden-

2879 1608 3200 1672 tissimum
3244 1607 3605 1688 periculum
3650 1608 3888 1691 aliquis
3930 1610 4195 1675 coniicit
4232 1610 4380 1676 sine
4414 1631 4529 1693 spe
4548 1607 4759 1674 auxilii?

2877 1691 3102 1774 Quum
3160 1693 3370 1776 igitur
3409 1691 3817 1761 Ionathanus
3868 1697 3942 1764 in
4000 1697 4215 1781 ipsum
4262 1694 4562 1779 praesidii
4600 1694 4761 1760 locum

2879 1779 3060 1846 solus
3104 1788 3396 1845 armatus
3438 1799 3587 1844 cum
3633 1781 3959 1863 armigero
4003 1781 4244 1846 inermi
4299 1780 4762 1865 progrederetur,

2878 1874 2945 1930 et
2986 1863 3214 1949 procul
3270 1865 3351 1930 ab
3395 1866 3574 1929 omni
3631 1866 3878 1931 auxilio
3934 1867 4237 1936 cohortes
4281 1866 4564 1932 bostium
4603 1884 4763 1930 arms·

2879 1959 2982 2018 tas
3155 1948 3511 2027 rederetur,
3577 1951 3725 2034 quis
3785 1973 3919 2018 non
3976 1954 4419 2019 temeritatem
4463 1951 4616 2018 illud
4653 1950 4768 2016 isoi-

2879 2058 3004 2103 nus
3108 2039 3235 2101 icat
3288 2036 3502 2118 potius
3559 2057 3758 2119 quam
3814 2038 4287 2118 fortitudinem,
4350 2038 4484 2105 nisi
4525 2054 4769 2123 agnosca-

2879 2144 3025 2189 mus
3071 2121 3389 2186 divinitus
3431 2120 3527 2186 illi
3564 2122 3769 2188 factos
3811 2125 4068 2190 animos
4113 2124 4467 2207 datamque
4508 2120 4768 2190 fortimdi-

2879 2206 3078 2273 nem?
3127 2206 3257 2274 Sed
3305 2206 3416 2271 ubi
3455 2206 3587 2272 iam
3631 2219 3775 2274 erat
3815 2208 3930 2274 illa
3951 2210 4300 2276 Ionathani
4325 2207 4581 2276 virtus?
4622 2226 4772 2291 quare

2881 2294 3167 2378 gigantis
3222 2291 3404 2358 illius
3463 2313 3889 2376 congressum
3954 2294 4228 2361 horret?
4319 2293 4500 2362 Sane
4560 2303 4773 2377 apparet

2882 2381 3099 2463 ipsum
3148 2380 3388 2443 virtute
3433 2377 3639 2444 divini
3683 2381 3947 2463 spiritus
3993 2380 4196 2448 fuisse
4242 2383 4601 2464 privatum:
4651 2375 4773 2461 quod

2884 2465 3194 2530 nimirum
3258 2462 3460 2529 vellet
3524 2485 3673 2530 eum
3733 2466 3977 2531 Davidi
4045 2466 4295 2534 cedere.
4388 2463 4773 2549 Quamobrem

2883 2549 3043 2618 haec
3096 2549 3317 2615 omnia
3374 2548 3599 2615 divina
3653 2551 4061 2633 providentia
4117 2553 4323 2620 fuisse
4376 2552 4775 2625 administrata

2882 2646 3136 2703 certum
3202 2645 3333 2712 est,
3401 2634 3625 2701 divina
3689 2636 3986 2705 vindicta
4051 2636 4323 2705 Saulem
4390 2643 4774 2721 persequente,

2884 2719 3058 2806 quod
3125 2741 3165 2785 a
3220 2728 3402 2787 recta
3459 2721 3917 2788 mandatorum
3961 2725 4090 2790 Dei
4150 2726 4261 2790 via
4305 2723 4685 2799 deflexisset,
4728 2730 4777 2786 ut

2882 2819 3034 2874 ante
3080 2805 3379 2872 vidimus.
3469 2804 3771 2890 Denique
3828 2809 4085 2875 nullum
4148 2810 4350 2877 fuisse
4404 2812 4479 2876 in
4535 2819 4658 2874 toto
4701 2805 4777 2870 illo

2883 2893 3194 2970 exercitu,
3256 2893 3367 2975 qui
3415 2891 3723 2959 Goliatho
3767 2896 4160 2978 respondere
4203 2899 4292 2962 sit
4333 2916 4541 2962 ausus
4578 2891 4779 2975 conspi-

2883 2981 3109 3057 cimus,
3154 2978 3324 3061 quod
3368 2978 3495 3043 Dei
3542 2980 3878 3062 proprium
3923 2982 4011 3047 sit
4052 2981 4227 3048 vires
4272 2991 4344 3047 et
4387 2979 4777 3048 fortitudinem

2885 3065 3131 3131 timidis
3195 3076 3263 3129 et
3327 3063 3698 3130 imbellibus
3762 3066 4011 3168 largiri,
4102 3079 4172 3132 et
4236 3077 4471 3133 contra
4532 3067 4777 3149 frangere

2884 3152 3142 3217 animos
3185 3151 3488 3227 fortium,
3556 3160 3622 3216 et
3674 3150 3771 3217 ita
3825 3150 4185 3219 dlssolvere
4246 3163 4322 3217 ut
4378 3153 4587 3219 instar
4623 3168 4778 3233 aquae

2884 3236 3226 3301 diffluant:
3273 3250 3340 3301 et
3382 3257 3661 3319 quorum
3706 3246 3901 3303 antea
3943 3239 4159 3305 virtus
4203 3238 4551 3304 videbatur
4571 3237 4778 3307 invida.

2884 3334 2953 3388 et
2997 3321 3197 3387 nullis
3236 3322 3470 3388 terreri
3533 3343 3727 3405 posse
3771 3324 4115 3407 periculis,
4177 3325 4270 3390 sic
4326 3333 4650 3390 momento
4694 3322 4778 3384 im·

2884 3418 3158 3486 mutare,
3204 3419 3278 3472 ut
3325 3407 3428 3472 vel
3473 3407 3555 3472 ad
3596 3409 3865 3474 umbrae
3887 3431 4044 3476 suae
4078 3420 4509 3494 conspectum
4535 3411 4780 3493 paveant-

2884 3493 3330 3575 Quamobrem
3377 3492 3701 3561 discamus
3745 3514 3867 3562 nos
3910 3504 4082 3562 totos
4125 3495 4270 3562 Deo
4312 3497 4697 3580 permittere,
4734 3503 4781 3554 et

2884 3581 2954 3645 in
3000 3580 3206 3662 ipsius
3249 3600 3484 3645 manus
3528 3600 3647 3645 nos
3690 3580 3971 3660 tradere,
4016 3592 4091 3647 ut
4128 3582 4201 3647 in
4245 3582 4553 3648 omnibus
4593 3576 4779 3645 nostris

2887 3665 3164 3747 negotiis
3228 3665 3309 3730 ab
3374 3667 3515 3748 ipso
3581 3686 3915 3748 regamur,
3982 3679 4050 3732 et
4113 3668 4408 3748 consilio,
4473 3663 4778 3752 prudenti&

2887 3751 3136 3817 viribus
3180 3752 3552 3816 muniamur
3596 3762 3792 3834 prout
3813 3754 4167 3819 necessitas
4200 3753 4587 3837 postularit:
4626 3751 4780 3816 scien·

2883 3845 2983 3903 tes
3026 3856 3145 3903 nos
3210 3855 3346 3902 non
3412 3857 3600 3921 posse
3665 3859 3831 3921 quae
3887 3848 4041 3904 sunt
4098 3850 4424 3906 eventura
4480 3833 4781 3924 providere.

2886 3922 3013 3989 nisi
3069 3922 3213 4004 ipse
3269 3921 3459 3988 nobis
3515 3925 3736 3989 oculos
3794 3925 4046 4008 aperiat
4094 3938 4162 3990 et
4204 3925 4528 3992 illustret:
4592 3938 4655 3988 ut
4688 3938 4779 4014 mo:

2882 4010 3010 4074 rito
3055 4007 3178 4074 sibi
3200 4007 3371 4074 hanc
3392 4010 3814 4075 autoritatem
3859 4023 3926 4076 et
3968 4012 4333 4093 potentiam
4378 4011 4612 4077 tribuit
4633 4003 4777 4073 daudl

2886 4096 3076 4169 vires,
3131 4095 3521 4178 sapientiam
3588 4105 3656 4160 et
3717 4095 4032 4162 iudicium
4096 4097 4171 4162 in
4236 4098 4542 4164 omnibus
4595 4105 4777 4188 acensi}

2883 4179 3181 4264 negotiis,
3249 4200 3447 4262 quum
3493 4181 3706 4264 ipsum
3751 4183 3894 4248 sine
3936 4182 4357 4248 simulatione
4402 4194 4470 4248 et
4512 4183 4776 4266 hypocrm

2885 4266 3313 4350 precabimur.
3416 4266 3508 4331 Et
3572 4278 3907 4349 praeterea
3969 4267 4105 4335 fore
4171 4280 4249 4334 ut
4313 4269 4371 4334 si
4434 4268 4777 4357 calamitates

2881 4354 3217 4435 ingruant,
3278 4359 3344 4415 et
3396 4352 3620 4418 multis
3678 4354 3939 4419 iniuriis
3998 4367 4065 4419 et
4106 4355 4464 4420 calumniis
4506 4353 4585 4418 ab
4622 4352 4774 4443 hosti·

2884 4438 3005 4503 bus
3048 4436 3338 4520 undique
3380 4458 3788 4520 premamur,
3851 4449 4158 4524 metuque
4203 4440 4636 4524 diffugiamus,
4674 4452 4775 4530 sn}-

2881 4544 3022 4590 mos
3067 4521 3279 4602 faciat,
3324 4532 3391 4587 et
3433 4523 3503 4587 in
3549 4525 3931 4591 infirmitate
3973 4540 4199 4592 nostra
4241 4527 4495 4594 viribus
4534 4545 4643 4589 nos
4678 4537 4772 4585 suu

2881 4617 3238 4689 sustentet,
3324 4608 3554 4692 suique
3617 4610 3888 4695 spiritus
3953 4614 4197 4678 virtute
4264 4613 4547 4678 muniat.
4642 4601 4771 4689 Quid

2882 4697 3055 4761 enim
3116 4693 3305 4759 nobie
3369 4695 3624 4760 miseris
3681 4697 3826 4763 sine
3885 4698 4008 4763 Dei
4072 4697 4318 4764 auxilio
4373 4695 4598 4763 fieret?
4671 4690 4771 4757 Nae

2882 4789 3065 4846 tanto
3113 4793 3288 4845 metu
3334 4780 3830 4864 trepidaremus,
3878 4792 3950 4848 ut
3993 4783 4102 4849 vel
4146 4782 4273 4869 ipsi
4319 4785 4508 4866 pueri
4548 4779 4769 4845 maiora

2880 4867 3132 4933 animos
3176 4876 3430 4950 gerant,
3474 4879 3542 4933 et
3584 4870 3829 4935 virtute
3872 4870 4121 4936 maiore
4159 4869 4438 4952 praediti
4462 4867 4766 4934 videantur.

2880 4952 3140 5018 Deinde
3184 4953 3291 5018 hic
3335 4951 3757 5020 observemus
3801 4975 3995 5038 quam
4041 4954 4318 5022 audaces
4361 4969 4429 5021 et
4470 4956 4657 5020 fortes
4691 4947 4767 5012 ho·

2879 5039 3089 5104 mines
3134 5037 3241 5104 hic
3283 5050 3644 5121 appareant
3688 5042 3753 5105 in
3798 5040 3944 5107 aliis
3987 5041 4371 5121 excitandis,
4413 5060 4603 5125 quum
4624 5051 4764 5129 nem

2882 5135 3101 5190 tamen
3148 5123 3384 5190 audeat
3425 5124 3566 5210 ipse
3590 5135 3922 5192 certamen
3956 5127 4307 5212 suscipere.
4343 5126 4515 5194 Nam
4534 5127 4763 5192 narrabo

2878 5211 2994 5276 illa
3059 5219 3200 5276 tota
3269 5210 3476 5277 videri
3541 5222 3758 5298 posset
3816 5212 4105 5296 puerilis,
4172 5233 4397 5280 eorum
4443 5213 4553 5296 qui
4590 5210 4765 5276 dieunt
