5059 6059
296 331 402 398 397

1583 324 1685 391 IN
1728 324 1784 389 I.
1830 324 2013 390 LIB.
2060 323 2464 394 SAMUEL.
2508 326 2706 395 CAP.
2756 327 2883 392 III.

4114 328 4243 396 398

292 529 393 592 est:
443 519 594 603 quod
646 518 872 586 boam
927 521 1017 584 est
1068 518 1143 584 in
1193 515 1393 582 oeulis
1438 515 1581 582 sui-³
1616 513 1838 597 faciat.
1926 512 2186 595 Quibus
2290 516 2609 584 adversus
2652 516 2846 582 illum
2886 517 3328 601 insurgamus,
3386 523 3506 582 aut
3558 516 3632 581 in
3688 535 3768 583 ea
3807 515 4237 600 inquiramus.

289 610 561 678 docemur
598 625 934 689 nunquam
977 603 1203 671 verbis
1245 621 1389 668 esse
1431 621 1585 668 cum
1607 599 1753 666 Deo
1794 599 2185 666 contenden-

287 695 438 771 dum,
478 700 587 756 aut
626 691 760 757 ullo
802 690 998 756 modo
1041 686 1583 773 responsandum,
1641 684 1758 752 sed
1812 685 2022 769 ipsius
2064 706 2182 768 po-

287 782 399 848 tius
437 778 715 860 bonitati,
760 776 1023 844 veritati
1067 787 1135 841 et
1178 774 1427 854 virtuti,
1467 772 1763 839 iustitiae
1804 791 1881 836 ac
1914 772 2183 839 rectitu-

283 862 796 933 dinioedeudum:
843 863 969 928 etsi
1001 861 1187 927 nulla
1218 859 1410 926 nobis
1452 866 1764 941 appareat
1807 857 2182 926 divinorum

281 951 630 1018 iudiciorum
672 949 860 1029 ratio,
919 956 987 1013 et
1038 947 1256 1031 potius
1311 946 1620 1011 iniuriam
1663 942 1800 1026 pati
1845 964 1965 1010 nos
2007 943 2180 1008 arbi-

281 1047 527 1116 tremur,
600 1045 826 1101 tamen
889 1032 1290 1099 adorandam
1353 1031 1728 1098 divinorum
1790 1029 2178 1096 iudiciorum

278 1122 726 1190 mutitudinem.
812 1120 986 1186 Nam
1040 1120 1099 1186 si
1156 1119 1281 1185 sibi
1336 1118 1461 1184 hac
1516 1118 1588 1181 in
1644 1122 1833 1198 parte
1881 1116 2181 1181 homines

274 1208 680 1291 indulgerent,
722 1214 791 1273 et
835 1206 1127 1272 habenas
1167 1202 1631 1287 cupiditatibus
1673 1201 1991 1281 laxarent,
2032 1199 2181 1266 nul-

274 1295 393 1360 lum
444 1313 731 1376 unquam
791 1292 1089 1357 rixarum
1144 1298 1213 1356 et
1270 1287 1716 1357 contentionis
1769 1288 1968 1352 finem
2025 1307 2178 1354 cum

272 1381 397 1446 Deo
436 1381 738 1459 facerent,
781 1377 1173 1462 praesertim
1210 1375 1354 1441 Deo
1399 1376 1578 1457 ipsos
1619 1381 1849 1439 contra
1881 1374 2178 1456 ipsorum

273 1466 649 1533 voluntatem
689 1473 1031 1531 tractante.
1097 1462 1275 1529 Hinc
1319 1459 1613 1527 eruenda
1655 1460 1975 1540 generalis
2018 1457 2180 1524 haec

270 1551 598 1631 sententia,
662 1550 916 1626 Deum,
997 1547 1524 1633 quandoquidem
1600 1565 1821 1610 rerum
1884 1545 2179 1610 omnium

270 1638 567 1702 Dominus
623 1647 745 1717 est,
812 1635 1018 1701 libere
1075 1633 1339 1718 quidvis
1395 1630 1633 1715 agendi
1689 1627 2180 1715 αὖτοκρατορικῆν

268 1721 480 1788 habere
520 1729 944 1805 potestatem:
1000 1730 1069 1787 et
1109 1739 1433 1787 summam
1476 1717 1577 1783 illi
1620 1716 2001 1783 attributam
2043 1736 2179 1781 ma-

266 1809 557 1892 iestatem,
615 1828 818 1891 quam
874 1808 1165 1874 revereri
1208 1815 1278 1872 et
1318 1804 1593 1870 adorare
1635 1822 1863 1868 omnes
1905 1809 2179 1885 oportet,

267 1894 427 1976 eique
447 1894 701 1977 placide
722 1915 865 1959 sese
888 1892 1289 1959 submittere.
1328 1893 1427 1957 Ac
1441 1889 1712 1975 proinde
1733 1909 1935 1972 quum
1964 1887 2045 1953 de
2078 1886 2177 1952 di·

266 1981 431 2044 vinae
471 1980 762 2046 iustitiae
805 1980 1280 2064 gubernatione
1323 1979 1562 2061 agitur,
1611 1995 1874 2042 omnem
1918 1972 2179 2040 excludi

263 2064 460 2131 iudicii
504 2066 785 2132 humani
830 2066 986 2145 vim,
1034 2071 1103 2130 et
1137 2084 1361 2130 rerum
1402 2061 1695 2129 omnium
1739 2062 2178 2141 cognitionem

262 2149 994 2234 administrationemque
1028 2149 1154 2218 soli
1188 2150 1314 2234 ipsi
1343 2148 1644 2215 attribui:
1685 2155 1763 2212 ut
1784 2148 1842 2213 si
1870 2147 2037 2212 forte
2073 2144 2181 2211 vel

259 2236 439 2302 inscio
496 2236 605 2303 vel
664 2237 876 2302 invito
924 2235 1066 2302 Deo
1124 2236 1477 2320 quidquam
1520 2234 1852 2315 suscipere
1891 2229 2177 2298 volueri·

260 2342 402 2402 mus,
464 2324 568 2389 vel
626 2323 754 2389 hoc
809 2322 954 2405 ipso
1014 2321 1326 2387 desistere
1384 2320 1751 2398 debeamus,
1817 2318 1986 2401 quod
2047 2316 2178 2383 Dei

259 2408 541 2475 voluntas
582 2410 918 2475 contraria
961 2408 1066 2473 sit.
1126 2407 1432 2489 Denique
1477 2405 1632 2470 hinc
1674 2403 2173 2478 observandum,

258 2492 481 2560 bomini
544 2506 782 2563 contra
838 2494 944 2560 rel
1010 2503 1271 2578 praeter
1338 2491 1466 2557 Dei
1530 2491 1941 2556 voluntatem
2006 2488 2174 2554 nihil

255 2579 603 2648 audendum
647 2579 1284 2665 suscipiendamque.
1347 2577 1492 2642 Imo
1536 2576 1756 2660 potius
1798 2586 1984 2640 tanta
2025 2594 2176 2640 cum

255 2669 599 2734 reverentia
640 2666 988 2734 colendum
1033 2667 1271 2749 ipsum,
1317 2671 1392 2728 ut
1432 2664 1563 2746 ipsi
1603 2683 1725 2728 nos
1766 2663 1942 2744 ipsos
1985 2659 2178 2727 abne-

252 2771 404 2835 gare,
446 2763 515 2818 et
555 2754 748 2819 nobis
793 2773 925 2818 non
970 2772 1198 2834 sapere
1243 2750 1589 2826 discamus,
1634 2768 1719 2813 ne
1760 2768 1972 2814 vanas
2022 2767 2173 2812 nos·

252 2847 367 2903 tras
406 2841 753 2922 opiniones
795 2840 938 2905 eius
995 2837 1252 2904 iudiciis
1310 2854 1741 2918 opponamus,
1799 2833 1916 2899 sed
1972 2832 2172 2897 silen-

253 2923 392 2989 tium
426 2929 705 2991 'nostrae
747 2925 987 2990 rationi
1030 2935 1097 2990 et
1139 2922 1375 2988 iudicio
1424 2923 1855 3003 imponamus.
1945 2917 2172 3001 Neque

251 3011 404 3075 euim
444 3013 695 3077 nostris
738 3011 846 3076 hic
888 3010 1217 3090 suffragiis
1258 3009 1440 3076 locus
1482 3016 1601 3083 est,
1647 3005 1776 3071 Dei
1803 3004 1998 3070 unius
2023 3024 2171 3089 par-

254 3103 337 3160 tes
371 3106 539 3174 sunt,
585 3099 779 3163 cuius
822 3096 1019 3162 unius
1061 3095 1300 3162 iudicio
1342 3105 1443 3159 est
1476 3091 2041 3175 acquiescendum,
2087 3109 2172 3154 ne

249 3182 653 3266 refragemur.
736 3181 960 3264 Quare
1001 3202 1207 3265 quum
1251 3181 1605 3246 Dominum
1651 3178 1883 3244 fecisse
1926 3175 2169 3260 aliquid

252 3266 523 3351 dicimus,
580 3281 802 3336 cessat
852 3270 1066 3335 omnis
1124 3267 1415 3332 humana
1470 3265 1901 3341 ratiocinatio,
1948 3262 2171 3327 nullus

248 3366 518 3435 superest
560 3355 855 3438 amplius
897 3353 1341 3436 disputationi.
1401 3361 1519 3416 aut
1568 3350 1874 3415 humanis
1916 3348 2170 3415 iudiciis

250 3439 512 3522 reliquus
571 3442 781 3520 locus,
839 3441 1029 3524 quasi
1082 3438 1248 3505 foret
1304 3436 1542 3502 melius
1584 3444 1699 3502 aut
1741 3434 2009 3518 aequius
2052 3434 2170 3500 ali-

247 3526 379 3605 quid
419 3529 477 3592 si
518 3547 718 3594 secus
761 3525 1115 3593 accideret:
1161 3543 1421 3590 caecam
1464 3543 1607 3588 esse
1650 3522 2009 3586 humanam
2065 3541 2169 3586 ra·

249 3609 473 3676 tionem
529 3614 603 3678 in
664 3610 938 3678 ferenda
991 3610 1073 3675 de
1115 3609 1491 3676 divinorum
1548 3608 1936 3674 iudiciorum
1981 3606 2171 3673 recti-

249 3696 456 3762 tudine
510 3699 851 3765 sententia
903 3699 1220 3764 sciamus:
1278 3696 1392 3762 sed
1452 3694 1727 3760 eandem
1785 3693 1867 3758 ad
1910 3692 2171 3757 illorum

246 3781 732 3850 admirationem
808 3792 877 3850 et
950 3784 1306 3849 utilitatem
1381 3801 1467 3846 ex
1542 3782 1622 3846 iis
1686 3777 2169 3864 percipiendam

247 3872 455 3935 exacui
494 3869 932 3954 postulemus,
986 3889 1195 3953 quum
1220 3869 1399 3933 Deus
1450 3867 1635 3934 verbi
1683 3867 1785 3930 sui
1820 3866 2169 3930 veritatem

245 3959 467 4034 tuetur,
531 3969 607 4023 et
674 3966 1155 4039 contemptores
1220 3951 1510 4019 eiusdem
1578 3953 1783 4035 punit.
1880 3950 1987 4015 Ita
2052 3970 2170 4015 nos

249 4037 419 4107 docet
458 4043 736 4126 Paulus,
778 4042 837 4107 si
879 4040 1181 4125 castigati
1224 4040 1556 4118 fuerimus,
1614 4057 1746 4102 non
1790 4037 2170 4102 obmurmu-

242 4145 396 4207 rare,
434 4130 549 4196 sed
587 4150 715 4195 nos
747 4129 926 4211 ipsos
959 4128 1291 4192 intuentes
1326 4137 1396 4189 et
1429 4125 1867 4206 explorantes,
1911 4131 2171 4205 peccata

244 4225 455 4279 nostra
496 4215 943 4281 condemnare
987 4224 1054 4278 et
1087 4212 1397 4278 aversari.
1476 4211 1620 4276 Deo
1654 4210 1879 4292 itaque
1914 4227 2170 4272 summa

240 4309 506 4380 potestas
565 4299 957 4383 conceditor,
1014 4310 1242 4364 nostra
1293 4317 1451 4364 vero
1510 4297 1679 4361 ratio
1721 4296 2168 4360 abmutescito.

240 4383 472 4468 Ecquis
515 4390 702 4453 enim
748 4408 897 4453 cum
943 4385 1237 4451 Domino
1280 4381 1673 4450 contendere
1715 4379 1932 4446 ausit?
2000 4379 2168 4462 Quis

236 4468 297 4534 iu
338 4472 543 4555 ipsius
585 4473 833 4538 iudicia
872 4470 1247 4555 inquirere?
1304 4474 1546 4535 Annon
1585 4469 1763 4532 enim
1788 4464 2170 4531 detestanda

236 4555 338 4622 illa
389 4571 492 4624 est
548 4558 993 4641 blasphemia,
1066 4577 1270 4641 quum
1346 4556 1548 4619 miser
1626 4554 1973 4618 homuncio
2041 4549 2169 4615 Dei

232 4641 461 4711 iudicia
518 4645 672 4712 vult
725 4642 810 4710 ad
851 4665 1037 4710 suam
1083 4661 1376 4708 normam
1422 4649 1491 4704 et
1534 4641 1845 4704 trutinam
1886 4639 2168 4720 exigere,

234 4741 295 4792 et
332 4731 401 4795 in
445 4732 594 4797 eius
638 4751 834 4814 opera
877 4730 1248 4812 inquirere?
1338 4725 1473 4792 Sed
1529 4725 1687 4809 quid
1730 4721 1929 4802 aliud,
1983 4725 2168 4788 obse-

233 4833 351 4894 cro,
395 4818 695 4900 quotidie
735 4818 1048 4882 mortales
1080 4814 1351 4890 faciunt,
1396 4811 1710 4878 adversus
1734 4809 1951 4875 Deum
1987 4809 2169 4875 varie

232 4903 726 4981 contendentes,
794 4912 861 4970 et
926 4923 1261 4984 nunquam
1327 4897 1576 4981 placide
1637 4896 1897 4963 iudiciis
1960 4894 2168 4977 ipsius

231 4988 762 5071 acquiescentes?
853 4988 1391 5071 Quotusquisque
1449 5004 1577 5049 non
1637 4982 1720 5047 ad
1776 4980 1847 5047 id
1892 5002 2011 5048 sua
2054 5001 2167 5047 cu-

230 5074 519 5141 riositate
566 5086 638 5141 et
676 5075 931 5141 malitia
965 5071 1368 5155 impellitur?
1438 5069 1660 5150 Quare
1695 5067 1912 5133 danda
1953 5066 2167 5133 omnis

230 5167 328 5224 est
365 5181 592 5244 opera,
637 5170 715 5226 ut
756 5179 1177 5245 quaecuuque
1211 5159 1398 5224 Deus
1439 5164 1702 5222 exercet
1743 5153 1997 5233 iudicia,
2043 5154 2166 5219 etsi

228 5247 435 5326 nostri
500 5248 751 5332 ingenii
819 5244 1083 5313 modulo
1139 5265 1274 5311 non
1328 5243 1751 5327 respondent,
1811 5262 1897 5306 ne
1940 5249 2164 5306 tamen

2288 604 2383 669 Et
2437 602 2699 686 quidem
2762 624 2839 669 eo
2905 604 3113 668 maior
3179 603 3287 670 hic
3350 600 3723 668 adhibenda
3788 605 4028 682 cautio,
4112 625 4240 688 quo

2285 689 2360 753 in
2407 689 2532 755 hoc
2576 690 2813 756 vitium
2857 699 3097 755 natura
3131 710 3360 755 sumus
3394 689 3880 771 propensiores:
3922 709 4054 773 quo
4079 690 4240 758 dicti

2285 775 2484 841 huius
2526 795 2878 859 memores,
2933 775 3135 857 faciat
3175 774 3497 841 Dominus
3555 775 3723 857 quod
3772 775 3998 842 bonum
4039 782 4128 842 est
4167 778 4240 843 in

2284 860 2480 926 oculis
2521 862 2684 941 saie,
2730 861 2874 926 Deo
2918 882 3041 927 nos
3084 869 3253 926 totos
3298 861 3785 944 permittamus,
3835 869 3902 926 et
3945 863 4238 945 quando-

2283 946 2547 1029 quidem
2602 947 2777 1013 caeci
2835 955 3073 1012 natura
3116 967 3365 1025 sumus,
3410 948 3551 1030 regi
3597 967 3720 1012 nos
3761 955 3828 1011 et
3871 945 4023 1013 duci
4065 950 4234 1032 pati-

2283 1052 2493 1112 amur,
2539 1041 2607 1098 et
2647 1032 2996 1102 adorantes
3039 1034 3183 1099 eius
3225 1032 3469 1098 iudicia
3512 1053 3663 1098 cum
3722 1033 4066 1116 propheta,
4121 1056 4236 1100 ex·

2282 1118 2642 1270 glamomus1
2656 1141 2673 1182 :
2734 1117 2956 1198 Quam
3010 1117 3183 1184 bona
3239 1128 3311 1184 et
3352 1127 3533 1185 recta
3576 1129 3755 1196 sunt,
3805 1118 4091 1186 Domine
4132 1121 4236 1187 iu-

2330 1205 2452 1270 ‘cia
2495 1213 2609 1269 tua

2453 1291 2656 1355 Ratio
2703 1311 2858 1358 vero
2902 1289 3036 1368 illa,
3079 1289 3400 1356 Dominus
3432 1295 3542 1371 est,
3584 1294 3878 1357 aeternus
3917 1296 4024 1370 est,
4085 1312 4234 1375 per·

2281 1375 2437 1442 inde
2478 1376 2674 1457 valet,
2731 1397 2808 1442 ac
2849 1375 2908 1441 si
2949 1375 3211 1442 doceret
3251 1375 3427 1454 Heli,
3484 1397 3616 1441 non
3674 1397 3819 1441 esse
3861 1379 4228 1461 cogendum

2281 1462 2646 1528 Dominum
2682 1463 2753 1527 in
2797 1461 3096 1527 ordinem
3139 1471 3551 1527 terrenorum
3594 1461 3909 1542 iudicum,
3954 1483 4234 1545 quorum

2281 1568 2476 1631 saepe
2517 1548 2761 1614 iudicia
2803 1556 2961 1613 sunt
3006 1548 3283 1631 obliqua,
3345 1548 3417 1612 in
3473 1547 3645 1614 hanc
3698 1558 3813 1613 aut
3853 1547 4034 1614 illam
4079 1569 4234 1632 par-

2282 1644 2413 1699 tem
2460 1634 2684 1699 favore
2727 1633 3157 1700 declinantia:
3194 1653 3350 1698 nam
3397 1653 3592 1717 saepe
3627 1632 3833 1710 donis,
3888 1654 4084 1717 saepe
4133 1635 4228 1701 fa-

2285 1718 2550 1786 voribus
2609 1720 2899 1802 corrupti
2958 1719 3204 1784 iudices
3262 1720 3333 1784 in
3374 1719 3546 1786 hanc
3591 1729 3707 1784 aut
3747 1720 3928 1784 illam
3975 1729 4231 1804 partem

2281 1806 2624 1885 inclinant,
2690 1813 2768 1870 ut
2804 1805 3075 1870 minime
3119 1803 3492 1870 mirandum
3552 1805 3641 1869 sit
3696 1805 3943 1870 multas
4001 1809 4229 1889 quaeri

2283 1892 2438 1958 hinc
2480 1889 2636 1956 inde
2679 1892 2985 1972 rationes,
3032 1891 3270 1974 quibus
3313 1890 3635 1956 iniustitia
3679 1909 3905 1957 eorum
3951 1892 4025 1956 in
4065 1912 4230 1975 quos

2280 1977 2474 2043 favor
2526 1976 2806 2044 inclinat
2856 1984 3134 2062 tegatur.
3225 1976 3417 2042 Absit
3473 1996 3632 2042 vero
3690 1990 3765 2041 ut
3810 1977 4024 2043 Deum
4081 1979 4230 2043 istis

2280 2064 2564 2130 similem
2619 2064 2957 2129 faciamus.
3069 2061 3616 2145 Quandoquidem
3682 2062 3856 2128 enim
3918 2073 4228 2129 aeternus

2280 2158 2400 2227 est,
2456 2157 2712 2216 certum
2768 2164 2871 2215 est
2927 2149 3097 2213 nihil
3157 2149 3287 2214 nisi
3330 2169 3480 2213 cum
3524 2169 3787 2215 summa
3829 2150 4226 2233 integritate,

2281 2236 2630 2318 aequitate,
2676 2235 3075 2318 perfectione
3113 2243 3184 2301 et
3224 2236 3544 2318 sapientia
3587 2255 3777 2318 posse
3819 2235 3962 2318 regi
4006 2244 4077 2302 et
4117 2234 4228 2301 ad·

2278 2323 2642 2387 ministrari
2686 2321 2768 2387 ab
2817 2321 2978 2404 ipsc,
3038 2322 3228 2388 cuius
3284 2323 3483 2387 unius
3540 2321 3845 2388 voluntas
3888 2321 4012 2387 sibi
4055 2342 4229 2387 nun-

2278 2427 2476 2490 quam
2517 2427 2919 2492 repugnans,
2964 2407 3107 2474 sola
3147 2427 3407 2489 semper
3446 2407 3625 2471 iusta
3664 2414 3768 2472 est
3809 2414 3876 2471 et
3920 2405 4228 2472 immuta-

2278 2493 2449 2572 bilis,
2506 2513 2585 2558 ac
2641 2491 2917 2576 proinde
2975 2511 3095 2558 nos
3139 2494 3265 2576 ipsi
3309 2492 3544 2558 subiici
3587 2500 3691 2557 est
3733 2492 4224 2574 aequissimum.

2279 2580 2432 2645 Etsi
2492 2600 2650 2646 vero
2704 2579 2774 2643 in
2831 2578 2991 2644 Heli
3047 2599 3183 2643 non
3244 2579 3588 2644 mediocris
3646 2578 3863 2645 virtus
3931 2588 4226 2662 apparet,

2279 2664 2452 2748 qued
2496 2663 2751 2748 placide
2793 2684 2936 2730 sese
2959 2663 3247 2729 Domino
3291 2664 3641 2744 submittit,
3683 2671 3752 2727 et
3793 2662 4226 2730 denunciatae
4352 2697 4355 2700 *

2279 2752 2361 2815 ab
2404 2749 2814 2816 adolescente
2855 2749 3388 2850 condemnationi
3429 2770 3697 2832 prorsus
3732 2750 4101 2832 acquiescit,
4146 2770 4225 2815 ea

2279 2845 2501 2901 tamen
2548 2836 2840 2916 minime,
2896 2836 3087 2901 sicuti
3144 2834 3432 2918 decebat,
3491 2836 3767 2901 affectus
3825 2842 3944 2901 est.
4046 2835 4220 2900 Nam

2276 2924 2445 3002 filios
2500 2923 2584 2987 ad
2628 2921 3094 3005 poenitentiam
3138 2929 3208 2986 et
3250 2920 3583 2985 meliorem
3628 2928 3917 2985 mentem
3953 2940 3993 2985 a
4034 2922 4216 3002 turpi

2277 3020 2346 3074 et
2385 3007 2711 3092 flagitiosa
2753 3007 2894 3073 vita
2935 3027 3244 3074 revocare
3287 3006 3482 3071 illum
3526 3005 3887 3089 oportebat,
3932 3004 4038 3072 vel
4083 3007 4219 3071 sal-

2276 3105 2412 3159 tem
2471 3114 2736 3159 omnem
2795 3111 3059 3176 operam
3116 3093 3186 3158 in
3238 3091 3306 3157 id
3364 3092 3582 3176 ipsum
3633 3090 3974 3157 adhibere:
4043 3092 4217 3173 quod

2276 3188 2499 3245 tamen
2567 3200 2700 3244 non
2760 3200 2903 3245 esse
2965 3180 3208 3245 factum
3275 3179 3356 3245 ab
3412 3178 3526 3244 illo
3583 3177 3903 3243 videmus.
3991 3175 4218 3256 Quare

2274 3265 2399 3331 hoc
2461 3264 2962 3344 observandum,
3026 3266 3149 3331 etsi
3195 3263 3352 3329 Heli
3407 3285 3492 3329 ex
3550 3274 3740 3347 parte
3799 3262 3928 3327 Dei
3979 3263 4219 3346 spiritu

2272 3363 2560 3436 regatur,
2601 3371 2804 3434 quum
2849 3371 2992 3416 sese
3034 3349 3311 3417 docilem
3346 3370 3421 3416 ac
3456 3350 3728 3414 minime
3763 3347 4218 3414 refractarium

2272 3438 2591 3520 praebuit,
2635 3437 2719 3501 ad
2753 3435 3184 3502 iniucundum
3219 3457 3376 3503 sane
3411 3436 3717 3501 nuntium
3751 3434 4016 3500 futurae
4051 3455 4221 3500 mor-

2271 3524 2356 3589 tis
2398 3523 2707 3603 filiorum,
2767 3531 2833 3587 et
2888 3542 3078 3588 arcae
3120 3521 3403 3587 foederis
3428 3519 3814 3606 capiendae,
3870 3539 3948 3584 ac
3996 3539 4212 3586 sacer·

2270 3608 2427 3675 dotii
2491 3610 2563 3674 in
2629 3618 3022 3693 perpetuum
3086 3629 3129 3673 a
3189 3607 3437 3672 familia
3501 3627 3620 3673 sua
3684 3625 3836 3672 cum
3894 3604 4212 3673 dedecore

2270 3695 2744 3760 transferendi:
2797 3695 2941 3771 etsi,
3007 3695 3294 3776 inquam,
3359 3691 3703 3759 laudabilis
3767 3691 3884 3757 illa
3950 3691 4079 3757 fuit
4139 3694 4214 3757 in

2268 3782 2411 3865 ipso
2452 3779 2790 3861 modestia,
2844 3789 3065 3846 tamen
3120 3778 3334 3844 officio
3386 3799 3521 3843 non
3577 3797 3720 3843 esse
3779 3797 3899 3843 suo
3943 3775 4213 3845 defunc-

2270 3877 2435 3932 tum.
2547 3866 2719 3932 Nam
2800 3865 2906 3931 rel
2972 3865 3303 3948 improbos
3365 3866 3541 3947 ipsos
3603 3873 3672 3928 et
3733 3863 4216 3948 incorrigibiles

2271 3953 2572 4018 homines
2616 3953 2688 4018 in
2731 3951 2853 4017 has
2893 3970 3087 4017 voces
3130 3969 3471 4033 erumpere
3509 3949 3930 4015 consuevisse
3963 3958 4215 4015 certum

2271 4049 2391 4104 est.
2496 4035 3067 4118 Quemadmodum
3132 4037 3271 4119 ipse
3337 4033 3603 4113 Paulus,
3671 4034 3892 4100 hostes
3955 4035 4216 4101 divinae

2271 4122 2885 4208 praedestinationis
2928 4133 2995 4187 et
3027 4122 3358 4204 improbos
3396 4121 3693 4186 homines
3731 4121 3826 4185 sic
3861 4120 4217 4201 loquentes,

2272 4221 2338 4274 et
2403 4210 2590 4294 quasi
2655 4229 2850 4275 canes
2915 4207 3212 4274 divinam
3267 4206 3745 4290 providentiam
3811 4205 4213 4284 allatrantes,

2271 4295 2557 4361 inducit:
2605 4295 2789 4361 Deus
2843 4300 2954 4374 est,
2999 4295 3145 4375 quae
3186 4293 3324 4358 eius
3365 4292 3665 4358 voluntati
3700 4291 3999 4357 resistat?
4084 4290 4211 4355 Vel

2269 4381 2516 4448 invitos
2554 4402 2782 4447 omues
2815 4401 3048 4463 parere
3083 4380 3210 4463 ipsi
3246 4399 3512 4445 necesse
3557 4390 3675 4443 est.
3741 4378 3835 4442 At
3867 4395 4017 4441 care
4052 4374 4210 4440 olim

2269 4468 2404 4533 illis
2471 4468 2633 4533 haec
2699 4486 2893 4532 voces
2956 4466 3385 4542 constabunt,
3461 4472 3529 4529 et
3599 4483 3673 4528 re
3736 4464 3880 4545 ipsa
3945 4460 4210 4526 tandem

2270 4561 2591 4637 quantum
2634 4553 2957 4636 flagitium
2996 4553 3084 4616 sit
3124 4550 3440 4617 adversus
3473 4549 3768 4615 divinam
3804 4546 4212 4611 maiestatem

2272 4641 2616 4724 insurgere
2674 4639 2977 4703 sentient.
3080 4637 3189 4701 En
3248 4639 3464 4719 itaque
3513 4635 3955 4718 improborum
4000 4631 4211 4696 homi·

2271 4748 2432 4791 num
2474 4744 2668 4792 voces
2713 4724 3148 4807 blasphemas,
3197 4723 3432 4805 quibus
3477 4721 3605 4786 Dei
3650 4717 3910 4802 quidem
3953 4717 4211 4782 absolu·

2270 4820 2405 4876 tam
2463 4819 2849 4894 potestatem
2909 4810 3324 4887 confitentur,
3388 4807 3496 4874 cui
3559 4826 3752 4870 nemo
3816 4803 4208 4870 reluctetur:

2269 4897 2383 4962 sed
2440 4898 2627 4962 cuius
2676 4896 2996 4962 iustitiam
3043 4916 3172 4959 non
3217 4901 3603 4978 agnoscunt,
3664 4910 3896 4971 nempe
3954 4889 4209 4973 indigni

2268 4990 2455 5048 tanto
2501 4981 2835 5059 beneficio,
2885 5001 2961 5047 ac
3002 4980 3279 5064 proinde
3322 4999 3516 5061 quam
3559 4977 3904 5041 obscurare
3947 4984 4017 5039 et
4056 4975 4209 5041 irri-

2268 5078 2404 5134 tam
2460 5069 2671 5133 facere
2725 5079 3078 5133 conantur:
3137 5074 3203 5132 et
3261 5061 3434 5148 quod
3491 5061 3729 5127 animis
3771 5060 4066 5143 ipsorum
4108 5061 4210 5126 in·

2267 5154 2878 5238 comprehensibilis
2933 5161 3053 5234 est,
3106 5150 3540 5235 tyrannicam,
3600 5147 3950 5212 violentam
3994 5155 4064 5211 et
4106 5148 4208 5211 in-

2267 5242 2511 5308 iustam
2583 5240 3091 5307 calumniantur.
3195 5236 3430 5318 Itaque
3506 5232 3840 5317 improbos
3907 5233 4208 5300 fraenum
