5059 6059
865 343 991 407 351

870 531 1204 597 veritatem
1272 538 1468 605 amat,
1544 525 2070 609 quandoquidem
2141 525 2281 606 ipse
2345 532 2445 589 est
2513 525 2792 589 veritas:
2848 546 2853 575 ι

863 637 1068 699 quare
1120 617 1330 696 ipsum
1389 626 1642 693 oportet
1698 610 2058 674 abominari
2116 621 2186 675 et
2242 610 2550 674 detestari
2609 610 2794 692 quid-

863 699 1024 785 quid
1059 701 1263 782 ipsius
1301 700 1621 762 maiestati
1658 698 2053 761 contrarium
2089 705 2208 762 est.
2277 695 2554 760 Davidis
2577 696 2797 777 itaque

866 786 1239 853 simulatum
1303 796 1712 866 praetextum
1770 801 2081 847 excusare
2141 803 2331 846 nemo
2390 791 2634 863 potest:
2681 779 2796 846 sed

864 873 1080 956 potius
1136 871 1276 936 eius
1333 868 1631 950 exemplo
1684 888 1911 949 sapere
1955 867 2279 944 debemus,
2336 881 2401 931 et
2439 868 2509 931 in
2551 887 2793 931 memo-

866 959 1029 1023 riam
1073 975 1382 1021 revocare
1426 953 1594 1036 quod
1641 973 1834 1036 saepe
1867 953 1941 1017 in
1978 954 2180 1017 saeris
2214 953 2512 1029 occurrit,
2561 972 2796 1035 nempe

865 1043 993 1108 Dei
1038 1042 1207 1108 filios
1251 1042 1451 1105 etiam
1496 1038 1578 1104 ad
1624 1040 1864 1103 bonum
1902 1039 2098 1103 finem
2137 1039 2554 1114 collimantes,
2603 1059 2795 1121 saepe

867 1143 1087 1194 tamen
1135 1127 1263 1191 labi
1306 1135 1371 1189 et
1414 1124 1733 1190 aberrare.
1803 1123 2016 1190 David
2062 1123 2319 1207 quidem
2359 1146 2513 1189 sane
2551 1134 2794 1189 rectam

868 1215 1042 1279 viam
1111 1213 1363 1291 institit,
1449 1219 1515 1274 et
1579 1209 1659 1273 ad
1719 1210 1917 1274 finem
1962 1230 2154 1291 quem
2211 1209 2432 1274 debuit
2490 1210 2792 1291 respexit,

869 1320 1103 1382 nempe
1148 1310 1220 1362 ut
1264 1296 1477 1361 Deum
1524 1297 1774 1361 sincere
1818 1306 1884 1357 et
1928 1295 2202 1359 candide
2240 1295 2498 1379 coleret,
2542 1296 2611 1359 in
2658 1296 2794 1377 ipso

869 1397 934 1449 ct
981 1383 1419 1449 misericordia
1458 1381 1662 1465 ipsius
1705 1380 2007 1445 fiduciam
2053 1392 2413 1464 reponeret,
2462 1381 2794 1462 promissis

870 1472 1147 1552 denique
1210 1469 1416 1549 ipsius
1481 1487 1596 1547 per
1664 1463 2030 1531 Samuelem
2100 1467 2283 1532 factis
2349 1466 2602 1531 fideret.
2714 1466 2793 1529 In

866 1559 1102 1639 quibus
1167 1554 1466 1618 omnibus
1533 1552 1807 1635 insignis
1872 1551 2027 1629 fuit,
2105 1560 2172 1615 et
2238 1572 2438 1634 paene
2503 1550 2795 1635 angelica

866 1641 1143 1706 Davidis
1188 1639 1524 1722 perfectio:
1574 1650 2023 1703 verumtamen
2059 1658 2221 1718 quae
2257 1657 2513 1719 semper
2549 1636 2792 1719 aliquid

873 1727 1141 1792 humani
1201 1746 1390 1809 passa
1454 1735 1571 1790 est.
1663 1722 1767 1787 Ex
1823 1723 2059 1804 quibus
2117 1722 2425 1789 discimus
2481 1743 2600 1788 nos
2645 1721 2796 1787 licet

868 1813 1011 1879 Deo
1054 1816 1300 1876 servire
1345 1824 1474 1874 tam
1522 1809 1771 1873 ardenti
1817 1807 2029 1872 studio
2073 1827 2203 1872 non
2241 1810 2563 1890 possimus
2601 1828 2795 1891 quam

861 1907 1210 1982 oporteret,
1256 1918 1381 1961 nou
1426 1895 1568 1960 ideo
1612 1907 1827 1958 tamen
1875 1891 2110 1957 debere
2152 1896 2438 1958 animum
2483 1894 2794 1960 abiicere:

866 1983 982 2051 sed
1048 1984 1265 2066 potius
1321 2002 1438 2065 pro
1498 1978 1746 2044 viribus
1805 1980 1982 2055 eniti,
2050 1990 2477 2061 agnoscentes
2531 1980 2792 2045 interim

863 2070 1111 2153 optima
1156 2088 1444 2151 quaeque
1489 2076 1707 2130 nostra
1741 2085 1937 2146 opera
1974 2083 2193 2129 coram
2227 2065 2366 2147 ipso
2401 2067 2796 2149 imperfecta,

866 2158 1070 2221 immo
1137 2156 1370 2219 vitiosa
1433 2153 1589 2228 fore,
1654 2151 1779 2214 nisi
1848 2148 2126 2233 benigne
2190 2150 2302 2215 illa
2356 2154 2675 2235 acciperet
2731 2164 2798 2215 et

870 2243 1197 2307 toleraret.
1256 2237 1433 2319 Quin
1481 2248 1549 2302 et
1591 2238 1730 2318 ipse
1754 2234 2005 2301 Paulus
2049 2236 2373 2318 apostolus
2415 2236 2538 2303 hoc
2580 2239 2797 2319 ipsum

871 2347 989 2392 nos
1032 2325 1331 2407 exemplo
1370 2344 1487 2388 suo
1530 2323 1732 2397 docet,
1779 2342 1932 2385 nam
1977 2322 2057 2386 de
2099 2342 2171 2386 se
2213 2322 2353 2406 ipso
2397 2323 2686 2406 loquens,
2731 2333 2800 2386 et

871 2411 1128 2495 quidem
1172 2430 1246 2474 eo
1293 2425 1579 2491 tempore
1622 2427 1749 2490 quo
1792 2407 2143 2489 plurimum
2178 2408 2249 2472 in
2285 2409 2606 2492 evangelii
2650 2408 2794 2473 doo-

873 2498 1046 2562 trina
1089 2495 1465 2579 profecerat,
1532 2506 1597 2557 et
1638 2499 1775 2557 tam
1817 2491 2024 2556 multa
2066 2493 2447 2559 admiranda
2490 2505 2797 2577 gesserat,

873 2596 943 2646 et
964 2580 1287 2665 evangelii
1321 2579 1679 2646 doctrinam
1717 2587 1848 2643 tam
1888 2577 2081 2662 longe
2111 2579 2367 2661 lateque
2390 2591 2796 2664 propagaret,

875 2682 1095 2732 tamen
1136 2668 1376 2730 fatetur
1411 2685 1482 2730 se
1527 2684 1654 2728 nou
1693 2664 1902 2730 facere
1938 2663 2181 2728 bonum
2219 2665 2388 2746 quod
2431 2667 2637 2741 vellet,
2685 2664 2797 2730 sed

874 2753 1087 2818 facere
1130 2751 1377 2816 malum
1411 2749 1584 2834 quod
1620 2751 1837 2828 nollet,
1880 2759 1947 2815 et
1980 2748 2153 2831 quod
2186 2748 2334 2816 odio
2369 2751 2797 2835 prosequitur,

874 2859 1069 2923 seque
1124 2837 1363 2902 idcirco
1421 2837 1727 2901 miserum
1787 2834 2119 2900 hominem
2178 2835 2348 2915 dicit,
2428 2835 2599 2919 quod
2655 2835 2797 2901 Deo

873 2927 1121 2991 servire
1186 2934 1317 2987 tam
1384 2923 1635 2988 sincere
1696 2941 1826 2985 non
1895 2921 2100 3003 possit
2166 2941 2359 3003 quam
2432 2922 2659 2987 debeat
2731 2930 2799 2986 et

874 3020 1152 3093 exoptet.
1264 3006 1457 3088 Quod
1529 3008 1584 3073 si
1650 3006 1857 3072 Paulo
1925 3006 2198 3090 contigit
2258 3018 2393 3072 tam
2457 3006 2799 3073 excellenti

877 3096 1002 3161 Dei
1047 3114 1255 3171 servo,
1313 3092 1471 3176 quid
1530 3091 1717 3158 nobis
1774 3093 2064 3157 futurum
2123 3092 2478 3175 putamus?
2581 3092 2799 3174 Quare

874 3180 1230 3248 tenendum
1273 3191 1396 3326 es}
1455 3178 1781 3243 neminem
1825 3198 2014 3262 posse
2059 3199 2346 3260 unquam
2390 3191 2672 3244 mentem
2718 3177 2798 3242 ad

877 3269 1117 3335 bonum
1141 3265 1353 3347 aliquo
1418 3284 1582 3346 opus
1616 3262 1912 3341 adiicere,
1957 3266 2109 3346 quin
2149 3264 2372 3329 multis
2410 3263 2801 3348 impediatur

876 3352 1105 3421 studiis
1146 3349 1690 3434 repugnantibus:
1733 3348 1847 3415 sed
1892 3371 2019 3414 non
2064 3349 2210 3414 ideo
2254 3360 2470 3415 tamen
2508 3350 2801 3415 animum

877 3435 1426 3521 despondendum.
1515 3434 1864 3501 Caeterum
1930 3455 2130 3517 quum
2187 3435 2382 3517 probe
2426 3435 2610 3501 nobis
2651 3456 2800 3518 cog-

879 3526 1054 3591 nitae
1119 3522 1364 3587 fuerint
1417 3531 1681 3585 nostrae
1739 3521 2168 3598 infirmitates,
2232 3541 2309 3587 eo
2364 3522 2627 3587 nomine
2686 3539 2802 3585 nos

877 3612 1021 3676 Deo
1076 3609 1285 3691 magis
1338 3606 1673 3673 devinctos
1732 3625 2174 3690 agnoscamus,
2245 3627 2523 3689 eumque
2585 3625 2800 3687 prece-

882 3718 1026 3760 mur
1081 3706 1157 3758 ut
1218 3693 1493 3775 benigne
1551 3691 1886 3758 nobiscum
1931 3703 2100 3776 agat,
2158 3700 2224 3756 et
2267 3705 2521 3758 nostras
2566 3693 2797 3774 imper·

881 3781 1189 3847 sectiones
1263 3786 1329 3842 et
1409 3777 1695 3842 defectus
1774 3799 1903 3842 nou
1981 3779 2205 3860 exigat
2271 3776 2352 3841 ad
2416 3799 2572 3844 suae
2634 3778 2800 3860 legis

881 3864 1210 3942 amussim,
1253 3872 1321 3927 et
1362 3883 1446 3927 ne
1487 3865 1686 3926 intret
1723 3864 2056 3928 nobiscum
2092 3863 2162 3926 iu
2202 3862 2512 3929 iudicium
2548 3874 2624 3927 ut
2657 3882 2801 3945 pro·

883 3953 1080 4034 pheta
1123 3948 1428 4030 loquitur,
1472 3948 1583 4013 sed
1622 3947 1908 4013 defectus
1944 3959 2198 4014 nostros
2236 3958 2429 4033 tegat,
2475 3963 2545 4013 et
2579 3948 2802 4013 foedus

880 4037 1050 4121 quod
1096 4033 1428 4100 nobiscum
1474 4035 1621 4098 iniit
1662 4034 1727 4098 in
1772 4034 2057 4100 Domino
2095 4044 2314 4099 nostro
2350 4034 2499 4100 Iesu
2540 4034 2802 4100 Christo

881 4134 1137 4206 gratum
1204 4130 1272 4185 et
1327 4132 1661 4201 acceptum
1721 4118 1970 4185 habeat.
2056 4120 2157 4186 Ac
2200 4121 2349 4185 licet
2390 4119 2460 4184 in
2506 4120 2613 4185 via
2654 4140 2800 4185 cur·

882 4218 1097 4276 rentes
1140 4204 1453 4284 labamur,
1497 4224 1614 4287 pro
1654 4205 1937 4270 bonitate
1972 4227 2092 4271 sua
2126 4206 2462 4286 sustineat,
2506 4226 2802 4272 cursum-

881 4317 1007 4378 que
1061 4303 1665 4373 nostrum.gratum
1711 4291 1966 4372 habeat,
2023 4301 2090 4355 et
2130 4290 2209 4356 ad
2256 4290 2553 4356 ultimam
2597 4310 2804 4374 usque

885 4389 1121 4446 metam
1187 4376 1443 4459 dirigat.
1535 4375 1787 4440 Deinde
1841 4398 1958 4460 pro
2005 4376 2177 4442 virili
2218 4388 2444 4442 nostra
2487 4378 2624 4442 vias
2667 4397 2803 4443 om-

884 4486 999 4533 nes
1040 4463 1334 4545 obliquas
1377 4470 1444 4527 et
1486 4461 1783 4527 sinuosas
1827 4463 2185 4544 fugiamus:
2232 4482 2385 4526 nam
2421 4464 2478 4526 si
2518 4462 2621 4528 vel
2657 4472 2804 4528 tan-

883 4552 1095 4618 tillum
1141 4571 1180 4614 a
1221 4559 1397 4613 recta
1439 4547 1673 4612 semita
1716 4544 2186 4624 deflexerimus,
2233 4546 2535 4614 facillime
2580 4549 2649 4613 in
2693 4551 2801 4613 de-

886 4638 992 4702 via
1056 4647 1121 4701 et
1183 4632 1390 4700 saltus
1446 4631 1885 4698 aberrabimus
1948 4645 2015 4699 et
2075 4633 2458 4716 praecipites
2499 4634 2800 4699 feremur.

883 4722 1101 4789 David
1158 4719 1417 4804 quidem
1477 4739 1517 4783 a
1576 4726 1749 4784 recto
1807 4738 1999 4802 scopo
2040 4739 2174 4783 non
2216 4719 2464 4800 resiliit,
2521 4719 2632 4785 sed
2677 4719 2802 4784 Dei

884 4808 1160 4875 bonitati
1216 4802 1692 4886 imputandum,
1747 4803 1920 4886 quod
1975 4804 2192 4886 ipsum
2236 4804 2570 4870 mendacio
2616 4826 2800 4870 usum

884 4897 956 4959 iu
1000 4895 1176 4960 viam
1219 4901 1435 4955 tamen
1472 4888 1765 4955 reduxit:
1809 4911 1883 4956 ac
1917 4889 2189 4972 proinde
2222 4889 2583 4956 cavendum
2616 4890 2803 4955 nobis

885 5002 967 5046 ne
1007 4978 1187 5046 istud
1230 4975 1603 5059 exemplum
1643 4975 1994 5051 imitemur,
2037 4974 2206 5059 quod
2248 4977 2305 5039 si
2337 4977 2540 5055 fieret,
2587 4974 2803 5040 Deum

2449 334 2656 400 ΗΟΜ
2666 334 2861 400 ILIA
2907 334 3143 400 LXXI
3155 335 3230 401 V.
4653 342 4739 408 352

2898 544 3017 606 pro
3076 524 3326 590 viribus
3382 523 3651 590 student
3708 524 4050 602 dominari,
4123 536 4190 590 et
4245 523 4524 590 habenas
4570 528 4746 611 rigidas

2900 609 3253 688 adducunt,
3300 611 3367 675 in
3414 610 3637 676 multis
3681 619 3900 675 tamen
3943 609 4290 676 labuntur:
4346 610 4497 692 quid
4532 611 4748 680 futurum

2902 693 3085 759 nobis
3130 696 3583 761 existimamus
3628 696 3687 760 si
3730 696 3902 760 ultro
3945 696 4133 761 nobis
4175 698 4331 779 ipsis
4368 696 4484 760 hoc
4518 697 4607 762 vel
4632 698 4747 766 illud

2902 780 3382 862 permittimus?
3478 780 3916 862 Quamobrem
3998 782 4322 848 discamus
4402 781 4596 848 Deum
4657 804 4750 851 uon

2898 878 3182 932 tentare:
3244 877 3309 932 et
3367 886 3568 950 quum
3627 866 3952 932 Davidem
4011 878 4196 932 tanto
4238 866 4591 951 perculsum
4624 886 4753 937 metu

2899 949 3252 1030 videamus,
3319 965 3391 1018 ut
3434 953 3515 1017 ad
3560 952 3972 1017 mendacium
4017 966 4324 1036 tanquam
4371 954 4610 1019 unicum
4644 976 4748 1041 asy-

2897 1037 3034 1101 lum
3078 1036 3198 1102 sibi
3243 1038 3559 1120 reliquum
3605 1040 3979 1122 perfugerit,
4022 1038 4238 1103 Deum
4284 1058 4605 1122 precemur
4636 1044 4754 1107 utsi

2898 1144 3027 1205 qua
3068 1121 3407 1188 solicitudo
3452 1145 3571 1189 nos
3615 1137 3763 1189 urat
3805 1138 3920 1188 aut
3962 1136 4177 1190 metus
4243 1124 4559 1207 percellat,
4614 1127 4754 1210 spiri·

2898 1221 3038 1273 tum
3098 1210 3282 1273 nobis
3326 1208 3731 1274 discretionis
3774 1221 3840 1273 et
3884 1211 4026 1275 sani
4068 1212 4318 1277 consilii
4364 1210 4666 1294 largiatur,
4714 1226 4759 1277 et

2898 1292 2980 1358 ad
3024 1296 3239 1377 ipsum
3284 1315 3487 1359 unum
3534 1296 3973 1378 respiciamus,
4019 1297 4099 1361 ab
4142 1298 4285 1378 ipso
4321 1294 4615 1379 quidquid
4646 1298 4758 1363 milo

2897 1381 3090 1444 fuerit
3148 1391 3618 1462 exspectantes,
3678 1392 3751 1445 ut
3795 1383 4162 1463 quicunque
4205 1402 4396 1447 casus
4438 1383 4763 1465 ingruerint,

2899 1464 3240 1530 veritatem
3280 1476 3345 1530 et
3388 1467 3700 1530 iustitiam
3748 1467 4067 1531 inoffenso
4113 1468 4272 1549 pede
4316 1488 4658 1551 sequamur.

3075 1551 3423 1616 Caeterum
3508 1551 3612 1617 hic
3676 1553 3968 1635 quaestio
4040 1552 4358 1635 quaedam
4434 1554 4642 1631 oritur,
4696 1574 4758 1619 sn

2899 1635 3175 1718 singulis
3232 1636 3551 1719 permissa
3610 1637 3851 1702 fuerint
3920 1638 4075 1703 baec
4132 1659 4352 1703 annua
4396 1659 4591 1716 saera,
4641 1660 4766 1719 quac

2899 1731 3115 1785 tamen
3160 1722 3302 1804 lege
3344 1721 3470 1787 Dei
3514 1722 3840 1806 prohibita
3879 1724 4263 1789 nominatim
4309 1724 4610 1789 videmus.
4644 1724 4767 1790 Uni-

2899 1826 3039 1871 cam
3099 1808 3272 1871 enim
3331 1818 3398 1871 et
3455 1828 3598 1872 eam
3658 1808 4016 1890 simplicem
4091 1810 4194 1874 sui
4250 1809 4470 1876 cultus
4530 1809 4766 1893 regulam

2898 1892 3082 1957 Deus
3146 1893 3567 1975 praescripsit
3628 1914 3824 1976 quam
3866 1915 3907 1959 a
3949 1895 4227 1978 singulis
4271 1896 4473 1960 verbo
4514 1916 4621 1960 suo
4656 1896 4767 1960 obo-

2900 1977 3231 2042 dientibus
3286 1978 3497 2043 voluit
3553 1978 3903 2044 observari.
3991 1979 4197 2046 Cuius
4259 1980 4429 2064 legis
4472 2002 4648 2046 usum
4684 1980 4773 2045 du·

2902 2063 3132 2146 plicem
3212 2084 3552 2146 possumus
3631 2064 4168 2131 animadvertere.
4279 2065 4576 2131 Primum
4638 2066 4770 2129 enim

2899 2149 3084 2213 Deus
3130 2170 3202 2213 se
3244 2149 3452 2214 solum
3498 2149 3730 2230 audiri,
3776 2164 4087 2232 tauquam
4136 2152 4405 2219 unicum
4452 2151 4663 2234 populi
4698 2152 4773 2215 sui

2901 2235 3356 2319 legislatorem,
3416 2245 3485 2300 et
3540 2233 3914 2311 Dominum,
3970 2258 4008 2301 a
4069 2239 4253 2303 cuius
4295 2238 4502 2303 verbo
4543 2234 4772 2320 pendere

2900 2340 3127 2386 omnes
3182 2319 3552 2401 oportebat:
3620 2320 3853 2385 deinde
3910 2321 4324 2388 concordiam
4387 2331 4458 2387 et
4517 2324 4773 2388 unionem

2901 2408 2968 2471 in
3049 2405 3287 2488 populo
3367 2407 3588 2472 fovere
3652 2407 3858 2471 voluit
3936 2408 4213 2490 publicis
4277 2408 4414 2473 illis
4478 2409 4777 2483 sacrificiis,

2901 2511 3066 2574 quae
3100 2491 3242 2574 ipse
3278 2492 3668 2558 instituerat.
3715 2492 4211 2575 Respondemus
4246 2493 4331 2559 ad
4368 2493 4564 2559 istam
4596 2513 4776 2576 quaes-

2903 2578 3166 2656 tionem,
3223 2578 3482 2642 uuicum
3542 2577 3801 2661 quidem
3862 2578 4065 2644 altare
4108 2578 4236 2643 Dei
4294 2580 4481 2646 iussu
4522 2592 4779 2653 erectum.

2903 2673 2970 2728 et
3028 2663 3282 2728 unicam
3344 2665 3747 2730 sacrificandi
3808 2664 4078 2729 formam
4126 2664 4537 2730 institutam:
4591 2664 4689 2729 sed
4723 2662 4778 2726 li·

2902 2748 3114 2813 cuisse
3173 2748 3452 2832 singulis
3511 2749 3592 2814 ad
3649 2750 3851 2813 altare
3915 2751 4183 2814 Domini
4244 2752 4618 2816 voluntaria
4654 2748 4782 2814 dom

2902 2835 3154 2916 offerre,
3215 2847 3283 2897 et
3323 2847 3567 2900 certam
3625 2835 3908 2918 aliquam
3955 2834 4127 2901 diem
4172 2836 4253 2901 ad
4310 2837 4598 2901 familiae
4635 2836 4783 2899 sacri-

2902 2921 3123 2985 ficium
3163 2917 3416 2996 habere,
3454 2921 3994 3002 quemadmodum
4030 2920 4215 2986 initio
4251 2922 4458 2987 huius
4494 2919 4638 2986 libri
4656 2917 4785 2985 vidi·

2903 3027 3048 3071 mus
3092 3004 3405 3069 Elcanam
3454 3004 3777 3073 Samuelis
3819 3019 4070 3090 patrem
4115 3028 4267 3072 cum
4310 3028 4525 3072 uxore
4568 3005 4784 3071 solitum

2901 3093 3248 3175 quotannis
3270 3090 3593 3173 peculiare
3614 3091 3900 3157 Domino
3922 3092 4303 3157 sacrificium
4345 3094 4606 3158 offerre.
4641 3090 4785 3172 Qua·

2904 3187 3166 3260 propter
3223 3197 3352 3241 non
3399 3176 3762 3243 violabatur
3816 3178 3957 3241 istis
4001 3178 4333 3243 sacrificiis
4384 3178 4499 3244 lex
4542 3178 4652 3242 illa
4685 3175 4787 3239 Do·

2908 3262 3067 3333 mini
3123 3261 3469 3346 generalis,
3525 3284 3654 3346 qua
3707 3262 4022 3345 populum
4067 3263 4258 3328 iussit
4299 3264 4785 3330 sacrificamus

2903 3349 2973 3414 in
3018 3348 3330 3432 templum
3375 3347 3742 3423 convenire,
3796 3359 3863 3413 et
3905 3348 3986 3412 ad
4030 3370 4219 3413 suum
4265 3349 4483 3415 altare
4524 3347 4791 3415 sacrificis

2903 3455 3020 3501 sua
3062 3434 3315 3499 offerre.
3402 3432 3620 3517 Atque
3675 3435 3769 3499 ita
3823 3446 3982 3498 suut
4037 3434 4476 3517 intelligenda
4518 3453 4672 3518 quae
4703 3432 4789 3495 hou

2903 3520 3041 3586 loco
3088 3519 3302 3585 David
3348 3518 3504 3583 dicit
3547 3520 3627 3585 de
3670 3519 3984 3585 sacrificio
4028 3539 4246 3584 annuo
4287 3536 4611 3604 paternae
4641 3517 4790 3584 fami-

2903 3606 3046 3683 liae,
3092 3616 3357 3689 propter
3398 3604 3565 3687 quod
3612 3606 3748 3688 ipse
3788 3604 4285 3670 Bethlehemam
4336 3606 4563 3672 iverit.

3080 3690 3286 3756 Porro
3330 3689 3486 3755 dicit
3542 3713 3610 3756 se
3652 3693 3816 3774 quod
3857 3690 4149 3757 calendae
4191 3697 4403 3758 essent
4442 3692 4706 3759 anaim
4737 3706 4794 3753 at

2901 3795 3089 3859 more,
3132 3778 3339 3843 sedere
3379 3776 3566 3842 iuxta
3604 3797 3802 3860 reyem
3847 3776 3933 3841 ad
3969 3778 4338 3843 vescendam
4381 3777 4617 3844 debere.
4692 3772 4791 3839 No-

2907 3861 3227 3927 vilunium
3271 3863 3489 3943 itaque
3531 3862 3861 3946 intelligit,
3906 3862 4014 3945 qui
4061 3861 4196 3927 dies
4234 3865 4382 3930 Deo
4425 3865 4595 3931 sacri
4629 3868 4793 3939 erant,

2904 3949 3207 4031 quoniam
3260 3948 3425 4013 festi.
3514 3947 3683 4012 Nam
3741 3947 4054 4031 populum
4096 3947 4315 4014 adhuc
4372 3948 4608 4016 rudem
4650 3947 4793 4012 Dea

2905 4035 3048 4099 istis
3094 4033 3326 4099 rit-ibus
3385 4042 3692 4115 tanquam
3749 4053 3984 4116 pueros
4026 4035 4216 4101 rexit.
4306 4035 4455 4101 Nos
4498 4055 4651 4102 vero
4686 4050 4791 4116 qm·

2908 4120 3030 4185 bus
3087 4139 3228 4185 sese
3285 4119 3666 4183 familiarius
3723 4118 4025 4203 patefecit
4068 4117 4255 4186 decet
4295 4140 4455 4187 esse
4498 4119 4793 4187 almrioroe

2908 4205 2990 4271 ad
3048 4206 3289 4289 gratias
3345 4206 3469 4287 ipsi
3515 4204 3798 4289 agendas
3844 4206 3924 4271 de
3967 4214 4067 4268 tot
4111 4207 4456 4306 tantisque
4515 4200 4794 4273 benefieiis

2906 4310 3072 4374 quae
3129 4290 3412 4374 quotidie
3457 4289 3537 4355 ab
3579 4290 3721 4374 ipso
3765 4291 4155 4375 accipimus:
4209 4302 4275 4357 et
4332 4314 4413 4357 m
4479 4292 4694 4376 primis
4734 4286 4795 4349 dn

2912 4378 3046 4443 vita
3101 4397 3297 4460 quam
3357 4376 3438 4442 ab
3483 4378 3622 4458 ipso
3682 4375 4013 4442 habemus.
4104 4382 4321 4460 Atque
4366 4378 4617 4445 idcirco
4655 4376 4793 4441 neus

2910 4460 3398 4527 noviluniorum
3441 4462 3579 4528 dies
3620 4483 3762 4528 esse
3806 4463 4006 4529 festos
4048 4465 4373 4531 iusserat:
4437 4458 4793 4553 quandoqui-

2908 4547 3054 4612 dem
3118 4547 3233 4611 illa
3297 4546 3488 4612 lunae
3565 4548 3843 4613 mutatio
3908 4550 4068 4615 satis
4133 4550 4498 4616 manifeste
4562 4543 4791 4615 emendat

2909 4645 3204 4717 oportere
3250 4631 3464 4699 Deum
3509 4653 3626 4699 sua
3670 4633 3840 4700 dona
3883 4635 4279 4715 continuare,
4326 4635 4517 4719 quod
4556 4628 4792 4715 alioquin

2908 4719 3183 4805 singulis
3238 4719 3585 4786 momentis
3637 4718 4032 4787 deficiamus.
4118 4722 4393 4787 Lunam
4440 4742 4597 4789 sane
4634 4734 4789 4802 qum

2907 4806 3257 4884 intuemur,
3322 4823 3555 4887 corpus
3614 4805 3892 4872 coeleste
3957 4820 4023 4871 et
4085 4807 4307 4874 varias
4376 4807 4565 4874 illins
4624 4804 4789 4877 faoifl.

2907 4889 3234 4972 quandam
3288 4891 3638 4976 imaginem
3681 4891 3857 4957 vitae
3899 4892 4225 4959 humanae
4263 4892 4624 4960 habemus:
4676 4906 4787 4953 m

2908 4976 3262 5059 plenilunio
3312 4978 3389 5042 fit
3441 4977 3841 5044 corniculata
3893 4989 3959 5042 et
4017 4979 4331 5063 paulatim
4380 4979 4603 5046 deficit
4636 4976 4789 5044 doato

773 5062 788 5078 '
885 5061 1299 5148 proculdubio
1344 5069 1763 5126 tentaremus.
1848 5061 1949 5128 Ac
1988 5081 2146 5127 sane
2181 5060 2456 5126 nimium
2491 5062 2806 5145 proclives
2907 5062 3185 5145 amplius
3241 5084 3370 5127 non
3425 5072 3751 5145 appareat.
3842 5062 4029 5144 Quae
4084 5064 4286 5131 facies
4346 5076 4455 5133 est
4520 5066 4788 5131 humum

886 5170 1115 5217 sumus
1156 5149 1240 5215 ad
1280 5148 1533 5223 vitium,
1592 5155 1669 5212 ut
1710 5169 1843 5213 non
1885 5168 2047 5231 opus
2090 5147 2178 5212 sit
2215 5147 2534 5231 exemplis
2575 5147 2807 5231 quibus
2906 5146 3279 5232 fragilitatis
3335 5149 3569 5232 imago.
3657 5148 3912 5215 Deinde
3970 5170 4169 5234 quum
4237 5151 4406 5219 luna
4469 5156 4787 5241 renovant

883 5235 968 5303 ad
1023 5234 1355 5304 licentiam
1410 5233 1774 5300 abutamur.
1864 5234 2038 5299 Nam
2095 5231 2152 5298 si
2209 5252 2401 5317 saepe
2457 5232 2571 5316 qui
2628 5233 2805 5298 vitiis
2908 5232 3169 5299 videtur
3208 5254 3379 5300 nova
3419 5233 3733 5318 quaedam
3768 5256 3809 5301 a
3842 5235 3989 5301 Deo
4031 5235 4207 5303 facta
4238 5237 4515 5316 creatio,
4556 5250 4621 5302 et
4645 5248 4784 5318 qun!
