5059 6059
285 302 398 369 241

282 492 614 561 Caeterum
673 489 801 554 ista
861 488 1120 572 longius
1163 488 1365 552 etiam
1409 485 1817 571 proferenda.
1910 486 2077 551 Nam
2122 487 2194 551 in

284 580 496 665 primis
558 594 760 659 quum
826 572 1013 639 Deus
1079 573 1482 638 exercituum
1545 571 1730 637 Deus
1795 571 2051 654 dicitur,
2117 591 2195 636 eo

284 670 575 735 docemur
617 661 832 744 ipsum
876 661 943 724 in
990 658 1233 724 mundo
1279 680 1466 741 posse
1507 678 1731 740 pacem
1792 669 1906 722 aut
1951 656 2195 722 bellum

282 755 526 820 fovere:
561 759 624 812 et
661 766 865 829 quum
903 744 1070 810 bella
1104 759 1471 821 moventur,
1513 744 1717 825 ipsius
1752 743 1922 808 iusto
1956 742 2195 810 iudicio

283 838 432 918 fieri,
475 832 670 902 rebus
703 830 940 897 creatis
987 831 1272 896 habenas
1311 830 1746 911 permittentis
1782 829 1863 894 ad
1900 829 2197 896 homines

284 926 357 991 de
416 920 692 1006 peccatis
757 917 1136 999 puniendos.
1249 914 1426 995 Quid
1490 915 1632 979 dico
1712 914 2192 996 permittentis?

283 1012 404 1077 imo
455 1019 524 1072 et
579 1005 1076 1083 commoventis,
1129 1010 1195 1067 et
1239 1001 1442 1066 veluti
1489 1002 1682 1065 tubae
1725 999 2033 1084 clangore
2076 999 2193 1066 ho·

284 1099 480 1162 mines
520 1090 772 1168 cientis,
837 1108 1117 1171 quorum
1177 1107 1374 1171 opera
1432 1086 1514 1150 ad
1573 1084 2002 1152 exercendam
2048 1088 2194 1150 vin-

284 1183 509 1248 dictam
553 1197 738 1243 suam
784 1185 1026 1240 utatur.
1089 1173 1275 1238 Deus
1318 1175 1535 1255 itaque
1579 1174 1750 1236 iusto
1795 1193 1916 1238 suo
1957 1170 2194 1237 iudicio

283 1265 438 1333 bella
480 1275 728 1328 movet:
790 1272 863 1325 ut
925 1261 1219 1324 homines
1263 1258 1550 1341 alioquin
1598 1257 1943 1323 obliviosos
1983 1272 2050 1322 et
2094 1280 2193 1324 re-

284 1356 392 1419 bus
435 1346 761 1435 prosperis
819 1345 1160 1411 abutentes
1217 1354 1286 1410 et
1329 1342 1409 1410 ad
1454 1344 1612 1410 vitia
1654 1344 1974 1426 proclives
2017 1346 2194 1410 coiir-

282 1448 433 1515 ceat,
474 1445 540 1501 et
582 1433 828 1500 excitet
869 1430 952 1496 ad
995 1431 1303 1497 officium.
1392 1427 1510 1495 Sin
1560 1450 1712 1494 vero
1754 1444 1981 1494 contra
2018 1430 2200 1496 Deus

284 1544 492 1608 pacem
551 1519 749 1585 terris
809 1518 1079 1582 reddere
1139 1517 1331 1593 volet,
1385 1527 1451 1580 et
1510 1514 1880 1580 hominibus
1924 1515 2058 1579 otia
2101 1515 2195 1579 fa·

280 1630 431 1684 cere,
499 1606 604 1673 vel
671 1605 807 1670 solo
875 1603 1032 1667 flatu
1096 1622 1213 1667 suo
1289 1601 1887 1686 potentissimorum
1968 1621 2195 1684 regum

280 1692 536 1763 consilia
593 1702 660 1756 et
717 1703 989 1756 conatus
1043 1688 1274 1754 inanes
1330 1688 1590 1765 efficiet,
1647 1685 2191 1769 quemadmodum

280 1779 538 1866 pulchre
577 1775 899 1860 propheta
943 1774 1132 1840 docet
1175 1773 1438 1840 Psalmo
1482 1773 1600 1838 46:
1652 1772 1799 1837 Non
1842 1773 2195 1838 timeremus

279 1869 335 1932 si
382 1864 740 1931 turbaretwr
793 1867 983 1944 terra,
1041 1865 1097 1925 et
1149 1860 1642 1942 transferrentur
1695 1861 1926 1923 montes
1979 1860 2050 1922 in
2085 1877 2196 1924 ‚eor

277 1953 501 2018 maris:
591 1947 876 2023 uoniam,
923 1958 998 2011 ut
1041 1947 1131 2011 ait
1175 1945 1367 2027 paulo
1412 1959 1585 2027 poet:
1635 1943 1816 2009 Deus
1852 1943 2092 2025 faciens
2126 1948 2195 2008 ut

277 2041 496 2104 cessent
544 1971 722 2100 {ella
785 2031 870 2097 ad
930 2033 1369 2097 extremitatem
1433 2050 1630 2112 usque
1686 2034 1907 2112 terrae,
1976 2049 2193 2095 areum

263 2122 612 2208 perfrinyit,
669 2124 724 2183 et
775 2121 1018 2183 truncat
1070 2117 1336 2194 hastam,
1392 2135 1618 2181 currus
1672 2115 1968 2181 comburit
2031 2115 2190 2198 ione.

275 2210 523 2292 Quibus
562 2206 780 2272 verbis
817 2203 1132 2285 propheta
1176 2201 1378 2278 docet,
1423 2201 1735 2277 homines,
1783 2201 1934 2265 licet
1967 2221 2193 2266 omnes

277 2298 441 2363 vires
495 2289 896 2375 collegerint,
951 2303 1017 2353 et
1075 2287 1376 2354 omnibus
1434 2288 1627 2352 rebus
1691 2288 1996 2352 instructi
2042 2287 2193 2365 sint,

277 2391 348 2447 ut
390 2379 551 2446 nihil
598 2377 822 2442 deesse
867 2376 1024 2457 ipsis
1070 2373 1385 2449 videatur,
1442 2394 1560 2438 nec
1602 2392 1802 2451 arma,
1865 2393 1981 2437 nec
2025 2375 2193 2454 equi,

277 2485 390 2533 neo
454 2465 695 2530 milites
773 2459 1084 2539 animosi,
1165 2480 1371 2541 neque
1449 2458 1851 2540 cataphracti
1930 2457 2192 2535 milites,

278 2572 475 2636 neque
541 2548 820 2630 denique
883 2545 1054 2611 ullae
1120 2546 1513 2611 munitiones
1578 2543 1870 2619 bellicae,
1955 2555 2193 2622 tamen,

275 2639 410 2705 Deo
442 2638 743 2711 faciente,
781 2645 1108 2698 momento
1145 2628 1562 2696 debellandos
1599 2643 1665 2695 et
1687 2626 2191 2695 consumendos:

276 2744 548 2806 eumque
592 2719 910 2787 bellorum
954 2722 1203 2784 exitum
1249 2718 1400 2796 sore,
1436 2730 1511 2781 ut
1546 2714 2037 2799 quibuscunque
2072 2717 2193 2797 ipsi

278 2807 586 2892 placuerit
629 2806 967 2872 victoriam
1013 2804 1348 2887 largiatur.
1439 2800 1656 2868 David
1701 2801 1915 2883 itaque
1952 2801 2191 2876 dicens,

275 2895 490 2962 bellum
532 2912 667 2960 esse
708 2889 989 2966 Domini,
1034 2890 1324 2975 generali
1366 2908 1527 2953 voce
1564 2888 1792 2965 utitur,
1825 2907 1954 2969 qua
1983 2887 2192 2952 Deum

277 2980 459 3047 docet
502 2978 828 3044 dominari
873 2975 1079 3052 bellis,
1138 2987 1206 3040 et
1257 2974 1456 3039 nullis
1514 2971 1808 3056 indigere
1854 2972 2194 3055 praesidiis

278 3066 610 3133 humanis:
674 3062 785 3127 sed
847 3083 934 3127 ex
991 3061 1346 3128 voluntatis
1404 3058 1672 3126 arbitrio
1719 3077 1942 3141 pacem
1985 3060 2195 3123 facere

278 3163 340 3218 et
380 3150 925 3233 tranquillitatem
971 3147 1166 3213 terris
1211 3146 1384 3224 dare,
1421 3155 1486 3208 et
1526 3146 1745 3209 hostes
1781 3143 2196 3210 saevissimos

276 3240 570 3323 frangere
629 3246 693 3299 et
750 3232 1089 3300 debellare.
1196 3235 1291 3297 Ac
1347 3231 1619 3313 proinde
1685 3231 1833 3294 licet
1898 3229 2196 3295 homines

277 3326 402 3390 sint
446 3320 885 3393 munitissimi,
947 3331 1016 3384 et
1070 3317 1375 3385 omnibus
1432 3316 1624 3382 rebus
1669 3315 1751 3380 ad
1798 3315 2037 3379 bellum
2084 3337 2193 3379 ne·

277 3410 566 3476 oessariis
609 3406 1114 3484 instructissimi,
1157 3402 1327 3468 nihil
1373 3412 1590 3467 tamen
1632 3401 1817 3550 isssis,
1861 3400 2192 3483 quodcun-

277 3517 396 3580 que
457 3492 627 3561 illud
693 3491 890 3556 fuerit
953 3490 1398 3575 profuturum,
1467 3487 1592 3552 nisi
1724 3508 1841 3552 eus
1909 3488 2044 3568 ipse
2109 3487 2194 3551 sit

278 3582 653 3647 auxiliator:
719 3598 846 3661 quo
913 3576 1263 3642 adiuvante
1362 3573 1578 3639 nullas
1633 3572 1794 3657 ipsis
1855 3572 2193 3637 hominum

276 3669 462 3746 vires,
506 3672 792 3750 quantae
828 3674 1108 3745 quantae
1143 3662 1293 3736 sint,
1332 3660 1682 3743 quidquam
1721 3678 1905 3741 posse
1942 3677 2193 3724 nocere.

275 3752 447 3819 Hinc
505 3751 709 3836 igitur
767 3749 1091 3814 discamus
1145 3747 1214 3812 in
1273 3746 1499 3829 primis
1541 3745 1756 3809 Deum
1802 3744 2074 3825 precari,
2123 3754 2195 3808 ut

277 3859 493 3920 paoem
537 3837 728 3902 nobis
769 3833 1079 3900 concedat
1121 3841 1188 3897 et
1228 3833 1362 3897 otia
1419 3831 1632 3909 faciat,
1689 3828 1930 3895 sedatis
1988 3829 2196 3894 omni·

278 3924 391 3990 bus
459 3923 612 3989 belli
679 3920 1096 3998 tumultibus,
1174 3916 1701 4001 quandoquidem
1767 3915 1988 3980 omnia
2070 3915 2193 3980 sibi

277 4008 464 4075 habet
508 4009 830 4073 subiecta:
878 4003 1110 4071 deinde
1153 4003 1235 4069 ad
1280 4005 1497 4086 ipsum
1541 4003 1804 4067 unicum
1840 4001 2195 4084 confugere

274 4095 340 4160 in
381 4095 576 4161 rebus
631 4092 946 4175 angustis,
1006 4087 1325 4173 siquidem
1380 4088 1700 4152 auxilium
1761 4107 1951 4152 suum
2011 4084 2195 4151 nobis

275 4200 605 4263 nunquam
663 4177 1043 4243 defuturum
1100 4183 1201 4242 est
1262 4174 1621 4259 pollicitus:
1686 4184 1752 4236 et
1815 4173 1869 4237 si
1937 4174 2196 4254 quando

275 4267 438 4333 bella
496 4266 836 4349 permittat
889 4262 1302 4340 commoveri,
1362 4260 1419 4326 si
1477 4260 1617 4343 ipso
1674 4258 1824 4323 freti
1866 4256 1948 4322 ad
1990 4259 2195 4340 ipsius

275 4352 733 4436 promissiones
776 4348 1275 4433 confugerimus,
1335 4367 1420 4411 ne
1476 4344 1850 4410 dubitemus
1915 4345 2073 4425 quin
2119 4365 2191 4410 re

277 4439 412 4521 ipsa
467 4459 589 4504 nos
645 4437 840 4503 faciat
894 4434 1175 4518 experiri
1234 4431 1405 4516 quod
1469 4451 1586 4515 per
1646 4428 2028 4512 prophetam
2096 4439 2197 4496 est

275 4524 614 4606 pollicitus,
673 4524 810 4587 fore
854 4530 929 4586 ut
972 4540 1159 4586 arcus
1201 4527 1512 4597 conterat,
1569 4525 1637 4581 et
1678 4516 2047 4599 confringat
2090 4537 2193 4580 ar·

278 4629 398 4693 ma,
441 4621 510 4675 et
553 4619 738 4674 scuta
778 4605 1117 4673 comburat
1149 4605 1323 4689 igni:
1370 4604 1528 4686 quin
1570 4602 1769 4668 etiam
1805 4601 1947 4683 ipsa
1969 4623 2192 4684 regum

276 4694 467 4761 corda
507 4695 798 4760 inflectat
839 4705 908 4758 et
948 4702 1211 4770 terreat,
1267 4710 1472 4774 quum
1532 4687 1718 4753 nobis
1771 4707 2005 4753 nocere
2063 4709 2195 4753 mo-

279 4780 548 4846 lientur:
609 4779 945 4862 nostrique
1003 4778 1410 4856 misereatur,
1468 4783 1536 4840 et
1590 4785 1861 4857 paterna
1915 4771 2192 4839 benevo-

280 4865 482 4933 lentia
521 4865 1008 4950 complectatur,
1052 4875 1118 4929 et
1161 4865 1334 4930 vires
1375 4861 1570 4927 etiam
1608 4858 1690 4925 ad
1733 4858 2020 4924 hostium
2054 4858 2192 4925 vim

277 4951 782 5036 propulsandam
846 4950 1243 5033 suppeditet:
1312 4946 1588 5030 denique
1650 4945 1790 5010 fore
1849 4953 1927 5008 ut
1989 4945 2046 5009 si
2111 4943 2195 5010 ad

279 5040 504 5104 mortis
547 5038 747 5103 limen
795 5037 1187 5113 venerimus,
1229 5042 1298 5100 et
1340 5033 1422 5099 de
1464 5031 1651 5097 nobis
1694 5031 1780 5096 sit
1823 5029 2191 5096 conclama-

281 5132 420 5189 tum
483 5125 668 5206 quasi
725 5123 855 5188 iam
914 5120 1269 5204 desperatis
1333 5119 1547 5198 rebus,
1613 5129 1746 5183 tam
1811 5115 2197 5184 miraculose

281 5207 527 5286 liberet,
568 5219 643 5275 ut
683 5231 756 5277 re
800 5209 942 5293 ipsa
987 5206 1250 5273 tandem
1290 5206 1706 5289 experiamur
1748 5221 1970 5268 veram
2013 5201 2197 5268 illam

474 5311 694 5369 σαιυεω·
722 5327 913 5382 opem.
985 5309 1108 5365 ναι.
1135 5308 1331 5363 xxx.

1563 297 1665 363 IN
1709 298 1760 364 1.
1807 297 1988 364 LIB.
2034 297 2440 365 SAMUEI..
2484 298 2684 366 CAP.
2728 297 2956 365 XVII.

4112 301 4245 367 242

2298 507 2442 553 esse
2484 489 2852 571 scripturae
2894 509 3115 557 sacrae
3160 509 3405 567 vocem,
3460 496 3528 554 et
3583 508 3718 553 non
3760 489 4024 555 inanem
4071 491 4241 556 titu-

2299 573 2457 651 lum,
2501 594 2702 656 quum
2738 573 2923 640 Deus
2967 576 3367 641 exercituum
3417 573 3808 652 nominatur,
3852 585 3920 641 et
3965 596 4093 640 non
4141 586 4241 642 te-

2300 679 2479 725 mere
2537 682 2577 725 a
2634 659 2895 725 Davide
2952 661 3271 745 prolatam
3345 662 3537 726 istam
3603 681 3745 726 esse
3809 663 4233 743 sententiam,

2303 744 2545 810 bellum
2606 766 2748 811 esse
2805 745 3094 813 Domini.
3195 745 3417 827 Quare
3485 766 3567 810 ne
3633 745 4006 811 dubitemus
4070 749 4233 830 quin

2300 831 2485 898 Deus
2529 832 2849 897 auxilium
2891 833 3060 899 ferat
3101 831 3291 898 nobis
3334 844 3699 915 opportuno
3742 845 4054 915 tempore,
4101 854 4234 899 non

2300 928 2558 982 tantum
2602 916 2916 1000 adversus
2960 918 3344 984 Goliathum
3399 918 3793 1001 quempiam,
3857 918 3968 983 sed
4028 920 4231 984 etiam

2300 1024 2637 1086 speremus
2679 1024 2826 1068 eum
2872 1003 3183 1087 quidquid
3231 1004 3415 1068 nobis
3458 1003 3911 1068 adversabitur
3955 1002 4235 1069 debella-

2302 1102 2523 1152 turum
2568 1102 2636 1155 et
2679 1089 3185 1167 destructurum,
3231 1091 3355 1154 etsi
3402 1090 3689 1174 potentia
3725 1090 3972 1155 invicta
4004 1088 4232 1155 videa-

2301 1183 2428 1238 tur.
2518 1174 3086 1255 Quemadmodum
3148 1176 3256 1241 hic
3316 1177 3609 1240 videmus
3664 1173 4058 1240 Philistaeos
4107 1196 4232 1240 nu-

2302 1261 2814 1325 merosissimum
2858 1263 3219 1326 exercitum
3280 1261 3604 1338 habuisse,
3665 1273 3732 1324 et
3788 1260 4090 1325 omnibus
4149 1260 4233 1327 ad

2303 1346 2547 1411 bellum
2573 1348 2951 1412 necessariis
2985 1347 3527 1412 instructissimos
3564 1346 3794 1410 fuisse:
3839 1347 3999 1428 quin
4035 1347 4234 1412 etiam

2300 1453 2491 1515 saepe
2536 1433 2617 1498 de
2661 1433 2902 1515 populo
2946 1432 3202 1499 iudaico
3243 1432 3579 1497 victoriam
3618 1444 3809 1496 antea
3842 1445 4235 1515 reportasse,

2300 1530 2367 1582 et
2411 1531 2628 1583 tamen
2675 1529 3003 1583 momento
3047 1520 3249 1585 factos
3293 1517 3653 1596 debiliores,
3699 1528 3765 1580 et
3799 1538 4018 1583 caesos
4054 1519 4237 1601 fuga·

2304 1615 2547 1686 tosque,
2594 1624 2668 1669 ac
2707 1623 2944 1687 magna
2980 1605 3422 1669 internecione
3446 1603 3687 1669 deletos
3726 1603 3940 1668 fuisse.
4008 1601 4232 1668 David

2299 1709 2456 1773 ergo
2522 1691 2914 1755 sententiam
2979 1690 3161 1755 illam
3228 1689 3535 1773 protulit,
3618 1709 3745 1753 non
3825 1702 4081 1753 tantum
4150 1688 4234 1755 ad

2302 1796 2608 1857 praesens
2653 1775 2914 1853 bellum,
2976 1776 3090 1841 sed
3149 1776 3345 1841 etiam
3391 1772 3475 1840 ad
3519 1774 3895 1839 universam
3942 1776 4236 1840 omnium

2300 1861 2703 1926 saeculorum
2748 1860 3089 1927 ecclesiam
3132 1862 3591 1945 pertinentem.
3683 1858 3793 1926 Sic
3842 1860 4007 1925 solet
4050 1859 4237 1925 Deus

2298 1967 2407 2012 eos
2451 1948 2563 2029 qui
2608 1946 2736 2011 iam
2782 1949 2974 2011 morti
3020 1958 3209 2011 erant
3254 1946 3583 2023 destinati,
3630 1957 3696 2010 et
3740 1966 3903 2029 quos
3947 1947 4240 2028 undique

2299 2052 2502 2115 pavor
2558 2032 3018 2111 circumdabat,
3061 2032 3360 2113 liberare,
3421 2039 3489 2097 et
3547 2042 3966 2114 tempestates
4006 2051 4237 2098 omnes

2300 2118 2615 2183 adversus
2659 2139 2812 2183 suos
2856 2131 3109 2184 coortas
3152 2120 3382 2184 sedare
3427 2129 3492 2182 et
3545 2116 3919 2199 dissipare:-
3948 2137 4074 2199 quo
4117 2116 4237 2182 fiat

2297 2204 2439 2269 eius
2485 2205 2774 2287 potentia
2819 2218 2884 2270 et
2931 2205 3139 2269 virtus
3186 2206 3368 2270 nobis
3412 2204 3835 2285 conspectior,
3908 2223 4037 2285 qua
4080 2202 4239 2268 freti

2298 2311 2424 2355 non
2482 2288 2853 2355 dubitemus
2911 2291 3065 2373 quin
3127 2310 3355 2356 omnes
3421 2288 3770 2355 adversum
3834 2308 3955 2353 nos
4012 2289 4236 2353 insur-

2297 2386 2528 2459 gentes
2577 2376 2796 2440 hostes
2838 2385 3224 2458 compescat,
3282 2395 3637 2457 eorumque
3692 2374 3963 2439 consilia
4016 2385 4083 2438 et
4125 2391 4235 2440 co·

2299 2474 2488 2527 natus
2532 2462 2808 2542 frangat.
2878 2464 2974 2527 Ac
3012 2462 3164 2526 licet
3207 2460 3307 2527 illi
3342 2460 3478 2526 solo
3521 2460 3832 2542 adspectu
3878 2479 3996 2523 nos
4040 2468 4237 2524 antea

2297 2559 2565 2631 propter
2605 2548 2932 2612 infinitam
2978 2546 3470 2612 multitudinem
3529 2555 3596 2610 et
3657 2546 3829 2609 vires
3890 2555 4237 2625 terrerent,

2297 2647 2364 2698 et
2408 2634 2570 2716 ipsis
2614 2631 2957 2697 resistendi
3017 2631 3236 2697 nullae
3298 2634 3470 2696 vires
3513 2651 3657 2696 esse
3703 2630 3889 2695 nobis
3936 2629 4239 2695 videren-

2300 2729 2428 2792 tur,
2473 2739 2556 2782 no
2600 2727 2815 2783 tamen
2854 2720 3147 2783 animum
3186 2717 3720 2801 despondeamus,
3761 2737 3969 2799 neque
3992 2736 4243 2799 pavore

2299 2805 2713 2869 deficiamus:
2760 2804 2871 2870 sed
2919 2805 3133 2887 potius
3178 2823 3378 2868 novas
3421 2803 3490 2868 in
3518 2801 3803 2866 Domino
3848 2802 4021 2867 vires
4067 2802 4238 2868 acci-

2301 2891 2586 2973 piamus:
2633 2903 2810 2955 certo
2854 2889 3148 2972 persuasi
3198 2890 3413 2954 Deum
3463 2887 3646 2952 nobis
3708 2886 4108 2966 adfuturum,
4167 2896 4239 2953 et

2300 2978 2370 3040 in
2414 2977 2739 3058 angustiis
2780 2984 3145 3058 opportuno
3192 2985 3489 3057 tempore
3532 2972 3856 3036 auxilium
3904 2973 4233 3048 daturum,

2299 3071 2367 3126 et
2421 3082 2557 3125 non
2615 3062 2822 3126 solum
2881 3081 3048 3143 quae
3107 3060 3187 3123 ad
3245 3060 3413 3125 hanc
3472 3059 3674 3123 vitam
3735 3067 4048 3141 spectant,
4118 3057 4233 3123 sed

2301 3149 2499 3212 etiam
2566 3167 2732 3229 quae
2795 3144 2879 3211 ad
2943 3155 3277 3211 aeternam
3343 3145 3654 3220 salutem,
3726 3143 4234 3226 praestiturum:

2301 3232 2584 3298 hostium
2644 3231 2921 3315 denique
2980 3233 3153 3297 vires
3211 3231 3590 3308 fracturum,
3647 3240 3714 3293 et
3764 3229 4104 3295 victoriam
4150 3227 4235 3294 de

2297 3318 2458 3400 ipsis
2503 3316 2830 3383 daturum.
2924 3320 3019 3383 Ac
3065 3318 3335 3400 proinde
3394 3317 3545 3381 licet
3589 3314 3729 3397 ipse
3775 3313 4074 3379 diabolus
4117 3313 4233 3378 ad-

2300 3423 2565 3469 versum
2610 3425 2730 3469 nos
2772 3414 2967 3486 caput
3011 3424 3160 3468 cum
3205 3405 3342 3469 suis
3385 3400 3774 3468 satellitibus
3809 3401 4056 3477 efferat,
4092 3399 4231 3466 fore

2299 3500 2520 3554 tamen
2579 3497 2657 3553 ut
2712 3511 2862 3554 eum
2909 3489 3092 3553 Deus
3133 3495 3448 3568 conterat,
3507 3498 3574 3551 et
3615 3487 3685 3551 in
3730 3487 3938 3569 ipsam
3985 3486 4235 3551 infero-

2297 3595 2447 3639 rum
2505 3572 2816 3659 abyssum
2874 3573 3201 3640 detrudat.
3310 3575 3569 3640 Fractis
3635 3593 3791 3637 vero
3857 3580 4233 3638 nostrorum

2299 3659 2583 3726 hostium
2632 3660 2900 3738 viribus,
2960 3660 3452 3725 meminerimus
3497 3658 3716 3724 deberi
3762 3679 3802 3723 a
3844 3658 4034 3723 nobis
4076 3679 4231 3743 gra·

2301 3746 2539 3811 tiarum
2596 3747 2916 3811 actionem
2974 3744 3139 3822 Deo,
3200 3746 3370 3828 quod
3432 3746 3511 3810 ad
3575 3765 3691 3809 nos
3747 3743 4233 3812 conservandos

2299 3831 2588 3896 hostium
2633 3833 2852 3915 capita
2894 3832 3181 3915 fregerit,
3239 3841 3306 3896 et
3348 3852 3586 3915 magna
3633 3831 4074 3896 internecione
4119 3830 4233 3896 de·

2301 3917 2554 3983 leverit.
2643 3918 2891 3984 Oontra
2952 3938 3104 3981 vero
3161 3917 3284 3981 nisi
3353 3917 3498 3981 Deo
3554 3914 3984 3980 exhibeamus
4040 3915 4230 3982 illum

2300 4003 2635 4086 honorem,
2702 4013 2775 4069 ut
2829 4002 3135 4068 fiduciam
3193 4002 3262 4066 in
3326 4002 3434 4067 illo
3491 4013 3755 4068 nostrae
3812 4003 4043 4067 salutis
4089 4004 4234 4069 eins

2297 4089 2446 4154 freti
2504 4089 3044 4171 promissionibus
3103 4087 3516 4172 collocemus,
3620 4089 3858 4151 rofeoto
3915 4087 4084 4151 nihil
4129 4107 4234 4151 re·

2300 4175 2542 4257 petitae
2597 4196 2822 4258 preces
2877 4195 2993 4239 nos
3035 4173 3344 4258 iuverint,
3389 4195 3560 4256 quan
3610 4173 3911 4256 oquidem
3960 4182 4235 4237 externo

2301 4259 2515 4343 potius
2575 4263 2708 4326 ritu
2765 4282 2961 4344 quam
3024 4260 3241 4324 animo
3300 4261 3551 4324 sincero
3593 4259 3779 4324 illum
3826 4260 4233 4323 invocaveri-

2300 4365 2480 4411 mus:
2527 4346 2639 4411 ubi
2683 4347 2857 4411 enim
2903 4353 3005 4410 est
3049 4343 3435 4422 diffidentia,
3480 4344 3569 4409 ibi
3617 4365 3746 4409 non
3791 4355 3891 4409 est
3933 4345 4232 4408 sincerus

2299 4432 2537 4510 cultus,
2596 4443 2665 4497 et
2718 4432 2940 4514 potius
3003 4433 3179 4496 Deus
3237 4431 3537 4496 irritatur
3595 4451 3787 4513 quam
3857 4428 4230 4512 advocatur.

2299 4516 2490 4583 Unde
2536 4518 2558 4581 i
2608 4519 2738 4583 'tur
2781 4517 3166 4601 plerumque
3222 4515 3472 4594 accidit,
3531 4527 3605 4581 ut
3662 4537 3790 4580 non
3835 4515 4045 4580 solum
4091 4536 4227 4578 om-

2301 4603 2491 4669 nibus
2619 4604 2875 4669 umanis
2935 4602 3276 4686 praesidiis
3340 4602 3788 4678 destituamur,
3853 4600 3965 4665 sed
4032 4607 4227 4668 etiam

2300 4689 2513 4754 Deum
2561 4690 2771 4771 ipsum
2809 4709 2927 4773 pro
2962 4688 3346 4753 auxiliatore
3382 4687 3831 4752 adversarium
3855 4684 4228 4767 habeamus,

2298 4783 2366 4839 et
2421 4795 2543 4840 nos
2600 4776 2669 4839 in
2728 4774 3015 4839 hostium
3072 4794 3305 4838 manus
3365 4771 3595 4847 tradat,
3654 4772 3781 4837 nisi
3839 4772 4010 4853 quod
4057 4772 4227 4838 diffi-

2299 4859 2524 4927 dentia
2569 4882 2686 4926 nos
2729 4859 2960 4925 dubios
3002 4868 3071 4923 et
3113 4859 3311 4924 animi
3356 4855 3745 4923 fluctuantes
3781 4858 3954 4933 facit,
4001 4869 4063 4922 et
4109 4880 4227 4941 pro

2299 4947 2474 5013 veris
2514 4946 2812 5028 precibus
2853 4946 3085 5011 inanes
3119 4955 3372 5009 tanturn
3413 4942 4040 5009 demurmurationes
4075 4966 4225 5029 pro·

2298 5032 2442 5109 fert,
2488 5031 2727 5115 quibus
2785 5031 3048 5096 divinae
3101 5029 3411 5097 bonitatis
3469 5037 3949 5111 contemptores
3993 5028 4224 5116 depre-

2302 5116 2713 5183 hendamur?
2802 5116 2983 5181 Vera
3025 5129 3239 5180 autem
3287 5114 3447 5180 fides
3491 5135 3633 5178 eam
3680 5115 3748 5178 in
3796 5113 3979 5181 nobis
4023 5116 4228 5184 auda-

2298 5204 2467 5270 ciam
2531 5211 2807 5289 generat
2870 5201 3070 5268 verbo
3115 5200 3239 5265 Dei
3304 5199 3373 5265 in
3438 5200 3628 5265 nobis
3684 5200 3996 5283 genitam,
4052 5224 4225 5286 quae

3749 5303 3820 5359 16
