5059 6059
297 304 408 372 633

299 489 653 576 dignitatem
709 495 1036 555 vocatum.
1125 486 1379 553 Verum
1440 486 1552 553 ubi
1613 488 1914 572 apparuit
1964 508 2003 552 a
2059 488 2202 553 Deo

297 577 701 660 designatum,
762 581 905 639 tum
966 594 1222 639 cessare
1280 596 1579 639 murmur
1637 595 1829 640 omne
1894 575 2203 658 oportuit,

293 675 394 731 aut
452 659 669 727 statim
736 660 793 725 si
858 659 1032 742 quod
1099 661 1383 726 oriretur
1449 663 1681 726 sedari.
1773 659 1997 742 Quare
2052 659 2203 725 licet

292 746 553 816 nondum
581 743 741 811 Saul
781 749 818 809 a
842 743 1149 812 Samuele
1186 746 1415 812 fuisset
1459 768 1767 830 expresse
1812 747 2203 825 nominatus,

289 848 350 902 et
386 832 650 900 sortium
693 841 971 898 eventus
1015 832 1082 897 in
1130 830 1255 897 Dei
1304 853 1502 897 manu
1550 845 1741 908 esset,
1800 833 1909 918 qui
1953 836 2083 897 iam
2132 829 2198 896 in

286 919 445 987 coelo
484 927 704 985 ratum
746 917 989 985 fecerat
1032 917 1202 1001 quod
1265 917 1569 1002 deinceps
1614 931 1857 984 eventu
1902 939 2199 1001 compro·

286 1006 488 1073 batum
545 1012 671 1068 est:
739 1013 959 1069 tamen
1021 1004 1300 1087 populus
1358 1005 1519 1070 satis
1565 1003 2030 1071 animadvertit
2071 999 2199 1067 Dei

284 1091 608 1158 voluntate
680 1096 749 1154 et
814 1089 1222 1173 providentia
1289 1089 1447 1156 haec
1514 1088 1980 1157 administrari.
2086 1087 2197 1156 Sic

279 1177 555 1244 videmus
588 1175 927 1260 'apostolos
980 1175 1176 1241 alium
1239 1178 1562 1259 quendam
1625 1178 1685 1242 in
1736 1175 1948 1242 locum
1995 1175 2199 1241 Iudae

280 1264 673 1342 suffecturos,
729 1261 900 1346 quod
946 1284 1076 1328 non
1122 1276 1296 1328 esset
1341 1262 1607 1327 humani
1657 1262 1909 1328 arbitrii
1957 1271 2023 1328 et
2066 1262 2196 1326 dis·

276 1347 596 1434 positionis
655 1347 980 1431 apostolos
1024 1348 1346 1425 ordinare,
1392 1346 1504 1413 sed
1552 1370 1591 1416 a
1636 1348 1776 1413 Deo
1819 1347 2197 1413 immediate

276 1432 533 1502 vocandi
591 1442 834 1509 essent,
892 1431 976 1498 ad
1037 1445 1247 1499 sortes
1307 1434 1699 1517 confugisse.
1802 1434 1948 1500 Non
2009 1434 2198 1500 aliter

276 1520 385 1586 hoc
443 1519 583 1585 loco
645 1517 913 1588 Samuel
979 1520 1322 1586 sortitione
1394 1521 1514 1586 boc
1584 1534 1788 1586 totum
1858 1517 2196 1603 negotium

272 1604 526 1690 perficit,
589 1614 667 1669 ut
720 1604 1001 1689 populus
1044 1604 1261 1672 Deum
1302 1627 1463 1682 ,vere
1510 1606 1641 1671 illic
1688 1607 2079 1689 praesidere,
2132 1613 2199 1669 et

271 1713 343 1758 ex
386 1691 518 1756 eius
561 1689 904 1758 voluntate
948 1693 1168 1757 omnia
1203 1691 1346 1775 geri
1384 1692 1620 1774 populo
1657 1692 2195 1775 persuaderetur3

270 1798 337 1844 ac
377 1775 647 1861 proinde
673 1773 891 1844 Saulis
927 1775 1306 1843 electionem
1349 1799 1474 1842 non
1509 1777 1847 1843 hominum
1886 1776 2198 1853 consiliis,

272 1861 375 1927 sed
429 1861 631 1929 solius
687 1861 814 1929 Dei
873 1862 1213 1928 voluntate
1271 1866 1659 1945 promoveri.
1749 1861 2065 1945 Quinimo
2132 1871 2198 1927 et

268 1948 542 2014 latitasse
601 1945 765 2015 Saul
820 1947 996 2013 inter
1064 1949 1534 2032 impedimenta
1601 1950 1871 2027 dicitur,
1940 1959 2192 2015 tantum

266 2034 434 2100 abest
497 2040 574 2098 ut
640 2033 662 2099 i
844 2032 1237 2117 dignitatem
1300 2035 1479 2101 illam
1543 2035 1840 2112 ambiret,
1897 2047 2010 2100 aut
2068 2034 2195 2098 rei—

265 2118 540 2204 publicae
562 2140 657 2203 gu
705 2119 1015 2186 ornacula
1079 2119 1483 2186 rehenderet.
1512 2120 1864 2188 Caeterum
1891 2142 2017 2185 non
2045 2140 2192 2206 pos·

265 2226 475 2271 sumus
516 2206 853 2271 affirmare
897 2226 984 2272 an
1086 2228 1162 2271 eo
1207 2208 1490 2284 volente,
1538 2221 1601 2271 et
1640 2205 1965 2274 Samuelis
2009 2206 2194 2272 iussu

264 2301 324 2353 et
374 2291 739 2369 autoritate,
800 2311 887 2357 an
944 2313 1097 2357 vero
1156 2294 1323 2358 tanti
1380 2293 1596 2358 oneris
1658 2305 1834 2358 metu
1904 2290 2195 2366 latitarit,

258 2376 429 2459 quasi
473 2397 638 2443 suae
683 2377 1026 2443 tenuitatis
1071 2378 1197 2443 sibi
1240 2378 1405 2443 bene
1464 2380 1761 2446 conscius
1807 2390 2024 2443 tantae
2069 2376 2193 2442 rei·

258 2460 540 2544 publicae
604 2462 1147 2546 gubernationem
1207 2464 1542 2547 refugerit.
1643 2462 1776 2532 Sed
1840 2462 2196 2530 verisimile

255 2558 349 2611 est
386 2549 617 2614 Deum
681 2546 972 2615 noluisse
1017 2548 1202 2614 illum
1263 2563 1421 2616 tunc
1479 2571 1819 2636 apparere,
1885 2570 1967 2614 ne
2026 2550 2195 2614 forte

255 2632 641 2701 obiiceretur
680 2633 871 2700 illum
906 2656 947 2699 a
988 2635 1231 2718 populo
1267 2651 1704 2719 conspectum.
1753 2635 2029 2726 gratiam
2067 2633 2191 2699 sibi

252 2718 414 2802 apud
462 2718 659 2785 illum
707 2719 1103 2798 conciliasse,
1151 2721 1325 2787 unde
1359 2719 1602 2788 factum
1646 2723 1734 2787 sit
1773 2735 1846 2788 ut
1888 2721 1958 2786 in
2004 2718 2190 2784 illum

252 2825 384 2870 sors
427 2805 862 2874 incumberet.
928 2805 1021 2871 At
1058 2828 1140 2872 ne
1176 2805 1330 2890 quid
1376 2807 1508 2873 tale
1542 2809 1969 2892 contingeret,
2006 2803 2193 2870 Deus

252 2888 384 2973 ipse
425 2912 571 2956 rem
618 2899 822 2957 totam
865 2892 960 2957 sic
1004 2891 1511 2970 administravit,
1555 2905 1632 2958 ut
1677 2893 1839 2962 nibil
1887 2890 2191 2962 humani·

252 2987 349 3041 tus
391 2974 713 3043 accidisse
754 2977 1057 3045 omnibus
1098 2998 1487 3061 persuasum
1533 2979 1654 3046 sit:
1713 2993 1907 3062 atque
1952 2978 2192 3046 idcirco

251 3057 409 3127 Saul
452 3062 525 3127 in
571 3072 765 3129 coetu
811 3059 926 3129 illo
970 3085 1102 3127 non
1164 3065 1284 3133 fuit
1329 3064 1540 3131 factus
1600 3066 2019 3150 conspicuus:
2078 3061 2190 3130 sed

247 3146 336 3211 ita
378 3158 607 3215 tamen
653 3157 729 3214 ιιι
764 3146 910 3215 Deo
953 3148 1170 3215 indice
1213 3163 1515 3234 repertus
1560 3153 1671 3229 sit,
1717 3173 1796 3216 ne
1841 3149 2193 3216 ambitione

248 3241 353 3298 aut
407 3235 832 3302 contumacia
891 3236 1147 3300 vocanti
1208 3237 1348 3302 Deo
1409 3237 1775 3314 resisteret,
1835 3258 1874 3302 a
1925 3255 2052 3319 quo
2110 3232 2191 3298 ad

246 3327 489 3386 tantam
528 3317 927 3406 dignitatem
964 3319 1384 3399 evehebatur,
1420 3321 1971 3406 quemadmodum
2009 3339 2197 3404 supe-

246 3403 374 3472 rius
418 3404 807 3473 audivimus
850 3405 1038 3471 illum
1084 3427 1123 3472 a
1166 3406 1312 3474 Deo
1356 3408 1556 3474 fuisse
1601 3423 2081 3493 praeparatum,
2127 3412 2196 3470 et

244 3486 423 3557 donis
468 3490 555 3558 ad
604 3489 774 3558 illud
832 3491 1073 3558 mun'us
1133 3493 1516 3561 necessariis
1572 3506 1899 3561 ornatum.
1989 3490 2192 3574 Atqui

246 3575 401 3642 nihil
444 3577 673 3664 magis
715 3575 1020 3645 homines
1064 3578 1335 3666 impedit
1378 3592 1444 3645 et
1493 3581 1752 3664 ineptos
1807 3578 1890 3645 ad
1935 3576 2196 3662 publica

240 3664 464 3728 munia
510 3661 681 3729 facit
724 3684 921 3746 quam
967 3664 1374 3750 arrogantia:
1436 3666 1576 3731 Deo
1637 3688 1831 3732 suum
1886 3664 2190 3748 spiritum

242 3747 582 3814 auferente
629 3749 713 3816 ab
758 3748 840 3815 iis
886 3750 997 3832 qui
1033 3750 1156 3816 sibi
1203 3752 1485 3817 maxime
1522 3751 1825 3817 industrii
1863 3750 2192 3824 videntur,

240 3842 302 3897 et
332 3835 623 3920 superbe
661 3835 1047 3902 efferuntur.
1095 3833 1420 3916 Quoniam
1460 3837 1665 3921 igitur
1697 3837 1882 3903 Deus
1921 3834 2192 3904 Saulem

238 3938 433 3998 regno
513 3919 915 4000 destinabat,
982 3921 1373 3988 humilitatis
1438 3923 1635 3989 etiam
1705 3935 1771 3989 et
1835 3919 2193 3987 modestiae

237 4005 471 4086 spiritu
537 4006 731 4073 illum
778 4006 1017 4090 induit,
1086 4019 1160 4072 ut
1218 4028 1374 4073 suae
1417 4009 1758 4075 tenuitatis
1795 4018 1863 4074 et
1904 4004 2191 4074 imbecil-

232 4088 434 4158 litatis
500 4092 639 4159 sibi
708 4093 872 4158 bene
932 4093 1249 4172 conscius,
1318 4094 1481 4159 nihil
1552 4096 1632 4160 de
1698 4117 1770 4161 se
1833 4094 1902 4159 in
1971 4103 2192 4157 tantae

234 4177 635 4261 reipublicae
680 4177 1250 4244 administratione
1295 4181 1721 4263 promitteret.
1767 4180 1983 4263 Atque
2028 4179 2190 4244 haec

230 4283 427 4330 causa
469 4263 611 4330 fuit.
653 4286 773 4331 cur
814 4265 990 4329 inter
1034 4265 1503 4349 impedimenta
1547 4265 1902 4331 delituerit.

398 4349 746 4433 Deinceps
806 4350 1123 4433 sequitur,
1182 4351 1494 4433 populum
1544 4351 1925 4426 cucurrisse,
1988 4359 2053 4416 et
2095 4348 2189 4415 la·

232 4443 478 4500 tentem
549 4435 1089 4520 deprehendisse.
1179 4436 1370 4502 Unde
1429 4449 1702 4521 apparet
1757 4439 1993 4502 iterum
2040 4433 2187 4500 Deo

232 4519 491 4586 volente
553 4520 971 4606 productum.
1062 4519 1225 4587 Sors
1271 4522 1533 4608 quidem
1579 4534 1721 4589 erat
1764 4525 1922 4589 satis
1979 4521 2186 4585 mani-

226 4604 389 4672 festa
476 4606 843 4674 declaratio
920 4606 1182 4673 divinae
1248 4610 1606 4675 voluntatis
1674 4621 1739 4674 et
1808 4606 2187 4682 vocationis,

228 4690 365 4758 sine
426 4692 750 4759 humanis
816 4693 968 4758 ullis
1025 4694 1341 4761 consiliis:
1402 4695 1512 4760 sed
1571 4707 1792 4761 tamen
1847 4693 2187 4761 sortitione

227 4774 398 4844 facta
436 4778 615 4846 Saul
664 4801 793 4845 non
839 4779 1311 4858 inveniebat-ur,
1359 4794 1423 4845 et
1470 4803 1862 4862 praesensne
1897 4782 1963 4844 in
2001 4789 2186 4844 coetu

228 4862 483 4931 adesset
544 4886 637 4931 an
697 4865 1005 4949 deinceps
1051 4881 1376 4933 venturus
1434 4867 1878 4943 ignorabatur.
1967 4866 2187 4947 Atque

229 4947 348 5013 hoc
390 4949 761 5035 diligenter
803 4950 1307 5030 observandum,
1368 4963 1442 5017 ut
1489 4953 1613 5018 Dei
1674 4974 1943 5037 operum
1989 4952 2185 5015 rat-io-

224 5056 373 5100 nem
421 5036 876 5113 attendamus,
939 5041 1049 5120 qui
1097 5059 1565 5123 nonnunquam
1615 5036 1929 5103 eiusmodi
1977 5057 2181 5102 remo-

226 5140 332 5186 rae
390 5122 639 5202 iniicit,
698 5133 775 5188 ut
836 5122 1133 5188 homines
1195 5123 1363 5189 nihil
1421 5125 1544 5189 nisi
1596 5145 1917 5190 summam
1964 5142 2183 5187 rerum

221 5208 525 5275 omnium
612 5208 1167 5294 perturbationem
1246 5222 1311 5273 et
1377 5211 1815 5277 confusionem
1898 5208 2186 5288 videant,

1625 285 1726 363 m
1772 297 1841 400 ι.ι
1875 297 2056 364 Lm.
2096 296 2499 367 SAMUEL.
2549 297 2747 366 cAP.
2815 299 2902 365 X.

4118 302 4246 366 634

2307 488 2467 554 adeo
2511 497 2587 555 ut
2628 510 2743 572 spe
2779 509 2901 555 sua
2943 488 3226 556 excisuri
3268 489 3393 556 sibi
3434 488 3803 555 videantur.
3885 488 4020 555 Sed
4064 489 4249 557 Deus

2306 573 2387 638 ad
2448 577 2849 657 propositum
2907 575 3328 659 finem‘opus
3386 596 3579 643 suum
3637 576 3733 640 ita
3789 575 4109 662 perducit,
4169 586 4248 641 ut

2305 680 2600 726 remorae
2656 661 2806 726 illae
2865 660 3185 726 notiorem
3245 661 3485 727 faciant
3540 662 3680 727 eius
3823 663 4114 739 tentiam,
4180 673 4246 726 et

2304 745 2755 812 admirabilem
2801 746 2867 811 in
2919 747 3327 832 perficiendis
3373 748 3511 813 suis
3558 747 3735 830 operi
3783 769 3859 813 us
3901 747 4247 832 providen-

2305 832 2485 897 tiam.
2595 833 2766 898 Nam
2847 835 2901 899 si
2982 832 3155 899 felici
3235 854 3433 899 cursu
3497 833 3718 899 omnia
3783 854 4040 918 semper
4083 829 4243 899 'sine

2303 916 2687 984 difficultate
2742 917 3182 999 succederent,
3238 919 3304 983 id
3373 939 3491 984 nos
3568 928 3687 983 aut
3760 918 4061 986 fortunae
4129 930 4243 985 ant

2302 1016 2576 1070 naturae
2623 1004 3080 1069 tribueremus.
3170 1007 3263 1069 At
3317 1005 3398 1070 iis
3441 1004 3926 1086 impedimentis
3968 1025 4241 1089 surgen-

2302 1088 2512 1174 tibus,
2588 1091 2819 1172 quibus
2878 1110 3135 1155 summa
3189 1111 3409 1155 rerum
3477 1095 3768 1155 omnium
3823 1091 4111 1157 confusio
4176 1101 4243 1156 et

2301 1175 2667 1258 desperatio
2742 1175 2985 1241 adferri
3056 1175 3341 1255 videtur,
3403 1196 3581 1260 ‚quae
3645 1176 3832 1242 Deus
3912 1189 4239 1244 momento

2301 1261 2596 1345 dissipat,
2655 1272 2720 1326 et
2776 1262 2844 1328 in
2906 1262 3235 1345 integrum
3286 1263 3591 1342 restituit,
3650 1271 3791 1328 tum
3837 1263 4123 1328 maxime
4165 1263 4241 1329 fit

2302 1347 2429 1413 Dei
2478 1348 2689 1414 virtus
2731 1348 3102 1432 conspicua.
3163 1347 3343 1414 Hinc
3387 1347 3591 1432 igitur
3636 1358 3819 1415 ortus
3863 1348 3975 1413 ille
4017 1348 4236 1432 populi

2299 1443 2551 1518 stupor,
2631 1455 2782 1498 non.
2838 1445 3194 1517 apparente
3261 1433 3498 1510 Saule3
3579 1454 3736 1518 nam
3803 1434 4059 1500 sortitio
4125 1431 4239 1500 illa

2301 1519 2508 1586 videri
2567 1528 2823 1603 poterat
2881 1540 3053 1584 vana
3111 1530 3176 1585 et
3239 1519 3526 1585 inutilis:
3593 1519 3708 1585 sed
3771 1519 3917 1586 Deo
3975 1541 4233 1586 rursum

2298 1603 2477 1670 illam
2539 1606 2986 1687 confirmante,
3044 1614 3112 1670 et
3156 1601 3424 1671 Saulem
3470 1625 3550 1669 ex
3594 1603 3861 1671 latebris
3904 1604 4236 1682 educente,

2299 1701 2367 1756 et
2423 1692 2489 1756 in
2547 1690 2760 1755 medio
2823 1690 3041 1774 populi
3081 1693 3470 1775 proferente,
3530 1699 3662 1756 tam
3720 1690 4069 1758 manifesta
4111 1692 4240 1757 fuit

2300 1776 2561 1843 divinae
2620 1775 3048 1842 ordinationis
3109 1778 3450 1861 patefactio
3505 1788 3572 1842 et
3635 1777 4093 1852 manifestatio,
4163 1789 4239 1842 ut

2299 1864 2359 1934 si
2396 1865 2506 1946 qui
2553 1863 2869 1946 refragari
2918 1863 3222 1948 deinceps
3266 1862 3636 1943 voluerints
3677 1863 3893 1950 turpis
3929 1861 4236 1928 ‘rebellio-

2299 1950 2404 2014 nis
2460 1957 2527 2014 et
2593 1950 3040 2014 contumaciae
3098 1950 3331 2014 morito
3392 1950 3483 2014 rei
3528 1947 3682 2013 facti
3742 1953 3895 2027 sint,
3954 1946 4127 2031 quod
4163 1969 4234 2015 se

2297 2034 2462 2114 Deo,
2525 2046 2720 2116 atque
2764 2034 3007 2100 rationi
3050 2048 3115 2099 et
3155 2035 3468 2118 aequitati
3514 2033 3836 2100 subiicere
3889 2035 4237 2099 noluerint.

2299 2119 2622 2203 Equidem
2671 2119 2866 2203 paulo
2904 2128 3051 2204 post
3094 2121 3440 2185 nonnullos
3483 2120 3805 2186 restitisse
3845 2120 4237 2204 videbimus,

2298 2206 2412 2272 sed
2496 2204 2661 2270 nihil
2742 2217 2963 2273 tamen
3045 2205 3363 2271 seditione
3445 2206 3730 2272 excitata
3814 2207 4234 2290 promovisse.

2300 2290 2481 2358 Deus
2542 2292 2561 2356 i
2611 2291 2747 2357 itur
2800 2291 3103 2358 omnibus
3160 2292 3305 2357 istis
3372 2291 3867 2358 difficultatibus
3933 2291 4235 2369 occurrit,

2344 2381 2500 2443 uu'm
2626 2378 2842 2443 aulem
2909 2399 2992 2442 ex
3059 2378 3341 2456 latebris,
3421 2379 3736 2459 tanquam'
3804 2399 3841 2442 e
3906 2376 4235 2460 profunda

2325 2484 2472 2530 ossa
2529 2461 2856 2543 eductum,
2915 2461 3124 2530 veluti
3183 2484 3385 2528 manu
3430 2484 3549 2529 sua
3602 2461 3684 2528 ad
3729 2464 3979 2548 regium
4026 2463 4235 2529 tribu·

2299 2549 2412 2616 nal
2453 2550 2694 2614 evexit.
3975 2621 3978 2626 ,

2470 2634 2804 2718 Sequitur,
2873 2631 3245 2702 Samuelem
3284 2632 3524 2699 iterum
3578 2654 3718 2700 com
3767 2631 3997 2700 ellasse
4032 2656 4234 2719 popu·
4322 2691 4326 2695 ,

2299 2721 2457 2797 lum,
2518 2732 2582 2786 et
2638 2719 2913 2786 dixisse:
2981 2719 3152 2785 Certe
3190 2720 3416 2786 videtis
3457 2737 3640 2804 quem
3683 2731 3715 2785 e
3765 2719 3860 2806 fit
3899 2720 4234 2796 Dominus,

2299 2805 2599 2890 quoniam
2662 2825 2783 2872 non
2847 2807 2934 2872 sit
2992 2795 3228 2872 similis
3287 2805 3391 2870 illi
3454 2807 3527 2870 in
3588 2806 3759 2870 omni
3808 2806 4064 2888 populo.
4152 2805 4233 2870 In

2298 2889 2536 2976 quibus
2576 2894 2810 2956 iterum
2853 2890 3260 2958 observanda
3295 2889 3629 2957 Samuelis
3663 2889 3997 2969 modestia,
4044 2912 4114 2956 se
4159 2913 4237 2956 ea

2299 2979 2617 3063 dignitate
2673 2998 2863 3059 quam
2925 2977 3107 3059 prius
3147 2976 3519 3060 obtinuerat
3562 2985 3795 3061 sponte
3838 2975 4232 3060 abdicantis5

2298 3076 2364 3130 et
2421 3083 2556 3127 non
2611 3063 2883 3128 moleste
2944 3063 3211 3129 ferentis
3279 3062 3546 3127 alterius
3604 3062 3879 3152 imperio
3943 3083 4014 3127 se
4081 3060 4231 3128 sub-

2298 3149 2506 3226 mitti;
2580 3169 2780 3231 quum
2852 3162 3045 3213 antea
3114 3147 3529 3213 dominatum
3601 3147 3669 3212 in
3745 3147 4061 3235 populum
4120 3148 4233 3213 ob·

2300 3234 2627 3313 tinuisset,
2694 3244 2761 3299 et
2827 3255 3031 3300 unum
3092 3255 3173 3299 ex
3220 3233 3507 3318 corporis
3553 3230 3861 3298 membris
3906 3233 4070 3314 fieri,
4124 3236 4232 3317 qui

2292 3330 2494 3406 ‘caput
2552 3330 2703 3384 ante
2762 3318 2997 3385 fuerat.
3085 3319 3287 3394 Haec,
3344 3320 3613 3402 inquam
3694 3315 3992 3394 mutatio,
4038 3338 4232 3402 quam

2298 3428 2438 3473 esse
2476 3426 2515 3469 a
2559 3405 2844 3470 Domino
2888 3406 3172 3489 agnovit,
3222 3426 3354 3469 non
3391 3405 3515 3469 fuit
3550 3403 3596 3468 il
3626 3403 3645 3468 i
3681 3404 3976 3480 molesta,
4023 3424 4235 3488 neque

2298 3491 2543 3578 gravis.
2629 3489 2803 3554 Nam
2872 3512 3093 3574 regem
3162 3490 3270 3556 hic
3339 3509 3735 3573 magnopere
3798 3491 4231 3569 commendat,

2297 3587 2363 3643 et
2405 3597 2553 3642 eum
2600 3576 2902 3641 omnibus
2948 3577 3179 3640 honori
3226 3593 3365 3641 esse
3410 3575 3573 3652 vult,
3621 3583 3818 3657 atque
3861 3576 4021 3643 adeo
4058 3577 4233 3644 notis

2298 3660 2686 3747 quibusdam
2769 3660 2955 3725 illum
3039 3662 3366 3745 insignem
3441 3681 3585 3726 esse
3649 3662 3868 3727 Deum
3946 3662 4236 3728 voluisse

2296 3751 2504 3822 docet,
2584 3756 2657 3811 ut
2724 3767 2763 3810 a
2826 3745 3102 3813 subditis
3168 3748 3238 3811 in
3305 3747 3554 3812 maiore
3620 3748 3827 3829 pretio
3894 3748 4230 3816 habeatur.

2296 3832 2602 3917 Corporis
2679 3831 2902 3914 itaque
2974 3842 3291 3898 staturam
3372 3832 3554 3900 iubet
3615 3832 3758 3898 illos
3826 3833 4089 3916 intueri,
4169 3847 4238 3899 et

2296 3935 2646 4005 agnoscere
2689 3914 2905 3983 Deum
2951 3917 3050 3983 illi
3095 3919 3392 3994 formam,
3453 3927 3517 3981 et
3559 3919 3860 4004 speciem,
3922 3933 3987 3984 et
4032 3929 4236 3985 statu-

2295 4028 2434 4074 ram
2494 4004 2856 4153 appositam
2915 4002 2995 4067 ad
3058 4004 3446 4089 dignitatem
3492 4023 3625 4068 non
3671 4001 3912 4071 frustra
3956 4005 4230 4080 dedisse,

2293 4092 2406 4159 sed
2452 4089 2534 4155 ad
2624 4109 2745 4155 anc
2790 4089 3176 4173 dignitatem
3214 4090 3344 4154 iam
3383 4111 3420 4154 a
3456 4090 3783 4157 natalibus
3819 4089 4228 4175 disposuisse.

2291 4178 2463 4244 Nam
2508 4197 2735 4240 omnes
2782 4177 2936 4242 totis
2980 4176 3272 4242 humeris
3325 4177 3872 4259 supereminebat.
3963 4174 4229 4241 Samuel

2295 4266 2511 4347 itaque
2571 4261 2783 4344 palam
2840 4262 3185 4343 profitetur
3239 4283 3309 4327 se
3355 4283 3566 4345 neque
3611 4262 3812 4327 ullam
3858 4261 3959 4325 sui
4003 4281 4226 4326 curam

2293 4348 2550 4426 habere,
2608 4367 2818 4430 neque
2876 4348 2972 4412 illi
3019 4367 3211 4430 quem
3257 4347 3441 4412 Deus
3499 4346 3620 4413 hoc
3664 4346 3909 4411 honore
3951 4365 4222 4412 ornave-

2293 4446 2414 4511 rat,
2477 4445 2544 4498 et
2602 4434 2708 4515 qui
2753 4433 2823 4496 in
2869 4432 3083 4497 locum
3130 4455 3322 4499 suum
3367 4433 3853 4516 surrogabatur,
3912 4432 4225 4498 invidere.

2291 4520 2430 4586 Nos
2490 4539 2646 4583 vero
2706 4528 2963 4582 tantum
3032 4518 3369 4603 exemplar
3433 4519 3784 4582 modestiae
3852 4516 4227 4583 studeamus

2291 4606 2551 4679 imitari,
2615 4624 2848 4687 nempe
2894 4615 2985 4688 ut,
3043 4602 3188 4670 Deo
3234 4625 3355 4670 nos
3398 4626 3479 4670 ex
3525 4603 3656 4668 alto
3699 4602 3971 4686 quodam
4019 4603 4225 4688 gradu

2288 4693 2358 4759 in
2439 4690 2948 4757 abiectissimum
3030 4702 3094 4754 et
3178 4690 3805 4772 contemptissimum
3865 4687 4224 4770 deiiciente,

2289 4778 2622 4844 moderate
2682 4793 2750 4840 et
2809 4777 3130 4860 patienter
3190 4776 3613 4840 mutationem
3674 4775 3852 4838 illam
3899 4774 4225 4839 feramus:

2290 4886 2364 4930 ac
2427 4863 2581 4929 licet
2646 4861 2813 4928 viles
2877 4871 2946 4927 et
3007 4861 3262 4938 abiecti,
3322 4871 3536 4924 tamen
3598 4862 3666 4924 in
3725 4859 3931 4943 ipsius
3990 4863 4224 4926 timore

2288 4970 2546 5032 semper
2602 4949 3012 5012 incedamus:
3067 4967 3140 5012 ac
3198 4944 3277 5010 de
3344 4946 3545 5028 ipsius
3604 4966 3759 5030 erga
3820 4966 3939 5010 nos
4003 4967 4225 5011 amore

2288 5050 2463 5100 certo
2510 5035 2821 5117 persuasi,
2867 5045 2933 5097 et
2977 5032 3047 5097 in
3092 5033 3230 5096 eius
3274 5030 3554 5095 filiorum
3602 5052 3872 5096 numero
3915 5054 4035 5098 nos
4078 5047 4228 5099 cen-

2288 5123 2436 5199 seri,
2484 5122 2552 5185 in
2599 5141 2673 5184 eo
2717 5118 3267 5201 conquiescamus.
3339 5117 3440 5181 Ac
3486 5118 3756 5199 proinde
3800 5117 3852 5183 si
3901 5117 4223 5196 deiecerit,

2288 5219 2353 5276 et
2409 5210 2478 5273 in
2537 5207 2850 5272 abiectam
2908 5205 3189 5288 aliquam
3245 5202 3675 5269 conditionem
3739 5200 4081 5291 redegerit,
4158 5205 4224 5270 id
