5059 6059
804 291 934 360 427

809 490 932 558 tes,
977 493 1042 545 et
1088 480 1450 546 humanum
1494 480 1886 560 sanguinem
1929 477 2249 544 sitientes,
2302 475 2534 561 Neque
2579 476 2758 544 enim

811 577 949 634 tam
985 564 1197 630 multa
1237 572 1497 647 poterat
1530 563 1668 628 suis
1714 563 1815 630 lar
1864 563 1962 641 ‘ri,
2009 577 2077 630 et
2116 562 2498 629 satellitium
2539 583 2759 630 remu·

810 651 1032 719 nerari
1066 651 1220 733 quin
1257 647 1575 734 populum
1598 650 1809 732 comp’
1881 648 2165 715 tionibus
2188 660 2254 713 et
2278 647 2531 732 rapinis
2564 649 2760 716 obru-

809 749 980 806 eret:
1028 757 1230 820 quum
1275 747 1498 802 tamen
1541 735 1725 821 regia
1761 735 2049 820 dignitas
2087 755 2285 802 suum
2328 735 2569 817 cuique
2611 754 2762 801 con-

808 844 1073 892 servare
1118 822 1370 892 debeat.

980 909 1233 974 Verum
1278 907 1652 992 principum
1696 918 1762 973 et
1801 928 2034 991 regum
2080 916 2494 972 terrenorum
2537 926 2616 976 ca
2658 912 2763 972 est

808 996 1104 1070 caecitas,
1159 1002 1235 1059 ut
1277 992 1400 1060 sibi
1458 993 1650 1060 licere
1690 994 1913 1060 omnia
1969 992 2405 1060 arbitrentur:
2462 1004 2529 1058 et
2570 1012 2761 1058 suam

810 1081 1219 1148 voluntatem
1264 1098 1382 1162 pro
1426 1078 1572 1164 lege
1616 1077 2008 1160 habendam,
2065 1080 2171 1146 cui
2223 1099 2455 1144 omnes
2495 1076 2760 1143 subiici·

809 1175 1029 1245 antur,
1072 1165 1469 1232 existiment.
1524 1165 1688 1246 Nae,
1730 1164 1790 1231 si
1833 1186 1967 1230 non
2011 1177 2230 1231 essent
2273 1185 2507 1231 sensus
2547 1164 2763 1228 omnis

809 1260 1132 1338 expertes,
1177 1273 1365 1317 suam
1405 1252 1606 1320 vitam
1649 1261 1717 1316 et
1760 1259 2008 1317 statum
2043 1251 2376 1316 intuentes
2411 1250 2610 1334 primi
2641 1267 2760 1314 suo

810 1361 880 1408 se
925 1338 1237 1421 suffragio
1281 1336 1820 1404 condemnarent.
1879 1336 2051 1402 Nam
2093 1337 2504 1421 privatorum
2548 1333 2761 1399 homi-

809 1446 973 1494 num
1017 1423 1374 1507 tolerabilis
1417 1433 1519 1488 est
1563 1421 1869 1503 conditio,
1913 1423 2025 1506 qui
2068 1422 2263 1490 rebus
2301 1422 2439 1488 suis
2472 1419 2763 1486 contenti

809 1522 1078 1577 tenuem
1125 1508 1334 1576 vitam
1379 1508 1649 1593 degunt.
1708 1508 1804 1574 At
1845 1507 2131 1575 divitum
2174 1507 2373 1591 longe
2415 1507 2565 1586 alia,
2609 1507 2764 1573 licet

810 1599 868 1663 si
913 1603 1267 1680 quaeratur
1313 1596 1505 1673 bona,
1552 1616 1635 1659 ne
1674 1595 2041 1660 vicinorum
2086 1595 2345 1677 possint
2386 1593 2762 1676 compilare,

810 1696 877 1750 et
931 1702 1049 1764 pro
1109 1680 1446 1747 voluntate
1506 1679 1656 1746 aliis
1710 1679 2121 1756 distribuere,
2181 1681 2406 1747 statim
2465 1679 2760 1745 omnium

809 1767 1125 1853 suffragio
1169 1766 1708 1832 condemnentur.
1752 1764 2009 1834 Verum
2045 1775 2268 1831 tamen
2309 1765 2641 1850 principes
2685 1785 2761 1829 ac

743 1853 754 1862 “
802 1876 991 1940 reges
1035 1874 1159 1920 sua
1214 1852 1564 1920 autoritate
1622 1861 1688 1919 et
1731 1851 2051 1936 dignitate
2110 1851 2194 1917 ad
2237 1850 2563 1917 bonorum
2607 1850 2763 1915 alie-

805 1961 1046 2010 norum
1098 1938 1536 2021 direptionem
1597 1937 1977 2018 abutuntur,
2039 1946 2106 2003 et
2169 1937 2525 2004 discrimen
2570 1936 2761 2019 aequi

805 2026 1091 2109 bonique
1131 2023 1467 2091 sublatum
1512 2033 1751 2108 putant
1792 2044 1913 2091 sua
1955 2022 2244 2089 libidine.
2291 2021 2368 2090 Si
2413 2042 2608 2105 quem
2644 2023 2764 2105 igi·

808 2124 918 2180 tur
961 2114 1380 2179 innocentem
1426 2110 1894 2194 oppresserint,
1947 2110 2198 2176 factum
2243 2109 2505 2175 silentio
2551 2108 2761 2191 premi

806 2198 1057 2267 volunt.
1143 2197 1448 2263 Profecto
1491 2197 1586 2264 sic
1630 2197 1845 2263 solent
1888 2196 2087 2262 huius
2135 2195 2367 2263 mundi
2413 2195 2760 2278 principes,

807 2284 925 2352 sed
969 2305 1078 2350 eos
1121 2284 1464 2365 oportebat
1516 2282 1894 2349 meminisse
1951 2303 2179 2348 eorum
2233 2302 2399 2365 quae
2441 2280 2763 2365 propheta

807 2370 1069 2437 Psalmo
1130 2369 1214 2435 82
1274 2368 1356 2436 de
1405 2368 1699 2453 ipsorum
1761 2367 2128 2434 conditione
2193 2375 2549 2433 memorat:
2619 2365 2760 2444 Vos,

808 2456 1054 2539 inquit:
1101 2454 1439 2536 Principes
1478 2454 1857 2534 moriemini,
1900 2458 1957 2519 et
1998 2459 2299 2537 tanquam
2331 2472 2503 2518 umus
2529 2474 2563 2518 e
2584 2450 2765 2535 plebe

811 2543 1069 2612 cadetis.
1157 2538 1293 2608 Sed
1349 2547 1692 2624 praeterea
1745 2541 2065 2624 propheta
2124 2539 2315 2607 docet
2352 2559 2432 2605 eo
2468 2538 2760 2617 Psalmo,

812 2629 1033 2694 Deum
1092 2626 1318 2692 sedere
1375 2626 1447 2691 in
1506 2624 1722 2692 medio
1779 2626 2170 2710 principum,
2228 2634 2298 2691 et
2349 2627 2524 2691 inter
2587 2625 2763 2707 ipsos

810 2712 1213 2797 praesidere:
1272 2712 1453 2778 etin
1496 2713 1782 2778 rationes
1838 2734 1994 2778 suas
2039 2712 2265 2779 omnia
2317 2712 2609 2795 ipsorum
2654 2730 2693 2774 o

811 2798 1074 2883 probria
1129 2809 1196 2865 et
1238 2798 1673 2865 contumelias
1714 2800 1783 2862 in
1827 2798 2085 2880 plebem
2145 2798 2410 2863 referre.
2497 2795 2637 2863 Sed
2727 2816 2763 2860 e

810 2885 958 2952 istis
1013 2886 1191 2969 ipsos
1248 2904 1387 2948 non
1445 2883 1733 2967 cogitare
1794 2883 1968 2950 dicit.
2056 2882 2503 2964 Quamobrem
2562 2879 2760 2949 vero?

809 2971 1065 3053 Nempe
1123 2969 1296 3053 qnod
1353 2978 1492 3034 tam
1543 2968 1912 3053 insignibus
1974 2969 2186 3036 titulis
2241 2968 2763 3046 denominentur,

809 3065 887 3123 ut
929 3056 1052 3124 filii
1077 3056 1204 3122 Dei
1248 3063 1734 3139 nuncupentur,
1776 3064 1843 3120 et
1884 3054 2093 3140 ipsius
2135 3056 2209 3120 in
2251 3055 2397 3122 istis
2436 3054 2634 3120 terris
2669 3053 2764 3120 le-

809 3144 968 3228 gati,
1011 3141 1288 3225 ideoque
1331 3162 1403 3207 se
1444 3149 1783 3210 creaturas
1820 3141 2126 3208 mortales
2155 3161 2291 3207 non
2319 3139 2763 3220 recordentur,

809 3238 878 3296 et
919 3248 1077 3296 suae
1119 3227 1496 3313 fragilitatis
1533 3227 1668 3294 sint
1702 3227 2152 3305 immemores3
2198 3249 2275 3294 ao
2310 3225 2583 3311 proinde
2613 3225 2763 3291 nul-

809 3315 895 3382 lis
938 3335 1009 3383 se
1050 3313 1310 3399 legibus
1353 3312 1606 3393 subiici,
1652 3334 1864 3396 neque
1903 3313 2114 3379 teneri
2158 3312 2577 3379 arbitrentur.
2639 3311 2763 3377 At-

811 3402 926 3484 qui
967 3400 1286 3484 propheta
1328 3400 1609 3466 istorum
1642 3398 1990 3465 hominum
2018 3399 2291 3464 stultam
2320 3398 2764 3482 arrogantiam

811 3486 1045 3554 irridet
1088 3506 1293 3569 quum
1339 3486 1462 3553 ait:
1537 3485 1660 3551 Vos
1701 3485 2121 3552 nihilominus
2161 3486 2371 3551 instar
2411 3484 2691 3549 alicuius
2734 3504 2767 3548 e

805 3573 987 3655 vtdyo
1028 3572 1408 3652 moriemini,
1468 3577 1526 3638 et
1576 3571 1715 3638 licet
1754 3572 2086 3654 principes
2127 3576 2332 3637 tamen
2374 3569 2522 3636 olim
2570 3571 2769 3654 fado-

806 3671 956 3724 rnm
1002 3659 1308 3723 rationem
1372 3658 1748 3740 imperatori
1810 3677 2055 3723 summo
2118 3658 2375 3724 reddere
2439 3656 2763 3739 cogemini.

811 3742 1110 3812 Mundus
1146 3743 1321 3807 enim
1356 3744 1484 3810 iste
1517 3752 1777 3809 tantum
1806 3754 1908 3811 est
1938 3742 2259 3827 quaedam
2304 3742 2763 3828 peregrinatio,

812 3838 883 3896 et
927 3828 1095 3894 nihil
1140 3828 1224 3894 ad
1250 3830 1454 3895 vitam
1492 3828 1839 3896 coelestem
1862 3830 2194 3897 terrestris
2235 3830 2534 3914 potentia
2554 3829 2763 3894 iuvat.

812 3914 1263 3998 Quamobrem
1309 3915 1421 3998 qui
1446 3913 1528 3980 ad
1554 3914 1876 3981 honorum
1899 3924 1967 3980 et
1990 3914 2388 3999 dignitatum
2422 3913 2763 3998 fastigium

811 4001 1024 4069 evecti
1081 4010 1257 4080 sunt,
1317 4000 1608 4082 cogitent
1665 4021 1736 4065 se
1793 4023 1833 4066 a
1888 4000 2033 4067 Deo
2095 4010 2357 4068 vocatos
2417 4009 2493 4065 ut
2551 3999 2765 4066 officio

810 4108 930 4168 suo
986 4086 1354 4170 fungantur
1411 4107 1570 4170 erga
1628 4087 1922 4170 populos,
1990 4085 2228 4170 quibus
2285 4108 2325 4153 a
2380 4086 2529 4152 Deo
2574 4107 2763 4170 prae-

811 4174 962 4240 fecti
1020 4181 1194 4253 sunt,
1252 4182 1322 4238 et
1378 4194 1512 4237 non
1567 4173 1902 4239 ordinatos
1956 4194 1995 4237 a
2050 4172 2193 4239 Deo
2247 4173 2656 4257 principatus
2699 4179 2766 4237 et

814 4259 1291 4325 dominationes
1335 4270 1412 4324 ut
1454 4259 1699 4341 paucis,
1756 4257 1872 4325 sed
1915 4268 1990 4324 ut
2028 4260 2329 4324 omnibus
2361 4258 2764 4336 consulatur,

810 4346 1051 4430 populo
1097 4345 1412 4410 nimirum
1436 4365 1569 4409 non
1613 4345 1769 4411 solis
1791 4344 2040 4410 aulicis.
2084 4345 2271 4411 Haec
2301 4345 2507 4428 igitur
2529 4365 2763 4427 regum

813 4440 880 4498 e't
921 4433 1293 4514 principum
1337 4430 1573 4500 studia.
1600 4438 1814 4497 sunto.
1861 4432 1955 4494 At
1984 4431 2041 4496 si
2078 4430 2487 4513 principibus
2518 4439 2584 4495 et
2629 4430 2760 4514 pri-

812 4518 1062 4583 mariae
1108 4516 1449 4600 dignitatis
1493 4516 1677 4592 viris,
1737 4535 2019 4597 quorum
2075 4515 2271 4600 longe
2313 4517 2572 4599 lateque
2617 4536 2765 4599 pro-

816 4603 1110 4669 tenditur
1154 4603 1524 4686 imperium,
1550 4600 1735 4667 Deus
1776 4604 2005 4684 parcit,
2051 4601 2205 4685 quid
2235 4602 2606 4667 minoribus
2631 4623 2765 4667 ma-

815 4687 1202 4772 gistratibus
1245 4690 1355 4769 qui
1400 4697 1558 4754 sunt
1607 4689 1674 4753 in
1718 4687 2032 4753 mediocri
2076 4697 2258 4754 statu
2303 4690 2602 4754 futurum
2645 4709 2765 4770 pu-

813 4772 1078 4839 tamus?
1151 4777 1258 4837 An
1303 4773 1565 4855 speciali
1625 4773 1841 4856 aliquo
1897 4794 2056 4855 prae
2100 4774 2368 4858 reliquis
2421 4774 2766 4857 privilegio

813 4858 1164 4928 fruentur?
1228 4857 1403 4925 Sane
1464 4880 1627 4942 quos
1672 4860 1857 4927 Deus
1907 4860 1977 4925 in
2038 4860 2350 4926 mediocri
2403 4869 2580 4925 statu
2623 4881 2766 4927 esse

814 4947 991 5021 vult,
1056 4967 1412 5030 agnoscere
1479 4945 1751 5027 debent,
1818 4967 2074 5012 summo
2124 4947 2413 5029 ipsorum
2470 4945 2644 5011 bono
2700 4955 2770 5012 et

813 5032 1151 5098 commodo
1197 5033 1361 5097 fieri.
1407 5032 1657 5098 Multos
1692 5031 1867 5097 enim
1896 5032 2163 5098 ambitio
2186 5034 2279 5098 sic
2324 5044 2647 5116 excaecat,
2694 5041 2766 5099 ut

813 5139 886 5184 se
930 5119 1267 5201 patiantur
1313 5119 1530 5202 potius
1572 5117 1833 5184 tributis
1879 5125 1946 5183 et
1977 5118 2424 5201 vectigalibus,
2468 5139 2542 5185 ac
2587 5120 2767 5185 omni

814 5204 1167 5288 tyrannide
1225 5205 1474 5288 premi,
1551 5204 1739 5270 modo
1794 5204 2019 5290 magni
2076 5205 2353 5271 alicuius
2412 5206 2589 5289 regis
2649 5216 2765 5272 aut

2389 359 2398 368 ,
2425 286 2839 358 HOMILIA
2888 287 3176 360 LXXX.

4629 295 4724 366 428

2861 477 3278 561 imperatoris
3336 478 3587 543 nomini
3658 476 4121 556 subiiciantur,
4188 499 4382 560 quam
4440 480 4504 545 in
4550 482 4730 565 exigue

2863 563 3080 647 aliquo
3124 563 3194 630 in
3239 563 3525 648 speciem
3569 573 3744 629 statu
3790 563 4040 630 vivere.
4121 562 4273 644 Quo
4318 565 4473 630 vitio
4518 565 4731 635 Iudaeos

2861 649 2931 718 in
2966 649 3186 716 Deum
3227 649 3517 733 graviter
3563 670 3863 731 peccasse
3906 648 4228 729 videmus,
4272 651 4382 733 qui
4422 651 4559 717 licet
4592 673 4626 718 a
4658 675 4730 719 rc-

2861 736 3055 820 gibus
3099 736 3315 801 multa
3352 734 3520 800 dura
3563 745 3629 800 et
3665 735 3894 817 gravia
3932 735 4111 818 passi
4139 749 4376 814 essent,
4420 737 4547 819 imo
4572 749 4733 806 mmm

2863 821 3186 888 Ezechiae
3267 832 3563 904 tempore
3638 821 3994 904 cupiebant
4074 822 4143 886 in
4212 824 4643 904 protectionem
4689 837 4734 890 a

2863 906 3300 973 obedientiam
3344 907 3770 986 Assyriorum
3829 908 4076 986 venire,
4135 907 4308 991 quod
4352 909 4616 992 ipsorum
4648 909 4733 976 im·

2863 993 3122 1077 perium
3181 992 3378 1076 longe
3434 992 3697 1075 lateque
3754 1013 4059 1078 sparsum
4119 994 4363 1058 famam
4405 996 4656 1076 ipsorum
4686 996 4736 1064 ia

2864 1079 3256 1163 longinquas
3301 1078 3601 1162 regiones
3643 1078 4064 1163 propagabat.
4151 1078 4287 1146 Sed
4329 1081 4601 1163 graviter
4631 1080 4737 1146 illos

2864 1163 3049 1230 Deus
3111 1185 3233 1248 per
3286 1164 3675 1247 prophetam
3730 1165 4170 1249 reprehendit,
4231 1186 4433 1249 quum
4487 1165 4597 1230 ait:
4654 1165 4740 1232 Vos

2864 1271 2991 1316 non
3023 1251 3173 1317 estis
3214 1251 3481 1316 contenti
3522 1250 3727 1317 rivulo
3770 1249 3959 1336 Siloe,
4004 1250 4134 1316 fuit
4166 1255 4343 1317 enim
4388 1252 4511 1317 iste
4549 1250 4741 1317 rivulus

2866 1335 3344 1419 lerosolymam
3401 1338 3892 1419 praeterfluens,
3952 1344 4013 1404 et
4069 1338 4335 1419 rapidos
4367 1338 4586 1417 fluvios
4621 1343 4744 1420 opta-

2865 1423 2971 1502 tis,
3018 1422 3128 1486 sed
3184 1424 3256 1487 in
3312 1421 3541 1505 quibus
3595 1422 3849 1488 tandem
3903 1425 4267 1507 meryemini
4283 1448 4303 1488 .·
4360 1429 4417 1489 et
4463 1423 4745 1506 profundos

2862 1509 3143 1592 quryites
3163 1509 3597 1590 experiemini,
3643 1528 3841 1590 quum
3862 1508 3940 1574 ab
3984 1510 4149 1592 ipsis
4176 1509 4539 1575 obnwmdni.
4576 1507 4745 1588 Quare

2869 1593 3200 1659 discamus
3266 1614 3470 1677 quum
3537 1615 3659 1659 nos
3715 1593 3902 1659 Deus
3970 1617 4102 1660 non
4147 1597 4298 1660 vult
4352 1596 4498 1661 istis
4549 1594 4747 1677 magnis

2865 1679 3267 1745 monarchiis
3322 1681 3484 1764 regi,
3543 1681 3659 1746 sed
3715 1680 3786 1744 in
3831 1700 4038 1763 parvo
4090 1682 4308 1764 aliquo
4353 1690 4531 1748 statu
4564 1681 4749 1758 vivero,

2866 1765 3058 1831 nobis
3113 1766 3333 1848 ipsum
3391 1784 3698 1849 parcere:
3771 1766 3942 1849 quod
4004 1767 4212 1833 nost'ri
4266 1767 4665 1844 misereatur,
4705 1779 4751 1834 ct

2864 1851 2937 1915 in
2982 1871 3152 1934 aqua
3193 1851 3440 1917 leniore
3485 1859 3797 1935 tanquam
3856 1861 4081 1917 mento
4124 1852 4433 1920 sublevet
4485 1865 4558 1918 ut
4592 1865 4751 1918 enate-

2864 1957 3045 2002 mus:
3092 1938 3278 2020 eique
3323 1936 3404 2003 de
3448 1945 3631 2003 tanto
3676 1938 3988 2004 beneficio
4031 1938 4284 2023 gratias
4317 1960 4601 2023 agamus,
4629 1949 4752 2004 etut

2863 2022 3030 2087 illud
3074 2031 3436 2106 perpetuet,
3482 2024 3782 2106 precibus
3824 2024 4273 2091 sollicitemus.

3037 2108 3390 2174 Caeterum
3434 2108 3700 2192 longius
3746 2110 3909 2176 haec
3931 2111 4230 2178 doctrina
4261 2121 4368 2176 est
4406 2110 4489 2176 ad
4516 2121 4754 2176 nostrum

2864 2215 3059 2260 usum
3106 2196 3512 2277 proferenda,
3570 2217 3809 2279 nempe
3853 2197 3999 2263 Deo
4058 2218 4178 2262 nos
4236 2198 4320 2263 ad
4368 2195 4615 2280 aliquod
4649 2215 4754 2260 mu-

2866 2301 2992 2347 nus
3039 2291 3334 2361 vocante,
3395 2302 3527 2347 non
3585 2283 4065 2367 respiciendum
4125 2304 4293 2366 quae
4336 2302 4583 2349 merces
4619 2279 4756 2348 notis

2868 2367 3288 2450 rependenda
3346 2368 3450 2446 sit,
3512 2366 3627 2433 sed
3684 2368 3985 2435 alacriter
4045 2369 4268 2434 Deum
4329 2379 4653 2436 vocantem
4686 2387 4756 2432 se-

2866 2453 3221 2537 quendum.
3266 2453 3438 2518 Nam
3482 2453 3608 2518 etsi
3649 2454 4037 2520 mercenarii
4078 2475 4199 2521 sua
4241 2454 4424 2521 facta
4466 2454 4757 2539 proferent,

2868 2550 2936 2603 et
2979 2559 3064 2604 ex
3106 2538 3244 2605 illis
3287 2538 3569 2624 gloriam
3612 2549 3947 2622 quaerent,
4014 2561 4150 2606 non
4192 2549 4422 2607 tamen
4469 2542 4601 2606 Deo
4634 2537 4757 2624 grati

2868 2632 2937 2689 et
2995 2627 3243 2708 accepti
3303 2636 3518 2691 erunt.
3609 2624 3790 2692 Sane
3844 2626 4203 2692 multorum
4260 2627 4599 2711 diligentia
4648 2633 4757 2689 non

2869 2720 2987 2788 est,
3047 2719 3117 2777 et
3158 2713 3295 2776 noti
3335 2711 3595 2779 labores
3649 2712 3722 2777 in
3764 2732 3884 2778 suo
3926 2734 4236 2779 munere:
4299 2714 4424 2781 sed
4477 2733 4648 2797 quem
4682 2707 4757 2774 ob·

2869 2816 3051 2862 secro
3094 2795 3394 2862 laborum
3439 2798 3643 2863 finem
3686 2797 3810 2865 sibi
3855 2797 4286 2882 proponunt?
4338 2800 4601 2882 Nempe,
4638 2795 4757 2860 divi·

2869 2883 3117 2948 tiarum
3171 2892 3237 2947 et
3295 2884 3682 2949 facultatum
3728 2906 4061 2951 summam
4101 2884 4594 2952 abundantiam.
4665 2879 4759 2949 Sed

2869 2969 2984 3035 ubi
3026 2966 3317 3049 ambitio,
3372 2968 3487 3035 ubi
3528 2969 3808 3035 avaritia
3849 2992 4088 3054 scopus
4130 2979 4231 3037 est
4294 2971 4620 3037 laboribus
4652 2986 4759 3051 pro-

2868 3055 3142 3139 positus,
3185 3054 3350 3120 nihil
3397 3064 3595 3134 recte,
3641 3055 3806 3121 nihil
3849 3058 4103 3123 sincere
4146 3058 4299 3123 fieri
4343 3067 4578 3141 potest.
4622 3053 4761 3121 Etsi

2868 3162 3035 3223 quae
3078 3152 3235 3206 sunt
3278 3142 3578 3219 virtutes,
3637 3141 3782 3208 istis
3825 3151 4048 3208 tamen
4093 3141 4281 3209 vitiis
4325 3146 4689 3221 obruuntur,
4715 3149 4761 3203 et

2868 3227 3015 3292 Deo
3058 3237 3217 3292 sunt
3259 3226 3749 3294 abominationi.
3796 3227 3977 3309 Quid
4022 3229 4227 3313 igitur
4270 3231 4453 3297 facto
4484 3240 4578 3296 eet
4606 3221 4758 3311 epm?

2869 3314 3086 3378 Deum
3128 3321 3472 3380 vocantem
3506 3312 3809 3380 alacriter
3843 3334 4220 3397 sequamur,
4263 3315 4645 3398 fidelemque
4674 3308 4763 3394 ipsi

2866 3419 3132 3482 operam
3177 3408 3602 3484 praestemus,
3654 3420 3806 3465 eum
3850 3408 4167 3483 tanquam
4210 3402 4336 3467 filii
4383 3410 4622 3485 patrem
4655 3395 4761 3462 imi-

2866 3496 3104 3563 tantes,
3150 3482 3676 3568 quandoquidem
3718 3507 3840 3551 nos
3883 3486 4011 3551 sibi
4058 3486 4203 3553 fieri
4238 3488 4395 3554 vult
4438 3486 4760 3557 conformes,

2865 3579 2934 3637 et
2976 3578 3292 3653 tanquam
3336 3572 3544 3654 ipsius
3583 3572 3752 3638 filios
3795 3571 4043 3638 imitari
4086 3574 4258 3640 facta
4302 3574 4535 3658 ipsius.
4576 3571 4760 3653 Quam·

2866 3657 3089 3723 obrem
3136 3677 3257 3723 nos
3299 3655 3382 3721 ad
3428 3658 3636 3740 ipsius
3692 3659 4078 3741 obsequium
4132 3659 4398 3743 placide
4442 3674 4761 3744 componere

2868 3741 3197 3821 debemus,
3239 3753 3308 3807 et
3351 3764 3741 3827 quacunque
3785 3743 4066 3825 duxerit,
4111 3753 4350 3828 sponte
4382 3748 4583 3829 sequi,
4616 3745 4761 3808 inso-

2865 3829 3000 3894 lam
3042 3829 3250 3913 ipsius
3294 3829 3699 3896 voluntatem
3743 3839 3811 3894 et
3865 3830 4198 3896 decretum
4254 3833 4519 3898 intenti.
4598 3836 4763 3911 Atque

2866 3915 2978 3981 ille
3024 3925 3246 3981 tamen
3294 3923 3556 3982 nostrae
3600 3915 3982 4001 fragilitatis
4024 3937 4302 4000 memor,
4346 3921 4544 3984 etiam
4582 3933 4759 4000 propo·

2866 4001 2997 4067 sita
3041 4001 3340 4068 mercede
3385 4023 3504 4068 nos
3549 4001 3817 4068 invitat:
3878 4013 3945 4068 et
4004 4024 4194 4069 sacra
4237 4006 4568 4088 scriptura
4604 3996 4761 4066 nomi·

2867 4088 3072 4153 natim
3120 4108 3238 4152 nos
3284 4087 3470 4154 docet
3513 4087 3736 4152 Deum
3781 4109 3913 4153 non
3957 4090 4027 4154 in
4069 4110 4327 4156 vanum
4365 4091 4509 4157 coli.
4566 4088 4689 4170 Qua
4712 4085 4757 4148 in

2868 4195 2940 4240 re
2982 4194 3241 4239 summa
3285 4173 3413 4238 Dei
3475 4173 3729 4240 bonitas
3787 4183 4079 4256 apparet,
4140 4188 4444 4244 nostram
4486 4173 4757 4242 infirmita·

2868 4268 3001 4325 tem
3056 4259 3243 4324 nobis
3298 4258 3753 4338 condonantis,
3826 4269 3895 4325 et
3961 4263 4305 4346 proposita
4376 4261 4655 4329 mercede
4699 4254 4759 4319 nd

2866 4366 3059 4411 suum
3100 4345 3352 4412 cultum
3394 4346 3763 4423 invitantis,
3811 4366 3976 4429 quos
4020 4349 4303 4414 nimium
4348 4349 4626 4433 alioquin
4653 4362 4756 4427 teg·

2867 4454 2982 4498 nes
3029 4441 3097 4496 et
3139 4431 3417 4515 ignavos
3457 4432 3594 4498 fore
3639 4454 3770 4497 non
3815 4432 4098 4517 ignorat.
4168 4433 4284 4502 Sic
4326 4436 4531 4518 igitur
4570 4454 4671 4499 nos
4701 4424 4757 4493 nd

2867 4538 2937 4583 se
2983 4515 3169 4582 Deus
3223 4517 3423 4582 etiam
3482 4518 3818 4601 proposita
3879 4520 4177 4586 mercede
4220 4520 4497 4603 pellicit:
4554 4516 4653 4585 sed
4686 4523 4755 4580 ta·

2867 4624 3018 4668 men
3064 4624 3260 4686 quam
3308 4625 3439 4668 non
3474 4604 3619 4671 vult
3664 4626 3808 4671 esse
3839 4625 4109 4688 scopum
4145 4616 4447 4672 nostrum
4489 4617 4553 4672 et
4590 4607 4756 4670 finem.

2867 4689 3041 4755 Nam
3086 4688 3260 4773 quod
3297 4689 3377 4756 ad
3426 4690 3791 4757 mercedem
3836 4691 4019 4758 illam
4064 4694 4319 4774 attinet,
4369 4714 4499 4757 non
4543 4691 4754 4755 debetur

2867 4775 3315 4842 laborantibus
3373 4777 3578 4843 donec
3633 4778 3704 4843 in
3764 4777 3968 4861 ipsius
4012 4778 4193 4843 cultu
4252 4800 4374 4861 per
4416 4778 4593 4846 varia
4627 4772 4755 4859 peri·

2867 4862 3018 4927 cula
3060 4871 3127 4926 et
3171 4863 3405 4929 mortis
3462 4864 3839 4929 discrimina
3893 4864 4325 4948 perrexerint,
4385 4874 4453 4929 et
4490 4865 4557 4928 in
4592 4858 4752 4925 medio

2868 4959 3336 5031 tempestatum
3385 4951 3586 5014 fluctu
3622 4961 3850 5015 contra
3879 4971 4063 5033 spem
4102 4951 4174 5015 in
4210 4952 4357 5035 ipso
4385 4947 4751 5032 speraverint.

2868 5036 3048 5101 Sane
3088 5036 3270 5102 Deus
3312 5034 3571 5118 quidem
3615 5035 3684 5099 in
3733 5036 3963 5101 timore
4006 5058 4124 5103 suo
4163 5048 4231 5102 et
4266 5035 4619 5103 obedientia
4650 5051 4749 5096 am·

2870 5122 3247 5188 bulantibus
3291 5121 3755 5205 promissiones
3814 5122 3985 5206 fecit,
4048 5144 4182 5189 non
4247 5135 4505 5188 tantum
4547 5119 4615 5185 de
4649 5131 4747 5181 vm

2869 5215 3136 5273 aeterna
3181 5208 3660 5291 consequenda,
3719 5205 3833 5272 sed
3893 5209 4091 5275 etiam
4146 5209 4229 5276 de
4275 5212 4413 5275 vita
4453 5217 4746 5292 praecem:
