5059 6059
866 339 993 404 415

2478 329 2887 397 HOMILIA
2929 328 3261 396 LXXIX.
4668 335 4750 402 416

1039 525 1354 607 Sequitur
1405 521 1727 605 deinceps,
1771 518 2088 586 Davidem
2133 524 2387 601 patrem
2444 524 2501 584 et
2552 523 2810 584 matrem
2911 519 3092 584 Deus
3137 518 3428 584 omnium
3475 518 3814 583 hominum
3860 518 4058 582 corda
4107 518 4173 582 in
4236 538 4433 582 manu
4474 516 4680 596 habeat,
4715 533 4759 587 et

867 611 1199 679 deduxisse
1258 610 1329 673 in
1383 608 1693 691 req-ionem

1746 605 1972 688 Moab,
2046 610 2102 670 et
2164 624 2418 688 royasse
2487 624 2688 687 reyem
2741 609 2813 668 ut
2912 605 3197 670 maxime
3241 605 3586 686 impiorum
3630 624 3800 686 quae
3843 624 3963 686 pro
4001 603 4270 669 arbitrio
4314 604 4530 678 flectit,
4569 604 4761 689 ideoque

866 700 1184 765 manerent
1223 693 1400 776 apud
1440 693 1615 776 ipsos
1669 692 1854 757 donec
1906 692 2134 758 scirent
2189 690 2342 771 quid
2395 690 2626 772 faceret
2684 690 2812 771 ipsi
2911 689 3252 772 pollicetur
3323 691 3501 754 Deus
3566 711 3637 755 se
3692 689 4077 755 effecturum
4099 739 4114 764 .
4197 698 4273 752 ut
4346 689 4606 772 populus
4653 713 4758 757 suun

866 783 1140 934 &geisa
1182 886 1371 949 quam
1419 863 1636 929 David
1697 884 1782 927 ex
1844 861 2132 927 adventu
2193 861 2398 944 patris
2457 871 2527 926 et
2577 861 2810 926 matris

866 956 941 1020 in
984 951 1317 1037 regionem
1344 948 1537 1015 Moab
1559 947 1824 1032 accepit.
1890 947 1953 1013 N
1957 967 2030 1012 ec
2070 947 2249 1012 enim
2274 946 2556 1012 habebat
2593 946 2806 1012 locum

867 1039 951 1106 ad
993 1039 1168 1124 ipsos
1214 1034 1693 1120 excipiendum,
1753 1045 1818 1097 et
1863 1033 2070 1098 tristis
2125 1040 2267 1097 erat
2322 1030 2638 1097 habitatio
2693 1030 2810 1096 illa

866 1125 937 1192 in
982 1123 1304 1208 spelunca,
1353 1131 1418 1185 et
1463 1121 1629 1185 fame
1672 1119 1868 1185 etiam
1914 1119 2072 1201 ipsis
2113 1117 2517 1202 pereundum
2562 1118 2809 1201 fuisset,

867 1211 997 1277 nisi
1040 1207 1426 1274 miraculoso
1466 1207 1639 1289 ipsos
1681 1204 1865 1271 Deus
1909 1204 2193 1269 aluisset.
2281 1201 2414 1270 Sed
2473 1214 2811 1288 praeterea

868 1318 1058 1363 senes
1100 1293 1245 1359 illos
1290 1293 1449 1358 haec
1471 1293 1606 1357 vita
1645 1311 1777 1355 non
1825 1289 2088 1356 decebat
2130 1297 2208 1354 ut
2228 1289 2560 1372 perpetuis
2585 1289 2810 1354 mortis

868 1379 1226 1448 terroribus
1282 1378 1724 1464 agitarentur:
1784 1374 2203 1460 quamobrem
2275 1374 2401 1439 alio
2458 1396 2497 1438 a
2554 1373 2811 1438 Davide

867 1468 1045 1551 ipsos
1089 1464 1317 1534 deduci
1361 1462 1666 1547 oportuit,
1710 1460 1822 1526 ubi
1867 1462 1935 1525 in
1983 1462 2114 1525 otio
2158 1459 2489 1541 degerent,
2552 1469 2617 1524 et
2660 1481 2810 1544 pro-

869 1553 978 1620 cul
1023 1574 1060 1616 a
1103 1550 1298 1616 tantis
1342 1546 1673 1615 laboribus
1717 1555 1780 1612 et
1814 1546 2146 1626 molestiis,
2189 1546 2577 1628 quibuscum
2602 1543 2808 1609 Davi-

870 1639 1014 1708 dem
1060 1635 1395 1720 oportebat
1436 1632 1693 1700 luctari.
1782 1631 2073 1698 Domum
2129 1630 2227 1696 illi
2286 1651 2473 1696 suam
2535 1639 2603 1695 et
2659 1650 2806 1713 pos-

868 1723 1190 1790 sessiones
1249 1720 1679 1803 reliquerant,
1749 1727 1814 1784 et
1886 1717 1968 1784 ad
2035 1717 2242 1782 filium
2302 1716 2372 1781 in
2429 1716 2805 1801 speluncam

869 1808 1048 1875 illam
1093 1817 1404 1888 tauquam
1464 1804 1545 1869 ad
1603 1803 1861 1888 asylum
1916 1813 2270 1869 venerant:
2331 1801 2443 1867 sed
2501 1802 2809 1885 quoniam

870 1893 1145 1976 singulis
1223 1892 1570 1956 momentis
1647 1889 2142 1973 exspectabatur
2206 1887 2429 1953 Saulis
2504 1888 2807 1972 impetus,

870 2000 1134 2046 necesse
1175 1978 1305 2043 fuit
1347 1978 1416 2041 in
1461 1975 1657 2042 aliam
1701 1975 2035 2059 regionem
2092 1972 2241 2039 illos
2284 1974 2366 2040 ab
2408 1975 2550 2058 ipso
2595 1984 2810 2039 trans-

866 2066 1042 2133 ferri.
1111 2062 1406 2128 Deduxit
1440 2061 1658 2144 itaque
1703 2061 1775 2125 in
1807 2059 2087 2143 Maspha
2130 2080 2293 2143 quae
2336 2069 2480 2125 erat
2521 2059 2810 2143 regionis

867 2150 1082 2218 Moab.
1171 2148 1350 2215 Sane
1407 2146 1736 2212 Moabitae
1793 2144 2262 2213 descenderant
2331 2146 2411 2211 ab
2465 2144 2808 2228 Israelitis,

870 2256 1150 2321 quorum
1192 2234 1427 2300 fratres
1469 2243 1689 2298 erant:
1735 2253 1812 2298 ac
1834 2229 2105 2315 proinde
2128 2253 2167 2295 a
2210 2230 2446 2313 quibus
2489 2229 2807 2295 auxilium

870 2328 1248 2405 exspectare
1292 2320 1362 2384 in
1407 2318 1603 2385 rebus
1646 2317 1941 2402 angustis
1985 2327 2305 2400 poterant.
2372 2314 2508 2381 Sed
2548 2337 2618 2381 se
2662 2336 2806 2398 per-

872 2418 1068 2491 petuo
1130 2426 1248 2490 pro
1312 2404 1612 2470 hostibus
1676 2413 2049 2488 gesserunt,
2131 2411 2207 2467 ut
2272 2401 2532 2467 tandem
2603 2401 2802 2466 etiam

868 2493 1088 2558 David
1147 2490 1461 2557 adversus
1517 2490 1691 2572 ipsos
1761 2488 2006 2555 bellum
2063 2508 2289 2573 gerere
2359 2498 2620 2553 coactus
2685 2487 2804 2551 sit:

869 2576 1043 2663 quod
1086 2597 1424 2659 nunquam
1446 2594 1793 2659 aggressus
1836 2583 2004 2641 esset
2047 2573 2175 2640 nisi
2219 2573 2508 2655 ipsorum
2552 2572 2805 2637 malitia

870 2672 1276 2749 provocatus,
1321 2670 1388 2727 et
1431 2660 1510 2726 de
1553 2658 1846 2727 hostibus
1888 2659 2025 2726 suis
2069 2659 2364 2743 loquens,
2420 2658 2578 2724 dicit
2622 2658 2804 2723 Moa-

867 2750 1036 2818 bitas
1079 2748 1282 2814 fuisse
1323 2767 1515 2813 suum
1559 2745 1946 2830 perfugium,
2002 2742 2117 2810 sed
2172 2744 2513 2828 perfidiose
2571 2743 2804 2808 adver·

870 2857 983 2902 sus
1031 2834 1153 2900 Dei
1199 2832 1510 2918 populum
1568 2832 1796 2916 egisse.
1884 2830 2189 2897 Fuerunt
2241 2850 2398 2915 ergo
2453 2829 2561 2894 isti
2619 2829 2802 2894 Moa-

869 2922 1044 2986 bitae
1099 2919 1448 2986 inhumani
1507 2917 1819 2983 adversus
1874 2916 2228 2993 Israelitas,
2295 2922 2362 2980 et
2417 2915 2804 2979 nominatim

874 3013 1024 3091 post
1067 3011 1344 3070 mortem
1391 3002 1684 3081 Davidis‚
1729 3023 1931 3085 quum
1976 3001 2241 3087 Assyrii
2285 3000 2592 3066 Iudaeam
2641 2999 2807 3063 bollo

871 3090 1400 3178 aggrederentur,
1444 3098 1506 3154 et
1552 3089 1634 3155 ad
1679 3088 2004 3155 Moabitas
2061 3087 2284 3153 miseri
2342 3086 2806 3169 confugissent,

872 3190 947 3245 ut
989 3175 1165 3262 apud
1209 3177 1383 3259 ipsos
1427 3174 1723 3253 laterent,
1782 3172 2020 3256 proditi
2080 3186 2235 3238 sunt
2288 3172 2368 3239 ab
2428 3172 2606 3256 ipsis.
2695 3170 2805 3236 Id-

873 3265 1043 3329 circo
1102 3261 1288 3327 Deus
1358 3281 1475 3343 per
1529 3260 1917 3344 prophetam
1994 3259 2074 3324 de
2129 3257 2438 3324 Moabitis
2497 3257 2805 3340 queritur.

875 3348 1168 3432 Populus
1212 3367 1415 3424 meus,
1459 3344 1691 3429 inquit,
1733 3344 2052 3429 fugitivus
2094 3352 2213 3423 est,
2257 3365 2295 3410 o
2331 3344 2549 3418 Moab,
2593 3343 2806 3409 locum

874 3435 1097 3518 itaque
1140 3433 1209 3498 in
1256 3431 1470 3497 medio
1515 3441 1587 3497 tu
1632 3429 1984 3498 concedere
2027 3430 2152 3514 ipsi
2210 3428 2506 3508 debebas,
2564 3427 2677 3494 sed
2735 3438 2806 3493 tu

876 3530 1101 3587 contra
1142 3517 1490 3585 crudeliter
1534 3517 1603 3581 in
1648 3516 1933 3583 hostium
1979 3537 2210 3582 manus
2266 3514 2614 3580 tradidisti.
2702 3515 2806 3579 Ex

878 3605 1113 3690 quibus
1178 3611 1449 3688 apparet
1516 3622 1668 3668 cum
1724 3602 1985 3686 quantis
2041 3600 2534 3667 difficultatibus
2586 3598 2807 3665 David

877 3692 1163 3756 luctatus
1207 3691 1308 3767 sit,
1366 3688 1446 3754 ad
1493 3688 1817 3754 Moabitas
1858 3687 2206 3772 confugere
2248 3697 2531 3770 coactus,
2590 3685 2810 3751 hostes

876 3773 1102 3863 populi
1145 3773 1379 3839 iudaici
1402 3774 1892 3856 capitalissimos
1916 3783 1982 3839 et
2002 3771 2588 3856 perfidiosissimos:
2638 3770 2810 3854 quod

877 3858 1368 3944 insurgentibus
1425 3859 1735 3926 adversus
1791 3859 2127 3926 Israelitas
2184 3859 2515 3938 inimicis,-
2564 3858 2812 3922 fuerint

879 3958 1188 4030 tanquam
1236 3945 1510 4010 venatici
1554 3964 1747 4011 canes
1791 3944 1872 4010 ad
1908 3945 2182 4010 miseros
2227 3946 2296 4008 in
2341 3942 2609 4009 occultis
2653 3943 2806 4008 locis

876 4034 1178 4110 latentes,
1238 4029 1756 4113 investigandos,
1816 4037 1884 4096 et
1940 4030 2023 4096 ad
2082 4030 2409 4096 lanienam
2469 4028 2807 4094 tahendos.

878 4117 1074 4203 Apud
1117 4118 1278 4182 istos
1324 4122 1542 4180 tamen
1588 4114 1808 4181 David
1851 4116 2020 4199 patri
2066 4126 2132 4181 et
2187 4116 2382 4181 matri
2439 4114 2806 4198 perfugium

878 4202 1223 4289 quaesivit.
1305 4199 1455 4281 Qua
1498 4200 1569 4264 in
1613 4222 1684 4266 re
1724 4201 2039 4285 singulari
2082 4200 2207 4266 Dei
2246 4201 2470 4267 favore
2514 4198 2807 4264 adiutum

877 4297 1164 4374 apparet,
1212 4288 1337 4353 etsi
1380 4286 1461 4351 ab
1506 4285 1527 4349 i
1574 4306 1643 4351 so
1687 4286 1903 4352 Deum
1947 4288 2342 4364 invocatum,
2399 4296 2474 4350 ut
2531 4285 2806 4369 gratiam

878 4372 1052 4459 apud
1104 4393 1325 4457 regem
1385 4372 1541 4436 Moa
1641 4371 1995 4453 inveniret,
2053 4393 2188 4438 non
2245 4373 2353 4438 hic
2403 4372 2810 4455 exprimitur,

878 4459 1047 4544 quod
1113 4472 1334 4525 tamen
1400 4467 1650 4523 certum
1715 4467 1816 4522 est
1879 4480 1964 4522 ex
2028 4458 2292 4524 Psalmo
2356 4477 2550 4540 quem
2616 4476 2813 4540 supra

880 4545 1246 4612 citavimus.
1345 4543 1573 4626 Neque
1642 4544 1818 4608 enim
1878 4545 2020 4609 sine
2075 4564 2270 4610 causa
2322 4542 2479 4610 dicit
2536 4561 2616 4608 eo
2673 4542 2812 4609 loco

878 4631 1123 4697 iustum
1178 4628 1458 4695 clamare
1517 4628 1599 4694 ad
1645 4628 2020 4708 Dominum,
2076 4639 2141 4695 et
2198 4629 2558 4695 Dominum
2614 4648 2812 4694 exau·

881 4717 1021 4782 dire
1063 4716 1301 4799 ipsum,
1361 4723 1427 4779 et
1471 4735 1553 4779 ex
1596 4714 1899 4780 omuibus
1943 4714 2466 4781 tribulationibus
2514 4712 2811 4779 liberare.

881 4802 1100 4883 Quare
1177 4798 1394 4864 David
1480 4820 1820 4882 nunquam
1908 4808 2091 4865 tanta
2174 4797 2662 4886 perturbatione
2740 4800 2812 4864 in

881 4886 1348 4953 afflictionibus
1392 4896 1460 4949 et
1501 4884 1979 4953 calamitatibus
2037 4894 2423 4953 excaecatus
2478 4892 2597 4962 est,
2656 4887 2810 4967 quin

883 4973 964 5038 ad
1024 4971 1237 5036 Deum
1298 4971 1636 5037 accesserit
1659 5022 1673 5049 ‚
1734 4980 1802 5037 et
1854 4972 2151 5056 precibus
2207 4971 2399 5036 illum
2457 4969 2814 5050 solicitarit,

884 5075 1230 5142 persuasus
1277 5055 1570 5123 divinum
1605 5058 1922 5123 auxilium
1958 5057 2081 5123 sibi
2118 5076 2449 5138 nunquam
2485 5054 2812 5140 denegan-

887 5142 1059 5208 dum.
1125 5141 1271 5207 Hac
1315 5140 1520 5225 igitur
1563 5142 1814 5208 ratione
1856 5143 2138 5228 gratiam
2181 5142 2328 5206 iniit
2371 5140 2543 5225 apud
2591 5162 2811 5225 regem

881 5226 1097 5306 Moab,
1141 5227 1438 5310 precibus
1486 5227 1796 5292 nimirum
1852 5228 2024 5313 apud
2072 5228 2303 5294 Deum.
2394 5227 2562 5293 Nam
2610 5248 2809 5311 quum

1154 779 1411 861 Quibus
1475 778 1691 844 verbis
1767 778 1977 860 magis
2042 775 2434 860 exprimitur
2499 776 2684 840 dolor
2744 784 2813 839 et
2909 777 3188 860 gratiam
3256 778 3427 858 apud
3492 775 3793 840 inimicos
3856 774 4190 852 inveniat,
4264 787 4442 839 certo
4509 775 4650 839 istud
4696 795 4761 844 est

2909 860 3461 941 constituendum,
3503 860 3721 925 Deum
3766 860 4058 925 effecisse
4100 860 4170 925 in
4229 859 4506 942 gratiam
4548 860 4761 938 Davidis,

2910 961 2987 1012 ut
3027 947 3488 1013 conciliaretur
3529 946 3658 1029 ipsi
3701 966 3821 1010 rex
3859 945 4322 1028 Moabitarum,
4365 967 4553 1028 quem
4591 949 4763 1033 alioqui

2909 1043 3161 1097 certum
3204 1041 3305 1098 est
3347 1033 3545 1098 fuisse
3589 1030 3915 1099 Davidem
3973 1031 4407 1114 repulsurum,
4466 1033 4565 1096 vel
4608 1037 4763 1118 potius

2908 1119 2978 1182 in
3060 1117 3347 1184 hostium
3426 1137 3666 1182 manus
3755 1116 4171 1183 traditurum.
4283 1115 4761 1199 Quemadmodum

2910 1203 3124 1269 solent
3200 1203 3528 1288 principes
3622 1203 3794 1287 apud
3874 1202 4039 1268 alios
4114 1202 4456 1268 hominum
4524 1209 4766 1290 sanguiue

2911 1310 3224 1372 quaerere
3268 1290 3609 1368 amicitias,
3657 1290 3759 1355 vel
3805 1307 4028 1371 pacem
4076 1287 4414 1367 redimere,
4476 1303 4537 1353 et
4584 1291 4765 1356 invete-

2914 1386 3090 1440 ratas
3154 1375 3531 1441 inimicitias
3585 1394 3848 1458 ponere.
3937 1373 4051 1441 Sic
4122 1373 4416 1439 videmus
4489 1373 4769 1442 Dominum

2912 1473 3209 1526 nostrum
3254 1461 3473 1526 Iesum
3519 1458 3857 1525 Christum
3901 1459 4103 1525 fuisse
4146 1461 4214 1523 in
4260 1460 4477 1524 Pilato
4519 1461 4594 1524 ad
4622 1462 4770 1531 Hero·

2913 1545 3060 1610 dem
3119 1548 3389 1612 missum
3410 1597 3425 1624 ,
3484 1557 3553 1611 et
3610 1544 3888 1611 ludibrio
3941 1545 4085 1611 eius
4143 1548 4532 1629 expositum,
4581 1557 4647 1612 ut
4690 1548 4770 1613 sibi

2912 1631 3243 1697 Herodem
3302 1631 3544 1697 iratum
3609 1631 3865 1696 Pilatus
3918 1630 4315 1696 conciliaret.
4403 1630 4585 1697 Idem
4628 1633 4772 1716 igitur

2912 1717 3158 1783 Davidi
3205 1718 3413 1799 potuit
3453 1718 3851 1800 contingere,
3908 1717 4034 1782 nisi
4078 1716 4262 1782 Deus
4314 1717 4693 1799 providisset,
4729 1735 4773 1784 ct

2911 1804 3085 1886 regis
3150 1802 3585 1869 Moabitarum
3652 1824 3763 1869 cor
3828 1804 4191 1869 inflexisset
4264 1802 4345 1867 ad
4404 1804 4773 1886 recipiendum

2912 1901 3166 1971 patrem
3209 1898 3275 1954 et
3318 1896 3595 1954 matrem
3639 1887 3933 1954 Davidis.

3080 1973 3303 2040 Verba
3375 1983 3593 2040 antem
3671 1974 3786 2037 illa
3851 1972 4127 2040 Davidis
4186 1974 4372 2040 donec
4438 1975 4625 2040 sciam
4673 1977 4778 2057 quid

2906 2061 3108 2141 faciat
3147 2059 3307 2125 mihi
3362 2059 3566 2140 Deua,
3623 2080 3752 2124 non
3811 2059 3904 2124 sic
3959 2057 4391 2142 intelligenda
4452 2070 4600 2125 sunt
4648 2065 4776 2143 quasi

2910 2144 3130 2209 David
3174 2146 3467 2211 incertus
3514 2157 3864 2230 vagaretur
3921 2154 3990 2209 et
4044 2144 4283 2210 dubius
4325 2145 4550 2211 animi.
4614 2146 4781 2229 Neque

2909 2233 3081 2296 enim
3132 2251 3419 2313 unquam
3464 2232 3701 2296 abiecit
3743 2230 3984 2294 factam
4030 2249 4069 2294 a
4111 2229 4259 2295 Deo
4303 2230 4435 2295 sibi
4479 2233 4777 2316 promioeio·

2910 2334 3130 2401 nem:‚
3166 2316 3281 2382 sed
3339 2339 3416 2381 ea
3465 2317 3674 2382 fretus
3731 2336 3960 2382 omnes
4015 2315 4439 2383 difficultates
4493 2317 4782 2400 superavit.

2911 2405 3010 2469 Ac
3055 2403 3208 2467 licet
3252 2403 3476 2468 multis
3519 2402 3821 2486 procellis
3881 2417 3947 2465 et
4004 2404 4507 2483 tempestatibus

2912 2490 3016 2568 sit,
3062 2508 3395 2570 nunquam
3441 2499 3658 2552 tamen
3720 2488 3935 2571 potuit
3991 2487 4072 2550 ab
4129 2487 4243 2552 illo
4283 2486 4686 2554 fundamento
4718 2487 4784 2552 di·

2911 2575 3171 2647 moveri,
3218 2573 3437 2639 Deum
3482 2594 3624 2639 esse
3670 2593 3989 2639 veracem.
4079 2574 4178 2639 Ac
4235 2573 4513 2656 proinde
4568 2575 4785 2656 quando·

2910 2659 3170 2744 quidem
3206 2660 3413 2741 ipsius
3455 2658 3747 2725 bonitate
3770 2660 4057 2743 gratuita
4075 2659 4286 2724 fuerat
4309 2680 4435 2723 rex
4459 2660 4785 2743 designatus,

2911 2747 3127 2812 Deum
3169 2747 3368 2809 etiam
3410 2744 3647 2827 reipsa
3671 2746 4263 2810 demonstraturum
4308 2767 4383 2811 se
4428 2744 4785 2824 defensorem,

2910 2845 2977 2896 et
3021 2830 3279 2895 nonnisi
3327 2851 3395 2894 re
3438 2832 3725 2913 perfecta
3767 2831 4266 2914 conquioturum
4326 2831 4453 2897 sibi
4513 2831 4783 2914 persuasit

2912 2916 3356 2981 Nihilominus
3401 2928 3620 2981 tamen
3669 2916 3830 2982 haec
3890 2916 4093 2981 verba
4147 2923 4307 2982 sunt
4359 2916 4638 2983 hominis
4683 2937 4786 2982 cnm

2912 3002 3217 3067 maximis
3253 3001 3742 3067 difficultatibus
3786 3002 4116 3068 luctantis.
4180 3003 4286 3067 Ex
4335 3023 4469 3086 quo
4489 3002 4621 3068 loco
4649 3001 4787 3067 dism-

2911 3109 3060 3153 mus
3128 3086 3551 3172 pugnandum
3614 3109 3754 3154 esse
3808 3087 4126 3153 adversus
4184 3108 4421 3154 sensus
4478 3097 4707 3154 nostros
4745 3097 4789 3150 et

2911 3194 3135 3240 omnes
3170 3174 3721 3257 apprehensiones
3760 3194 3962 3258 quum
4000 3174 4363 3256 affligimur
4386 3183 4458 3241 et
4477 3193 4788 3239 exercemur

2910 3280 2949 3325 a
2992 3259 3134 3325 Deo
3177 3280 3295 3342 per
3337 3259 3523 3324 varia
3562 3260 4019 3326 instrumenta.
4106 3259 4278 3324 Nam
4325 3259 4517 3326 Deus
4568 3282 4700 3326 suos
4728 3259 4790 3323 sit

2910 3356 3172 3412 exercet
3214 3344 3615 3429 plerumque,
3661 3355 3737 3410 ut
3761 3346 4061 3411 videatur
4096 3366 4204 3410 eos
4250 3346 4323 3410 in
4368 3346 4614 3411 inferos
4643 3363 4791 3425 usque

2911 3432 3295 3496 detrusurus
3315 3480 3330 3507 ‚
3410 3441 3478 3496 et
3555 3431 4033 3498 calamitatibus
4111 3451 4589 3514 oppressurus:
4656 3432 4790 3496 cuius

2909 3531 3126 3583 tamen
3182 3517 3400 3597 favor,
3460 3518 3673 3600 gratia
3728 3526 3793 3582 et
3848 3525 4133 3600 potestas
4188 3527 4529 3583 momento
4588 3529 4791 3600 apparet

2910 3613 3167 3685 praeter
3210 3603 3758 3685 exspectationem
3806 3619 3868 3668 et
3912 3602 4284 3685 opinionem
4334 3616 4643 3669 nostram.
4696 3597 4789 3665 Ob-

2910 3687 3232 3755 servanda
3303 3708 3462 3753 sane
3534 3687 3699 3753 haec
3767 3687 4065 3754 doctrina
4124 3699 4255 3768 est,
4324 3687 4790 3772 quandoquidem

2911 3774 3150 3840 nostris
3207 3773 3507 3839 sensibus
3565 3774 3759 3856 plane
3817 3775 4149 3840 contraria
4204 3783 4336 3851 est,
4398 3775 4484 3840 ad
4542 3794 4712 3857 quam
4750 3783 4793 3834 et

2908 3861 3034 3926 alia
3078 3859 3345 3939 accedit,
3405 3880 3532 3940 qua
3576 3859 3940 3924 retinemur
3994 3861 4065 3924 in
4125 3861 4411 3926 summis
4472 3855 4792 3928 calamitati·

2909 3946 3026 4013 bus
3048 3954 3116 4012 et
3152 3944 3659 4022 difficultatibus,
3697 3954 3775 4010 ut
3809 3946 4121 4011 nimirum
4160 3945 4497 4030 patienter
4528 3951 4790 4028 exspecto

2909 4053 3073 4112 mus,
3131 4031 3334 4097 donec
3377 4051 3449 4096 se
3504 4029 3689 4097 Deus
3747 4031 4068 4096 vindicem
4131 4031 4518 4114 patefaciat:
4576 4053 4645 4097 ac
4686 4031 4793 4095 licet

2910 4117 2991 4184 ad
3023 4127 3283 4201 tempus
3326 4114 3580 4181 vultum
3627 4137 3814 4183 suum
3861 4117 4158 4198 occultet,
4212 4139 4490 4202 sperare
4532 4132 4719 4183 tameo
4745 4115 4792 4177 in

2909 4204 3051 4285 ipso
3097 4223 3225 4267 non
3269 4203 3661 4281 desinamus,
3722 4219 3788 4266 et
3846 4202 4146 4285 precibus
4204 4203 4598 4270 ardentibus
4646 4200 4792 4287 ipsius

2909 4288 3226 4354 auxilium
3279 4287 3720 4372 imploremus.
3822 4288 4044 4354 Huius
4099 4289 4417 4355 scientiae
4485 4288 4789 4370 exemplum

2911 4375 3097 4440 nobis
3161 4372 3283 4440 hoc
3347 4374 3490 4439 loco
3554 4374 3934 4456 proponitur
3992 4375 4061 4439 in
4121 4375 4381 4439 Davide
4440 4374 4787 4441 imitandum

2911 4459 3118 4526 Cuius
3162 4458 3361 4527 verba
3419 4459 3548 4539 illa,
3613 4460 3800 4524 donec
3855 4479 4176 4544 coynovero
4232 4462 4395 4542 quid
4456 4461 4630 4527 Deus
4668 4455 4789 4526 ,mai

2907 4545 3122 4627 faciat,
3180 4553 3505 4610 testantur
3557 4543 3754 4610 fidem
3810 4547 3948 4611 eius
4004 4559 4072 4610 et
4126 4547 4539 4628 patientiam.
4619 4544 4787 4626 Neque

2913 4632 3089 4696 enim
3130 4630 3334 4697 oculis
3375 4630 3701 4714 corporeis
3735 4637 3803 4696 et
3836 4631 4134 4697 sensibus
4164 4632 4473 4700 externis
4507 4649 4787 4717 cognosco·

2913 4719 3042 4796 bat,
3101 4736 3234 4799 qua
3291 4715 3542 4781 ratione
3597 4717 3779 4782 Deus
3835 4718 3962 4801 ipsi
4033 4720 4473 4796 succurrerit,
4539 4720 4639 4801 qui
4680 4731 4784 4782 cum

2913 4801 3114 4868 tantis
3156 4800 3650 4868 difficultatibus
3693 4801 4081 4869 luctaretur:
4137 4802 4251 4869 sed
4316 4806 4586 4870 interim
4622 4801 4785 4868 animo

2912 4908 3290 4971 persuasum
3334 4885 3611 4953 habebat
3632 4887 3853 4955 Deum
3895 4909 4047 4955 suas
4077 4889 4546 4972 promissiones
4583 4885 4783 4954 tandem

2912 4973 3355 5057 impleturum,
3409 4981 3478 5038 et
3522 4972 3696 5056 quod
3755 4994 3871 5057 per
3917 4972 4135 5040 Saulis
4192 4975 4635 5043 ministerium
4686 4993 4783 5056 pro·

2912 5058 3201 5135 miserat,
3248 5059 3721 5144 perfecturum:
3767 5058 4008 5128 idcirco
4051 5060 4248 5126 etiam
4296 5062 4601 5127 videmus
4636 5057 4781 5124 Dari·

2913 5143 3061 5209 dem
3138 5164 3350 5228 neque
3414 5145 3712 5211 fortunae
3729 5195 3745 5223 ,
3837 5166 4048 5230 neque
4123 5144 4392 5213 fortuiti
4472 5167 4647 5213 casus
4707 5153 4779 5207 ant

2912 5238 3189 5296 eventus
3233 5230 3623 5310 meminisse,
3678 5230 3791 5296 sed
3834 5230 3961 5298 Dei
4012 5231 4118 5314 qui
4180 5252 4299 5314 pro
4352 5234 4667 5301 voluntate
4698 5245 4776 5293 sut

4567 2406 4908 2486 aginus*
