5059 6059
873 274 999 341 591

876 471 953 529 ut
994 460 1273 547 improbi
1312 467 1377 526 et
1418 458 1719 545 flagitiosi
1774 457 2094 540 homines,
2137 456 2481 525 christiani
2525 454 2816 521 nominis

881 549 1103 615 hostes
1157 546 1496 623 coniurati,
1555 544 1796 610 mirum
1853 545 1925 608 in
1982 543 2250 609 modum
2293 543 2674 621 efferantur,
2719 561 2817 607 re-

878 653 1152 717 rumque
1212 633 1543 717 potiantur
1596 639 1791 714 atque
1843 629 2205 695 insolenter
2257 648 2401 695 sese
2466 627 2818 694 autoritate

879 720 1173 786 maxima
1217 717 1537 803 pollentes
1582 725 1833 802 gerant.
1900 715 2031 783 Hic
2065 715 2124 781 si
2156 715 2470 782 iudicium
2515 722 2816 779 nostrum

879 804 1190 873 adhibere
1235 803 1560 884 volumus,
1618 809 1686 867 et
1729 801 1859 867 Dei
1914 821 2112 885 opera
2170 801 2253 868 ad
2296 799 2478 866 illius
2518 797 2816 884 regulam

879 913 963 958 ex
1049 890 1271 971 ndere,
1330 896 1579 955 certum
1636 896 1738 954 est
1791 887 1931 953 fore
1993 895 2069 952 ut
2117 886 2234 952 illa
2274 886 2816 954 condemnemus:

1035 997 1168 1060 qua
1211 995 1452 1059 quaeso
1495 976 1884 1054 temeritate,
1939 980 2005 1040 et
2061 993 2190 1056 quo
2235 972 2502 1039 tandem
2544 969 2813 1037 surore?

877 1061 1321 1145 Quamobrem
1379 1060 1703 1126 discamus
1757 1059 1838 1125 iis
1896 1078 2062 1143 quae
2121 1057 2306 1125 Deus
2369 1058 2659 1157 disponit
2709 1077 2817 1124 ac·

878 1150 1246 1234 quiescere:
1292 1167 1458 1231 quae
1492 1146 1549 1212 si
1584 1153 1805 1212 noster
1839 1144 2208 1212 intellectus
2245 1163 2381 1209 non
2414 1164 2592 1228 perci
2639 1150 2709 1221 it,
2747 1151 2817 1208 et

879 1256 1110 1301 sensus
1154 1234 1359 1299 nostri
1404 1254 1537 1299 non
1580 1232 1863 1315 capiunt,
1919 1231 2089 1297 nihil
2135 1238 2357 1297 tamen
2399 1251 2544 1296 esse
2614 1227 2815 1296 auda-

880 1319 1010 1386 bile
1067 1320 1195 1385 nisi
1249 1317 1420 1403 quod
1475 1340 1515 1385 a
1557 1317 1700 1383 Deo
1758 1317 1945 1384 nobis
2001 1317 2370 1400 exponitur,
2430 1315 2814 1398 nullamque

878 1406 1258 1483 doctrinam,
1335 1403 1587 1469 nullam
1663 1402 2053 1485 sapientiam
2072 1451 2090 1486 ,
2172 1401 2419 1467 nullam
2492 1401 2812 1466 iustitiam

877 1488 2811 1660 {ffi‘zl'ssfi03⁵fi..3utffig{ffi⁰..⁶33ffi533msse..⁴3ssss

2354 1624 2371 1653 2

877 1665 1143 1731 libertas
1185 1661 1611 1744 relinquatur,
1655 1661 1844 1744 eique
1884 1682 2105 1727 rerum
2146 1660 2441 1726 omnium
2473 1658 2811 1742 dispensa-

876 1751 1128 1815 tionem
1184 1748 1662 1831 permittamus‚
1722 1755 1788 1812 et
1843 1767 1962 1812 nos
2019 1746 2100 1812 ab
2160 1765 2238 1813 eo
2292 1744 2693 1830 pedetentim
2747 1752 2811 1810 et

875 1855 993 1920 per
1033 1832 1278 1919 gradus
1313 1833 1454 1918 regi
1489 1833 1799 1911 sinamus,
1834 1839 2127 1916 totosque
2160 1852 2280 1899 nos
2313 1832 2517 1914 ipsius
2540 1830 2811 1896 arbitrio

920 1921 1357 1986 ermittamus.
1444 1916 1640 2000 Quod
1683 1917 1761 1984 ad
1809 1918 2184 1984 unctionem
2229 1918 2484 1998 attinet,
2538 1916 2811 1982 minime

916 2004 1308 2072 ubitandum
1349 2004 1511 2088 quin
1553 2023 1629 2069 eo
1672 2004 1859 2088 signo
1902 2004 2085 2069 Deus
2128 2004 2409 2088 gratiam
2452 2002 2663 2069 sancti
2707 2002 2809 2068 sui

867 2093 1138 2177 spiritus
1171 2098 1659 2174 repraesentare
1692 2088 1991 2156 voluerit.
2059 2087 2273 2172 Saepe
2305 2089 2484 2155 enim
2516 2090 2590 2154 in
2623 2109 2811 2155 sacra

880 2178 1122 2263 pagina
1185 2177 1458 2262 phrases
1521 2174 1837 2242 eiusmodi
1913 2182 2299 2256 occurrunt,
2377 2174 2616 2259 quibus
2692 2194 2810 2258 per

876 2265 1252 2330 unctionem
1295 2261 1441 2341 olei,
1502 2262 1712 2346 gratia
1765 2269 1832 2326 et
1871 2261 2095 2328 unctio
2140 2261 2408 2347 spiritus
2451 2259 2664 2327 sancti
2707 2280 2809 2325 re-

878 2356 1356 2434 praesentatur.
1442 2346 1580 2413 Nos
1622 2347 1798 2413 enim
1843 2355 2079 2413 natura
2119 2356 2346 2413 nostra
2384 2367 2615 2413 sumus
2654 2345 2811 2413 sicci

878 2442 948 2501 et
1005 2432 1189 2512 aridi,
1250 2433 1392 2499 sine
1447 2432 1695 2516 liquore
1750 2439 1817 2498 et
1871 2432 2178 2500 humore:
2235 2452 2437 2517 quare
2495 2430 2809 2516 quidquid

880 2518 1196 2585 habemus
1258 2517 1521 2584 aliunde
1585 2518 1887 2602 procedat
1947 2539 2214 2586 necesse
2278 2527 2411 2586 est:
2477 2538 2714 2601 nempe
2771 2537 2811 2581 a

880 2605 1027 2670 Deo
1043 2655 1059 2683 ,
1125 2611 1389 2671 nostrae
1451 2603 1849 2691 indigentiae
1910 2612 1977 2671 et
2041 2604 2302 2688 inopiae
2365 2612 2807 2671 succurrente.

879 2691 1103 2775 Atque
1141 2690 1310 2757 hanc
1350 2689 1432 2757 ob
1489 2710 1752 2756 causam
1809 2691 2082 2774 spiritus
2122 2697 2387 2756 sanctus
2431 2711 2550 2774 per
2591 2689 2809 2755 oleum

877 2783 1443 2861 repraesentatur:
1477 2784 1543 2842 et
1579 2776 1716 2844 vita
1749 2796 1923 2844 nova
1954 2796 2074 2859 per
2096 2777 2494 2843 unctionem.
2562 2773 2810 2842 Sumus

875 2863 1050 2929 enim
1094 2861 1303 2929 veluti
1348 2862 1606 2938 mortui,
1667 2860 1869 2930 donec
1910 2862 2096 2928 Deus
2138 2861 2278 2945 ipse
2323 2881 2576 2927 novum
2619 2860 2807 2944 vigo·

877 2969 1017 3015 rem
1064 2947 1253 3014 nobis
1294 2945 1396 3013 lar
1443 2949 1646 3014 ’aturz
1706 2948 1878 3031 quod
1937 2969 2054 3032 per
2096 2955 2400 3015 sanctum
2438 2968 2634 3014 suum
2676 2946 2808 3031 spi·

874 3035 1075 3102 ritum
1119 3033 1337 3101 efficit.
1443 3043 1635 3119 taque
1670 3043 1811 3099 tum
1854 3035 2250 3101 innovamur
2292 3054 2496 3118 quum
2540 3033 2810 3117 spiritus

875 3119 1086 3187 divini
1131 3119 1303 3187 dona
1358 3121 1428 3186 in
1486 3141 1604 3186 nos
1663 3118 2108 3186 effunduntur.
2196 3119 2343 3185 Etsi
2386 3139 2543 3186 vero
2581 3139 2809 3186 omnes

872 3207 957 3273 iis
1020 3205 1421 3290 indigemus,
1488 3215 1711 3272 tamen
1776 3205 1964 3271 donis
2027 3204 2630 3282 excellentioribus,
2742 3205 2810 3270 ui

873 3291 1156 3377 promoti
1199 3300 1356 3356 sunt
1399 3291 1482 3357 ad
1527 3291 1919 3376 dignitatum
1963 3312 2250 3360 summos
2308 3290 2707 3392 honores-in
2757 3290 2810 3342 '-

870 3376 1995 3547 aaassfaepssxssfazssmmaess
2020 3378 2529 3547 :ffissffxztssff
2554 3385 2810 3547 m

868 3549 1129 3628 debent,
1164 3556 1232 3616 et
1265 3548 1349 3613 ad
1386 3549 1672 3615 officium
1707 3569 1956 3635 cogere.
2014 3546 2454 3630 Quamobrem
2489 3548 2806 3633 singulari

873 3633 1223 3720 prudentia
1284 3654 1449 3719 opus
1515 3633 1776 3713 habent,
1843 3643 1911 3701 et
1966 3633 2407 3719 singularibus
2462 3633 2809 3719 praesidiis

875 3720 1187 3787 adversus
1250 3721 1466 3786 varias
1528 3720 1761 3804 quibus
1834 3720 2100 3789 obnoxii
2174 3730 2330 3787 sunt
2391 3721 2806 3787 tentationes.

874 3806 1061 3873 Deus
1115 3806 1341 3889 itaque
1397 3806 1541 3873 istis
1598 3806 1808 3892 signis
1860 3805 2149 3875 ostendit
2189 3813 2492 3889 oportere
2536 3826 2726 3891 reges
2769 3825 2810 3870 a

872 3912 946 3957 se
1003 3891 1269 3975 speciali
1325 3891 1609 3975 quadam
1665 3893 1919 3959 ratione
1975 3892 2118 3977 regi
2175 3902 2242 3957 et
2304 3891 2678 3978 gubernari,
2742 3901 2811 3958 et

874 3977 1065 4044 donis
1107 3976 1670 4043 excellentioribus
1710 3987 1778 4044 et
1810 3976 2274 4063 insignioribus
2306 3998 2503 4062 quam
2539 3999 2576 4044 e
2609 3977 2809 4062 vulgo

871 4061 1191 4148 quoslibet
1260 4063 1407 4129 fieri
1472 4063 1765 4149 insignes
1836 4074 1901 4130 et
1960 4062 2385 4131 venerandos.
2483 4064 2809 4148 Hancque

870 4148 959 4215 ob
986 4168 1251 4215 causam
1296 4148 1504 4216 voluit
1547 4150 1714 4217 hano
1755 4150 2084 4218 unctionis
2126 4150 2601 4217 caeremoniam
2644 4147 2810 4233 legis

874 4244 1167 4318 tempore
1234 4234 1306 4299 in
1365 4255 1491 4299 usu
1554 4255 1714 4302 esse.
1801 4235 2084 4303 Factum
2147 4245 2365 4301 autem
2431 4233 2498 4301 id
2560 4257 2706 4303 esse
2768 4257 2809 4301 a

874 4320 1162 4386 Domino
1182 4327 1455 4404 propter
1475 4319 1653 4387 illius
1673 4321 1917 4389 saeculi
1941 4320 2293 4388 ruditatem
2328 4320 2808 4388 observandum

871 4415 992 4487 est,
1046 4424 1176 4489 quo
1230 4405 1305 4470 in
1363 4427 1489 4473 usu
1546 4406 1815 4472 fuerunt
1870 4407 2140 4474 umbrae
2194 4415 2261 4474 et
2316 4409 2588 4491 figurae,
2647 4406 2806 4473 dum

870 4512 1110 4576 corpus
1177 4498 1244 4558 et
1306 4493 1558 4558 veritas
1622 4492 1982 4559 adveniret.
2090 4493 2190 4559 Ac
2256 4492 2532 4578 proinde
2596 4513 2808 4579 nugas

870 4597 1087 4644 meras
1129 4585 1198 4644 et
1237 4577 1581 4646 ridiculam
1623 4578 2056 4645 imitationem
2112 4579 2311 4646 fuisse
2367 4598 2573 4663 quum
2616 4599 2805 4665 reges

871 4662 1137 4748 quidam
1215 4662 1338 4731 hoc
1416 4663 1789 4748 exemplum
1853 4665 2094 4730 imitari
2157 4664 2532 4732 voluerunt.
2634 4664 2805 4731 Nam

870 4749 1184 4816 videntur
1245 4750 1344 4815 illi
1407 4749 1578 4819 velle
1659 4751 2044 4834 praeteritas
2119 4750 2387 4818 umbras
2460 4770 2804 4819 revocare:

871 4836 1054 4920 quasi
1119 4855 1252 4902 non
1318 4835 1511 4902 hodie
1576 4836 1695 4902 lux
1760 4837 2082 4922 evangelii
2144 4836 2389 4922 passim
2449 4845 2585 4903 toto
2650 4835 2807 4904 orbe

871 4921 1260 5005 splenderet,
1319 4942 1488 5007 quae
1540 4922 1687 4990 istis
1737 4921 1989 4989 umbris
2032 4931 2100 4990 et
2140 4924 2369 5008 figuris
2412 4924 2627 4989 locum
2672 4944 2805 4989 non

872 5006 1152 5093 amplius
1209 5028 1351 5075 esse
1408 5007 1602 5075 fidem
1647 5009 1821 5075 facit.
1909 5007 2230 5093 Specialis
2272 5009 2596 5092 quaedam
2638 5010 2806 5076 ratio

870 5093 996 5158 fnit
1057 5094 1380 5161 unctionis
1444 5093 1739 5162 Davidis.
1848 5095 2149 5180 Namque
2225 5117 2356 5162 non
2435 5096 2648 5161 solum
2728 5116 2807 5163 ea

872 5186 1184 5245 testatum
1238 5179 1425 5248 Deus
1483 5180 1693 5248 voluit
1751 5182 1967 5267 ipsum
2026 5180 2216 5248 donis
2270 5182 2479 5251 sancti
2535 5182 2806 5266 spiritus

2488 266 2898 334 HOMILIA
2943 266 3246 333 XXXII.

4663 279 4745 344 592

2918 451 3235 537 indigere,
3293 454 3526 539 quibus
3582 465 3855 524 ornatus
3913 457 4161 542 regiam
4210 456 4570 543 dignitatem
4602 471 4752 529 tuere-

2921 549 3048 613 tur.
3105 539 3217 605 sed
3277 540 3632 625 imaginem
3691 543 3892 608 etiam
3950 564 4094 610 esse
4137 542 4410 609 Domini
4450 548 4620 612 nostri
4651 549 4754 616 Iesu

2923 624 3192 692 Ohristi.
3302 626 3499 694 Hanc
3575 628 3655 695 ob
3734 648 4000 695 causam
4078 628 4254 713 apud
4333 632 4667 715 prophetam
4709 639 4756 702 in

2919 710 3185 777 Psalmo
3210 712 3598 779 nominatim
3632 714 3900 782 dicitur:
3944 714 4127 782 Deus
4157 721 4309 782 tuus
4340 719 4518 783 unxit
4549 723 4597 783 te
4620 740 4756 804 supra

2921 816 3129 862 omnes
3168 802 3306 864 tuos
3346 805 3667 866 consortes.
3734 798 3928 882 Quod
3973 801 4096 866 etsi
4140 801 4213 867 in
4256 802 4400 885 ipso
4439 802 4655 869 Davide
4686 828 4758 872 vo·

2920 902 3073 947 rum
3116 883 3257 963 fuit,
3302 892 3521 951 tamen
3562 886 3827 969 speciali
3868 886 4148 970 quadam
4192 889 4444 955 ratione
4482 889 4591 957 fuit
4606 890 4758 958 David

2919 970 3134 1052 figura
3164 969 3442 1036 Domini
3483 972 3692 1038 nostri
3726 971 3879 1038 Iesu
3916 971 4186 1051 Christi,
4231 975 4346 1058 qui
4390 976 4555 1041 omni
4589 980 4762 1059 gratit-

2919 1075 3068 1119 rum
3138 1055 3545 1123 abundantia
3617 1056 3989 1125 cumulatus
4068 1059 4224 1124 olim
4305 1068 4450 1126 erat
4505 1071 4759 1129 ventum

2918 1138 3170 1207 Idcirco
3212 1143 3412 1208 etiam
3456 1142 3783 1211 Davidem
3837 1164 4032 1228 saepe
4089 1145 4371 1230 legimus
4430 1151 4648 1212 undum
4681 1149 4764 1214 Dei
4847 1157 4848 1172 ¹

2916 1228 3156 1293 vocari.
3202 1225 3473 1295 Saulem
3507 1228 3765 1314 quidem
3802 1229 4030 1310 fateor,
4065 1240 4342 1298 unctum
4378 1253 4582 1317 regem
4611 1234 4762 1310 fiiisss,

2916 1310 3032 1376 sed
3074 1313 3262 1379 cuius
3305 1322 3835 1382 momentaneum
3876 1323 4135 1382 tantum
4179 1327 4324 1383 erat
4367 1316 4636 1384 futurum
4669 1340 4764 1402 mg·

2915 1418 3095 1463 num.
3186 1397 3299 1467 Sic
3353 1400 3650 1467 videmus
3706 1402 3906 1467 etiam
3950 1401 4122 1468 Iehu
4175 1403 4381 1470 fuisse
4438 1415 4670 1471 unctum
4701 1426 4768 1471 re-

2914 1503 3100 1567 gem3
3144 1483 3260 1549 sed
3302 1487 3489 1554 cuius
3531 1508 3809 1572 regnum
3852 1485 4296 1554 adulterinum
4353 1489 4479 1555 fnit
4517 1499 4577 1555 et
4611 1510 4768 1574 repro-

2914 1568 3143 1636 batum
3185 1592 3226 1637 a
3250 1572 3410 1652 Deo,
3456 1573 3627 1657 quod
3670 1592 3711 1637 a
3734 1571 4014 1640 Davidis
4057 1573 4251 1641 domo
4294 1575 4662 1643 recessisset.
4708 1579 4769 1642 At

2915 1675 3118 1739 quum
3174 1659 3498 1740 scriptura
3554 1659 3855 1725 meminit
3914 1661 4099 1727 uncti
4142 1682 4184 1726 a
4229 1661 4391 1742 Deo,
4449 1661 4525 1727 de
4563 1660 4768 1726 Davidis

2914 1744 3395 1810 successoribus
3438 1744 3742 1829 loquitur,
3787 1744 3901 1829 qui
3943 1744 4258 1830 populum
4301 1748 4371 1812 in
4425 1765 4537 1832 spe
4578 1748 4768 1813 venturi

2914 1849 2999 1894 ex
3024 1827 3299 1896 Davidis
3338 1831 3543 1915 stirpe
3578 1829 3955 1896 mediatoris
3989 1830 4285 1915 patribus
4327 1833 4614 1917 promissi
4648 1834 4768 1898 fove-

2914 1920 3081 1979 rent.
3169 1917 3392 2000 Atque
3433 1937 3564 1983 vox
3606 1916 3724 1982 illa
3762 1922 4005 1997 unctae,
4047 1917 4222 1983 idem
4267 1928 4370 1984 est
4413 1938 4486 1985 ao
4525 1919 4771 1996 christus,

2915 2020 2956 2065 a
2991 2020 3121 2082 quo
3166 2002 3365 2067 etiam
3388 2000 3748 2069 Christiani
3793 2000 4310 2083 denominamur,
4355 2013 4434 2070 ut
4472 2004 4771 2071 ostendatur

2914 2085 3259 2152 veritatem
3283 2087 3676 2171 respondere
3698 2089 3968 2172 figurae,
4006 2090 4315 2174 quoniam
4336 2089 4521 2157 Iesus
4542 2088 4772 2157 Christus

2914 2170 3027 2254 qui
3070 2192 3270 2238 verus
3313 2183 3412 2240 est
3469 2173 3842 2258 redemptor
3898 2174 4020 2241 sub
4078 2175 4226 2259 lege
4278 2174 4773 2243 caeremonialibus

2912 2256 3046 2323 illis
3109 2258 3346 2326 ritibus
3411 2259 3736 2345 figuratus
3799 2269 4068 2328 vocatus
4134 2271 4234 2328 est
4296 2273 4533 2329 unctus
4585 2261 4688 2327 Dei
4733 2273 4771 2324 et

2914 2343 3239 2425 Christus,
3295 2346 3465 2412 sicut
3507 2355 3661 2412 ante
3704 2344 3869 2411 dixi:
3928 2353 3997 2413 et
4050 2346 4250 2413 etiam
4296 2348 4681 2432 perspicuum
4711 2357 4773 2411 eu

2912 2448 2997 2494 ex
3030 2431 3284 2497 cantico
3307 2429 3652 2514 Simeonis,
3693 2434 3766 2498 in
3799 2452 3927 2515 quo
3962 2431 4176 2499 bonus
4219 2432 4331 2500 ille
4375 2455 4574 2501 senex
4609 2431 4772 2498 laetari

2913 2513 3153 2581 dicitur
3195 2514 3369 2600 quod
3434 2517 3710 2585 vidisset
3766 2528 4041 2586 unctum
4081 2518 4376 2599 Domini,
4422 2520 4532 2604 qni
4570 2529 4657 2585 est
4686 2516 4774 2582 Do-

2911 2601 3130 2668 minus
3172 2613 3397 2670 noster
3437 2601 3627 2670 Iesus
3670 2602 4006 2671 Christus:
4068 2604 4368 2672 Verbum
4426 2605 4582 2672 illud
4630 2615 4773 2670 aeter·

2913 2708 3092 2767 num,
3149 2688 3221 2753 in
3278 2708 3407 2773 quo
3462 2697 3565 2755 est
3620 2690 3834 2756 omnis
3891 2690 4204 2773 perfectio
4248 2711 4480 2758 eorum
4522 2710 4668 2777 quae
4697 2687 4773 2755 sub

2914 2772 3057 2858 lege
3099 2775 3387 2858 figurata
3419 2774 3711 2842 fuerunt.
3778 2775 4227 2844 Nihilominus
4269 2786 4498 2844 tamen
4539 2794 4773 2861 magnum

2911 2858 3039 2924 suit
3120 2860 3468 2927 discrimen
3556 2862 3731 2927 inter
3806 2862 4166 2928 Dominum
4250 2871 4554 2929 nostrum
4621 2862 4775 2927 Iesum

2913 2944 3274 3029 Christum,
3319 2956 3387 3012 et
3427 2968 3540 3013 eos
3582 2948 3696 3030 qui
3737 2948 4005 3014 fuerunt
4047 2949 4251 3032 ipsius
4294 2949 4548 3034 figurae
4580 2957 4638 3015 et
4671 2948 4777 3012 ima·

2911 3032 3118 3115 gines.
3205 3032 3377 3098 Nam
3437 3034 3557 3099 etsi
3601 3033 3822 3099 David
3878 3042 4114 3101 unctus
4167 3035 4309 3116 fuit,
4377 3035 4649 3119 reliquos
4680 3043 4774 3096 tum

2912 3137 3070 3183 suae
3135 3119 3462 3186 unctionis
3523 3120 3871 3203 participes
3935 3119 4149 3187 faeere
4212 3141 4350 3186 non
4410 3121 4646 3207 potuit:
4699 3114 4775 3181 ssd

2912 3202 3239 3269 Dominus
3283 3213 3504 3271 noster
3544 3203 3732 3272 Iesus
3775 3204 4083 3273 Christus
4139 3207 4234 3273 ita
4288 3206 4424 3273 fuit
4467 3215 4709 3302 unctus·
4729 3211 4776 3266 ut

2912 3288 3056 3355 eius
3133 3291 3459 3356 unctionis
3538 3292 3774 3358 fiamus
3849 3291 4235 3377 participes,
4321 3301 4395 3359 et
4471 3314 4512 3359 a
4557 3291 4778 3359 -Chmto
4855 3315 4856 3320 ¹

2914 3372 3277 3441 Christiani
3334 3374 3645 3443 dicamur.
3733 3377 3904 3443 Nam
3962 3378 4035 3443 in
4090 3399 4214 3445 sua
4266 3379 4567 3446 membra
4617 3372 4778 3443 effudit
4855 3451 4856 3454 Ἴ

2912 3461 3184 3543 spiritus
3216 3462 3321 3528 sui
3341 3462 3623 3547 gratiam
3659 3461 4023 3530 secundum
4058 3484 4206 3530 eam
4239 3484 4617 3532 mensnram
4645 3477 4780 3545 qm

2912 3546 3040 3631 ipsi
3083 3546 3368 3648 placuit..
3412 3551 3512 3649 5³⁰
3546 3569 3706 3615 sane
3741 3550 3870 3616 nisi
3911 3550 4236 3617 unctionis
4280 3549 4465 3619 illius
4496 3544 4778 3636 spiritu-lis

2910 3633 3167 3785 gauffdlm
3201 3636 3775 3804 ἓᾟῗξθὲἒτὲῑῗ
3805 3634 4121 3789 Ιιῑέῑιΐιῖιτιξε
4133 3639 4782 3816 ;ῃξιῑιιοαιιᾶωοάῗιίἑ

2914 3806 2975 3870 1.
2996 3803 3178 3871 Ioan.
3214 3804 3493 3872 dicimur
3524 3827 3752 3874 omnes
3786 3827 3867 3874 ex
3903 3806 4315 3892 plenitudine
4348 3807 4780 3909 gratiaeipsm
4855 3815 4856 3830 ³

2910 3889 3194 3957 haurire.
3300 3890 3473 3958 Nam
3537 3913 3738 3976 quare
3801 3893 3921 3959 filii
3982 3892 4116 3960 Dei
4180 3915 4430 3974 sumus,
4510 3914 4632 3961 nisi
4681 3889 4782 3973 qui!

2912 3985 3215 4043 sanctum
3267 3998 3462 4045 suum
3519 3979 3823 4062 spiritum
3882 3977 4067 4046 nobis
4129 3976 4670 4048 communicavit?
4735 3981 4782 4037 nt

2912 4061 3085 4127 idem
3108 4060 3392 4129 Ioannes
3429 4061 3637 4143 docet,
3672 4074 3739 4131 et
3757 4064 4008 4132 Paulus
4050 4065 4391 4150 apostolus
4427 4066 4625 4133 variis
4658 4058 4783 4130 locis,

2916 4147 3030 4215 sed
3074 4148 3460 4214 nominatim
3504 4150 3573 4215 in
3615 4150 3828 4235 Epist.
3874 4152 3958 4217 ad
4001 4151 4360 4235 Romanos,
4405 4151 4493 4218 ad
4515 4147 4781 4236 Ephesis,

2918 4234 2997 4300 ad
3025 4232 3646 4317 Thessalonicenses,
3682 4237 3795 4304 ubi
3839 4236 4077 4305 dicitur
4097 4238 4367 4322 spiritus
4403 4245 4659 4305 sanetus
4690 4249 4785 4297 θεοῦ

2913 4318 3197 4386 arrhabo
3232 4318 3654 4388 haereditatis
3687 4331 3969 4402 nostrae,
4006 4321 4092 4389 ad
4126 4345 4323 4408 quam
4353 4323 4570 4391 vocati
4601 4333 4783 4387 summ·

2913 4406 3108 4484 Eum,
3152 4405 3367 4490 inquit
3404 4406 3673 4488 Paulus,
3727 4429 3869 4475 esse
3923 4428 4041 4492 per
4091 4429 4285 4493 quem
4329 4409 4556 4477 Deum
4595 4412 4783 4492 pah-em

2915 4500 3210 4557 nostrum
3260 4492 3666 4560 invocamus.
3752 4493 3957 4561 Nobis
4010 4503 4253 4562 unctus
4311 4494 4569 4576 dicitur,
4620 4507 4783 4576 quem·

2912 4577 3262 4644 admodum
3307 4587 3373 4643 et
3406 4589 3642 4645 unctus
3664 4579 3812 4647 Dei.
3875 4580 4105 4665 Neque
4146 4601 4303 4647 vero
4348 4589 4610 4647 tantum
4647 4576 4783 4641 bene·

2911 4664 3134 4731 ficium
3192 4685 3232 4731 a
3287 4665 3478 4734 nobis
3533 4663 3868 4750 habemus,
3934 4666 4049 4734 sed
4110 4667 4388 4753 gratiam
4447 4686 4567 4752 pro
4617 4659 4781 4748 gn&

2912 4749 3084 4817 Nam
3118 4771 3284 4833 quae
3319 4751 3490 4817 dona
3512 4750 3817 4820 Christus
3853 4754 4100 4838 accepit
4131 4755 4204 4818 in
4236 4755 4415 4820 omni
4578 4749 4781 4818 actione

2912 4856 3043 4904 non
3085 4835 3212 4903 sibi
3252 4838 3529 4921 accepit:
3587 4838 3828 4922 quippe
3882 4838 4120 4924 quibus
4163 4859 4301 4905 non
4342 4841 4414 4907 in
4469 4842 4483 4856 '
4533 4845 4672 4908 eret.
4704 4825 4781 4895 ⁸03

2911 4921 3099 4990 nobis
3142 4923 3448 5007 ditandis,
3488 4932 3567 4990 ut
3608 4943 3693 4989 ex
3738 4923 3850 4991 illo
3893 4925 4029 4993 solo
4064 4935 4380 5009 tanquam
4417 4926 4593 4992 fonte
4621 4930 4781 4986 cmm!

2908 5021 3137 5075 nostra
3181 5010 3352 5077 bona
3391 5007 3826 5092 hauriremus,
3869 5021 3937 5077 et
3968 5015 4039 5078 in
4075 5031 4209 5077 uno
4243 5011 4384 5096 ipso
4422 5030 4602 5096 spem
4631 5015 4778 5071 totam

2909 5115 3405 5250 asaiam
3428 5084 4781 5269 adssussffzzusffimsszuzfflzffisss

4252 5233 4267 5265 2
