5059 6059
835 300 967 364 315

838 489 1056 573 ipsum
1102 486 1567 569 confugiamus,
1632 494 1808 552 certo
1850 485 2146 567 persuasi
2191 484 2547 566 'propitium
2590 482 2776 550 illum

841 575 1030 640 nobis
1072 573 1385 648 futurum,
1432 579 1501 635 et
1542 591 1881 653 nunquam
1927 569 2358 635 deserturum.

1012 656 1202 739 Quod
1268 678 1425 723 vero
1489 655 1569 722 de
1634 657 1869 740 spiritu
1935 655 2109 720 malo
2176 653 2414 720 dicitur
2480 654 2596 737 qui
2652 654 2781 719 Dei

841 744 1111 828 spiritus
1155 753 1447 819 vocatur,
1493 742 1626 808 iam
1672 755 1824 807 ante
1861 740 2197 806 docuimus
2225 761 2356 822 quo
2392 761 2593 805 sensu
2616 739 2781 806 illud

840 831 1125 897 dicatur:
1172 849 1406 912 nempe
1443 829 1535 895 sic
1572 838 1649 893 ut
1679 829 1821 893 Deo
1855 826 2026 893 nihil
2061 824 2216 891 mali
2241 826 2446 909 possit
2467 825 2780 909 imputari

843 926 1157 999 tanquam
1218 914 1449 995 autori,
1521 913 1635 981 sed
1696 913 1932 979 diaboli
1993 913 2126 977 sint
2181 912 2388 995 ipsius
2447 911 2781 978 vindictae

839 1014 906 1069 et
958 1002 1250 1068 iustitiae
1310 1001 1612 1077 ministri,
1680 1009 1755 1065 ut
1810 1018 2232 1082 quaecunque
2292 997 2540 1063 malitia
2582 997 2783 1062 fuerit

839 1090 1031 1154 istius
1096 1087 1368 1170 spiritus
1439 1087 1625 1153 cuius
1690 1086 1796 1152 hic
1862 1087 1939 1150 fit
2003 1084 2265 1161 mentio,
2347 1082 2782 1148 nihilominus

842 1186 1064 1240 tamen
1110 1175 1290 1238 Deus
1333 1172 1443 1236 illo
1488 1173 1574 1237 sit
1618 1193 1775 1238 usus
1820 1171 1900 1235 ad
1946 1191 2130 1235 suam
2167 1168 2622 1252 perficiendam
2646 1168 2779 1234 ius—

845 1261 1078 1336 titiam,
1131 1280 1295 1341 quae
1340 1258 1731 1340 reprehendi
1775 1279 1814 1322 a
1858 1256 2041 1321 nullo
2086 1265 2316 1338 potest,
2383 1252 2495 1320 sed
2543 1254 2613 1318 in
2656 1273 2784 1337 qua

840 1345 1193 1428 glorificari
1256 1354 1560 1409 meretur.
1649 1342 1939 1426 Spiritus
2004 1343 2206 1426 igitur
2270 1339 2485 1406 malus
2550 1352 2652 1406 est
2715 1346 2783 1405 et

838 1432 967 1497 Dei
1027 1430 1335 1514 potentia,
1397 1443 1463 1493 et
1519 1450 1558 1494 a
1615 1430 1757 1495 Deo
1801 1429 2056 1504 missus,
2114 1435 2183 1492 et
2226 1424 2532 1491 mandata
2576 1426 2780 1509 ipsius

838 1538 1214 1600 exsequens,
1283 1516 1350 1579 in
1417 1516 1650 1597 quibus
1716 1525 1934 1579 tamen
2001 1513 2213 1578 malus
2268 1523 2386 1591 est,
2450 1524 2517 1576 et
2560 1533 2780 1578 eoram

835 1605 982 1669 Deo
1043 1600 1594 1679 condemnandus,
1654 1602 1779 1666 etsi
1823 1598 2085 1664 divinae
2129 1598 2418 1662 iustitiae
2465 1598 2779 1676 minister,

837 1709 1033 1774 quam
1078 1688 1262 1753 Deus
1305 1686 1802 1770 obloquentibus
1845 1697 1910 1749 et
1947 1683 2358 1769 ringentibus
2385 1681 2539 1749 licet
2570 1685 2775 1748 homi·

837 1776 1032 1841 nibus
1074 1771 1391 1857 approbat
1431 1774 1571 1855 ipse
1616 1772 2003 1854 inculpatus.
2069 1767 2547 1835 Admirandnm
2581 1771 2600 1832 i
2655 1769 2780 1833 ‘tur

837 1861 966 1926 Dei
1009 1858 1353 1926 consilium
1400 1879 1850 1942 agnoscamus,
1892 1859 1961 1923 in
2007 1879 2083 1921 eo
2121 1854 2293 1937 quod
2324 1855 2484 1937 ipsis
2507 1853 2617 1920 dia
2699 1854 2780 1920 lis

837 1949 1045 2012 utitur
1086 1944 1409 2011 ministris
1453 1966 1716 2009 suorum
1763 1941 2167 2018 iudiciorum,
2229 1961 2390 2023 quos
2435 1939 2588 2006 licet
2631 1961 2779 2023 pra-

837 2054 958 2098 vos
981 2041 1049 2096 et
1088 2030 1364 2098 rebelles
1400 2032 1772 2112 subiugum
1813 2041 2032 2093 tamen
2070 2026 2289 2103 mittit,
2335 2035 2403 2090 et
2437 2025 2517 2090 ad
2555 2046 2780 2108 quam-

836 2138 1092 2201 cunque
1137 2137 1274 2182 rem
1321 2117 1603 2182 voluerit
1645 2116 1769 2182 sibi
1814 2116 2059 2180 servire
2104 2113 2296 2196 cogit.
2387 2112 2520 2177 Nos
2566 2114 2780 2193 itaque

840 2206 932 2270 sic
993 2222 1232 2270 arcana
1284 2203 1410 2267 ista
1480 2202 1751 2268 Domini
1804 2198 1989 2268 decet
2047 2199 2378 2276 admirari,
2452 2208 2528 2262 ιιι
2583 2219 2781 2262 vene-

841 2309 1089 2355 remur:
1137 2298 1203 2352 et
1246 2288 1582 2354 tenuitatis
1628 2296 1889 2353 nostrae
1932 2285 2170 2353 conscii
2216 2304 2364 2350 cum
2409 2283 2781 2349 humilitate

839 2375 1201 2440 adoremus.
1270 2375 1519 2440 Pravos
1558 2374 1761 2457 igitur
1797 2382 1863 2437 et
1898 2380 2277 2454 arrogantes
2307 2370 2455 2435 illos
2483 2371 2781 2435 homines

842 2462 1011 2525 absit
1054 2462 1405 2533 imitemur,
1452 2462 1559 2541 qui
1607 2461 1823 2525 Deum
1867 2479 1985 2523 suo
2022 2457 2237 2539 captui
2277 2457 2507 2521 volunt
2528 2477 2778 2521 accom-

841 2546 1123 2623 modare,
1186 2556 1251 2609 et
1305 2547 1362 2608 si
1407 2546 1564 2627 quid
1613 2544 1848 2609 rationi
1893 2546 2183 2627 ipsorum
2227 2543 2631 2609 contrarium
2677 2563 2780 2607 oc·

843 2631 1136 2708 currerit,
1180 2630 1590 2714 blasphemas
1634 2651 1828 2697 voces
1872 2630 1937 2695 in
1985 2630 2198 2712 ipsum
2244 2639 2572 2693 evomunt.
2642 2626 2778 2693 Ab·

843 2719 931 2784 sit
995 2737 1035 2780 a
1099 2716 1287 2781 nobis
1353 2724 1537 2780 tanta
1601 2715 1960 2799 protervia:
2028 2714 2142 2779 sed
2210 2714 2334 2778 Dei
2391 2714 2779 2795 sapientiam

842 2802 1238 2867 adorandam
1297 2802 1579 2869 sciamus
1635 2823 1827 2885 quam
1889 2802 2130 2867 nostris
2187 2801 2484 2866 sensibus
2525 2800 2782 2883 assequi

838 2910 972 2955 non
1019 2909 1381 2971 possumus.
1472 2888 1776 2971 Denique
1806 2907 1890 2950 ne
1924 2887 2212 2953 insolens
2242 2886 2430 2951 nobis
2463 2885 2779 2965 videatur,

842 2977 898 3040 si
943 2974 1202 3051 diaboli,
1248 2973 1527 3057 improbi
1570 2974 1724 3039 licet
1765 2983 1833 3037 et
1876 2973 2233 3057 depravati,
2276 2972 2418 3037 Deo
2455 2982 2782 3056 coguntur

842 3061 1180 3138 inservire,
1248 3081 1380 3124 non
1437 3058 1698 3143 quidem
1759 3068 1989 3142 sponte
2050 3072 2115 3124 et
2175 3069 2350 3126 recta
2403 3057 2778 3122 volunt-ate:

841 3145 956 3213 sed
1020 3144 1166 3210 Deo
1230 3145 1406 3227 ipsos
1469 3146 1552 3211 ad
1617 3167 1806 3213 suum
1860 3146 2201 3212 arbitrium
2258 3144 2650 3226 impellente,
2717 3154 2783 3206 et

839 3253 955 3315 per
1013 3231 1159 3297 illos
1204 3252 1322 3296 sua
1385 3231 1621 3296 iudicia
1679 3243 2109 3315 exsequente:
2178 3232 2271 3296 sic
2315 3241 2534 3293 tamen
2596 3240 2666 3292 ut
2708 3230 2780 3293 in

840 3318 1054 3382 Deum
1100 3318 1285 3381 nulla
1327 3337 1566 3400 pravae
1609 3318 1898 3399 ipsorum
1935 3317 2294 3382 voluntatis
2330 3315 2521 3397 culpa
2559 3313 2778 3380 cadat:

841 3413 916 3468 ut
957 3403 1110 3468 licet
1153 3403 1432 3486 improbi
1479 3402 1913 3485 obloquantur
1957 3416 2020 3466 et
2065 3403 2580 3480 obmurmurent,
2635 3408 2782 3464 tan-

844 3490 990 3553 dem
1057 3500 1274 3553 tamen
1320 3489 1749 3554 involvantur
1791 3489 2187 3554 confusione.
2276 3486 2412 3551 Nos
2456 3506 2612 3551 vero
2657 3484 2786 3552 dis·

842 3595 1065 3638 camus
1120 3574 1261 3638 Deo
1304 3574 1594 3639 iustitiae
1637 3582 1704 3639 et
1747 3575 2092 3659 aequitatis
2134 3573 2414 3656 gloriam
2461 3573 2779 3638 tribuere:

841 3670 910 3723 et
967 3668 1300 3742 praeterea
1359 3659 1717 3726 doctrinam
1778 3672 1854 3725 ut
1913 3659 2097 3726 nobis
2140 3660 2553 3724 utilissimam
2597 3678 2784 3723 men-

841 3745 1016 3810 tibus
1073 3747 1314 3809 nostris
1372 3745 1566 3811 altius
1623 3747 1991 3830 infigamus,
2058 3745 2345 3811 diabolos
2403 3753 2540 3809 tam
2603 3756 2782 3809 arcte

844 3830 966 3896 sub
1025 3829 1152 3894 Dei
1210 3851 1407 3895 manu
1451 3833 1792 3911 contineri,
1855 3842 1925 3897 ut
1971 3853 2053 3897 ne
2097 3851 2359 3895 movere
2402 3850 2473 3895 se
2515 3828 2781 3913 quidem

842 3916 987 3982 sine
1042 3917 1244 3997 ipsius
1302 3919 1621 4000 permissu
1681 3927 1748 3983 et
1808 3918 2078 3983 arbitrio
2134 3917 2419 4000 possint:
2492 3914 2652 3981 adeo
2707 3924 2782 3980 ut

842 4000 1132 4067 diabolos
1174 4002 1366 4084 ipsos,
1413 4012 1477 4066 et
1516 4024 1779 4068 omnem
1817 4005 2111 4086 ipsorum
2147 4002 2506 4084 potentiam
2543 3999 2780 4066 audea-

839 4109 986 4153 mus
1030 4095 1463 4163 contemnere,
1510 4110 1709 4170 quum
1750 4090 1991 4155 scimus
2034 4088 2250 4153 Deum
2298 4088 2390 4153 sic
2427 4086 2576 4152 illos
2611 4087 2779 4152 frae-

840 4194 1019 4251 nare,
1080 4182 1152 4236 ut
1210 4173 1374 4237 nihil
1436 4175 1784 4239 adversum
1845 4196 1962 4240 nos
2006 4175 2148 4239 sine
2193 4175 2398 4255 ipsius
2443 4173 2782 4238 voluntate

842 4259 1058 4323 moliri
1117 4258 1419 4335 audeant,
1482 4268 1597 4323 aut
1651 4262 1922 4343 possint,
1988 4271 2056 4326 et
2114 4280 2243 4324 non
2299 4260 2554 4343 possint
2606 4258 2784 4324 ultra

844 4365 1043 4427 quam
1099 4343 1261 4426 ipsis
1319 4345 1692 4427 permiserit
1750 4345 1981 4429 pedem
2026 4366 2307 4412 movere.
2396 4344 2620 4425 Quare
2663 4365 2782 4411 nos

841 4431 1094 4496 interea
1157 4430 1543 4513 tranquillos
1608 4439 1676 4496 et
1736 4432 1985 4515 quietos
2042 4452 2184 4497 esse
2238 4440 2512 4514 oportet,
2579 4450 2782 4514 quum

842 4515 1129 4580 diabolos
1186 4517 1468 4582 sciamus
1524 4519 1814 4600 potentis
1872 4518 1999 4582 Dei
2056 4538 2256 4582 manu
2298 4518 2607 4583 coerceri:
2668 4515 2782 4582 sed

843 4602 1133 4667 vicissim
1174 4603 1456 4668 sciamus
1500 4602 1965 4669 ambulandum
2003 4603 2186 4669 nobis
2220 4623 2362 4668 esse
2391 4622 2611 4668 coram
2639 4600 2780 4667 Deo

843 4687 913 4752 ιιι
973 4688 1207 4753 timore
1265 4696 1332 4753 et
1389 4687 1855 4755 sollieitudine:
1922 4711 2006 4753 ne
2066 4690 2267 4771 ipsius
2327 4690 2492 4753 iram
2547 4708 2782 4771 provo-

844 4781 1067 4839 cantes
1134 4772 1433 4839 hostibus
1500 4776 1742 4841 nostris
1805 4774 1985 4841 laxet
2048 4776 2361 4853 habenas,
2446 4795 2486 4838 a
2549 4775 2784 4856 quibus

845 4858 1106 4924 tandem
1171 4858 1543 4926 obruamur.
1630 4860 1826 4926 Hanc
1877 4861 1960 4927 ob
2002 4879 2264 4927 causam
2309 4859 2601 4943 quotidie
2642 4879 2786 4943 pre-

844 4963 1069 5010 camur
1122 4943 1339 5027 ipsum
1400 4967 1482 5011 ne
1539 4966 1662 5012 nos
1714 4946 1985 5014 inducat
2037 4946 2105 5011 in
2163 4946 2609 5023 tentationem,
2668 4943 2782 5013 sed

845 5027 1079 5095 liberet
1122 5051 1162 5096 a
1201 5031 1392 5098 malo.
1471 5030 1726 5114 Quibus
1758 5033 1978 5100 verbis
2011 5033 2082 5097 in
2115 5034 2342 5115 primis
2371 5033 2785 5116 agnoscimus

847 5134 969 5180 nos
1021 5114 1294 5182 diabolis
1351 5118 1679 5201 expositos
1740 5120 1893 5200 fore,
1951 5118 2078 5185 nisi
2121 5118 2247 5184 Dei
2292 5117 2676 5185 admiranda
2717 5127 2786 5184 et

850 5200 1101 5265 infinita
1157 5204 1447 5284 potentia
1499 5214 2012 5290 protegeremur.
2100 5204 2357 5271 Deinde
2401 5217 2467 5269 et
2509 5225 2782 5289 cognos-

2487 293 2890 360 HOMILIA
2944 293 3188 361 LXXI.
4651 301 4737 367 316

2882 485 3089 549 cimus
3149 505 3267 551 nos
3321 486 3464 551 Deo
3518 484 3810 569 quotidie
3850 484 4093 550 multas
4135 486 4496 551 occasiones
4533 485 4741 554 derelin-

2882 567 3123 651 quendi
3181 591 3298 635 nos
3342 581 3408 635 et
3451 571 3582 637 illis
3624 571 4047 655 permittendi
4093 571 4434 654 praebere:
4499 572 4742 655 siquidem

2883 656 2966 721 ab
3008 654 3213 738 ipsius
3257 657 3464 722 sancti
3509 657 3780 740 spiritus
3816 656 3961 721 luce
3996 656 4379 737 recedimus,
4420 658 4744 742 gratiamque

2880 740 3088 825 ipsius
3144 762 3274 824 qua
3317 764 3436 808 nos
3479 742 3561 807 ad
3606 763 3678 809 se
3719 743 3991 809 attrahit
4034 742 4376 810 reiicimus.
4464 740 4617 809 Saue
4646 760 4743 810 tum

2882 826 3132 909 aliquas
3177 825 3464 894 Satanae
3510 829 3797 895 habenas
3842 829 4039 907 laxat,
4083 829 4199 894 sed
4242 829 4340 893 ita
4376 838 4579 894 tamen
4614 839 4673 894 ut
4696 853 4747 896 cs

2883 915 3218 979 occasione
3277 913 3602 980 discamus
3654 936 3778 980 nos
3821 914 3904 980 ad
3948 914 4075 979 Dei
4119 915 4369 980 cultum
4415 934 4746 996 componere,

2882 1011 2951 1065 et
2990 1001 3062 1064 in
3098 999 3400 1066 maximis
3422 1000 3745 1084 angustiis
3775 1009 3839 1064 et·
3860 1000 4325 1065 afflictionibus
4345 999 4748 1068 ardentioribus

2883 1087 3057 1150 votis
3100 1085 3181 1149 ad
3226 1085 3444 1150 Deum
3491 1087 3856 1170 confugere,
3902 1087 4115 1170 ipsum
4157 1085 4528 1151 invocantes
4564 1108 4635 1150 ne
4668 1110 4748 1153 noe

2886 1169 3172 1237 Satanae
3216 1173 3571 1253 permittat,
3617 1171 3731 1237 sed
3772 1173 3837 1237 in
3884 1192 4069 1237 suam
4115 1171 4386 1237 tutelam
4421 1170 4679 1254 recipiat,
4710 1184 4751 1239 et

2882 1258 2978 1322 ita
3020 1256 3350 1322 custodiat
3394 1266 3466 1322 ut
3510 1279 3628 1323 nos
3672 1256 3878 1324 Satan
3924 1277 4276 1341 aggressus
4317 1277 4574 1339 operam
4605 1257 4751 1333 ludat,

2880 1351 2950 1407 et
3006 1342 3170 1407 nihil
3230 1341 3297 1407 in
3361 1364 3476 1409 nos
3532 1347 3756 1425 possit,
3813 1355 3880 1409 et
3935 1343 4157 1408 omnia
4202 1343 4387 1408 nobis
4430 1342 4497 1407 in
4540 1344 4753 1408 salutem

2880 1426 3132 1494 cedant.
3201 1428 3382 1493 Haec
3418 1430 3632 1511 itaque
3668 1428 3845 1495 dicta
3878 1440 4072 1494 sunto
4107 1429 4186 1495 de
4226 1428 4466 1513 spiritu
4501 1429 4600 1493 illo
4630 1430 4753 1493 malo

2882 1511 3149 1580 Saulem
3198 1514 3545 1598 affligente,
3587 1516 3698 1597 qui
3742 1528 3961 1579 tamen
4004 1512 4133 1579 Dei
4177 1515 4447 1597 spiritus
4490 1513 4661 1578 fuisse
4688 1514 4753 1579 di·

2880 1601 3071 1666 citur.
3158 1601 3367 1665 Porro
3437 1621 3640 1682 quum
3712 1601 4014 1683 spiritum
4089 1600 4385 1679 dicimus,
4458 1599 4757 1665 cavendnm

2882 1705 3277 1769 magnopere
3322 1705 3404 1749 ne
3449 1685 3925 1751 confundamus
3971 1707 4118 1752 cum
4164 1696 4394 1752 sancto
4439 1684 4548 1749 illo
4579 1687 4757 1769 spiritu

2883 1771 3028 1847 Dei,
3073 1772 3187 1854 qui
3231 1770 3518 1836 eiusdem
3564 1784 3664 1837 est
3706 1774 4024 1838 essentiae
4068 1783 4134 1836 et
4176 1772 4423 1855 gloriae
4466 1791 4604 1837 cum
4642 1771 4758 1837 Deo.

2881 1856 2944 1923 Is
2988 1857 3162 1922 enim
3207 1867 3472 1924 sanctus
3507 1857 3770 1940 spiritus
3805 1858 3949 1922 Deo
3983 1857 4427 1924 coessentialis
4462 1858 4623 1921 omni
4656 1858 4761 1921 boni

2881 1945 3028 2008 fons
3088 1951 3187 2008 est
3233 1949 3301 2006 et
3357 1942 3571 2026 origo:
3637 1942 3751 2008 sed
3809 1945 3933 2009 iste
3990 1943 4259 2026 spiritus
4316 1953 4570 2009 creatus
4608 1956 4689 2008 est
4718 1954 4764 2008 et

2882 2039 3184 2094 naturam
3243 2037 3312 2093 et
3362 2027 3797 2094 substantiam
3852 2051 3894 2093 a
3943 2028 4089 2094 Deo
4136 2030 4398 2111 accepit.
4490 2027 4764 2108 Quemad-

2882 2115 3144 2179 modum
3203 2125 3423 2178 autem
3481 2113 3684 2179 bonos
3735 2114 4002 2199 angelos
4046 2116 4313 2199 spiritus
4359 2115 4485 2179 Dei
4528 2115 4765 2192 dicimus,

2883 2222 3013 2267 non
3058 2198 3226 2283 quod
3272 2200 3546 2265 eandem
3593 2199 3877 2266 habeant
3920 2221 4067 2265 cum
4112 2200 4256 2265 Deo
4290 2201 4647 2282 essentiam,
4683 2199 4765 2265 sed

2883 2286 3056 2368 quod
3111 2286 3191 2351 ab
3234 2286 3374 2366 ipso
3420 2287 3678 2350 formati
3723 2298 3789 2351 et
3830 2288 4032 2352 creati
4077 2296 4251 2363 sunt,
4310 2286 4407 2351 sic
4451 2296 4517 2350 et
4559 2286 4630 2350 de
4666 2284 4764 2349 dia·

2885 2371 3046 2437 bolis
3124 2370 3537 2436 sentiendum
3602 2391 3880 2454 quorum
3945 2374 4044 2436 ori
4090 2394 4128 2438 o
4193 2371 4424 2437 cadem
4488 2373 4607 2436 fuit
4660 2392 4766 2435 cum

2883 2458 3073 2524 bonis
3114 2455 3384 2539 angelis.
3473 2457 3700 2540 Neque
3742 2458 3918 2523 enim
3966 2481 4004 2522 a
4115 2479 4193 2523 eo
4235 2459 4438 2522 creati
4484 2471 4623 2522 sunt
4655 2458 4767 2521 muli

2885 2545 3106 2626 quales
3167 2543 3360 2607 hodie
3420 2542 3742 2626 videmus,
3800 2554 3867 2609 et
3925 2545 4183 2626 qualem
4243 2564 4470 2608 eorum
4509 2543 4769 2607 malitiam

2884 2651 3069 2695 sacra
3111 2629 3433 2710 scriptura
3476 2628 3659 2693 nobis
3706 2629 4033 2712 depingit:
4080 2630 4192 2694 sed
4235 2629 4531 2711 corrupti
4573 2638 4703 2694 sunt
4727 2640 4769 2690 et

2885 2738 2923 2780 a
2979 2735 3097 2781 sua
3154 2715 3405 2798 origine
3464 2714 3837 2780 decidentes
3880 2737 3918 2779 a
3961 2715 4107 2779 Deo
4152 2714 4456 2779 alienati:
4520 2713 4771 2797 quemad·

2885 2801 3145 2866 modum
3207 2812 3274 2863 et
3330 2799 3660 2865 hominem
3718 2799 3799 2865 de
3856 2821 3975 2866 sua
4029 2802 4146 2866 illa
4200 2802 4487 2884 pristina
4542 2803 4772 2883 puritate

2886 2887 3199 2952 decidisse
3267 2887 3486 2950 miseri
3547 2886 3759 2951 adhuc
3815 2887 4152 2953 sentimus.
4241 2886 4496 2951 Verum
4556 2898 4773 2969 quanta·

2884 2993 3142 3055 cunque
3187 2973 3274 3037 sit
3318 2970 3718 3037 diabolorum
3765 2971 3995 3050 rabies,
4062 2984 4603 3055 quantuscunque
4640 2973 4773 3036 furor

2884 3081 3009 3142 quo
3049 3057 3361 3123 adversus
3405 3057 3623 3121 Deum
3669 3060 4023 3141 insurgunt
4064 3069 4133 3124 et
4174 3058 4611 3133 recalcitrant,
4652 3056 4773 3121 nihil

2888 3158 3105 3209 tamen
3166 3157 3439 3226 possunt
3499 3145 3769 3221 efficere,
3831 3154 3898 3208 et
3955 3144 4061 3209 vel
4114 3145 4356 3210 invitos
4416 3143 4543 3209 Dei
4600 3154 4775 3226 poten·

2886 3231 3016 3296 tiae
3052 3228 3280 3295 subiici
3304 3250 3568 3294 necesse
3592 3240 3708 3303 est,
3745 3228 4171 3313 eiusdemque
4205 3229 4522 3295 mandata
4538 3227 4773 3311 exsequi.

2883 3317 2985 3382 Ac
3022 3316 3172 3382 licet
3208 3316 3447 3381 furiose
3483 3314 3608 3397 ipsi
3651 3315 3786 3380 Deo
3823 3316 4126 3380 resistere
4154 3327 4495 3393 conentur,
4540 3315 4777 3380 iustitias

2883 3413 3104 3469 tamen
3150 3403 3352 3484 ipsius
3396 3401 3679 3465 ministri
3725 3419 3865 3466 esee
3908 3411 4249 3485 coguntur.

3055 3487 3197 3552 Iam
3263 3507 3421 3551 vero
3477 3487 3652 3569 agite
3709 3486 4159 3570 expendamus
4214 3508 4382 3568 quae
4442 3488 4552 3553 hic
4589 3488 4778 3551 iterum

2885 3574 3222 3641 dicuntur:
3292 3571 3379 3637 Et
3438 3571 3646 3653 factus
3709 3577 3797 3637 est
3858 3573 4130 3653 spiritu-s·
4185 3572 4459 3638 Domini
4515 3572 4777 3638 malmin

2888 3659 3077 3725 Saul:
3124 3658 3362 3741 quibus
3401 3657 3615 3724 verbis
3652 3657 3957 3723 doeemur
3981 3657 4246 3725 Saulem
4272 3660 4339 3723 in
4369 3662 4556 3741 peius
4576 3675 4779 3739 semper

2884 3756 3183 3810 ruentem
3229 3745 3427 3809 etiam
3472 3744 3838 3826 graviorem
3883 3746 3952 3809 in
3997 3765 4185 3809 suum
4230 3756 4431 3827 caput
4476 3745 4603 3809 Dei
4641 3743 4780 3808 ultio-

2886 3851 3034 3896 nem
3093 3829 3526 3896 aecersivisse.
3614 3828 3833 3912 Atque
3893 3831 4014 3897 hoc
4072 3829 4316 3895 diserte
4376 3831 4567 3895 Deus
4621 3830 4780 3896 fuerat

2883 3919 2950 3983 in
3013 3918 3157 4000 lege
3209 3936 3328 3982 sua
3371 3916 3820 3993 comminatus,
3886 3936 3957 3979 se
3998 3914 4448 3981 crescentibus
4496 3917 4777 3981 hominum

2884 4003 3157 4079 delictis,
3216 4010 3286 4065 et
3329 4000 3643 4068 adversus
3686 4001 3815 4066 Dei
3856 4002 4073 4067 minas
4116 4022 4260 4067 sese
4305 4000 4777 4069 obfirmantibue,

2882 4090 3084 4155 etiam
3157 4107 3399 4169 poenas
3453 4086 4056 4169 multiplicaturum.
4145 4087 4238 4152 Et
4292 4108 4495 4171 saepe
4551 4083 4779 4154 occurrit

2881 4178 2952 4241 in
2996 4175 3199 4241 sacris
3243 4193 3371 4237 vox
3415 4171 3544 4249 illa,
3587 4173 3811 4253 septies
3842 4192 3908 4239 se
3929 4193 4172 4254 poenas
4205 4178 4559 4251 auctarum,
4603 4183 4670 4238 ut
4695 4172 4777 4235 ho-

2882 4262 3094 4326 mines
3153 4270 3411 4335 terreat,
3472 4278 3556 4323 ne
3600 4267 3834 4341 putent
3875 4268 4026 4340 post
4067 4258 4322 4342 aliquas
4365 4259 4599 4344 plagas
4636 4277 4777 4342 paca·

2884 4359 3045 4424 tum,
3088 4343 3202 4410 sed
3239 4364 3445 4410 novas
3479 4342 3754 4409 subinde
3789 4354 4102 4427 metuant,
4140 4355 4209 4410 et
4243 4343 4439 4428 longe
4475 4345 4777 4430 graviores

2887 4430 3313 4515 Septenarius
3358 4431 3530 4494 enim
3579 4428 3688 4494 ille
3723 4451 4039 4496 numerus
4073 4430 4390 4513 accipitur
4426 4452 4550 4514 pro
4582 4432 4779 4496 incerto

2884 4529 2952 4584 et
3009 4536 3268 4600 magno.
3360 4515 3539 4581 Deus
3592 4515 3810 4599 itaque
3868 4516 3936 4581 in
3995 4517 4372 4599 septuplum
4428 4537 4665 4601 poenas
4697 4532 4779 4577 su·

2885 4605 3080 4689 gebit,
3125 4602 3252 4666 nisi
3294 4609 3526 4685 sponte
3568 4620 3689 4667 nos
3732 4601 3856 4684 ipsi
3900 4600 4339 4682 subiiciamus,
4398 4614 4472 4668 et
4515 4604 4585 4669 in
4625 4598 4779 4685 ipsius

2884 4689 3262 4772 obsequium
3299 4707 3779 4769 componamus,
3813 4696 3881 4753 et
3911 4687 4125 4771 plagis
4151 4688 4361 4772 ipsius
4383 4689 4777 4759 emendemur,

2884 4785 2954 4842 et
3031 4774 3362 4840 meliorem
3430 4782 3716 4837 mentem
3782 4771 4149 4839 induamus.
4238 4773 4426 4841 Haec
4490 4783 4642 4841 sunt
4693 4772 4775 4835 hot

2883 4861 3024 4928 loco
3059 4860 3407 4944 diligenter
3435 4859 3859 4941 observanda,
3893 4858 4445 4941 quemadmodum
4469 4870 4537 4926 et
4555 4856 4775 4941 insignit

2885 4956 2985 5014 est
3026 4946 3207 5012 locus
3253 4943 3533 5022 Psalmo,
3579 4943 3697 5009 32:
3743 4954 4081 5028 sperantes
4123 4944 4194 5010 in
4238 4945 4532 5011 Domino
4574 4941 4773 5010 miseri·

2885 5033 3109 5101 cordia
3151 5031 3358 5115 ipsius
3400 5030 3808 5109 circumdari,
3855 5045 3930 5095 ut
3972 5051 4044 5095 re
4087 5031 4231 5115 ipsa
4272 5034 4686 5115 experiantur
4709 5046 4776 5093 sn·

2886 5119 3091 5185 lutem
3157 5117 3446 5201 ipsorum
3511 5134 3706 5183 curae
3770 5138 3911 5183 esse
3976 5116 4301 5182 Domino:
4366 5126 4595 5184 contra
4645 5130 4773 5187 m

2888 5205 3098 5271 multa
3155 5224 3300 5270 esse
3350 5201 3609 5287 flagella
3666 5202 4038 5286 peccatoris.
4128 5201 4219 5268 Et
4277 5200 4773 5286 quemadmodum
