5059 6059
308 327 426 392 629

310 515 411 586 sed
463 515 526 580 in
584 515 781 579 verbo
841 534 960 579 suo
1019 512 1167 579 vult
1223 515 1506 600 agnosci.
1597 514 1818 597 Quare
1862 515 1919 580 si
1962 514 2032 579 in
2079 515 2222 582 eius

310 600 528 690 populo
584 598 836 665 censeri
893 598 1217 682 volumus,
1285 599 1610 666 discamus
1666 601 1813 666 ‘eius
1856 603 2057 668 verbo
2101 619 2223 667 nos

311 687 687 762 submittere,
729 694 794 749 et
838 685 1159 770 regendos
1205 685 1378 751 dare.
1472 686 1558 750 Et
1604 689 1908 770 quoniam
1942 688 2220 752 verbum

312 794 481 841 suum
525 791 639 854 per
682 771 1007 855 evangelii
1067 771 1398 837 ministros
1455 772 1813 855 praedicari
1871 772 2100 854 voluit,
2157 783 2223 840 et

313 881 411 926 eos
451 855 679 941 quibus
740 858 862 923 hoc
925 879 1164 922 munus
1208 859 1624 924 commissum
1670 869 1770 924 est
1820 859 2033 924 audiri
2076 873 2222 925 tan-

308 965 479 1029 quam
532 945 735 1025 ipsius
792 945 1054 1008 nomine
1111 943 1344 1008 salutis
1398 945 1705 1010 nuntium
1766 944 2070 1023 ferentes,
2136 945 2219 1010 li-

308 1031 516 1096 benter
557 1049 677 1093 nos
720 1029 801 1094 ab
857 1030 1019 1113 ipsis
1079 1028 1294 1095 doceri
1349 1032 1698 1114 patiamur.
1790 1031 1886 1097 Ac
1928 1031 2218 1096 vicissim

307 1116 403 1200 qui
457 1127 746 1198 pastores
805 1126 872 1179 et
930 1115 1226 1180 doctores
1270 1116 1523 1180 censeri
1570 1117 1816 1197 volunt,
1876 1117 2040 1182 tales
2083 1118 2222 1182 sint

304 1224 368 1267 re
406 1201 539 1284 ipsa
576 1199 808 1284 *quales
850 1199 1078 1267 haberi
1122 1200 1370 1278 volunt,
1416 1203 1469 1267 si
1517 1202 1873 1268 Dominum
1919 1212 2219 1270 nostrum

304 1287 502 1353 Iesum
559 1284 899 1350 Christum
962 1285 1087 1352 Dei
1145 1286 1358 1354 filium
1426 1307 1544 1372 pro
1604 1290 1924 1373 magistro
1990 1290 2221 1355 volunt

301 1372 645 1437 admittere.
749 1369 934 1436 Haec
992 1372 1198 1456 igitur
1263 1372 1384 1438 hoc
1441 1373 1581 1438 loco
1639 1373 1980 1439 retinenda
2045 1385 2220 1455 sunt,

301 1478 479 1541 quum
522 1457 760 1522 dicitur
804 1458 1083 1541 populus
1127 1458 1334 1524 Israel
1379 1456 1597 1526 Deum
1657 1460 1978 1560 reiecisse,
2048 1461 2219 1544 quod

300 1543 654 1608 Samuelem
725 1545 1069 1610 reiecisset.
1169 1542 1351 1625 Quid
1410 1544 1546 1609 ita?
1650 1544 1841 1627 Quod
1909 1547 2217 1611 nimirum

304 1627 551 1696 Samuel
596 1629 720 1694 sibi
766 1628 946 1697 illam
994 1630 1379 1715 dignitatem
1422 1651 1559 1696 non
1607 1652 1756 1700 arro
1805 1641 1978 1697 asset
2020 1632 2132 1697 sed
2181 1654 2220 1698 a

300 1714 565 1779 Domino
628 1716 997 1797 accepisset.
1100 1715 1391 1798 Populus
1442 1717 1668 1800 itaque
1737 1720 1759 1784 i
1812 1717 1836 1783 i
1889 1718 2222 1799 resistens,

301 1801 496 1866 Deum
542 1799 810 1865 videtur
852 1802 1141 1882 reficere,
1178 1813 1245 1867 et
1278 1801 1419 1866 eius
1454 1802 1803 1886 imperium
1842 1804 2222 1889 detrectare,

302 1897 360 1950 et
396 1886 829 1956 obedientiam
892 1887 988 1951 illi
1048 1888 1392 1970 denegare.
1480 1887 1719 1953 Danda
1774 1889 1978 1974 igitur
2022 1909 2221 1973 opera

296 1983 384 2038 est
416 1992 494 2036 ne
527 1971 849 2038 adversus
877 1973 1086 2039 Deum
1125 1972 1491 2051 efferamur,
1539 1984 1607 2039 et
1642 1975 1813 2058 quod
1861 1977 2222 2042 cervicibus

296 2056 501 2140 iugum
543 2060 861 2144 imposuit
926 2061 1368 2125 excutiamus:
1430 2058 1544 2126 sed
1591 2063 1805 2144 potius
1848 2061 2104 2146 placide
2149 2061 2214 2127 in

295 2163 366 2207 ea
418 2146 746 2209 vocat-ione
800 2106 881 2209 ad
948 2163 1146 2229 quam
1219 2147 1474 2210 vocavit
1536 2145 1921 2212 incedamus
1986 2157 2055 2213 et
2119 2143 2217 2213 illi

294 2229 660 2294 serviamus.
747 2227 898 2310 Qua
953 2231 1208 2296 ratione
1262 2232 1560 2297 futurum
1618 2243 1718 2297 est
1761 2241 1835 2298 ut
1876 2231 2063 2300 nobis
2106 2233 2219 2299 be-

297 2316 665 2400 nefaciendi,
726 2326 795 2379 et
850 2315 1131 2400 gratiam
1178 2318 1392 2402 gratia
1433 2317 1810 2386 cumulandi
1854 2321 1964 2387 via
2008 2320 2219 2404 magis

294 2419 361 2463 ac
415 2402 621 2486 magis
674 2412 1120 2485 praeparetur.
1222 2403 1430 2467 Porro
1493 2401 1763 2471 Samuel
1827 2406 2214 2470 nominatim

294 2487 631 2569 exprobrat
684 2487 926 2569 populo
983 2488 1185 2552 animi
1239 2487 1326 2552 im
1379 2491 1688 2554 otentiam
1733 2490 1802 2556 in
1848 2511 2025 2576 rege,
2086 2511 2217 2575 quo

292 2592 410 2636 non
451 2571 773 2637 haberent
813 2593 994 2656 opus,
1038 2573 1311 2660 flagitan
1360 2596 1414 2652 o,
1462 2573 1637 2658 quod
1678 2576 1746 2640 in
1792 2577 2113 2660 angustiis
2157 2576 2221 2642 ei

291 2655 458 2724 Deus
501 2658 825 2723 auxilium
873 2679 1178 2741 praesens
1219 2660 1349 2725 alia
1391 2659 1644 2726 ratione
1686 2661 1967 2727 tulisset.
2045 2662 2217 2728 Nam

291 2762 433 2808 saue
474 2744 567 2808 ita
612 2753 908 2808 tentatur
953 2744 1134 2810 Deus
1177 2766 1381 2828 quum
1436 2747 1800 2812 auxiliandi
1842 2747 2095 2827 modus,
2151 2757 2219 2814 et

291 2847 499 2911 preces
543 2826 941 2895 exaudiendi
988 2851 1069 2894 ex
1115 2832 1388 2896 arbitrio
1430 2831 1717 2898 humano
1760 2833 1859 2898 illi
1904 2835 2219 2917 praescri-

296 2916 467 2981 bitur.
559 2914 737 2982 Sane
798 2916 1113 2984 hactenus
1169 2917 1426 2999 experti
1482 2939 1709 2986 sumus
1764 2919 2004 3001 Deum,
2063 2919 2217 2986 licet

292 3020 410 3065 non
443 3000 522 3066 ad
559 3001 831 3066 omnian
854 3009 1033 3066 ostra
1081 3012 1231 3068 vota
1265 3001 1688 3087 responderit,
1725 3011 1942 3069 tamen
1981 3025 2214 3089 oppor-

292 3093 437 3151 tuno
499 3100 798 3170 tempore
858 3086 1042 3152 nobis
1106 3088 1422 3154 auxilium
1489 3090 1807 3156 attulisse.
1904 3091 2215 3176 Exempli

397 3172 517 3238 tia:
573 3173 830 3256 quibus,
890 3193 1146 3256 quaes0,
1206 3174 1569 3242 rationibus
1615 3175 1800 3242 Deus
1857 3198 1976 3242 nos
2020 3178 2087 3241 in
2134 3177 2212 3243 li-

363 3270 590 3323 rtatem
615 3253 945 3322 asseruit?
993 3258 1134 3324 Nae
1172 3262 1345 3326 vires
1380 3260 1705 3329 humanas
1743 3282 1872 3328 non
1896 3261 2215 3343 adhibuit,

287 3342 387 3407 sed
432 3344 709 3410 salutem
754 3357 1046 3409 nostram
1090 3346 1160 3409 in
1205 3346 1586 3414 infirmitate
1630 3348 1917 3434 perfecit,
1977 3361 2049 3414 ut
2091 3349 2212 3414 mi-

287 3430 407 3494 rari
470 3450 590 3496 nos
638 3440 957 3513 ·oporteat
1023 3438 1156 3496 tam
1222 3432 1681 3500 miraculosam
1745 3433 2216 3519 liberationem,

287 3533 465 3597 quam
507 3515 648 3584 sola
692 3514 820 3580 Dei
882 3516 1095 3582 virtus
1154 3529 1423 3601 operata
1481 3528 1612 3585 est:
1670 3530 1863 3603 atque
1920 3520 2212 3586 omnium

285 3612 640 3666 nostrorum
688 3619 1003 3667 sensuum
1048 3604 1631 3685 apprehensionem
1670 3607 2026 3690 superavit.
2085 3606 2218 3673 Itan

284 3706 397 3767 que
452 3708 792 3771 nunquam
848 3685 1158 3754 debemus
1219 3691 1298 3755 ab
1361 3690 1483 3757 hac
1542 3692 1832 3758 anchora
1876 3691 2215 3772 dimoveri,

284 3769 483 3838 Deum
530 3784 607 3837 ut
649 3794 772 3838 nos
817 3772 1138 3840 hactenus
1171 3775 1240 3839 in
1283 3775 1653 3842 libertatem
1699 3778 1997 3859 asseruit,
2041 3777 2213 3844 idem

284 3854 343 3920 in
384 3871 716 3941 posterum
763 3880 903 3923 esse
948 3859 1298 3942 facturum,
1342 3868 1409 3926 et
1453 3865 1699 3947 gratias
1734 3883 1886 3930 suas
1919 3863 1988 3929 in
2028 3865 2217 3930 nobis

282 3957 634 4022 aucturum,
691 3943 885 4009 modo
940 3944 1245 4011 fiduciam
1303 3967 1565 4014 omnem
1623 3959 1916 4016 nostram
1959 3950 2032 4014 in
2076 3948 2216 4034 ipso

281 4028 675 4096 collocemus.
742 4030 838 4095 At
874 4031 930 4096 si
976 4029 1246 4097 levitate
1289 4032 1590 4117 quadam,
1636 4044 1699 4099 et
1745 4056 1966 4100 rerum
2010 4057 2216 4103 nova-

280 4131 414 4179 rum
460 4116 820 4200 cupiditate
881 4117 1076 4196 ducti,
1136 4119 1290 4202 quid
1349 4121 1536 4186 nobis
1593 4120 1753 4188 utile
1810 4121 1893 4188 ad
1938 4121 2215 4187 salutem

280 4199 572 4298 yideatnr
613 4202 758 4267 Deo
802 4203 1249 4286 praescribere
1292 4225 1805 4289 praesumamus,
1859 4214 1927 4273 et
1969 4207 2217 4291 aliquid

281 4283 565 4352 illicitum
600 4297 832 4354 contra
868 4287 1082 4354 Deum
1122 4310 1517 4371 moveamus,
1560 4304 1814 4359 certum
1858 4303 1961 4360 est
2001 4293 2217 4377 ipsum

280 4374 632 4438 mercedem
715 4393 911 4456 quam
988 4396 1321 4443 meremur
1382 4378 1886 4461 persoluturum.
1986 4380 2218 4464 Neque

280 4465 483 4523 tamen
540 4458 696 4524 ideo
756 4479 925 4544 nego
981 4461 1138 4543 quin
1202 4461 1397 4529 hodie
1440 4464 1761 4547 quaedam
1808 4465 1980 4530 vitae
2023 4487 2215 4551 prae·

281 4542 433 4608 sidia
495 4545 873 4626 habeamus,
940 4566 1106 4629 quae
1164 4559 1359 4614 antea
1414 4571 1547 4616 non
1607 4549 2040 4617 habebamus:
2101 4553 2216 4618 sed

281 4625 413 4694 dico
455 4630 611 4710 fore,
660 4643 751 4708 ut,
813 4632 869 4696 si
914 4632 983 4696 in
1044 4632 1176 4699 illis
1233 4655 1416 4718 spem
1464 4645 1761 4708 nostram
1804 4636 2213 4718 collocemus,

282 4721 342 4775 et
378 4718 622 4782 nostris
684 4717 935 4782 viribus
995 4727 1064 4783 et
1109 4717 1397 4786 consiliis
1442 4723 1751 4804 nitamur,
1803 4724 2019 4788 Deum
2069 4735 2214 4789 ten-

280 4807 499 4880 temus,
534 4812 603 4869 et
625 4802 1073 4869 contumeliosi
1114 4805 1319 4872 simus
1355 4806 1678 4873 adversus
1713 4808 1855 4874 eius
1878 4809 2211 4889 beneficia,

283 4895 342 4946 et
392 4898 705 4969 quantum
763 4889 831 4953 in
890 4891 1079 4956 nobis
1129 4902 1228 4957 est.
1285 4914 1361 4958 ea
1424 4893 1692 4976 pedibus
1736 4894 2213 4961 conculcemus.

282 4966 443 5037 Hinc
482 4975 705 5058 itaque
750 4974 1094 5052 discamus,
1140 4975 1283 5043 Deo
1322 4999 1446 5045 ‘nos
1493 4979 1692 5046 variis
1738 4980 2066 5047 beneficiis
2103 5004 2213 5048 cu·

280 5057 578 5137 mulante,
642 5060 773 5125 illis
831 5063 1236 5145 acquiescere
1295 5063 1460 5131 nihil
1520 5066 1750 5149 cupide
1795 5066 1971 5131 aliud
2016 5089 2212 5153 expe-

280 5145 494 5225 tentes,
554 5165 768 5228 neque
828 5147 1262 5214 mutationem
1321 5152 1521 5216 ullam
1569 5162 1974 5235 quaerentes,
2022 5155 2212 5237 quasi

1662 325 1764 391 IN
1807 326 1863 393 Ι.
1910 325 2086 392 LIB.
2134 321 2539 392 SAMUEL.
2600 324 2802 392 OAP.
2845 326 2937 392 X.

4142 327 4276 394 630

2329 514 2417 580 sit
2474 515 2929 597 profuturum:
2995 513 3108 580 sed
3169 515 3387 598 potius
3443 526 3873 598 agnoscentes
3917 515 4133 580 Deum
4191 535 4276 583 ea

2324 600 2656 685 praesidia
2711 600 2892 665 vitae
2948 601 3184 683 quibus
3243 599 3561 666 haetenus
3624 598 3832 665 adiuti
3900 620 4131 667 sumus
4197 602 4272 668 in

2327 694 2665 770 posterum
2723 687 3256 752 continuaturum
3320 698 3385 749 et
3440 689 4005 769 perpetuaturum‚
4073 687 4270 753 modo

2327 794 2409 837 ne
2452 782 2680 838 nostra
2721 771 3199 856 ingratitudine
3243 772 3520 856 gratiam
3567 772 3771 856 ipsius
3816 771 4270 855 impediamus.

2323 859 2556 944 Pergit
2597 877 2756 923 veno
2799 858 3072 924 Samuel
3119 857 3361 942 populo
3406 858 3770 940 patefacere
3806 858 3935 924 Dei
3979 859 4271 942 ipsorum

2323 944 2480 1011 licet
2565 943 2990 1029 indignorum
3077 943 3449 1009 miserentis
3535 943 4053 1008 beneficentiam.
4175 944 4272 1010 At

2322 1032 2505 1117 prior
2538 1030 2654 1095 illa
2686 1029 3107 1113 reprehensio
3141 1029 3457 1095 debuerat
3494 1028 3644 1093 illos
3680 1028 3761 1094 ad
3797 1031 4272 1113 poenitentiam

2322 1135 2594 1183 vocare:
2640 1114 2753 1182 sed
2793 1114 3087 1180 indurati
3131 1124 3341 1181 erant.
3409 1115 3499 1181 Et
3542 1114 3785 1181 idcirco
3829 1114 4098 1181 Samuel
4137 1116 4269 1182 Dei

2322 1201 2835 1269 misericordiam
2871 1203 3030 1285 ipsis
3073 1200 3395 1285 patefacit,
3438 1208 3515 1264 ut
3551 1199 3764 1267 sciant
3798 1219 3887 1282 se,
3924 1202 3981 1266 si
4015 1203 4083 1266 in
4125 1222 4271 1284 pos-

2323 1298 2538 1354 terum
2586 1287 2804 1354 Saulis
2871 1289 3067 1354 ductu
3128 1297 3196 1352 et
3238 1286 3543 1369 auspiciis
3602 1306 3914 1370 prospero
3959 1307 4268 1353 successu

2322 1395 2546 1440 rerum
2595 1385 2888 1453 utantur,
2943 1383 3009 1439 et
3052 1372 3134 1438 de
3179 1373 3478 1439 hostibus
3522 1374 3662 1437 suis
3707 1393 3749 1437 a
3791 1369 4080 1438 Domino
4125 1374 4266 1440 vic-

2323 1462 2556 1526 toriam
2602 1467 2953 1544 reportent,
3009 1479 3139 1524 non
3185 1457 3330 1524 ideo
3374 1468 3594 1523 tamen
3641 1457 3860 1522 efferri
3904 1458 4156 1537 debere,
4202 1468 4272 1524 et

2323 1547 2610 1631 gloriari,
2669 1546 2857 1628 quasi
2903 1545 3118 1610 Deum
3176 1545 3304 1628 ipsi
3361 1545 3888 1628 praevenissent:
3953 1545 4067 1609 sed
4127 1545 4270 1611 eius

2323 1631 2806 1698 misericordiae
2847 1649 3169 1696 memores
3212 1650 3354 1695 esse
3410 1639 3732 1714 oportere,
3798 1649 3926 1713 qua
3969 1629 4107 1695 sola
4150 1626 4268 1695 ad·

2324 1719 2559 1784 ductus
2604 1717 2850 1782 malum
2894 1716 3184 1800 ipsorum
3231 1718 3299 1780 in
3343 1716 3586 1782 bonum
3632 1726 4070 1781 converterat.

2494 1804 2717 1886 Atque
2746 1802 2892 1868 ideo
2915 1802 3188 1869 Samuel
3219 1801 3636 1884 iniquitatem
3677 1807 3748 1867 et
3786 1801 4268 1866 contumaciam

2322 1890 2613 1974 ipsorum
2639 1888 2996 1971 amplificat
3017 1888 3142 1952 hac
3163 1887 3673 1966 circumstantia,
3754 1886 3882 1951 uod
3906 1886 4268 1952 dixissent:

2326 1973 2776 2058 Nequaquam.-
2829 1975 2942 2040 sed
2994 1994 3204 2057 reyem
3246 1973 3589 2057 poscimus.
3745 1992 3860 2038 oce
3900 1973 4079 2038 enim
4120 1971 4267 2038 illa:

2326 2061 2764 2144 Nequaquam,
2807 2059 3108 2127 videmus
3151 2059 3362 2144 magis
3405 2058 3686 2143 exprimi
3730 2058 4104 2141 superbiam
4150 2079 4274 2143 po-

2319 2148 2480 2232 puli,
2520 2156 2590 2211 et
2633 2146 2816 2213 virus
2860 2147 3080 2211 animo
3124 2155 3525 2230 conceptum,
3571 2143 3744 2227 quod
3788 2153 3918 2208 tam
3955 2154 4270 2227 proterve

2321 2244 2388 2299 et
2431 2232 2805 2316 petulanter
2847 2232 2992 2298 Deo
3035 2241 3548 2315 responsassent.
3620 2230 3864 2313 Ecquis
3908 2231 4104 2308 enim,
4149 2230 4267 2296 ob-

2320 2339 2522 2397 secro,
2569 2337 2798 2385 servus
2833 2318 3074 2384 audeat
3109 2317 3268 2383 hero
3307 2318 3401 2382 sic
3434 2313 3865 2399 responsare?
3910 2316 4056 2399 quis
4091 2315 4272 2383 filius

2318 2405 2494 2492 patri
2560 2421 2631 2471 se
2695 2404 2879 2471 iussa
2941 2423 3353 2487 nequaquam
3423 2402 3746 2468 facturum
3812 2401 4072 2480 dixerit,
4154 2412 4272 2467 aut

2322 2491 2469 2578 quis
2526 2489 2831 2556 subditus
2885 2489 3202 2558 domino?
3287 2488 3429 2554 Nae
3498 2506 3629 2552 non
3686 2485 3876 2553 modo
3935 2508 4072 2551 non
4116 2487 4273 2553 licet

2322 2576 2440 2643 ulli
2497 2575 2787 2661 ipsorum
2855 2577 2951 2640 ita
3013 2593 3435 2660 responsare:
3503 2573 3617 2638 sed
3683 2574 3830 2638 sine
3853 2637 3860 2642 ,
3886 2572 4271 2657 exceptione

2322 2663 2555 2730 subiici
2620 2669 2687 2727 et
2748 2660 3010 2727 obedire
3072 2658 3443 2725 iubentibus
3509 2668 3781 2746 oportet.
3884 2657 4057 2740 Quis
4111 2678 4268 2743 ergo

2318 2750 2490 2814 ferat
2532 2748 2805 2813 miseros
2846 2747 3010 2813 istos
3061 2745 3535 2812 homunciones
3593 2751 3661 2810 et
3702 2743 3831 2809 Dei
3878 2745 4041 2810 viles
4087 2763 4271 2810 crea·

2320 2847 2523 2914 turae,
2580 2842 2798 2899 terrae
2851 2831 3204 2898 lumbricos
3246 2831 3663 2915 insurgentes
3708 2831 4025 2895 adversus
4070 2850 4266 2896 suum

2319 2930 2700 2998 creatorem,
2759 2920 2871 3003 qui
2927 2935 3190 2984 omnem
3248 2917 3316 2983 in
3377 2919 3550 3002 ipsos
3609 2915 3807 2981 habet
3849 2925 4261 2999 potestatem,

2319 3015 2388 3073 et
2451 3005 2713 3089 quidem
2771 3019 2905 3069 tam
2965 3003 3328 3070 beneficum
3382 3022 3541 3088 erga
3600 3003 3775 3086 ipsos
3795 3051 3811 3081 ,
3869 3010 3937 3065 et
3998 3020 4270 3084 respon·

2320 3102 2574 3157 santes:
2642 3091 3069 3174 Nequaquam
3125 3090 3274 3156 fiet:
3341 3108 3416 3154 ac
3473 3108 3608 3153 non
3665 3095 4090 3171 agnoscentes
4133 3086 4266 3152 Dei

2320 3195 2610 3256 manum,
2655 3177 2840 3243 cuius
2881 3197 3002 3259 ope
3036 3176 3233 3242 toties
3267 3195 3352 3240 ex
3387 3174 3663 3240 summis
3697 3172 4021 3257 angustiis
4055 3173 4269 3256 erepti

2318 3262 2630 3330 fixerant?
2693 3261 2922 3343 Quare
2964 3260 3234 3329 Samuel
3280 3261 3401 3326 has
3443 3260 3572 3326 illis
3616 3275 3810 3325 voces
3854 3257 4266 3341 exprobrans

2318 3349 2529 3414 voluit
2573 3346 2653 3412 ad
2700 3346 3017 3433 pudorem
3070 3367 3327 3431 vocare,
3388 3358 3453 3411 et
3510 3365 3777 3429 prorsus
3821 3342 4260 3409 confundere:

2318 3433 2704 3501 diabolicam
2767 3434 3063 3519 ipsorum
3130 3433 3378 3498 rabiem
3447 3451 3578 3514 qua
3644 3431 3961 3496 adversus
4037 3429 4261 3513 ipsum

2317 3522 2536 3587 Deum
2596 3520 2738 3586 ausi
2795 3527 2951 3586 sunt
3005 3520 3348 3604 insurgere
3405 3518 3802 3600 exprimens.
3901 3514 4035 3580 Hic
4102 3535 4261 3582 vero

2316 3606 2816 3690 observandum,
2863 3626 2997 3670 non
3042 3606 3341 3670 sufficere
3386 3604 3441 3670 si
3487 3605 3702 3668 Deum
3763 3621 4126 3685 precemur,
4185 3611 4265 3666 ut

2318 3711 2485 3777 quae
2527 3705 2833 3776 optamus
2894 3691 3078 3757 nobis
3137 3690 3420 3774 benigna
3475 3709 3676 3754 manu
3737 3688 4079 3771 largiatur,
4143 3686 4264 3752 sed

2318 3790 2394 3844 ut
2437 3780 2529 3845 sic
2584 3779 2914 3863 appetitus
2956 3787 3214 3842 nostros
3270 3774 3616 3840 contrahat
3659 3784 3725 3838 et·
3766 3782 4140 3856 compescat
4183 3781 4262 3837 ut

2318 3864 2399 3929 ad
2423 3865 2567 3930 eius
2604 3862 3043 3930 obedientiam
3079 3863 3449 3947 exigantur.
3506 3860 3735 3943 Neque
3770 3860 3946 3924 enim
3984 3858 4262 3942 populus

2319 3951 2531 4035 primo
2577 3948 2827 4034 impetu
2873 3971 2943 4016 se
2988 3968 3206 4032 regem
3267 3946 3440 4014 velle
3498 3945 3772 4029 dixerat,
3830 3955 3944 4010 aut
4000 3948 4256 4028 qualem

2318 4035 2443 4102 sibi
2502 4036 2821 4119 placuerit
2876 4035 3258 4113 electurum,
3318 4031 3431 4098 sed
3477 4031 3851 4097 Samuelem
3912 4037 4265 4114 rogaverat

2318 4132 2394 4186 ut
2436 4143 2658 4208 regom
2705 4144 2745 4187 a
2787 4121 3074 4187 Domino
3117 4121 3277 4204 ipsis
3321 4119 3708 4201 impetraret
3750 4128 3818 4182 et
3859 4119 4264 4200 praeficeret.

2319 4206 2587 4293 Rogant
2622 4208 2858 4294 igitur:
2895 4207 3010 4273 sed
3046 4206 3366 4290 quomodo
3403 4203 3686 4290 rogant?
3722 4203 3977 4286 Nempe
4012 4202 4296 4288 faciunt,

2318 4292 2593 4382 perinde
2634 4316 2712 4360 ac
2755 4294 2812 4359 si
2858 4295 3005 4377 quis
3045 4294 3278 4376 stipem
3324 4313 3522 4356 manu
3570 4299 3826 4355 armata
3870 4298 4136 4370 peteret,
4186 4297 4263 4352 ut

2319 4379 2520 4464 vulgo
2578 4378 2835 4446 dieitur.
2927 4383 3334 4463 Arroganter
3390 4380 3566 4443 enim
3621 4374 3745 4441 sibi
3799 4373 3973 4457 quod
4031 4373 4266 4439 volunt

2319 4465 2460 4531 dari
2526 4467 2876 4549 postulant.
2967 4464 3189 4547 Quare
3255 4463 3472 4529 danda
3533 4462 3722 4527 nobis
3779 4479 3991 4543 opera,
4061 4468 4138 4523 ut
4191 4460 4262 4525 in

2316 4552 2619 4617 omnibus
2660 4549 3091 4637 petitionibus
3149 4551 3390 4615 nostris
3444 4547 3707 4612 modum
3763 4554 4123 4621 teneamus,
4192 4557 4262 4610 et

2316 4639 2642 4721 appetitus
2667 4648 2927 4703 nostros
2948 4636 3156 4702 veluti
3192 4637 3416 4701 fraeno
3451 4648 3894 4698 coerceamus:
3930 4652 4014 4695 ne
4040 4632 4258 4696 Deum

2316 4723 2544 4789 eadem
2567 4745 2696 4805 qua
2728 4723 2836 4789 isti
2873 4723 3127 4788 ratione
3165 4722 3535 4805 petulanter
3571 4716 4095 4802 interpellemus:
4141 4728 4258 4783 aut

2314 4809 2537 4893 pravis
2580 4809 2920 4874 affectibus
2964 4807 3457 4893 indulgeamus:
3502 4804 3615 4870 sed
3652 4806 3706 4870 si
3744 4812 3998 4869 nostras
4031 4823 4262 4886 preces

2315 4893 2614 4961 exaudiri
2669 4894 2995 4979 volumus,
3057 4911 3166 4958 eas
3229 4894 3307 4958 ad
3357 4893 3499 4955 eius
3545 4890 3948 4954 voluntatem
3997 4890 4259 4953 consor·

2314 5001 2590 5046 memus.
2676 4979 3118 5062 Quamobrem
3162 4978 3413 5044 Paulus
3459 4975 3916 5058 Philippenses
3961 4974 4068 5038 his
4110 4995 4260 5040 ver·

2312 5068 2413 5133 bis
2454 5066 2788 5132 hortatur:
2831 5065 2935 5133 De
2976 5065 3153 5131 nulla
3194 5085 3265 5128 re
3298 5062 3549 5128 solliciti
3581 5067 3795 5140 estote:
3836 5062 3945 5125 sed
3978 5061 4150 5125 omni
4181 5061 4259 5125 in

2311 5174 2384 5219 re
2430 5154 2724 5236 precffius
2778 5157 2834 5217 et
2886 5151 3359 5234 mappzimtiom,
3419 5165 3556 5213 cum
3610 5148 3972 5232 qratiamm
4021 5148 4258 5212 actione

280 5229 439 5308 quod
496 5231 816 5299 hactenus
874 5233 997 5299 fuit
1051 5235 1240 5301 nobis
1298 5236 1480 5317 utile,
1548 5238 1719 5304 nihil
1762 5239 1831 5304 in
1875 5249 2209 5323 posterum
2301 5239 2634 5323 petitiones
2674 5244 2913 5305 vestrae
2954 5241 3327 5303 innotescant
3367 5234 3543 5318 opud
3583 5235 3813 5300 Deum.
3905 5237 4118 5316 Atque
4160 5233 4264 5298 ita

3744 5339 3849 5396 400
