5059 6059
266 306 333 373 13
1524 305 1622 372 IN
1664 304 1719 372 1.
1764 306 1943 373 LIB.
1992 304 2391 373 SAMUEL.
2434 305 2633 372 CAP.
2678 304 2877 372 XIII.

263 491 512 560 Domino
567 506 793 555 nostro
853 492 1004 558 Iesu
1066 492 1352 577 Christo,
1418 499 1532 578 qui
1592 496 1713 560 boc
1769 497 1981 578 ipsum
2046 518 2157 562 ore

262 599 364 645 suo
401 596 575 642 sacro
617 579 1089 658 pronunciavit.
1159 579 1341 646 Deus
1384 581 1608 664 itaque
1652 604 1721 647 se
1765 582 1895 647 illis
1941 584 2156 649 verbis

261 662 515 729 ostendit
585 662 723 728 fore
786 664 1207 731 favorabilem
1290 677 1359 731 et
1422 668 1780 750 propitium
1853 669 2156 735 omnibus

260 752 376 815 suis
415 748 736 814 fidelibus:
794 770 1002 832 neque
1046 763 1577 834 exspectaturum
1628 753 1833 818 donec
1877 756 2155 838 gemitus

258 839 522 920 ipsorum
577 835 660 899 ad
719 856 790 900 se
849 838 1251 919 perveniant,
1320 850 1386 902 et
1443 841 1513 902 in
1572 841 1747 903 vitae
1806 840 2152 904 discrimen

258 921 663 987 adducantur:
736 920 848 986 sed
916 943 987 987 se
1048 937 1560 1005 praeventurum
1627 946 1738 990 eos
1803 943 2153 991 asseverat.

255 1006 414 1071 Alibi
469 1027 615 1070 vero
672 1006 827 1072 dicit
881 1029 953 1073 se
1006 1012 1226 1074 statim
1286 1008 1397 1073 ubi
1452 1010 1532 1075 ad
1578 1013 1789 1094 ipsum
1832 1011 2155 1077 clamave-

255 1092 374 1155 rint
415 1111 677 1155 manum
724 1092 1102 1160 habiturum
1142 1092 1223 1159 ad
1269 1095 1723 1160 auxiliandum
1770 1097 1926 1179 ipsis
1973 1117 2157 1179 para-

255 1176 569 1243 tissimam.
658 1177 749 1242 Et
807 1178 933 1242 alio
997 1180 1134 1246 loeo
1193 1181 1386 1245 etiam
1433 1182 1773 1265 profitetur
1816 1204 1886 1247 se
1929 1202 2154 1248 aurem

253 1263 730 1328 attentissimam
785 1262 870 1327 ad
929 1264 1218 1329 fidelium
1266 1287 1486 1348 preces
1530 1266 1922 1333 habiturum.
2013 1268 2155 1333 Has

251 1367 456 1412 omnes
506 1348 966 1430 promissiones
1010 1370 1177 1433 quae
1232 1355 1475 1435 passim
1521 1354 1590 1416 iii
1634 1355 1834 1419 sacris
1878 1356 2152 1436 scriptu-

249 1433 329 1498 ris
381 1443 728 1498 occurrunt
763 1436 821 1499 si
866 1436 933 1499 in
980 1457 1184 1501 unum
1228 1436 1703 1520 collegerimus,
1758 1440 1946 1504 facile
1989 1438 2153 1503 iudi-

248 1517 517 1584 cabimus
559 1517 780 1584 Deum
837 1539 964 1584 non
1024 1532 1547 1605 exspectaturum
1604 1545 1804 1606 quum
1861 1526 1934 1590 in
1979 1546 2155 1590 sum·

247 1624 374 1668 mas
428 1603 846 1671 difficultates
901 1618 969 1671 et
1002 1608 1337 1685 angustias
1396 1608 1837 1694 inciderimus,
1894 1624 1966 1675 ut
2009 1631 2154 1693 pre·

243 1688 411 1755 cibus
452 1691 664 1771 ipsum
708 1691 1214 1774 interpellemus,
1256 1705 1325 1759 et
1358 1695 1672 1759 auxilium
1717 1696 2155 1779 imploremus.

244 1774 476 1839 Verum
523 1778 929 1858 experientia
972 1798 1247 1861 prorsus
1290 1780 1688 1846 contrarium
1734 1783 1998 1847 evenire
2041 1782 2153 1847 do-

240 1879 477 1926 cemur:
523 1860 1051 1946 quandoquidem
1087 1865 1158 1928 in
1196 1879 1559 1930 extremum
1596 1867 1770 1931 vitae
1805 1866 2153 1934 discrimen

240 1945 491 2012 adducti
534 1968 578 2012 a
621 1968 813 2012 mane
855 1948 936 2013 ad
981 1970 1352 2031 vesperam,
1412 1961 1480 2016 et
1521 1950 1602 2016 de
1645 1952 1749 2018 die
1794 1954 2029 2019 millies
2070 1954 2152 2018 ad

241 2031 440 2096 Deum
486 2031 952 2111 exclamamus,
1013 2035 1334 2100 auxilium
1391 2039 1532 2104 eius
1587 2039 2027 2122 implorantes,
2086 2053 2156 2106 et

237 2116 612 2199 languentes
677 2139 752 2183 ae
827 2140 1030 2202 paene
1108 2119 1479 2189 deficientes
1557 2125 2006 2204 vociferamur,
2088 2138 2153 2191 et

237 2216 442 2268 tamen
490 2204 632 2270 dies
673 2205 812 2270 abit
861 2207 1004 2270 sine
1047 2207 1308 2285 auxilio,
1365 2223 1436 2272 et
1476 2208 1738 2274 videtur
1783 2213 1963 2277 Deus
2002 2232 2153 2295 pre·

234 2307 331 2353 ces
373 2300 630 2355 nostras
673 2311 803 2356 nou
845 2290 1191 2358 audivisse.
1279 2291 1422 2356 Iino
1463 2296 1899 2363 crescent-ibus
1942 2298 2151 2376 malis,

233 2373 486 2439 videtur
531 2375 747 2457 potius
791 2398 831 2441 a
872 2377 1058 2443 nobis
1101 2379 1459 2453 recessisse.
1519 2392 1586 2444 et
1629 2400 1748 2464 pro
1791 2382 2039 2448 auxilio
2080 2384 2149 2449 in

234 2462 447 2524 mortis
504 2461 856 2528 discrimen
915 2463 1284 2529 coniecisse.
1373 2463 1624 2531 Verum
1684 2467 1827 2533 istis
1884 2470 2150 2535 rationi-

234 2546 343 2610 bus
398 2547 540 2611 fieri
605 2550 1127 2631 experimentum
1184 2549 1533 2633 patientiae
1590 2553 1880 2619 fidelium
1940 2554 2148 2620 scien·

231 2631 376 2696 dum
412 2645 533 2697 est.
629 2632 855 2715 Neque
914 2644 1133 2698 tamen
1180 2647 1526 2719 propterea
1566 2637 1691 2704 sibi
1737 2639 1949 2705 Deum
1994 2661 2151 2706 con-

231 2719 514 2784 trarium.
621 2716 813 2800 Quod
874 2720 928 2784 si
990 2720 1185 2803 probe
1248 2722 1579 2805 cognitum
1648 2724 1774 2789 erit
1839 2746 1879 2789 a
1942 2725 2147 2802 nobis,

225 2803 487 2868 minime
531 2804 772 2869 mirum
820 2803 1150 2870 videbitur
1190 2806 1362 2889 quod
1394 2807 1502 2873 hic
1537 2810 1865 2886 recitatur,
1913 2831 2149 2895 nempe

225 2885 596 2956 Samuelem
642 2890 906 2957 iussisse
950 2890 1220 2958 Saulem
1264 2914 1336 2958 se
1379 2911 1786 2976 exspectare:
1831 2908 1899 2962 et
1926 2908 2148 2963 tamen

224 2995 346 3040 non
406 2988 542 3041 tam
606 2978 735 3043 eito
784 2977 1055 3053 venisse,
1109 2997 1304 3061 quam
1347 2977 1509 3045 Saul
1553 2980 1674 3046 sibi
1718 2995 2147 3066 persuaserat.

221 3058 461 3127 Verum
535 3072 759 3128 tamen
828 3085 955 3128 non
1023 3062 1305 3130 defuisse
1372 3067 1706 3146 promissis
1771 3065 2145 3135 Samuelem

219 3160 462 3213 eertum
506 3158 631 3227 est,
686 3148 798 3231 qui
841 3149 1117 3232 septimo
1161 3148 1285 3225 die,
1346 3163 1418 3215 ut
1456 3151 1885 3233 praedixerat,
1942 3155 2144 3233 venit,

217 3232 361 3299 licet
413 3254 550 3299 non
613 3254 693 3299 ea
744 3232 907 3299 hora
959 3256 1088 3318 qua
1144 3236 1659 3318 exspectabatur.
1747 3242 1963 3322 Atque
2021 3240 2145 3307 boe

216 3318 563 3404 diligenter
607 3318 1087 3386 observandum
1145 3332 1262 3386 est.
1351 3321 1649 3406 Namque
1705 3325 2141 3393 certissimum

217 3417 308 3470 est
369 3404 598 3472 Deum
677 3426 1012 3488 nunquam
1093 3406 1372 3486 tardare,
1450 3427 1661 3491 neque
1738 3412 2141 3477 occasionem

217 3493 598 3574 permittere
643 3502 717 3557 ut
756 3492 1013 3557 effluat:
1058 3491 1171 3557 sed
1230 3513 1486 3575 semper
1540 3505 1981 3578 opportunum
2025 3518 2141 3563 au·

214 3578 440 3643 xilium
505 3578 720 3652 nobis,
788 3588 984 3661 prout
1045 3578 1186 3661 ipse
1249 3580 1683 3645 necessarium
1749 3601 1892 3649 esse
1954 3584 2144 3648 novit

212 3662 481 3731 adferre.
579 3663 831 3730 Idcirco
887 3663 1141 3730 dicebat
1204 3663 1357 3729 olim
1413 3664 1727 3732 Habacuc
1789 3668 2139 3751 propheta:

225 3749 484 3816 Veniens
550 3750 767 3829 veniet,
830 3755 886 3814 et
946 3770 1069 3815 non
1134 3749 1439 3816 tardabit:
1508 3752 1818 3817 nimirum
1873 3755 1929 3820 si
1986 3755 2141 3837 quid

210 3835 284 3899 ad
348 3837 642 3902 salutem
708 3845 1001 3902 nostram
1075 3836 1268 3900 faciat
1332 3835 1722 3913 intueamur,
1801 3850 1868 3904 et
1932 3841 2142 3906 officio

210 3935 427 3987 nostro
487 3923 864 4005 fungamur.
955 3920 1133 3987 Dicit
1190 3922 1366 3986 enim
1410 3921 1635 3988 eodem
1682 3923 1820 3990 loco
1863 3924 2141 4009 prophe·

207 4014 301 4071 ta:
361 4006 440 4073 Si
483 4026 736 4072 moram
773 4008 1009 4090 fecerit,
1067 4011 1352 4090 exspecta
1408 4007 1612 4073 illum
1699 4007 2138 4089 Quamobrem

204 4093 255 4157 si
296 4115 538 4160 sensus
604 4105 855 4159 nostros
912 4105 1228 4171 coercere,
1284 4106 1350 4157 et
1389 4093 1569 4159 iutra
1609 4096 1966 4176 patientiae
2009 4109 2142 4162 ter-

206 4179 415 4245 minos
460 4180 807 4245 continere
865 4198 1229 4261 possumus,
1286 4190 1353 4242 et
1406 4191 1784 4263 exspectare
1842 4193 1917 4247 ut
1959 4183 2143 4250 Deus

205 4265 626 4346 providentia
681 4285 799 4329 sua
857 4286 974 4329 uos
1030 4278 1212 4348 regat
1265 4274 1333 4328 et
1388 4278 1713 4348 operetur.
1772 4278 1948 4334 certo
1991 4289 2137 4352 per·

204 4373 427 4418 suasos
487 4371 636 4419 esse
696 4370 814 4416 nos
852 4362 1123 4434 oportet,
1179 4351 1367 4415 illum
1414 4371 1750 4434 nunquam
1795 4353 1985 4420 nobis
2028 4353 2138 4419 de·

203 4437 518 4514 futurum,
580 4457 792 4518 neque
849 4435 1165 4500 auxilium
1225 4456 1415 4502 suum
1480 4436 1914 4505 tardaturum.
2002 4438 2137 4506 Sed

202 4526 254 4588 si
307 4536 584 4590 nostrae
638 4521 1085 4604 impatientiae
1129 4522 1342 4589 locum
1398 4521 1649 4601 demus,
1701 4542 1960 4608 semper
2003 4538 2138 4589 tar·

201 4608 352 4676 dare
435 4608 664 4674 Deum
749 4607 1293 4673 existimabimus.
1400 4606 1571 4672 Nam
1655 4609 1781 4674 nisi
1860 4611 2135 4694 singulis

199 4697 553 4762 momentis
621 4693 856 4776 quibus
920 4714 1071 4757 eum
1138 4694 1538 4769 invocamus,
1605 4695 1749 4760 eius
1814 4695 2132 4761 auxilium

197 4784 622 4858 senserimus,
673 4800 930 4862 semper
988 4799 1235 4844 moram
1292 4779 1503 4845 facere
1561 4780 1748 4845 illum
1792 4781 2132 4846 arbitrabi-

195 4888 360 4947 mur,
402 4879 476 4934 et
521 4867 708 4931 miris
749 4864 963 4930 modis
1008 4865 1458 4931 cruciabimur.
1550 4869 1764 4949 Atque
1809 4867 1931 4932 hoc
1973 4867 2135 4932 isra-

195 4951 410 5020 elitico
456 4951 702 5035 populo
745 4964 812 5016 et
859 4949 1045 5017 Sauli
1089 4952 1437 5035 contigisse
1481 4950 1815 5018 videmus:
1877 4952 1946 5016 in
1991 4955 2132 5036 qui-

193 5038 312 5105 bus
375 5048 702 5120 tanquam
742 5038 814 5102 in
858 5036 1139 5120 speculo,
1201 5049 1315 5101 aut
1359 5038 1643 5120 imagine
1686 5039 1860 5115 viva,
1905 5060 2131 5120 possu-

191 5144 335 5189 mus
392 5145 477 5189 ea
535 5142 705 5205 quae
761 5144 959 5207 supra
1023 5122 1310 5189 diximus
1375 5122 1830 5205 contemplari:
1896 5145 2130 5208 nempe

190 5209 430 5295 Deum,
477 5210 542 5277 si
586 5208 768 5275 illum
812 5209 1207 5287 intueamur,
1265 5227 1597 5291 nunquam
1652 5209 1876 5275 deesse
1920 5212 2127 5287 nobis,

4113 300 4196 365 14

2260 498 2414 580 quin
2476 512 2915 580 opportunum
2977 516 3231 578 semper
3275 495 3529 559 adferat
3570 491 3909 568 auxilium,
3971 508 4182 571 quan·

2258 582 2600 666 doquidem
2664 603 2883 664 preces
2942 597 3198 646 nostras
3253 580 3436 645 illum
3503 578 3887 663 praevenire
3929 583 4181 675 certum

2257 679 2376 733 est.
2477 666 2730 732 Verum
2788 666 3106 749 quomodo
3164 669 3229 731 in
3294 668 3504 731 Deum
3571 661 4005 760 intuebimur,
4051 681 4185 760 nisi

2256 755 2536 837 ipsemet
2577 754 2795 819 oculos
2842 753 3025 818 nobis
3070 752 3341 836 aperiat,
3384 764 3451 816 et
3498 774 3612 816 nos
3656 749 3863 815 saneti
3909 767 4010 811 sui
4054 767 4186 846 spi·

2256 841 2423 905 ritus
2469 841 2711 905 virtute
2756 837 3180 921 praeveniat?
3271 839 3385 904 Sic
3429 841 3603 903 enim
3654 835 3938 918 loquitur
3981 852 4183 916 scrip·

2258 940 2424 999 tura,
2489 925 2725 990 docens
2784 925 3080 1007 spiritum
3143 923 3269 989 Dei
3329 926 3540 989 faeere
3598 922 3663 986 in
3726 918 3910 985 nobis
3971 932 4044 982 ut
4096 916 4181 982 ad

2260 1013 2471 1076 Deum
2519 1023 2827 1093 tanquam
2873 1009 2951 1073 ad
2990 1024 3244 1092 patrem
3278 1010 3745 1090 confugiamus,
3789 1020 3855 1069 et
3889 1005 3957 1069 in
3995 1004 4181 1068 illum

2256 1118 2478 1162 omnes
2537 1117 2725 1163 curas
2783 1116 2852 1161 es
2906 1094 3373 1161 sollicitudines
3432 1109 3684 1160 nostras
3742 1091 4183 1157 coniiciamus.

2261 1187 2477 1265 Atque
2521 1181 2604 1246 D.
2652 1181 2898 1247 Paulus
2940 1182 3009 1245 in
3055 1181 3322 1263 epistola
3368 1182 3449 1246 ad
3497 1181 3685 1245 Rom.
3731 1177 3792 1243 8.
3837 1196 3974 1258 cap.
4021 1174 4179 1240 fide·

2257 1269 2350 1334 les
2429 1267 2510 1332 ad
2578 1266 2749 1332 hanc
2809 1268 3053 1350 gratiae
3121 1267 3243 1331 Dei
3310 1266 3793 1331 meditationem
3859 1260 4183 1359 hortatur,

2257 1374 2458 1436 quum
2515 1355 2611 1417 ait
2668 1353 2969 1434 spiritum
3026 1353 3440 1434 interpellare
3486 1372 3604 1434 pro
3650 1348 3835 1415 nobis
3878 1348 4183 1430 suspiras

2255 1437 2822 1504 inenarrabilibus.
2926 1435 3100 1503 Sane
3163 1436 3317 1503 inde
3382 1440 3540 1503 satis
3603 1434 4020 1518 conspicuum
4079 1441 4182 1498 est

2258 1546 2376 1591 nos
2434 1546 2474 1588 a
2530 1523 2675 1589 Deo
2733 1544 2987 1607 semper
3041 1522 3430 1606 praeveniri,
3493 1522 3652 1588 licet
3705 1519 3900 1604 longe
3955 1517 4184 1583 abesse

2258 1612 2564 1676 humanis
2605 1609 2903 1674 sensibus
2937 1622 3004 1674 et
3037 1621 3308 1674 externa
3342 1609 3554 1691 specie
3592 1604 3907 1672 videatur.
3950 1602 4181 1704 Quare

2254 1697 2410 1762 licet
2464 1694 2651 1760 Deus
2708 1695 2962 1760 vultum
3021 1715 3212 1761 suum
3255 1695 3597 1764 occultare.
3657 1692 3763 1756 vel
3808 1691 4181 1768 dormitare,

2258 1782 2359 1847 vel
2420 1797 2678 1865 tergum
2739 1792 3014 1860 vertere,
3070 1785 3172 1844 vel
3236 1782 3441 1846 nostri
3501 1777 3795 1844 oblivisci
3863 1774 4183 1854 videat-ur,

2257 1880 2475 1934 tamen
2537 1868 2668 1931 iam
2728 1868 2809 1930 ab
2866 1866 2980 1930 illo
3036 1887 3158 1930 nos
3211 1878 3588 1948 conspectos
3630 1875 3699 1929 et
3741 1861 3997 1928 auditos
4040 1880 4178 1926 cer·
4250 1924 4258 1935 ,

2256 1966 2395 2019 tum
2439 1961 2573 2018 est:
2615 1951 2899 2035 alioquin
2945 1952 3224 2034 singulis
3259 1949 3606 2017 momentis
3650 1947 3989 2032 perituros.
4049 1945 4179 2011 Ec·

2254 2041 2399 2122 quis
2441 2038 2619 2104 enim
2663 2038 2873 2103 nescit
2914 2036 3153 2103 diaboli
3193 2035 3471 2113 fraudes,
3532 2036 3649 2118 qui
3691 2032 3878 2101 nobis
3920 2051 4187 2114 semper

2254 2123 2625 2203 insidiatur,
2681 2134 2749 2188 et
2794 2121 3041 2189 viribus
3083 2124 3372 2207 eorporis
3414 2133 3483 2187 et
3520 2122 3779 2186 animae
3811 2129 4177 2203 prostratos

2253 2221 2588 2275 momento
2645 2208 2863 2274 deiicit
2927 2219 2997 2273 et
3057 2205 3409 2292 opprimit?
3497 2206 3667 2273 Nam
3734 2206 3838 2270 leo
3900 2203 4010 2269 ille
4073 2211 4183 2269 est

2252 2295 2538 2379 rugiens,
2583 2306 2661 2359 ut
2693 2294 2789 2358 ait
2821 2292 3078 2370 Petrus,
3112 2313 3368 2377 semper
3401 2290 3845 2372 obambulans,
3878 2299 3947 2355 et
3977 2309 4175 2388 quae-

2253 2402 2405 2447 rens
2444 2400 2637 2464 quem
2691 2378 2976 2445 devoret.
3064 2379 3201 2445 Nos
3241 2399 3398 2444 vero
3442 2391 3575 2445 tam
3619 2378 3883 2454 infirmi,
3941 2386 4019 2473 ut
4059 2394 4177 2438 vix

2252 2486 2532 2543 muscae,
2588 2476 2665 2530 ut
2718 2467 2814 2530 ita
2863 2465 3094 2545 dicam,
3159 2463 3240 2530 ad
3299 2464 3485 2530 illum
3541 2461 3896 2547 comparati
3954 2461 4175 2524 videa-

2254 2572 2420 2618 mur.
2524 2549 2748 2633 Quare
2812 2571 3073 2617 ueeesse
3136 2561 3238 2618 est
3299 2548 3641 2616 exauditas
3703 2549 3886 2632 prius
3950 2566 4182 2629 preces

2254 2650 2530 2713 nostras,
2573 2649 2641 2702 et
2683 2657 2801 2702 nos
2843 2650 3233 2720 praeventos
3275 2656 3317 2700 a
3361 2636 3519 2713 Deo,
3563 2633 3677 2700 sed
3724 2655 3850 2699 non
3896 2654 3980 2697 ex
4025 2650 4175 2697 nos·
4306 2710 4309 2713 ,

2255 2736 2394 2788 trae
2437 2721 2709 2788 rationis
2747 2743 2942 2789 sensu
2986 2735 3052 2787 et
3105 2723 3391 2799 arbitrio,
3449 2734 3524 2787 ut
3562 2720 3772 2787 voluit
3812 2717 3996 2785 Saul.
4048 2714 4176 2782 Oui

2253 2830 2411 2876 sane
2474 2806 2741 2876 Samuel
2823 2809 3090 2874 minime
3165 2806 3391 2873 defuit.
3505 2806 3675 2871 Nam
3755 2825 3826 2870 se
3892 2805 4184 2868 iusserat

2252 2893 2622 2978 exspectari
2677 2892 2758 2959 ad
2816 2897 3163 2978 septimum
3219 2914 3454 2993 usque·
3484 2892 3676 2968 diem,
3730 2911 3858 2974 quo
3902 2910 3973 2954 se
4017 2909 4173 2953 ven-

2250 2994 2473 3132 2123?
2538 2992 2948 3132 ιίἒῗιῖῧέἒι.
2961 2979 3103 3132 illeS
3105 2977 3435 3130 agonas
3437 2987 3975 3148 169120ξίξέοὲῗῦ
4038 2993 4172 3125 Sgd

2249 3149 2410 3218 Saul
2453 3170 2605 3217 cum
2647 3151 2886 3235 populo
2928 3150 3144 3217 taedio
3186 3150 3487 3230 afficitur,
3529 3164 3595 3215 et
3638 3168 3772 3212 non
3818 3155 4171 3211 venturum

2250 3235 2621 3303 Samuelem
2685 3238 3084 3337 suspicatur:
3149 3237 3368 3319 itaque
3432 3246 3698 3319 stupore
3755 3230 4037 3317 quodam
4101 3240 4175 3295 et

2247 3322 2515 3388 horrore
2574 3333 2968 3406 percutitur:
3024 3336 3093 3388 et
3148 3321 3352 3388 animi
3405 3323 3660 3397 anxius,
3720 3318 4168 3384 holocaustum

2244 3408 2482 3474 offerre
2724 3408 2956 3475 editur.
3064 3406 3471 3493 Conspicuus
3549 3405 3754 3488 igitur
3815 3405 4018 3488 ipsius
4081 3423 4170 3468 ex

2245 3515 2426 3560 mera
2489 3494 2853 3560 diffidentia
2915 3494 3152 3577 lapsus.
3241 3492 3429 3559 Scire
3491 3492 3665 3557 enim
3730 3490 3913 3556 illum
3982 3508 4171 3589 opor·

2245 3579 2394 3664 tuit,
2451 3577 2670 3644 Deum
2727 3579 2955 3647 diebus
3011 3593 3078 3644 et
3131 3578 3470 3645 mensibus
3512 3595 3813 3661 praeesse
3846 3586 3916 3639 et
3959 3573 4169 3639 domi-

2243 3666 2428 3817 {¹1:523
2477 3683 2584 3816 ⁸3.
2611 3662 3934 3832 pffinazbffisfflemammmmffmffie
3969 3659 4169 3830 33:25²

2241 3801 2447 3904 fidem'
2482 3837 2703 3902 datam
2757 3771 3029 3903 fgloleret.
3114 3834 3292 3918 Quid
3334 3835 3540 3920 igitur
3580 3853 3733 3899 eum
3777 3797 4177 3915 impediebat

2242 3924 3095 4092 ffisstfflsfflssm.
3107 3919 3954 4073 dittgttsszffisffl
3979 3939 4169 4072 ¹:221

2242 4094 2490 4161 sionem
2537 4094 2784 4174 habuit,
2838 4094 3084 4160 sensim
3127 4092 3454 4159 dilabente
3498 4091 3763 4175 populo:
3811 4109 4039 4156 verum
4083 4088 4164 4155 ad

2242 4180 2647 4245 ordinarium
2690 4177 3050 4245 remedium
3094 4177 3190 4244 illi
3249 4179 3372 4244 fuit
3435 4176 3965 4262 confugiendum,
4023 4195 4165 4274 pre·

2241 4287 2349 4332 ees
2416 4266 2727 4331 nimirum
2789 4266 3023 4348 quibus
3088 4285 3129 4330 a
3184 4264 3328 4331 Deo
3389 4275 3642 4347 peteret
3703 4272 3780 4328 ut
3837 4259 4166 4329 Samuelis

2241 4351 2592 4417 adventum
2660 4364 3046 4417 maturaret:
3112 4365 3182 4427 et
3243 4349 3559 4434 quidquid
3618 4347 3956 4424 accideret,
4037 4345 4163 4411 Dei

2240 4438 2459 4503 verbis
2519 4437 2682 4503 fides
2744 4434 3115 4503 adhibenda
3176 4438 3333 4502 fuit:
3408 4446 3476 4501 et
3537 4455 3666 4500 non
3733 4429 4162 4499 dubitandum

2240 4524 2398 4606 quin
2445 4523 2832 4605 praestituto
2875 4532 2944 4588 et
2997 4532 3363 4606 opportuno
3408 4534 3696 4604 tempore
3738 4518 4028 4585 adesset:
4085 4537 4166 4582 ao

2238 4608 2505 4691 proinde
2565 4628 2698 4673 non
2759 4607 3176 4673 metuendum
3236 4629 3319 4674 ne
3361 4606 3712 4683 falleretur,
3773 4602 3918 4669 Deo
3964 4600 4160 4667 fidem

2237 4693 2575 4761 adhibens.
2663 4693 2848 4760 Istud
2909 4694 3109 4777 igitur
3159 4692 3403 4760 habere
3456 4691 3681 4756 debuit
3724 4688 3884 4756 Saul
3925 4688 4161 4753 adver-

2236 4800 2349 4845 sus
2408 4778 2832 4846 diffidentiam
2889 4779 3267 4844 remedium.
3369 4777 3540 4842 Nam
3595 4776 3918 4858 scriptura
3966 4772 4168 4874 ‘docet

2236 4877 2530 4931 nostram
2585 4864 2864 4930 salutem
2921 4886 3064 4932 esse
3121 4868 3191 4929 iu
3249 4885 3363 4946 spe
3418 4877 3485 4928 et
3539 4862 3800 4927 silentio
3845 4871 4154 4944 positam:

2234 4951 2773 5034 quemadmodum
2817 4964 3042 5018 contra
3075 4950 3392 5015 increduli
3439 4959 3748 5027 tremunt,
3790 4967 3992 5030 quum
4035 4942 4161 5044 sibi

2233 5037 2595 5121 perieulum
2639 5037 2901 5119 aliquod
2944 5038 3286 5102 imminere
3328 5036 3640 5111 sentiunt,
3687 5054 3819 5098 nou
3866 5039 4162 5098 consueti

2233 5124 2314 5188 ad
2362 5123 2577 5189 Deum
2622 5123 2988 5207 confugere,
3045 5123 3352 5206 quoniam
3414 5122 3482 5185 in
3527 5121 3791 5186 caducis
3835 5133 3905 5184 et
3950 5132 4155 5183 terre-

2232 5209 2338 5275 nis
2381 5211 2577 5275 rebus
2617 5208 2921 5275 fiduciam
2964 5229 3219 5273 omnem
3282 5226 3465 5273 suam
3524 5204 3857 5271 collocant.
3947 5204 4168 5271 Testis
