5059 6059
846 302 931 370 83
2169 389 2176 396 ⁸
2371 387 2378 396 ,
2551 298 2963 368 nomm
3019 300 3139 367 m.
4678 307 4736 372 84

851 514 997 564 esse
1041 492 1239 559 totius
1281 491 1508 560 mundi
1552 490 1863 562 iudicem:
1910 511 2130 560 coram
2174 512 2300 575 quo
2335 511 2455 557 nos
2490 497 2788 575 oporteat

853 578 1043 647 deiici
1087 587 1151 643 et
1192 575 1565 643 humiliari:
1623 587 2049 662 agnoscentes
2107 577 2320 644 omnia
2364 573 2571 664 ipsius
2612 574 2787 642 facta

851 687 994 733 esse
1038 665 1209 729 iusta
1253 674 1317 729 et
1353 662 1613 732 decreta
1654 663 2120 742 irrevocabilia,
2167 663 2320 730 licet
2353 683 2578 729 eorum
2617 661 2786 728 ratio

849 751 1118 816 minime
1162 749 1352 828 nobis
1395 756 1667 816 constet.
1751 749 2031 816 Interim
2069 749 2230 816 ‘vero
2285 747 2597 833 ‚proprius
2656 747 2786 816 ista

847 847 1001 902 sunt
1044 833 1429 921 applicanda
1472 833 1675 918 nobis,
1720 841 1786 901 et
1830 856 1911 901 ex
1956 835 2038 900 iis
2083 833 2263 900 utilis
2308 833 2595 900 eruenda
2639 831 2786 897 doc·

848 922 1055 998 trina,
1130 941 1365 1005 nempe
1434 941 1564 985 non
1630 919 2018 1005 sperandam
2087 940 2227 986 esse
2305 917 2784 1002 impunitatem,

848 1006 993 1072 Deo
1037 1026 1286 1093 poenas
1324 1005 1693 1072 differente:
1741 1026 1952 1090 neque
1996 1028 2083 1070 ex
2126 1005 2241 1070 illa
2285 1004 2594 1070 dilatione
2639 1024 2715 1069 ca

849 1091 1115 1159 tandam
1163 1093 1493 1157 licentiam
1541 1112 1615 1157 ac
1674 1091 2076 1158 occasionem
2137 1089 2607 1156 dissolutionis.
2760 1101 2787 1153 t

848 1179 1062 1244 solent
1105 1175 1382 1261 improbi
1430 1176 1723 1243 homines
1784 1198 1858 1242 eo
1913 1175 2303 1241 insolentius
2360 1174 2597 1254 efferri,
2658 1194 2785 1262 quo

850 1285 1002 1334 cum
1050 1264 1293 1327 maiore
1337 1261 1654 1346 patientia
1701 1263 1879 1329 Deus
1925 1261 2072 1328 illos
2117 1262 2368 1341 tolerat,
2412 1269 2478 1327 et
2522 1280 2782 1325 omnem

847 1345 1057 1433 ipsius
1100 1349 1392 1412 timorem
1441 1357 1505 1411 et
1546 1348 1983 1414 reverentiam
2033 1346 2327 1425 abiicere,
2373 1357 2446 1411 ut
2481 1346 2574 1411 ait
2608 1345 2782 1410 Pau·

846 1434 970 1514 lus,
1016 1454 1146 1498 non
1192 1435 1546 1518 cogitantes
1591 1431 1671 1498 de
1716 1432 1820 1500 die
1863 1433 2017 1497 irae.
2108 1431 2548 1515 Quamobrem
2602 1451 2782 1497 sum-

848 1539 1113 1602 mopere
1158 1517 1514 1588 cavendum
1562 1540 1643 1583 ne
1689 1518 1815 1584 Dei
1858 1519 2026 1584 iram
2086 1517 2437 1583 adversum
2495 1538 2613 1584 nos
2669 1538 2778 1601 pe-

849 1605 1127 1669 tulantia
1171 1614 1237 1668 et
1271 1603 1578 1669 insolenti
1616 1605 1988 1670 curiositate
2023 1622 2459 1669 accersamus:
2506 1602 2619 1668 sed
2657 1623 2782 1686 quo

850 1691 1060 1757 maior
1120 1697 1219 1754 est
1278 1690 1483 1773 ipsius
1542 1691 1608 1758 in
1672 1689 1857 1756 nobis
1905 1688 2255 1755 tolerandis
2299 1688 2672 1774 benignitas
2717 1699 2783 1753 et

845 1776 1184 1860 patientia,
1244 1795 1320 1840 eo
1364 1776 1694 1860 graviores
1750 1797 1990 1860 poenas
2050 1783 2434 1852 metuamus,
2495 1774 2620 1842 nisi
2667 1795 2779 1858 pa-

851 1861 1081 1926 tientia
1126 1860 1330 1944 ipsius
1376 1870 1682 1943 tanquam
1742 1861 2043 1927 vehiculo
2098 1860 2375 1944 quodam
2423 1859 2504 1925 ad
2563 1859 2778 1944 ipsum

849 1946 1267 2026 adducamur,
1324 1958 1388 2011 et
1446 1945 1527 2010 ad
1583 1948 1912 2012 meliorem
1980 1948 2231 2032 frugem
2299 1953 2778 2012 convertamur.

848 2021 1076 2117 Neque
1135 2033 1307 2097 enim
1368 2053 1569 2114 quum
1630 2053 1746 2097 nos
1805 2032 1884 2098 ad
1940 2033 2402 2115 poenitentiam
2461 2031 2777 2112 hortatur,

848 2127 914 2183 et
958 2140 1074 2203 per
1117 2118 1499 2204 patientiam
1547 2119 1803 2196 invitat,
1864 2118 2008 2183 vult
2063 2137 2182 2183 nos
2227 2139 2303 2182 ea
2339 2116 2420 2182 ad
2463 2117 2776 2182 maiorem

849 2204 1183 2271 licentiam
1242 2203 1457 2269 abuti:
1515 2203 1626 2268 sed
1689 2203 1896 2288 magis
1952 2202 2348 2274 commoveri
2409 2200 2492 2268 ad
2535 2201 2776 2270 serium

887 2301 1256 2357 eccatorum
1303 2309 1589 2365 sensum,
1634 2298 1700 2354 et
1744 2309 1968 2353 veram
2015 2288 2499 2373 poenitentiam,
2563 2297 2627 2353 et
2671 2308 2776 2372 ar-

883 2385 1064 2440 entes
1108 2373 1188 2438 ad
1234 2373 1451 2438 Deum
1511 2394 1735 2457 preces
1796 2373 2080 2439 fundere.
2169 2372 2389 2455 Quare
2448 2372 2529 2438 de
2586 2373 2773 2444 nobis

840 2462 1188 2546 diligenter
1256 2460 1694 2548 cogitandum,
1754 2479 1918 2543 quos
1976 2459 2298 2544 patienter
2356 2458 2466 2524 din
2527 2457 2629 2526 vel
2689 2457 2768 2522 ad

839 2547 1241 2612 tricesimum
1286 2545 1392 2612 vel
1440 2545 2008 2630 quadragesimum
2050 2567 2293 2610 annum
2333 2541 2647 2622 tolerarit,
2687 2565 2773 2609 ne

836 2632 931 2698 ita
975 2653 1115 2698 esse
1159 2630 1414 2698 occulta
1449 2642 1709 2714 peccata
1744 2630 1931 2698 nobis
1966 2632 2294 2716 fingamus
2315 2630 2470 2718 quin
2497 2627 2772 2696 veniant

836 2719 906 2784 in
966 2718 1170 2801 ipsius
1235 2724 1644 2802 conspectum
1711 2726 1778 2781 et
1838 2716 1930 2781 illi
1999 2737 2254 2801 semper
2318 2715 2768 2784 obversentur.

836 2804 1006 2870 Nam
1056 2805 1108 2868 si
1155 2813 1416 2886 patrum
1456 2801 1867 2886 iniquitatem
1903 2801 1974 2867 in
2012 2803 2178 2868 filios
2213 2802 2573 2879 ulciscitur,
2609 2799 2766 2885 quid

837 2889 918 2954 d'e
962 2889 1147 2954 nobis
1190 2890 1484 2953 futurum
1532 2897 1856 2970 putamus,
1920 2888 2031 2971 qui
2075 2888 2355 2971 peccatis
2401 2886 2641 2956 nostris
2686 2885 2766 2951 ad

835 2978 1002 3040 iram
1066 2975 1278 3059 ipsum
1334 2993 1685 3058 provocare
1744 2994 1876 3037 non
1937 2971 2343 3059 desinimus?
2425 2969 2602 3038 Nam
2645 2971 2769 3038 etsi

833 3061 905 3126 in
970 3059 1091 3125 hac
1146 3060 1380 3125 misera
1439 3067 1502 3124 et
1561 3059 1803 3125 caduca
1859 3059 1998 3123 vita
2056 3079 2183 3122 non
2242 3057 2489 3140 puniat,
2560 3078 2771 3141 neque

834 3165 1021 3214 suam
1057 3165 1322 3210 manum
1359 3143 1670 3210 adversus
1707 3166 1823 3209 nos
1860 3150 2142 3223 exserat,
2185 3164 2312 3210 non
2360 3141 2504 3208 ideo
2550 3154 2769 3210 tamen

834 3233 1070 3298 melior
1124 3232 1344 3296 futura
1412 3240 1639 3295 nostra
1695 3239 1795 3296 est
1860 3228 2180 3295 conditio:
2246 3226 2769 3312 quandoquidem

838 3319 968 3383 alia
1013 3319 1147 3382 vita
1190 3326 1484 3399 superest
1528 3316 1656 3381 ista
1701 3327 1964 3380 terrena
1997 3313 2192 3398 longe
2225 3313 2662 3393 excellentior,
2700 3315 2768 3379 in

838 3424 966 3488 qua
1025 3423 1319 3468 summus
1375 3400 1484 3465 ille
1550 3397 1754 3466 iudex
1809 3401 1878 3466 in
1940 3400 2237 3488 omnium
2283 3400 2482 3465 vitam
2530 3408 2632 3465 est
2674 3399 2772 3464 in-

841 3490 1214 3571 quisiturus,
1275 3497 1338 3552 et
1397 3486 1680 3551 aeternis
1739 3487 1962 3569 poenis
2007 3495 2419 3553 contumaces
2464 3493 2528 3550 et
2572 3486 2769 3552 scele-

841 3583 1020 3639 ratos
1065 3574 1343 3638 ulturus.
1434 3571 1542 3648 Et,
1588 3581 1662 3636 ut
1705 3580 1856 3636 ante
1898 3571 2052 3647 dixi,
2113 3569 2432 3654 quomodo
2478 3580 2772 3653 parceret

842 3657 1415 3740 impoenitentibus
1476 3667 1542 3721 et
1599 3657 1943 3740 flagitiosis
1999 3657 2390 3736 hominibus,
2489 3678 2648 3722 uum
2705 3668 2773 3722 et

843 3743 1126 3808 infantes
1170 3751 1433 3826 propter
1476 3752 1738 3824 peccata
1781 3753 2043 3825 patrum
2087 3743 2437 3809 ulciscatur
2528 3741 2775 3825 Quam·

847 3828 1073 3896 obrem
1138 3827 1460 3892 mentibus
1524 3829 1765 3893 nostris
1829 3828 2024 3893 altius
2091 3827 2248 3893 haec
2314 3827 2612 3894 doctrina
2672 3837 2772 3894 est

853 3911 1223 3995 defigenda,
1277 3923 1351 3978 ut
1415 3912 1696 3995 primum
1765 3915 2077 3991 sciamus,
2146 3914 2285 3978 Deo
2352 3934 2481 3978 non
2550 3915 2769 3981 statim

851 3997 1190 4065 brachium
1257 4019 1445 4062 suum
1513 4001 1594 4062 ad
1663 4020 1897 4080 poenas
1958 3998 2040 4063 de
2097 4001 2282 4064 nobis
2346 4000 2771 4082 reposcendas

849 4095 1208 4158 exserente,
1256 4104 1387 4148 non
1431 4105 1570 4148 esse
1613 4092 1833 4149 tamen
1877 4083 2067 4149 nobis
2109 4083 2593 4164 indulgendum,
2659 4108 2771 4151 ne·

854 4192 980 4256 que
1040 4167 1366 4235 faciendas
1424 4167 1609 4234 nobis
1670 4168 1962 4235 delitias:
2023 4179 2091 4233 et
2145 4171 2435 4254 graviter
2489 4190 2528 4234 a
2585 4173 2772 4250 nobis

852 4256 1105 4341 peccari
1152 4254 1464 4320 adversus
1506 4253 1711 4335 ipsius
1767 4254 2191 4329 maiestatem,
2247 4256 2302 4319 si
2363 4263 2770 4338 peccatorum

849 4340 1308 4424 impunitatem
1369 4357 1731 4422 speramus,
1785 4338 2084 4406 Deumve
2141 4338 2409 4405 surdum
2471 4349 2587 4406 ant
2630 4362 2771 4407 cae·

849 4449 997 4495 eum
1059 4426 1246 4491 nobis
1303 4424 1632 4508 fingimus.
1719 4423 1976 4490 Deinde
2029 4436 2093 4489 et
2151 4422 2303 4491 hinc
2370 4425 2770 4511 discendum,

847 4514 1172 4616 patienter
1236 4531 1377 4576 esse
1441 4508 1771 4575 ferendam
1841 4531 2088 4578 moram
2153 4510 2334 4575 illam
2400 4510 2771 4578 divinorum

848 4599 1257 4674 iudiciorum,
1318 4595 1374 4661 si
1429 4617 1561 4660 non
1621 4596 1841 4664 statim
1903 4618 2017 4661 nos
2075 4595 2157 4662 ab
2213 4597 2490 4668 inimicis
2538 4600 2774 4665 nostris

855 4684 1162 4763 vindicat,
1222 4703 1419 4766 quum
1480 4681 1738 4746 iniuriis
1796 4681 2136 4761 afficimur,
2203 4692 2268 4747 et
2320 4682 2522 4748 veluti
2582 4684 2772 4750 malis

850 4769 1219 4836 obruimur:
1282 4768 1393 4832 sed
1439 4766 1660 4849 potius
1704 4766 1814 4832 illa
1858 4766 2240 4847 dissimulat,
2298 4779 2361 4832 ct
2406 4769 2613 4835 nostri
2660 4791 2772 4835 cu-

853 4877 998 4923 ram
1041 4853 1347 4921 abiecisse
1393 4854 1670 4920 videtur.
1760 4853 2141 4920 Cavendum
2186 4874 2343 4920 sane
2391 4875 2474 4919 ne
2530 4856 2772 4938 cogite-

851 4964 1001 5008 mus
1058 4962 1175 5008 nos
1233 4938 1543 5004 oblivioni
1601 4960 1740 5005 esse
1800 4937 1880 5006 ab
1939 4937 2051 5003 illo
2111 4938 2398 5016 traditos,
2459 4950 2522 5004 et
2568 4941 2777 5008 nostri

849 5047 1080 5092 euram
1122 5046 1380 5090 omnem
1424 5025 1614 5092 illum
1659 5025 1984 5091 abiecisse.
2074 5022 2243 5089 Nam
2304 5045 2458 5090 sane
2515 5035 2773 5091 contra-

2890 487 3289 558 Amalecitas
3350 490 3679 562 decretum
3738 497 4107 576 opportuno
4160 499 4293 558 tem
4380 512 4449 557 re
4502 494 4744 562 exemuit.

2888 574 3029 640 Nae
3093 573 3309 642 inanis
3368 587 3434 650 et
3478 599 3664 644 ‚vana
3720 576 4064 644 videbatur
4118 575 4237 642 illa
4360 577 4551 646 omini
4599 578 4747 650 fuisso

2887 659 3329 741 comminatio,
3371 662 3526 730 licet
3567 665 3637 734 in
3679 661 3848 730 libro
3891 662 4060 748 legis
4105 663 4483 729 nominatim
4534 662 4747 732 describi

2887 745 3082 826 iussa,
3148 768 3313 831 quae
3379 757 3477 815 tot
3536 750 3666 814 iam
3715 747 3917 834 lapsis
3979 748 4256 814 saeculis
4299 768 4493 818 suum
4551 747 4750 816 exitum

2886 830 3179 900 nondum
3224 843 3365 900 erat
3406 855 3550 901 asse
3599 843 3779 901 uuta.
3868 831 4001 902 Sed
4049 834 4374 904 Dominus
4430 833 4592 902 illam
4629 835 4751 901 obli·

2885 917 3067 983 vioni
3128 919 3400 984 minime
3459 928 3485 986 t
3605 918 3846 986 iderat:
3903 930 3970 985 et
4024 920 4195 1003 quod
4256 918 4501 986 tamdiu
4535 917 4751 998 distulit,

2887 1007 3021 1070 non
3064 1025 3146 1069 ex
3191 1004 3576 1090 impotentia
3620 1005 3910 1091 contigit,
3954 1003 4138 1090 quasi
4186 1026 4314 1074 nou
4360 1015 4569 1090 posset
4604 1006 4752 1071 citius

2886 1087 2940 1153 si
3013 1088 3353 1178 voluisset:
3418 1089 3531 1156 sed
3591 1101 3893 1174 tanquam
3950 1091 4024 1156 in
4088 1091 4350 1175 speculo
4408 1089 4621 1158 docere
4666 1112 4755 1157 nos

2884 1173 3110 1254 voluit,
3156 1198 3227 1241 so
3272 1196 3399 1244 non
3447 1198 3587 1243 esse
3630 1177 3817 1242 nobis
3852 1175 4163 1244 similem:
4208 1187 4283 1242 ut
4318 1174 4627 1242 discamus
4654 1197 4756 1241 non

2885 1280 3026 1328 esse
3084 1270 3215 1328 tam
3272 1261 3657 1345 praccipites
3713 1263 3784 1327 in
3842 1259 4231 1332 ulciscendis
4295 1261 4547 1327 iniuriis
4604 1280 4757 1344 quam

2885 1344 3018 1410 fere
3061 1367 3288 1413 omnes
3332 1368 3581 1415 sumus.
3671 1345 3852 1416 Sunt
3908 1349 4081 1414 enim
4141 1348 4349 1414 nostri
4394 1348 4648 1414 affectus
4680 1366 4758 1412 ab

2884 1430 3244 1510 dentiores,
3311 1446 3379 1498 et
3450 1432 3529 1499 ad
3644 1433 3874 1514 rimam
3939 1432 4247 1500 iniuriam
4313 1433 4497 1504 nobis
4557 1432 4757 1498 illatam

2884 1516 3103 1582 Deum
3159 1517 3481 1586 vellemus
3538 1455 3761 1604 fulgur
3802 1540 3839 1584 e
3896 1518 4072 1585 coelo
4129 1517 4420 1596 hculari,
4480 1525 4543 1583 et
4593 1538 4688 1585 eos
4732 1539 4761 1584 a

2884 1601 3117 1686 quibus
3150 1603 3471 1670 laedimur
3502 1605 3727 1672 statim
3768 1599 3850 1670 ad
3886 1603 4130 1674 inferos
4166 1603 4543 1670 detrudere:
4579 1613 4640 1669 et
4669 1605 4762 1670 nisi

2884 1689 3054 1753 votis
3122 1689 3502 1758 ardentibus
3569 1698 3635 1756 et
3698 1690 4093 1774 importunis
4148 1688 4553 1773 respondeat,
4614 1689 4766 1755 vehe-

2884 1783 3136 1838 menter
3179 1775 3600 1860 indignamur
3643 1783 3709 1841 et
3753 1776 3872 1860 ipsi
3920 1774 4349 1859 obloquimur.
4438 1773 4533 1841 At
4588 1785 4766 1840 centn

2882 1856 3068 1924 Deus
3111 1879 3231 1925 nos
3275 1859 3458 1926 docet
3501 1861 3572 1926 in
3618 1862 3832 1945 ipsum
3881 1880 4108 1928 omnes
4152 1860 4371 1926 illatas
4418 1857 4599 1927 nobis
4636 1861 4763 1925 inin·

2882 1946 3011 2009 rias
3055 1945 3341 2024 reiicere,
3401 1956 3468 2011 et
3521 1946 3603 2011 ab
3658 1947 3798 2031 ipso
3840 1947 3974 2013 solo
4017 1945 4298 2030 pendere
4343 1957 4415 2010 et
4457 1946 4759 2012 vindictam

2882 2037 3242 2117 opportuno
3277 2037 3567 2115 tempore
3604 2039 4015 2117 exspectare..
4040 2031 4270 2115 Neque
4294 2031 4471 2096 enim
4512 2039 4759 2096 nostrum

2880 2126 2979 2184 est
3021 2117 3162 2182 Deo
3206 2127 3467 2204 tempus
3512 2120 3887 2202 praefigere,
3947 2126 4017 2183 et
4070 2117 4277 2184 veluti
4335 2117 4647 2184 terminos
4678 2137 4763 2198 po-

2879 2223 3056 2268 nere.
3125 2201 3257 2268 Sed
3304 2224 3501 2285 quum
3547 2203 3775 2276 faciem
3821 2224 4007 2272 suam
4051 2202 4433 2283 occuluisse,
4474 2202 4575 2268 vel
4618 2222 4759 2266 aver-

2880 2289 3037 2354 tisse
3081 2308 3120 2352 a
3164 2287 3350 2356 nobis
3395 2286 3742 2367 videbitur,
3791 2287 4216 2358 nihilominus
4261 2298 4482 2354 tamen
4526 2286 4761 2372 digitum

2877 2373 2973 2439 ori
3034 2381 3252 2442 nostro
3307 2394 3727 2459 opponamus,
3789 2386 3873 2439 et.
3911 2375 3982 2439 in
4038 2374 4251 2440 sinum
4308 2372 4495 2440 illius
4550 2381 4761 2438 nostros

2877 2480 3102 2526 omnes
3147 2461 3433 2544 gemitus
3477 2459 3907 2544 deponamus:
3976 2468 4042 2523 et
4094 2458 4411 2541 improbis
4455 2458 4761 2525 saevienti·

2877 2544 3012 2618 bus.
3059 2552 3126 2610 et
3169 2544 3351 2612 laxas
3396 2543 3685 2612 habenas
3730 2545 3813 2611 ad
3851 2545 4116 2629 quasvis
4174 2544 4449 2612 iniurias
4504 2543 4760 2610 habenti·

2876 2629 3015 2710 bus,
3061 2629 3484 2698 nihilominus
3543 2631 3972 2714 quiescamus,
4030 2638 4099 2696 et
4152 2634 4227 2695 in
4268 2629 4534 2698 silentio
4574 2641 4637 2695 et
4674 2650 4759 2713 ps·

2875 2716 3103 2780 tientia
3147 2716 3374 2784 horam
3420 2725 3486 2780 et
3528 2717 4071 2800 opportunitatem
4118 2715 4495 2782 divinorum
4538 2715 4766 2782 iudicio-

2873 2821 3021 2865 rum
3082 2811 3552 2886 exspectemus.
3655 2801 4000 2870 Caeterum
4060 2823 4146 2868 ne
4209 2802 4589 2870 dubitemus
4644 2801 4766 2885 quin

2872 2886 3056 2950 Deus
3100 2886 3252 2954 olim
3335 2908 3532 2953 oenas
3567 2886 3649 2951 ab
3683 2886 3967 2964 inimicis
4003 2897 4236 2963 sumat,
4279 2899 4346 2956 et
4388 2887 4471 2954 de
4502 2885 4771 2954 omnibus

2872 2971 3175 3037 ecclesiae
3232 2972 3278 3036 il
3311 2974 3432 3038 atis
3490 2973 3748 3039 iniuriis
3804 2973 4126 3042 rationem
4186 2995 4258 3042 re
4302 2983 4502 3039 oscat.
4593 2972 4769 3054 Quam

2873 3056 3044 3123 enim
3092 3058 3286 3126 aliam
3332 3059 3411 3123 ob
3457 3079 3719 3125 causam
3766 3057 3876 3127 hic
3919 3059 4217 3126 videmus
4301 3057 4640 3128 malecitas
4668 3077 4772 3123 usa

2869 3142 3337 3210 internecione.
3378 3141 3644 3222 deletos,
3702 3144 3831 3214 nisi
3889 3146 4059 3230 quod
4103 3144 4288 3210 Deus
4346 3143 4659 3229 populum
4696 3142 4770 3206 Is-

2872 3225 3113 3295 raelem
3156 3228 3280 3298 sihi
3327 3228 3660 3316 delegerat
3701 3233 3767 3295 in
3815 3230 4164 3313 peculium,
4208 3230 4396 3296 cuius
4440 3251 4516 3295 se
4558 3241 4769 3314 prome-

2873 3323 3080 3378 torem
3126 3314 3536 3400 ultoremque
3582 3313 3789 3383 voluit
3833 3314 4323 3384 demonstrare?
4373 3314 4440 3380 N
4530 3337 4610 3380 ue
4651 3332 4771 3377 vero

2872 3399 3003 3466 fuit
3047 3401 3385 3486 proprium
3430 3401 3603 3467 istud
3652 3400 4013 3467 Abrahami
4058 3395 4265 3466 soboli
4306 3420 4468 3466 carn
4540 3401 4560 3464 i
4606 3396 4771 3484 privi-

2873 3486 3150 3570 legium:
3217 3485 3330 3552 sed
3398 3484 3697 3552 omnibus
3753 3508 4101 3554 commune
4153 3486 4264 3570 qui
4326 3507 4495 3552 vera
4549 3486 4670 3552 fide
4722 3484 4771 3547 in

2871 3571 3075 3655 ipsius
3155 3572 3615 3654 promissiones
3691 3573 4096 3639 recumbunt.
4207 3571 4352 3638 Iam
4435 3592 4596 3638 vero
4659 3575 4771 3654 post

2873 3656 3124 3723 Christi
3174 3655 3443 3723 Domini
3488 3658 3559 3722 in
3603 3659 3723 3724 has
3782 3668 3989 3725 terras
4033 3657 4391 3724 adventum
4438 3657 4624 3726 Deus
4664 3673 4771 3737 grt-

2876 3743 3107 3808 tuitam
3186 3762 3374 3808 suam
3439 3742 3851 3830 adoptionem
3918 3743 3986 3809 in
4050 3762 4279 3810 omnes
4349 3752 4575 3808 terrae
4644 3742 4772 3806 fines

2875 3828 3065 3914 longe
3108 3828 3368 3912 lateque
3411 3831 3834 3915 propagavit:
3899 3852 3973 3896 ac
4017 3829 4286 3914 proinde
4328 3830 4395 3893 in
4446 3828 4653 3912 ipsius
4687 3825 4772 3889 do-

2874 3914 3157 3980 mesticis
3217 3913 3534 3981 habemur
3592 3925 3656 3979 et
3714 3936 3959 3982 sumus.
4044 3914 4276 3998 Itaque
4334 3923 4599 3994 nostrae
4650 3919 4773 3978 sunt

2874 3999 3027 4066 illae
3071 3999 3550 4084 promissiones,
3604 4000 3747 4065 Deo
3791 4021 3911 4066 nos
3967 4007 4101 4068 tam
4160 4021 4344 4066 caros
4402 4011 4475 4064 et
4518 4007 4772 4083 acceptos

2874 4106 3016 4152 esse
3072 4097 3148 4150 ut
3201 4084 3642 4154 custodiamur
3696 4086 3776 4152 ab
3831 4086 3973 4169 ipso
4018 4094 4335 4170 tanquam
4383 4085 4647 4172 nigrum
4682 4104 4771 4168 pu·

2874 4171 3070 4256 pillae
3113 4169 3313 4236 oculi:
3360 4192 3437 4237 ac
3483 4170 3752 4255 proinde
3794 4192 4140 4255 persuasos
4181 4191 4323 4237 esse
4370 4192 4495 4240 nos
4539 4179 4770 4255 oportet,

2875 4256 3058 4321 illum
3105 4277 3362 4341 semper
3404 4278 3544 4323 esse
3590 4255 3761 4341 quod
3814 4258 4118 4342 promisit
4168 4257 4647 4341 perfecturum:
4694 4254 4773 4320 Ne

2875 4341 3143 4426 tangite,
3209 4343 3439 4426 inquit,
3504 4352 3733 4409 unctos
3798 4362 3993 4422 meos,
4059 4352 4125 4414 et
4189 4363 4413 4408 servos
4482 4362 4657 4408 meos
4707 4358 4771 4403 ne

2875 4428 3112 4493 afficite
3170 4427 3359 4495 malo.
3448 4427 3617 4496 Nam
3678 4428 3734 4496 si
3793 4428 3964 4495 filios
4008 4450 4159 4496 suos
4204 4437 4397 4495 vocat
4446 4423 4771 4495 Abrahami

2875 4521 3188 4597 posteros,
3223 4511 3292 4579 in
3317 4516 3706 4582 obscuritate
3741 4514 3902 4600 legis
3938 4512 4156 4580 adhuc
4191 4513 4562 4594 haerentes,
4595 4531 4771 4580 nonus

2874 4599 3082 4663 multo
3140 4599 3353 4683 magis
3411 4623 3589 4668 nunc
3647 4622 3875 4668 sumus
3933 4600 4047 4665 filii
4107 4599 4176 4664 in
4236 4599 4533 4668 Domino
4594 4609 4772 4665 nostre

2873 4684 3025 4750 Iesu
3071 4683 3354 4764 Christo,
3401 4687 3508 4769 qui
3553 4686 3633 4752 ad
3679 4687 3956 4752 salutem
4004 4695 4295 4754 nostram
4330 4684 4767 4768 plenitudinem

2874 4790 3129 4838 omnem
3177 4772 3425 4855 gratiae
3470 4770 3762 4855 accepit?
3853 4770 3992 4837 Nos
4033 4770 4253 4856 itaque
4296 4774 4424 4835 iam
4476 4773 4771 4854 corpuset

2874 4855 3219 4924 veritatem
3266 4855 3578 4921 habemus
3631 4857 3927 4923 omnium
3987 4867 4286 4923 veterum
4343 4855 4605 4920 illarum
4661 4872 4771 4917 um·

2872 4940 3136 5006 brarum
3195 4949 3264 5005 et
3314 4943 3694 5025 figurarum.
3806 4939 4223 5027 Quapropter
4281 4941 4559 5008 minime
4620 4935 4768 5005 dubi·

2875 5025 3147 5092 tandum
3195 5026 3349 5110 quin
3395 5048 3511 5093 nos
3555 5027 3636 5094 ad
3682 5049 3750 5094 se
3797 5029 3980 5098 Deus
4023 5027 4328 5112 recipiat:
4390 5037 4461 5092 et
4504 5026 4655 5110 quin
4690 5024 4771 5087 in·

847 5113 1023 5194 rium
1062 5132 1365 5195 praesens
1405 5110 1682 5178 historia
1718 5120 2024 5178 testatur:
2069 5108 2586 5194 quandoquidem
2626 5120 2773 5194 post
2876 5121 3150 5178 vocatus
3193 5112 3262 5176 in
3308 5111 3519 5179 medio
3564 5116 3769 5178 nostri
3812 5114 3931 5179 sit:
3975 5113 4132 5197 quin
4177 5113 4443 5180 afflictis
4485 5132 4664 5198 opem
4700 5107 4767 5172 fe-

851 5197 1164 5268 ducentos
1227 5197 1330 5264 vel
1401 5205 1717 5264 trecentos
1783 5217 2021 5277 annos,
2087 5195 2393 5264 iudicium
2463 5196 2772 5263 adversus
2875 5206 2994 5263 rat.
3091 5200 3188 5264 Ac
3231 5199 3287 5262 si
3332 5222 3449 5265 nos
3492 5200 3778 5283 patiatur
3821 5198 3999 5266 caedi
4041 5206 4111 5266 et
4150 5200 4221 5266 in
4259 5198 4551 5270 hostium
4590 5202 4765 5282 poten-

4078 5331 4319 5376 .‚·¹
