5059 6059
327 372 430 439 697

323 583 481 629 suam
527 562 882 627 committit
910 562 1152 629 Davieli
1186 566 1401 631 iurato
1445 586 1516 631 se
1552 587 1761 650 neque
1788 568 2000 648 ipsum
2038 566 2242 631 inter·

323 650 650 730 fecturum,
711 670 918 732 neque
965 651 1035 715 in
1078 672 1350 719 manum
1396 650 1644 717 domini
1688 653 2091 718 Amalecitae
2132 652 2241 716 de·

322 735 602 814 diturum,
648 733 971 801 discamus
1014 739 1232 803 iurare
1275 737 1536 820 quidem
1574 759 1776 821 quum
1821 758 1986 821 opus
2031 739 2245 813 fuerit,

324 820 420 886 sed
450 820 542 886 sic
578 831 657 884 ut
683 820 831 885 Deo
861 821 1153 888 debitum
1197 823 1506 890 honorem
1546 825 1913 890 reddamus.
1964 825 2244 889 Verum-

323 917 521 971 tamen
567 906 778 971 divini
830 909 1114 975 nominis
1160 911 1653 993 usurpationem
1699 912 1982 976 sciamus
2027 931 2243 977 neces-

320 993 480 1057 sitati
522 994 987 1059 reservandam
1037 1016 1169 1060 non
1210 1009 1427 1060 autem
1474 1006 1719 1063 temere
1763 996 2247 1075 assumendam,

318 1086 386 1143 ut
442 1078 826 1161 plerumque
877 1082 1068 1144 multi
1129 1079 1340 1147 solent
1400 1094 1644 1147 temere
1708 1096 1775 1148 et
1839 1103 1970 1147 non
2033 1085 2245 1167 rogati

311 1163 507 1229 iurare
552 1184 864 1248 magnum
913 1163 1124 1231 divini
1170 1169 1454 1232 nominis
1497 1178 1937 1251 contemptum
1983 1189 2059 1232 eo
2104 1174 2245 1252 ipso

315 1252 698 1335 denotantes.
791 1249 941 1317 Sed.
983 1251 1169 1318 Deus
1239 1254 1501 1318 tandem
1565 1254 1760 1320 faciet
1825 1264 1897 1318 nt
1955 1257 2245 1319 sentiant

310 1357 490 1422 quam
556 1347 1036 1402 sacrosanctum
1107 1340 1193 1404 sit
1256 1340 1459 1421 ipsius
1523 1362 1763 1406 nomen
1788 1391 1804 1417 ,
1872 1339 2044 1423 quod
2112 1362 2241 1405 non

311 1432 543 1488 temere
599 1421 682 1488 ab
738 1422 901 1506 ipsis
930 1427 1201 1507 ⁴assumi
1248 1438 1314 1488 et
1359 1438 1669 1509 tanquam
1717 1428 1865 1509 pila,
1925 1440 1996 1489 ut
2039 1429 2243 1511 aiunt,

310 1509 539 1577 versari
585 1508 837 1573 debuit:
905 1509 1016 1573 sed
1055 1510 1302 1585 sobrie,
1358 1520 1426 1575 et
1484 1534 1820 1595 nunquam
1870 1512 1996 1577 nisi
2040 1533 2243 1594 quum

308 1596 473 1660 iusta
529 1596 700 1658 ratio
760 1594 1117 1678 postulabit
1171 1597 1640 1679 usurpandum.
1731 1598 1987 1664 Deinde
2046 1600 2244 1664 etiam

305 1681 657 1747 cavendum
704 1701 1114 1764 summopere
1175 1704 1258 1747 ne
1312 1684 1441 1749 nisi
1485 1684 1552 1748 in
1605 1685 1882 1750 veritate
1925 1687 2243 1750 iuremus:

303 1788 449 1833 nam
507 1768 560 1831 si
621 1767 978 1831 mendaciis
1034 1767 1275 1833 nostris
1334 1789 1575 1834 nomen
1637 1770 1763 1834 Dei
1830 1772 2244 1850 misceamus,

301 1872 606 1935 magnum
633 1852 1047 1935 sacrilegium
1079 1855 1563 1921 committimus.
1609 1855 1791 1920 Nihil
1816 1858 1990 1922 enim
2032 1859 2243 1939 magis

178 1984 187 1995 .
295 1937 434 2003 Deo
491 1938 892 2004 conveniens
957 1960 1152 2019 quam
1223 1942 1492 2005 veritas:
1560 1944 1745 2008 cuius
1799 1945 1937 2024 ipse
2007 1964 2241 2008 nomen

294 2024 587 2090 assumit.
675 2023 777 2089 Ac
833 2024 889 2088 si
936 2025 1150 2090 Deum
1210 2025 1530 2092 mendacii
1588 2030 1817 2108 nostri,
1876 2029 1933 2094 si
1978 2029 2244 2107 fraudis,

291 2111 345 2176 si
391 2109 541 2187 doli,
588 2110 645 2174 si
691 2111 977 2175 malitiae
1022 2120 1254 2176 testem
1302 2114 1611 2179 facimus:
1676 2135 1894 2179 nonne
1937 2128 2240 2179 naturam

291 2196 498 2281 ipsius
553 2198 1017 2273 immutamus,
1074 2206 1142 2261 et
1199 2197 1403 2262 veluti
1446 2200 1527 2263 -in
1573 2210 1903 2282 spectrum
1949 2221 2243 2265 commn-

293 2279 558 2346 tamus?
606 2281 1051 2360 Quamobrem
1098 2303 1292 2347 omne
1331 2286 1751 2351 temerarium
1799 2288 2241 2351 iuramentum

288 2367 708 2450 sacrilegium
755 2377 821 2431 et
869 2366 1340 2450 blasphemiam
1389 2391 1533 2435 esse
1574 2372 1895 2457 sciamus,
1953 2385 2022 2436 et
2064 2371 2244 2437 nulla

286 2455 535 2518 maiore
617 2453 1017 2517 contumelia
1097 2454 1406 2536 nulloque
1495 2457 1852 2541 insigniore
1927 2457 2243 2522 dedecore

519 2536 738 2603 Deum
798 2559 836 2602 a
893 2539 1080 2604 nobis
1136 2540 1340 2618 affici,
1398 2562 1588 2624 quam
1637 2545 1694 2609 si
1737 2557 1981 2608 temere
2024 2545 2239 2626 ipsum

283 2625 365 2689 ad
414 2636 721 2690 nostrum
773 2624 1114 2689 arbitrium
1173 2628 1732 2694 transformemus.
1799 2628 2241 2710 Quamobrem

278 2731 489 2793 quum
558 2720 697 2774 tam
764 2711 1139 2792 frequenter
1204 2712 1269 2776 in
1338 2734 1449 2779 ore
1512 2715 1807 2780 omnium
1866 2716 2243 2779 iuramenta

277 2806 667 2874 versantur,
738 2815 813 2860 ac
873 2796 1147 2878 proinde
1190 2797 1400 2862 multa
1458 2802 1764 2883 periuria,
1824 2799 2016 2884 quod,
2075 2799 2240 2883 proh

274 2881 504 2946 dolor!
569 2881 768 2946 nimis
823 2881 1201 2963 quotidiana
1260 2886 1667 2967 experientia
1727 2887 2050 2966 ostendit,
2109 2907 2238 2950 non

274 2968 449 3033 alios
499 2968 747 3032 iudices
790 2969 869 3031 ad
917 2987 1037 3031 nos
1081 2967 1485 3036 damnandos
1528 2970 1745 3036 Deum
1792 2971 2240 3037 adhibiturum

270 3057 574 3119 sciamus
633 3073 828 3135 quam
887 3054 1288 3138 incredulos,
1348 3059 1462 3138 qui
1508 3079 1629 3122 nec
1673 3056 1834 3141 legis
1878 3077 1997 3123 nec
2039 3079 2240 3123 evan-

271 3139 439 3224 gelii
491 3139 933 3221 cognitionem
1003 3137 1398 3206 habuerunt.
1488 3142 1840 3208 Praeterea
1898 3142 2073 3208 istud
2124 3144 2240 3208 ob-

268 3224 692 3290 servandum
756 3226 1068 3290 miserum
1129 3227 1330 3292 istum
1376 3227 1779 3312 Aegyptium
1827 3250 2059 3313 rogare
2104 3231 2239 3295 Da·

265 3312 529 3388 videm,
600 3323 673 3374 ut
738 3311 910 3374 iuret
976 3310 1102 3393 ipsi
1168 3333 1286 3396 per
1347 3313 1584 3379 Deum.
1672 3316 1843 3380 Nam
1898 3317 2053 3379 inde
2109 3315 2241 3381 col-

263 3396 558 3481 ligimus
622 3397 893 3461 miseros
958 3397 1118 3459 istos
1175 3417 1399 3466 caecos
1456 3421 1775 3484 paganos,
1846 3404 1968 3466 etsi
2031 3399 2241 3467 multa

257 3483 453 3548 idola
518 3480 876 3560 coluerint,
959 3481 1393 3550 nihilominus
1464 3487 1858 3570 principium
1918 3488 2092 3552 istud
2140 3509 2241 3553 re·

258 3569 589 3645 tinuisse,
649 3569 815 3649 quod
877 3589 959 3632 ex
1004 3567 1297 3650 ipsorum
1358 3572 1600 3638 animis
1659 3573 1861 3637 deleri
1907 3594 2239 3657 nunquam

250 3655 535 3738 potuit.
594 3674 924 3719 summum
969 3653 1229 3735 aliquod
1272 3678 1415 3721 esse
1460 3679 1739 3735 numen,
1801 3659 1963 3724 adeo
2008 3673 2087 3724 ut
2128 3663 2245 3723 mi·

251 3760 459 3804 seros
511 3738 665 3804 illos
707 3739 1085 3804 idololatras
1129 3762 1258 3806 non
1305 3743 1393 3807 sit
1436 3743 1945 3809 existimandum
1974 3744 2241 3810 deornm

242 3824 781 3890 multitudinem
809 3825 905 3888 ita
930 3824 1052 3891 sibi
1088 3829 1375 3902 finxisse,
1421 3830 1575 3910 quin
1622 3850 1883 3911 semper
1910 3852 2240 3896 summum

245 3912 571 3996 aliquem
619 3910 814 3974 deum
861 3914 1057 3976 fnisse
1100 3912 1528 3979 crediderint:
1588 3915 1701 3980 sed
1749 3916 1921 3998 quod
1967 3917 2049 3980 ad
2097 3930 2239 3981 tan·

245 4008 401 4065 tam
476 3998 895 4061 maiestatem
964 4000 1287 4082 attingere
1357 4020 1488 4064 non
1546 4012 1902 4084 potuerunt
1958 4004 2244 4067 minores

237 4085 420 4149 deos
500 4081 635 4148 sibi
701 4081 1008 4161 finxisse,
1090 4086 1155 4148 in
1224 4085 1461 4168 quibus
1523 4088 2017 4168 acquieverunt.
2106 4089 2245 4154 Nec

240 4172 468 4235 aliter
546 4167 739 4232 hodie
785 4167 864 4231 de
912 4170 1187 4252 papistis
1231 4172 1647 4236 sentiendum
1695 4187 1814 4255 est,
1872 4194 2074 4255 quum
2122 4175 2245 4240 hoc

230 4257 529 4339 effugio
571 4275 641 4319 se
684 4263 972 4334 tuentur,
1018 4277 1249 4338 nempe
1274 4256 1491 4321 Deum
1530 4280 1600 4322 se
1627 4280 1834 4323 unum
1871 4279 2243 4342 agnoscere,

233 4356 311 4408 et
357 4343 553 4407 lieet
618 4349 879 4404 sanctos
945 4350 1009 4403 et
1053 4354 1317 4407 sanctas
1359 4356 1740 4425 precentur,
1809 4356 1872 4408 et
1931 4358 2242 4425 tanquam

226 4440 603 4511 patronos
646 4436 715 4488 et
758 4425 1105 4491 advocatos
1150 4429 1474 4505 invocent,
1530 4428 1748 4493 Deum
1798 4442 2017 4494 tamen
2064 4452 2245 4496 sum-

227 4534 445 4577 mam
530 4512 929 4594 dignitatem
1006 4526 1071 4576 et
1128 4512 1406 4596 gradum
1468 4515 1640 4597 apud
1701 4517 1878 4598 ipsos
1944 4519 2243 4583 retinere.

212 4599 451 4665 Idem
512 4617 686 4662 eane
730 4616 1020 4679 paganos
1064 4598 1213 4662 illos
1256 4600 1538 4665 sensisse
1582 4602 1905 4676 videmus,
1965 4601 2127 4666 adeo
2170 4616 2246 4666 ut

212 4686 489 4751 inania
546 4681 667 4746 illa
701 4683 789 4746 sit
818 4684 1105 4765 ipsorum
1138 4687 1487 4762 excusatio,
1533 4698 1599 4749 et
1644 4706 1892 4751 vanum
1922 4689 2243 4769 effugium

205 4773 720 4857 papietarum,
765 4767 1041 4850 ideoque
1080 4769 1433 4835 tenendum
1473 4770 1647 4836 istud
1685 4773 2078 4855 principium
2124 4788 2245 4854 est,

206 4880 371 4923 non
434 4855 774 4920 sufficere
804 4854 1087 4937 aliquem
1119 4857 1187 4920 in
1212 4857 1451 4923 animis
1474 4859 1718 4922 nostris
1748 4859 2243 4940 impressionem

203 4964 389 5009 esse
450 4941 748 5005 divinae
804 4960 1101 5005 summae
1160 4942 1433 5007 alicuius
1492 4944 1873 5019 maiestatis,
1932 4963 2102 5026 quae
2140 4967 2247 5010 res

200 5050 503 5094 omnes
566 5025 1019 5090 administret:
1088 5026 1201 5092 sed
1270 5029 1465 5092 etiam
1527 5042 1825 5111 oportere
1890 5043 1966 5094 ut
2026 5031 2242 5095 Deum

196 5117 635 5199 cognitum
670 5113 766 5175 ita
803 5111 1110 5188 colamus,
1148 5125 1223 5177 ut
1255 5114 1323 5176 in
1355 5114 1497 5197 ipso
1520 5114 1659 5178 solo
1681 5115 2243 5197 conquiescamus:

186 5220 485 5284 neque
574 5208 827 5263 temere
885 5199 1174 5263 feramur
1228 5220 1310 5263 ex
1368 5222 1567 5265 sensu
1614 5212 1867 5275 nostro,
1928 5214 1996 5266 et
2039 5222 2248 5267 novos

184 5289 485 5355 cultus
574 5283 708 5366 ipsi
780 5284 1197 5367 affingamus,
1263 5296 1331 5349 et
1382 5296 1695 5368 patronos
1759 5295 1823 5350 et
1894 5286 2247 5354 advocatos

1649 377 1745 442 IN
1789 378 1843 443 I.
1891 376 2072 443 LIB.
2120 378 2524 445 SAMUEL.
2574 378 2772 445 OAP.
2816 377 3048 444 XXX.

4158 377 4288 445 698

2348 576 2660 649 tanquam
2743 565 3032 631 minores
3110 565 3262 632 deos
3328 565 3751 633 advocemus:
3825 565 3937 633 sed
4005 564 4288 631 sciamus

2347 651 2567 717 Deum
2591 674 2629 717 a
2667 650 2854 716 nobis
2888 653 3190 717 omnibus
3226 653 3523 719 sensibus
3559 654 3681 720 coli
3706 667 3773 717 et
3802 652 4059 717 adorari
4099 648 4285 729 velle,

2348 749 2411 802 et
2456 740 2661 804 solam
2721 737 2901 801 illam
2949 757 3143 819 quam
3192 740 3611 823 praescripsit
3657 738 3841 804 nobis
3886 738 3954 801 in
4000 735 4288 800 Domino

2348 834 2575 888 nostro
2632 823 2786 888 Iesu
2830 823 3099 889 Christo
3157 826 3332 897 viam
3392 826 3708 890 insistere.
3797 823 3969 888 Nam
4026 824 4082 888 si
4140 821 4292 887 huic

2350 911 2462 973 uni
2507 910 3039 992 acquiescamus,
3110 931 3440 992 nunquam
3488 913 3553 976 in
3615 910 3784 975 hanc
3838 922 3953 974 aut
4001 909 4070 971 in
4110 906 4290 971 illam

2349 1006 2601 1078 partem
2660 994 3134 1061 distrabemur:
3195 995 3462 1080 ideoque
3501 997 3652 1063 licet
3695 995 3961 1079 angelos
4005 993 4291 1059 sciamus

2348 1100 2465 1163 pro
2503 1082 2692 1146 nobis
2720 1080 3016 1164 vigilare,
3072 1094 3460 1166 nostraeque
3496 1081 3730 1149 salutis
3767 1081 4098 1146 ministros
4126 1099 4290 1156 esse,

2348 1178 2416 1231 et
2478 1179 2740 1249 paratos
2797 1166 2877 1230 ad
2954 1167 3274 1231 auxilium
3344 1168 3530 1234 nobis
3601 1169 3665 1233 in
3733 1166 3924 1232 rebus
3991 1164 4290 1249 angustis

2347 1253 2711 1336 ferendum,
2778 1272 3115 1333 nunquam
3176 1265 3394 1319 tamen
3454 1253 3535 1319 ad
3590 1254 3768 1336 ipsos
3812 1265 4291 1329 convertemur,

2346 1339 2502 1420 quin
2550 1337 2768 1403 Deum
2832 1359 3029 1401 unum
3076 1360 3495 1420 quaeramus.
3553 1352 3622 1405 et
3659 1341 3729 1403 in
3773 1339 3915 1421 ipso
3960 1337 4098 1404 solo
4144 1356 4288 1419 per·

2347 1423 2529 1501 fecte,
2573 1425 2639 1488 id
2677 1435 2799 1504 est,
2835 1424 2979 1488 sine
3021 1424 3434 1490 simulatione
3470 1425 4017 1508 conquiescamus.
4079 1423 4167 1487 Et
4211 1420 4291 1485 de

2345 1509 2536 1575 istius
2584 1512 2802 1575 miseri
2838 1509 3152 1593 Aegyptii
3198 1510 3510 1594 religione
3564 1512 3898 1588 hactenus,
3955 1510 4291 1574 dominum

2347 1616 2503 1660 vero
2546 1597 2753 1678 ipsius
2796 1596 2965 1677 quod
3025 1597 3265 1660 attinet
3307 1596 3669 1663 mercedem
3715 1616 3873 1661 suae
3917 1592 4288 1662 crudelitati

2345 1682 2738 1765 condignam
2784 1682 3107 1764 accepisse
3150 1682 3362 1764 ipsum
3412 1682 3763 1749 verisimile
3806 1692 3924 1747 est.
3971 1681 4292 1746 Miserum

2347 1769 2520 1831 enim
2582 1768 2911 1833 hominem
2973 1777 3042 1832 et
3083 1768 3210 1832 vile
3251 1770 3652 1851 mancipium
3700 1780 3991 1832 traxerat
4032 1767 4113 1831 ad
4161 1763 4292 1829 bel-

2347 1852 2502 1930 lum,
2549 1851 2662 1919 sed
2707 1874 2907 1936 quum
2952 1854 3022 1917 in
3054 1852 3347 1919 morbum
3395 1855 3731 1922 incidisset
3764 1874 3984 1920 curam
4030 1871 4292 1918 omnem

2347 1940 2555 2021 ipsius
2600 1939 2858 2004 abiecit:
2920 1959 3115 2022 quem
3174 1940 3401 2005 saltem
3465 1941 3548 2006 ad
3592 1960 3811 2022 sepem
3859 1939 4142 2022 aliquam
4187 1957 4291 2000 re-

2347 2024 2573 2090 lictum
2636 2025 2948 2090 debuerat
2992 2036 3140 2107 post
3182 2026 3501 2107 praelium
3549 2040 3616 2092 et
3658 2025 4063 2091 eversionem
4112 2022 4291 2089 urbis

2346 2108 2610 2194 Siceleg
2651 2131 3003 2177 assumere.
3050 2111 3223 2192 Quid
3249 2114 3424 2176 enim
3450 2112 3736 2195 pudebat
3759 2112 3969 2194 ipsum
3998 2106 4290 2175 misereri

2345 2198 2536 2262 istius
2591 2197 2920 2279 mancipii,
2978 2217 3176 2279 quum
3221 2198 3438 2263 onusti
3495 2196 3734 2281 praeda
3781 2197 4180 2262 Amalecitae
4224 2202 4292 2259 et

2344 2293 2536 2367 parta
2577 2284 2854 2350 victoria
2895 2282 3355 2348 discederent?
3416 2306 3617 2366 quare
3674 2282 3874 2367 igitur
3928 2282 4123 2347 herus
4169 2284 4289 2347 iste

2346 2369 2584 2434 misero
2648 2368 2972 2451 mancipio
3041 2390 3171 2434 non
3230 2371 3583 2454 succurrit,
3644 2390 3759 2436 cur
3814 2388 3967 2433 eum
4037 2369 4289 2433 minore

2345 2454 2415 2518 in
2461 2455 2669 2536 pretio
2732 2475 2929 2537 quam
2974 2475 3202 2521 canem
3264 2454 3531 2522 habuit?
3601 2453 3779 2521 Sane
3837 2454 4136 2537 ingratus
4179 2453 4290 2518 ille

2344 2550 2413 2605 et
2454 2540 2855 2606 inhumanus
2898 2541 3056 2605 fuit:
3099 2539 3213 2606 sed
3259 2556 3479 2607 tamen
3525 2542 3630 2607 bic
3673 2540 4123 2605 admirandum
4166 2535 4290 2605 Dei

2344 2627 2690 2693 consilium
2755 2637 2887 2703 est,
2947 2628 3134 2692 cuius
3179 2627 3585 2709 providentia
3628 2626 3839 2703 istud,
3895 2647 4027 2691 non
4073 2626 4291 2710 aliquo

2344 2734 2498 2779 casu
2560 2714 2661 2778 vel
2705 2713 2970 2777 fortuna
3014 2712 3310 2796 contigit.
3374 2714 3467 2779 Et
3512 2711 3867 2778 verisimile
3910 2724 4010 2777 est
4054 2712 4287 2777 berum

2343 2798 2543 2865 istum
2601 2800 2672 2863 in
2716 2800 2962 2881 praelio
3006 2818 3287 2876 caesum,
3339 2811 3414 2864 ut
3455 2798 3846 2875 merebatur,
3893 2810 3958 2862 et
4003 2819 4118 2879 pro
4164 2800 4291 2864 lae-

2344 2885 2490 2949 titia
2532 2905 2730 2967 quam
2777 2883 2997 2949 debuit
3036 2882 3299 2949 domum
3350 2885 3606 2950 rediens
3649 2884 3974 2966 consequi,
4020 2883 4289 2966 dignam

2342 2971 2728 3037 crudelitate
2763 2991 2881 3036 sua
2918 2983 3193 3035 mortem
3227 2991 3493 3054 passum
3522 2991 3683 3035 esse.
3732 2966 3912 3034 Sane
3949 2968 4288 3035 hominum

2342 3058 2646 3140 opinione
2690 3056 2815 3121 nisi
2861 3058 2930 3120 in
2971 3076 3236 3122 servum
3281 3057 3478 3121 istum
3523 3054 3740 3120 David
3785 3054 4140 3133 incidisset,
4186 3076 4286 3119 re-

2343 3144 2510 3209 scire
2567 3164 2700 3207 non
2752 3140 3070 3223 potuisset
3126 3162 3251 3223 quo
3312 3142 3449 3206 loco
3507 3152 3728 3208 essent
3785 3140 4021 3206 hostes.
4104 3141 4287 3209 Deus

2345 3228 2607 3311 quidem
2655 3229 2943 3311 profecto
2987 3227 3172 3293 illum
3218 3228 3488 3293 consilio
3524 3248 3656 3292 non
3692 3226 4127 3291 destituisset:
4172 3226 4285 3293 sed

2343 3313 2425 3378 de
2490 3313 2723 3380 mediis
2780 3316 3039 3398 agimus
3094 3334 3260 3395 quae
3326 3315 3391 3378 in
3462 3334 3695 3378 sensus
3767 3311 4105 3376 hominum
4186 3315 4284 3378 in-

2341 3410 2635 3467 currunt.
2671 3400 2815 3465 Nisi
2857 3420 3015 3483 ergo
3058 3399 3359 3464 dominus
3403 3398 3514 3464 ille
3559 3412 3692 3464 tam
3735 3395 4016 3464 crudelis
4060 3398 4287 3467 fuisset

2341 3486 2410 3551 in
2456 3486 2704 3552 famulo
2745 3506 2867 3551 suo
2910 3485 3290 3562 deserendo,
3333 3506 3462 3550 non
3501 3485 3756 3550 tulisset
3786 3504 4056 3566 poenam
4089 3505 4285 3568 quam

2340 3573 2576 3637 merito
2621 3572 2849 3637 tulisse
2890 3573 3109 3654 ipsum
3156 3571 3474 3637 videmus.
3520 3571 3658 3636 Nos
3700 3572 3917 3652 itaque
3959 3568 4282 3637 discamus

2342 3679 2572 3723 eorum
2639 3660 2935 3723 misereri
2994 3677 3157 3741 quos
3215 3658 3583 3722 laborantes
3652 3654 4049 3735 viderimus,
4116 3676 4281 3739 quos

2340 3743 2497 3810 licet
2529 3746 2825 3827 ingratos
2869 3747 3302 3826 experiamur,
3345 3741 3565 3808 Deum
3605 3754 3823 3806 tamen
3863 3761 3991 3806 non
4030 3742 4280 3807 dubite-

2343 3852 2490 3895 mus
2551 3831 2910 3895 mercedem
2980 3827 3164 3894 nobis
3222 3849 3340 3893 suo
3386 3842 3673 3910 tempore
3728 3848 3926 3910 quam
3985 3830 4283 3910 promisit

2344 3915 2776 3981 redditurum.
2823 3914 3072 3981 Contra
3100 3927 3469 3979 metuamus
3515 3936 3599 3979 ne
3642 3914 3911 3978 miseros
3945 3928 4013 3978 et
4042 3935 4282 3997 egenos

2343 4015 2835 4067 contemnentes
2879 4001 3063 4065 Deus
3121 4001 3190 4065 in
3251 4020 3472 4082 parem
3539 4000 3821 4083 inopiam
3882 4012 3947 4065 et
4007 4002 4278 4066 necessi·

2345 4100 2548 4153 tatem
2594 4087 2890 4161 adducat,
2937 4098 3001 4152 et
3046 4085 3349 4151 omnibus
3392 4086 3657 4152 auxiliis
3701 4088 4028 4163 dostituat,
4072 4086 4165 4152 sic
4213 4099 4283 4150 ut

2346 4176 2550 4239 nostri
2596 4173 2816 4239 nullus
2860 4174 3264 4249 misereatur,
3306 4171 3850 4254 quemadmodum
3897 4167 4062 4234 dixit
4102 4172 4283 4237 Deus

2344 4260 2513 4336 fore,
2574 4272 2648 4324 ut
2689 4280 2823 4341 qua
2863 4278 3176 4323 mensura
3218 4256 3428 4322 metiti
3472 4258 3786 4324 fuerimus
3821 4256 4047 4321 eadem
4093 4255 4280 4323 nobis

2347 4345 2747 4411 remetiatur.
2814 4345 2895 4410 In
2942 4343 3172 4426 primis
3218 4364 3374 4409 vero
3430 4346 3712 4409 sciamus
3758 4364 3876 4408 nos
3920 4341 4285 4424 puniendos

2346 4434 2611 4516 gravius
2639 4431 2694 4495 si
2739 4430 3036 4496 crudeles
3079 4432 3150 4495 in
3194 4452 3304 4495 eos
3333 4430 3648 4494 fuerimus
3676 4427 3916 4510 quibus
3959 4448 4078 4492 nos
4104 4427 4287 4493 Deus

2345 4518 2559 4599 magis
2581 4515 2985 4592 devinxerat,
3028 4528 3098 4581 et
3141 4537 3470 4598 nunquam
3496 4514 3878 4597 impunitam
3917 4512 4288 4579 istiusmodi

2346 4602 2798 4668 crudelitatem
2842 4602 2996 4668 fore.
3044 4602 3390 4668 Discamus
3431 4601 3634 4683 igitur
3671 4600 3869 4664 huius
3894 4599 4288 4666 Amalecitae

2347 4689 2648 4771 exemplo
2691 4709 2940 4771 sapere,
2985 4707 3176 4769 quem
3225 4687 3519 4752 videmus
3563 4707 3603 4750 a
3637 4684 3781 4751 Deo
3823 4686 3917 4751 sic
3962 4686 4286 4767 punitum,

2346 4786 2423 4841 ut
2466 4774 2829 4839 derilictum
2874 4774 3267 4856 mancipium
3313 4769 3496 4838 Deus
3541 4771 3820 4838 voluerit
3861 4771 3930 4835 in
3959 4770 4285 4836 Davidem

2347 4860 2660 4934 incidere,
2717 4873 2793 4923 ut
2848 4881 2924 4925 eo
2967 4859 3178 4924 indice
3237 4870 3732 4939 persequeretur
3776 4856 4104 4939 fugientes
4139 4857 4286 4923 illos

2346 4946 2570 5011 hostes
2614 4944 3050 5028 praedamque
3095 4954 3523 5025 recuperaret.
3589 4943 3936 5008 Praeterea
3993 4954 4061 5006 et
4107 4943 4285 5008 istud

2346 5030 2862 5103 observandum,
2908 5031 3129 5095 Deum
3194 5030 3381 5094 nobis
3437 5030 3680 5094 factum
3728 5028 4102 5112 propitium,
4147 5029 4282 5095 vic-

2348 5119 2582 5182 toriam
2620 5117 2700 5181 de
2740 5116 3037 5181 hostibus
3075 5113 3403 5193 daturum,
3447 5126 3514 5179 et
3555 5116 3730 5199 ipsos
3765 5126 4287 5194 excaecaturum,

2348 5212 2417 5268 et
2474 5204 2863 5268 effecturum
2922 5214 2996 5267 ut
3065 5204 3163 5265 vel
3223 5200 3640 5284 inopinantes
3695 5200 3880 5266 nobis
3936 5201 4059 5284 ipsi
4103 5221 4290 5285 prae-

2350 5290 2549 5356 beant
2593 5288 2902 5355 victoriae
2930 5287 3353 5353 occasionem.
3397 5284 3512 5354 Sic
3542 5287 3718 5354 enim
3763 5286 3929 5353 solet
3953 5286 4138 5352 Deus
4185 5286 4288 5353 vel
