5059 6059
307 272 426 339 489
1568 273 1667 341 IN
1708 274 1765 341 1.
1810 272 1992 341 LIB.
2037 270 2440 341 SAMUEL.
2485 273 2686 340 CAP.
2730 271 2994 340 XXIV.

4146 275 4283 342 490

307 462 512 547 emplo
531 460 810 528 Davidis
845 462 1338 547 magistratibus
1374 463 1488 547 qui
1525 463 1798 530 debetur
1830 463 1991 547 ipsis
2034 461 2234 528 hono-
2332 463 2811 530 comitabantur
2845 464 3063 549 ipsum
3098 463 3372 530 milites:
3410 461 3525 530 sed
3561 462 3786 548 quales
3820 460 3993 529 viri?
4037 462 4279 564 Egerii,

307 570 434 615 rem
509 546 765 613 habere.
878 547 1052 613 Nam
1115 550 1172 615 si
1238 548 1458 615 David
1527 547 1868 616 obscuram
1929 548 2230 615 umbram

304 633 480 719 regni
538 633 809 698 Domini
868 634 1074 699 nostri
1127 634 1280 701 Iesu
1323 632 1572 702 Christi
1633 635 1800 701 tanti
1859 634 2041 714 fecit,
2100 651 2230 718 quo

303 740 418 786 nos
479 719 725 785 honore
788 720 1096 803 prosequi
1161 721 1345 786 decet
1408 719 1603 786 hodie
1667 721 2090 805 magistratus
2162 726 2232 786 et

301 803 666 890 principes?
732 803 954 886 Quare
998 827 1118 872 nos
1141 807 1285 873 Deo
1329 815 1501 872 totos
1537 808 2017 891 permittamus,
2061 805 2232 890 regi-

301 912 421 975 que
495 911 610 956 nos
692 889 1010 969 sciamus,
1078 912 1212 959 non
1278 892 1543 975 quidem
1611 892 1693 958 ad
1758 891 2050 957 triduum
2116 898 2232 956 aut

295 974 724 1061 quatriduum,
768 985 845 1041 ut
879 976 1037 1042 olim
1061 977 1226 1044 Saul
1262 977 1574 1062 populum
1609 979 1821 1044 rexit:
1866 976 1980 1043 sed
2024 997 2228 1060 quan·

300 1060 635 1147 doquidem
679 1081 956 1146 regnum
999 1063 1210 1146 ipsius
1253 1072 1355 1129 est
1397 1074 1810 1148 perpetuum,
1869 1072 1935 1128 et
1980 1063 2087 1129 hic
2130 1070 2231 1128 est

293 1159 518 1231 scopus
574 1147 655 1212 ad
716 1167 909 1230 quem
969 1147 1428 1215 collimandum
1482 1159 1597 1226 est.
1655 1159 1722 1215 et
1764 1150 1960 1216 unica
2001 1155 2229 1214 nostra

291 1233 561 1300 felicitas
617 1245 683 1297 et
746 1234 1106 1316 perfectum
1161 1234 1496 1320 gaudium,
1554 1235 1882 1302 discamus
1941 1253 2060 1300 nos
2104 1234 2228 1316 ipsi

292 1340 414 1386 non
482 1321 547 1386 vi
614 1331 727 1384 aut
793 1329 975 1385 metu
1039 1320 1319 1406 quodam
1377 1320 1731 1387 subiicere:
1799 1319 1911 1386 sed
1975 1321 2229 1385 sincero

289 1406 519 1471 animo.
630 1404 983 1471 Caeterum
1060 1427 1189 1472 non
1257 1406 1492 1471 leviter
1558 1405 2031 1490 praetereunda
2097 1425 2228 1470 vox

287 1491 397 1556 illa
454 1489 767 1556 Davidis:
830 1490 1161 1572 Propitius
1216 1492 1301 1558 sit
1357 1491 1523 1558 mihi
1562 1493 1902 1571 Dominus,
1960 1511 2044 1556 ex
2101 1510 2229 1573 qua

284 1576 593 1643 discimus
673 1595 793 1642 nos
871 1587 1105 1661 sponte
1170 1579 1397 1662 iugum
1465 1577 1636 1663 quod
1703 1578 1887 1643 Deus
1947 1575 2230 1660 imponit

287 1661 639 1728 subeuntes
662 1712 678 1742 ‚
760 1668 826 1727 et
891 1663 1380 1748 magistratibus
1438 1685 1601 1747 quos
1667 1662 1857 1729 nobis
1917 1660 2229 1746 praefecit

285 1748 460 1814 ultro
525 1767 777 1815 morem
846 1757 1169 1832 gerentes,
1237 1759 1303 1814 et
1366 1750 1754 1834 simpliciter
1819 1749 2225 1815 vocationem

281 1834 553 1917 quisque
590 1854 779 1899 suam
814 1844 1177 1917 sequentes,
1202 1834 1348 1900 Deo
1380 1845 1680 1920 acceptos
1713 1834 1872 1911 fore,
1914 1843 1983 1900 et
2009 1835 2226 1917 ipsum

280 1919 348 1984 in
371 1918 563 1986 nobis
587 1927 1038 2005 regnaturum,
1077 1922 1344 2003 suisque
1364 1920 1696 1988 beneficiis
1717 1920 2225 1986 cumulaturum.

276 2005 376 2071 Ne
432 2005 813 2072 dubitemus
877 2006 1081 2090 igitur
1137 2007 1296 2091 quin
1366 2027 1486 2072 nos
1543 2006 1689 2073 Deo
1752 2005 2007 2090 placide
2071 2002 2224 2069 sub-

274 2091 635 2172 mittentes,
693 2091 1050 2176 iugumque
1092 2092 1299 2176 ipsius
1343 2093 1643 2171 ferentes,
1703 2112 1915 2175 neque
1957 2089 2222 2157 recalci-

273 2184 527 2244 trantes
593 2184 670 2243 ut
727 2177 941 2242 solent
983 2180 1131 2261 equi
1176 2178 1517 2258 calcitrosi,
1573 2179 1777 2263 ipsius
1819 2178 2114 2243 favorem
2158 2183 2225 2240 et

277 2262 803 2330 benevolentiam
838 2265 1274 2347 experiamur.
1339 2264 1435 2329 At
1468 2265 1525 2329 si
1562 2264 1787 2331 fideles
1824 2261 2221 2347 magistrati-

269 2348 386 2414 bus
431 2365 606 2433 quos
649 2349 809 2432 ipsis
849 2350 1160 2449 praefecit
1203 2348 1578 2416 obedientes
1619 2349 1805 2415 Deus
1850 2349 1985 2415 suis
2032 2348 2223 2414 bene—

267 2434 432 2500 ficiis
476 2435 706 2514 afficit,
762 2436 919 2517 quid
963 2436 1258 2501 futurum
1302 2443 1402 2501 est
1444 2455 1652 2519 quum
1697 2434 1968 2500 Domini
2012 2433 2218 2500 nostri

262 2518 417 2586 Iesu
482 2519 747 2588 Christi
801 2521 1000 2603 pedes
1055 2520 1330 2587 osculati
1387 2521 1737 2597 fuerimus,
1811 2539 2088 2604 eumque
2148 2525 2223 2583 ut

263 2625 488 2690 regem
552 2606 1039 2691 agnoverimus,
1096 2606 1288 2690 eique
1330 2627 1450 2673 nos
1491 2605 1810 2690 regendos
1853 2604 2220 2689 permiseri-

262 2691 457 2758 mus?
533 2690 733 2774 Quae
775 2691 1091 2759 beneficia
1130 2691 1517 2760 collaturum
1562 2694 1780 2778 ipsum
1825 2690 2224 2758 arbitramur

260 2777 329 2842 in
387 2797 505 2845 eos
575 2778 689 2861 qui
746 2797 927 2862 spem
974 2797 1232 2845 omnem
1277 2799 1463 2845 suam
1507 2778 1578 2843 in
1617 2779 1760 2862 ipso
1800 2773 2221 2843 collocarint?

263 2862 729 2945 Quamobrem
773 2885 977 2947 quum
1021 2884 1140 2931 nos
1176 2864 1360 2930 Deus
1395 2864 1719 2949 evangelii
1752 2860 2223 2947 praedicationi

265 2950 413 3015 vult
471 2949 735 3026 subiici,
790 2957 856 3014 et
914 2951 1199 3017 cervices
1253 2949 1460 3033 ipsius
1501 2951 1660 3035 iugo
1703 2948 2102 3025 submittere,
2147 2964 2223 3012 ac

261 3055 332 3101 re
387 3037 539 3138 ipsa
596 3035 825 3101 testari
888 3056 1005 3102 nos
1059 3056 1202 3102 esse
1253 3036 1380 3120 ipsi
1438 3035 1752 3120 populum
1809 3035 2094 3101 dicatum
2138 3031 2221 3098 ad

259 3122 689 3189 serviendum
734 3120 872 3187 filio
915 3122 1126 3206 ipsius
1170 3129 1486 3205 tanquam
1531 3121 1674 3206 regi
1717 3129 1781 3185 et
1828 3117 2220 3186 dominatori

259 3218 516 3284 nostro,
581 3206 870 3272 Domino
921 3207 1075 3274 Iesu
1132 3207 1422 3286 Christo,
1481 3225 1567 3274 ne
1625 3206 1998 3273 dubitemus
2057 3206 2218 3289 quin

255 3292 471 3360 modis
544 3292 854 3359 omnibus
917 3311 1106 3360 suam
1171 3310 1329 3379 erga
1392 3313 1514 3359 nos
1570 3291 2094 3361 benevolentiam
2152 3298 2220 3356 et

255 3379 564 3445 favorem
626 3378 1049 3445 demonstret.
1136 3379 1387 3445 Contra
1443 3399 1605 3445 vero
1660 3379 1943 3446 sciamus
1991 3384 2219 3443 contu-

253 3484 480 3532 maces
520 3474 592 3531 et
626 3471 1029 3548 arrogantes,
1074 3471 1140 3531 et
1173 3465 1580 3548 superiorum
1616 3464 2014 3549 dignitatum
2048 3464 2219 3529 ferre

250 3552 489 3636 iugum
579 3550 1014 3617 detrectantes
1091 3550 1360 3616 tandem
1427 3550 1499 3615 in
1563 3550 1845 3616 exitium
1909 3550 2218 3632 ruituros,

248 3638 577 3720 quoniam
636 3655 746 3701 eos
792 3636 917 3702 Dei
977 3636 1267 3703 vindicta
1309 3636 1744 3719 persequitur,
1800 3636 1969 3718 quod
2014 3636 2220 3719 ipsius

246 3722 665 3790 ordinationi
702 3723 1044 3788 resistant:
1090 3720 1635 3806 quemadmodum
1681 3730 1747 3786 et
1783 3720 2033 3787 Paulus
2075 3720 2217 3787 loco

247 3817 408 3876 ante
480 3810 688 3874 citato
751 3806 1078 3888 admonet,
1142 3807 1287 3873 fieri
1349 3825 1480 3873 non
1531 3825 1724 3891 posse
1778 3806 1935 3889 quin
1997 3808 2042 3871 ii
2101 3806 2216 3889 qui

243 3892 395 3962 Deo
441 3895 701 3963 bellum
746 3892 1058 3973 inferunt,
1101 3891 1468 3960 mercedem
1511 3912 1694 3959 suam
1740 3892 2090 3976 recipiant:
2149 3897 2217 3957 et

247 3983 417 4067 quin
463 4001 546 4048 re
593 3980 737 4064 ipsa
781 3979 1044 4044 tandem
1091 3987 1402 4063 appareat
1442 3977 1619 4062 ipsos
1661 3977 1974 4045 adversus
1997 3975 2215 4043 Deum

243 4069 543 4135 rebelles
583 4066 803 4132 fuisse.
871 4067 1264 4132 Praoeertim
1309 4084 1467 4130 vcro
1510 4084 1596 4130 ne
1639 4063 2008 4129 dubitemus
2053 4063 2214 4146 quin

243 4152 603 4221 horrenda
669 4151 795 4217 Dei
860 4151 1153 4217 vindicta
1218 4158 1485 4216 maneat
1548 4169 1660 4216 eos
1725 4151 1834 4232 qui
1894 4149 2215 4214 adversus

241 4240 641 4307 Dominum
698 4244 997 4303 nostrum
1044 4237 1265 4303 Iesum
1310 4235 1652 4302 Christum
1713 4236 2214 4306 insui-ruerint.

240 4328 483 4410 Quare
550 4343 757 4408 quum
817 4323 1040 4389 hostes
1099 4321 1433 4407 religionis
1482 4319 1731 4387 rabiem
1775 4339 1957 4390 suam
2004 4329 2073 4384 et
2115 4321 2212 4384 fu-

237 4434 472 4481 rorem
538 4408 927 4492 despumare
972 4406 1347 4487 viderimus‚
1390 4425 1468 4472 ac
1510 4406 1760 4472 coelum
1805 4417 2015 4474 terrae
2062 4406 2214 4470 mis·

236 4517 396 4569 cere
455 4496 662 4574 velle,
721 4495 1047 4578 patienter
1088 4493 1218 4559 Dei
1275 4491 1631 4559 vindictam
1689 4477 2001 4564 Mersus
2043 4493 2218 4574 ipsos

234 4592 753 4671 exspectemus:
820 4589 889 4644 et
951 4600 1037 4645 ne
1100 4579 1475 4646 dubitemus
1535 4573 1716 4660 quir!
1755 4577 2034 4643 Davidis
2091 4579 2219 4642 ista

237 4670 559 4757 precatio
617 4688 657 4733 a
713 4665 1097 4750 prophetico
1157 4665 1388 4748 spiritu
1433 4665 1746 4747 profecta,
1801 4664 1891 4729 sit
1933 4675 2109 4729 certa
2153 4673 2219 4728 et

237 4751 717 4825 irrevocabilis
770 4750 1044 4817 Domini
1108 4749 1435 4817 sententia
1494 4749 1839 4816 adversum
1902 4749 2218 4833 infideles,

234 4845 439 4911 cuius
489 4840 805 4907 effectum
850 4858 970 4902 suo
1014 4847 1305 4919 tempore
1348 4836 1654 4906 sestiant.

422 4926 634 5009 Quae
705 4923 1010 5005 deinceps
1089 4929 1491 5004 sequuntur:
1570 4921 1888 4988 Davidem
1956 4939 2220 4987 summ

235 5015 516 5082 menos
578 5010 875 5094 freyisse,
936 5007 1150 5074 maius
1213 5014 1374 5107 sunt*
1432 5008 1700 5072 virtutis
1765 5007 1970 5090 ipsius
2034 5006 2220 5071 testi-

2330 547 2564 632 inopes
2627 561 2693 616 et
2754 552 3045 634 oppressi
3112 570 3260 616 aere
3324 550 3560 627 alieno,
3624 555 3699 614 ut
3750 555 3907 614 ante
3964 547 4272 627 vidimus,

2331 653 2494 717 quos
2549 634 2621 699 in
2682 636 2856 701 diem
2912 637 3141 702 vivere
3184 633 3542 719 oportebat,
3598 641 3677 700 ut
3719 634 4027 718 deinceps
4070 634 4275 718 pluri·

2329 718 2451 787 bus
2507 719 2898 788 videbimus.
2985 720 3262 788 Davidis
3304 731 3523 787 autem
3568 722 3885 787 autoritas
3927 740 4059 786 non
4103 720 4276 786 tanti

2329 814 2473 870 erat
2505 806 2680 889 apud
2724 807 2917 890 ipsos,
2963 807 3075 891 qui
3121 807 3413 872 nondum
3460 807 3674 873 fuerat
3720 807 4076 890 imperator
4117 826 4272 873 con-

2327 892 2635 968 stitutus,
2703 913 2911 976 neque
2975 895 3044 958 in
3110 895 3330 977 regiae
3395 891 3733 977 dignitatis
3797 890 4272 976 possessionem

2330 976 2546 1045 adhuc
2611 979 2867 1044 missus.
2993 982 3090 1046 Ac
3155 978 3307 1044 lieet
3368 989 3681 1062 tanquam
3739 976 3873 1043 dux
3939 987 4272 1060 praeesset

2328 1062 2510 1144 ipsis,
2570 1072 2793 1129 tamen
2838 1086 3037 1147 quum
3082 1065 3306 1149 populi
3349 1064 3676 1131 sententia
3719 1061 4017 1148 publicus
4061 1062 4273 1131 hostis

2331 1146 2699 1230 haberetur,
2745 1171 2877 1215 non
2922 1162 3177 1235 poterat
3220 1150 3340 1215 sibi
3387 1151 3634 1235 regiam
3672 1151 3742 1215 in
3787 1148 3934 1216 illos
3975 1157 4269 1232 potesta·

2329 1241 2462 1299 tem
2537 1236 2855 1316 tribuere,
2930 1236 3040 1303 sed
3100 1235 3474 1302 volentibus
3528 1236 3911 1321 imperabat.
4009 1233 4272 1301 Deinde

2331 1339 2534 1402 quum
2571 1341 2782 1388 novae
2816 1320 3094 1390 subinde
3129 1321 3543 1389 difficultates
3578 1323 4006 1398 exorirentur,
4042 1330 4268 1404 potue·

2329 1417 2489 1469 runt
2556 1407 2648 1470 illi
2712 1407 2780 1474 in
2836 1408 3052 1492 ipsum
3117 1407 3330 1474 facere
3394 1408 3730 1490 impetum,
3795 1415 3863 1472 et
3924 1407 4270 1472 incautum

2331 1492 2682 1574 trucidare,
2747 1503 2822 1559 ut
2884 1493 3078 1559 malis
3130 1493 3267 1559 suis
3320 1494 3526 1558 finem
3583 1493 3783 1559 semel
3841 1493 4270 1575 imponerent.

2335 1574 2502 1641 Nam
2579 1598 2781 1661 quum
2840 1579 3091 1645 hostem
3153 1600 3341 1645 suum
3406 1578 3622 1645 David
3683 1599 3719 1644 e
3776 1578 4080 1644 manibus
4137 1579 4273 1643 suis

2330 1662 2718 1730 incolumem
2757 1663 3128 1746 dimisisset,
3170 1685 3391 1730 nonne
3424 1664 3815 1732 videbantur
3853 1663 3948 1729 illi
3986 1665 4267 1749 gratiam

2330 1746 2556 1815 Saulis
2612 1750 2864 1828 inituri,
2931 1759 2999 1815 et
3054 1751 3452 1816 occasionem
3508 1750 3832 1833 accepturi
3898 1771 3969 1815 se
4027 1769 4129 1815 ex.
4171 1757 4268 1814 tot

2329 1834 2637 1916 periculis
2674 1836 2873 1902 semel
2913 1835 3230 1902 liberandi
3280 1835 3538 1904 Davide
3582 1835 3973 1902 interfecto?
4030 1834 4266 1902 Nonne

2327 1920 2422 1987 illi
2485 1922 2903 1989 timiditatem
2962 1923 3237 1989 obiicere
3293 1931 3617 2006 poterant,
3676 1942 3839 2006 quae
3896 1920 4260 2006 periculum

2325 2021 2577 2073 crearet
2619 2008 2832 2091 ipsum
2879 2007 3357 2085 comitantibus,
3414 2017 3481 2073 et
3522 2028 3730 2073 novas
3774 2005 4050 2074 subinde
4093 2006 4263 2072 diffi-

2326 2094 2601 2159 cultates
2641 2093 3047 2159 attraheret?
3138 2093 3374 2158 Nonne
3417 2093 3729 2177 perfidiae
3772 2112 4095 2171 accusare,
4149 2089 4265 2176 qui

2322 2178 2607 2245 oblatam
2638 2180 3038 2245 occasionem
3085 2199 3227 2245 sese
3270 2187 3337 2244 et
3374 2199 3525 2246 suos
3568 2180 3636 2245 in
3682 2179 4044 2245 libertatem
4089 2195 4264 2245 asse-

2323 2265 2513 2331 rendi
2578 2265 3073 2331 contemneret?
3185 2265 3483 2331 Profecto
3546 2286 3677 2331 non
3744 2284 3973 2348 parum
4040 2265 4266 2329 abesse

2326 2349 2716 2417 videbantur
2749 2371 2790 2416 a
2823 2350 3159 2430 seditione,
3204 2370 3332 2433 qua
3373 2350 3704 2418 excaecati
3742 2359 3812 2416 et
3853 2351 4073 2415 furore
4114 2369 4266 2434 per·

2325 2436 2440 2502 citi
2486 2436 2728 2503 Davidi
2786 2457 3020 2503 manus
3062 2435 3828 2503 violentas·intulissent.
3920 2435 4088 2501 Nam
4134 2453 4266 2519 quo

2326 2542 2458 2588 non
2513 2521 2794 2605 impellit
2848 2522 3145 2589 homines
3203 2521 3617 2607 desperatio?
3706 2521 3928 2604 Quare
3987 2519 4265 2587 Davidis

2325 2609 2763 2675 constantiam
2858 2617 2924 2674 et
3001 2608 3608 2693 magnanimitatem
3689 2617 3872 2673 tanto
3949 2608 4262 2673 maiorem

2325 2695 2527 2761 fuisse
2562 2702 2853 2778 apparet,
2890 2703 3133 2777 quanto
3168 2693 3521 2760 maioribus
3558 2692 4049 2760 difficultatibus
4083 2713 4264 2777 pres-

2327 2800 2459 2860 sus,
2521 2798 2660 2846 non
2717 2787 2937 2847 tamen
2996 2778 3169 2846 flecti
3267 2779 3435 2844 otuit
3489 2787 3564 2844 ut
3618 2799 3883 2845 suorum
3942 2777 4265 2844 voluntati

2326 2865 2605 2944 cederet,
2647 2864 2802 2933 licet
2844 2885 2992 2932 eum
3038 2864 3220 2931 denti
3264 2885 3346 2930 us
3389 2872 3455 2929 et
3496 2864 3830 2966 unguibus
3874 2863 4264 2947 discerpturi

2326 2951 2741 3036 viderentur,
2808 2952 2919 3037 qui
2985 2951 3066 3018 ab
3131 2951 3274 3034 ipso
3338 2949 3420 3014 ad
3486 2949 3812 3016 lanienam
3878 2969 4023 3016 sese
4084 2947 4262 3014 trahi

2325 3036 2833 3104 arbitrabantur.
2920 3037 3175 3104 Verum
3221 3035 3489 3121 agnovit
3531 3034 3748 3102 David
3793 3055 3927 3100 non
3969 3044 4105 3100 tam
4147 3034 4263 3100 ad·

2326 3143 2557 3191 versus
2632 3124 2929 3190 inimicos
3002 3143 3199 3207 quam
3276 3122 3590 3188 adversus
3653 3121 3860 3187 socios
3924 3141 4077 3188 suos
4139 3118 4263 3186 sibi

2322 3207 2776 3295 pugnandum.
2862 3208 3078 3291 Quam
3132 3207 3475 3274 materiam
3535 3207 3685 3292 quia
3740 3227 3872 3272 non
3916 3223 4264 3292 possumus

2321 3295 2393 3361 in
2449 3294 2820 3378 praesentia
2870 3294 3169 3378 pluribus
3212 3293 3533 3378 persequi,
3592 3291 3918 3359 discamus
3960 3292 4262 3375 exemplo

2319 3379 2635 3461 Davidis,
2711 3379 3131 3447 instiusmodi
3201 3377 3666 3445 tentationibus
3741 3378 4259 3446 occurrentibus:

2316 3466 2580 3532 fortiter
2609 3467 2835 3550 pravis
2870 3464 3172 3533 omnibus
3205 3465 3492 3533 consiliis
3524 3464 3847 3545 resistere,
3891 3471 3958 3530 et
3999 3463 4264 3530 temeri-

2320 3553 2443 3618 tati
2477 3551 2799 3618 malorum
2835 3550 3278 3619 consultorum
3315 3550 3399 3617 ad
3432 3551 3631 3617 finem
3680 3570 3885 3635 usque
3930 3549 4260 3627 reluctari,

2318 3638 2442 3704 etsi
2485 3637 2586 3702 illi
2628 3637 2788 3705 socii
2831 3639 2983 3716 sint,
3044 3647 3111 3703 et
3153 3638 3441 3720 ipsorum
3486 3635 3778 3720 opinioni
3817 3635 4262 3703 contradicere
4320 3705 4331 3714 ,

2315 3723 2670 3790 molestum
2725 3723 2832 3789 sit.
2920 3722 3058 3789 Sed
3115 3720 3564 3806 abrumpenda
3604 3721 3804 3788 semel
3849 3729 4006 3788 sunt
4046 3719 4259 3787 homi·

2319 3829 2477 3875 num
2499 3807 2789 3887 consilia,
2826 3827 3030 3893 quum
3054 3807 3185 3873 Dei
3217 3827 3413 3873 causa
3445 3816 3547 3875 est
3582 3807 3854 3893 agenda,
3890 3817 3964 3875 ut
3997 3815 4262 3893 praeter

2315 3895 2522 3979 ipsius
2568 3894 2973 3961 voluntatem
3019 3893 3185 3959 nihil
3231 3893 3644 3978 suscipiatur.

2488 3980 2629 4044 Iam
2679 3999 2834 4046 vero
2879 3981 3073 4070 agite,
3117 3983 3221 4045 dc.

2784 4273 2906 4354 Η(
2912 4268 3279 4356 >MILIA
3326 4267 3783 4354 LXXXVI·

2488 4406 2551 4472 8.
2628 4404 2832 4472 Porro
2879 4404 3042 4472 Saul
3098 4425 3438 4490 exsuryens
3492 4405 3569 4470 de
3623 4403 3921 4485 speltam
3964 4403 4261 4488 peryebat

2314 4497 2520 4573 coepto
2577 4491 2813 4557 itinere.
2902 4491 2966 4558 9.
3029 4491 3324 4558 Sarra&
3381 4496 3585 4556 autem
3623 4488 3867 4555 Doevid.
3888 4495 4036 4573 post
4090 4509 4258 4555 eum.-

2316 4581 2372 4643 ά
2426 4597 2709 4662 cyressus
2761 4578 2837 4643 de
2893 4577 3185 4660 spelunca
3235 4577 3527 4643 clamavit
3573 4579 3718 4656 post
3771 4579 4016 4659 teryum
4077 4575 4256 4648 Saul.

2315 4663 2562 4729 dicens.-
2602 4662 2879 4729 Domine
2919 4663 3011 4728 mi
3052 4682 3189 4729 rex.
3246 4662 3335 4728 Et
3376 4661 3644 4742 respowit
3692 4659 3855 4726 Saul
3881 4666 4031 4743 post
4068 4680 4154 4740 se,
4200 4666 4257 4726 et

2318 4748 2632 4814 inclinans
2713 4768 2783 4814 se
2867 4748 3088 4815 David
3165 4767 3416 4829 pronus
3487 4746 3558 4810 in
3633 4751 3867 4811 terram
3944 4747 4251 4813 adoravit.

2320 4834 2423 4899 10.
2469 4832 2776 4916 Dixitque
2824 4836 2911 4901 ad
2954 4832 3145 4900 Saul.-
3194 4834 3400 4914 Quare
3450 4830 3640 4897 audis
3694 4832 3882 4898 verba
3933 4831 4255 4898 hominum

2317 4919 2724 5002 loqiaentium,
2801 4919 3026 4987 David
3107 4918 3351 5001 quaerit
3424 4918 3663 4984 mlum
3738 4918 4072 4984 adversum
4147 4917 4252 4983 te?

2321 5007 2422 5071 11.
2468 5004 2628 5071 Ecce
2680 5004 2864 5072 hodie
2916 5005 3206 5071 viderunt
3246 5003 3409 5070 oculi
3450 5004 3561 5076 tui.
3621 5003 3787 5084 quod
3826 5003 4159 5070 tradiderit
4196 5008 4255 5069 te

234 5101 605 5167 monium:
665 5116 723 5163 si
780 5094 1164 5178 praesertim
1209 5093 1731 5162 cucsmstantias
1775 5112 2002 5158 omnes
2045 5092 2218 5159 cala·
2317 5091 2641 5158 Dominus
2692 5093 2763 5156 in
2817 5109 3013 5156 manu
3067 5109 3203 5155 mea
3257 5090 3329 5154 in
3382 5089 3695 5171 εράιιποα,
3748 5094 3807 5154 et
3857 5090 4025 5155 dixit
4077 5090 4251 5173 quis·

231 5187 581 5253 mitatum
618 5182 852 5266 quibus
887 5179 1268 5265 urgebatur,
1306 5179 1748 5263 inspiciamus.
1815 5177 1987 5243 Nam
2022 5177 2215 5263 pauci
2308 5177 2496 5259 pium
2550 5181 2621 5241 ut
2675 5177 3007 5243 occiderem
3051 5180 3125 5252 te,
3183 5175 3293 5241 sod
3325 5176 3603 5258 pepercit
3644 5174 3758 5240 tibi
3798 5175 4013 5242 oculus
4053 5194 4229 5241 meus

761 5425 1004 5484 ...s
1069 5383 1078 5388 ’
