5059 6059
274 333 373 404 529

274 517 1478 602 admelsraaiaeas,etivieseper
1579 520 1594 535 ’
1852 523 2146 586 amoses.

268 605 641 677 &reamissa
716 601 1054 687 Eandem,
1146 608 1203 669 et
1286 603 1569 689 Galyala
1643 610 1699 672 et
1773 604 2143 688 mephath,

269 693 790 763 desudamenta·
838 690 915 790 §a
959 688 1348 757 Rhammha:
1401 691 1564 774 quod
1603 691 1694 757 ibi
1733 692 2144 791 esset-domus

268 865 436 931 altare
453 774 757 926 Detomtbtztg.
801 774 2147 962 §uposleigrvidimhsstsamoelgdgubosre

264 968 422 1016 nasse
466 945 767 1030 populum
818 967 887 1012 in
930 944 1305 1029 Masphath,
1363 948 1600 1032 quibus
1641 947 1858 1015 verbis
1906 946 2148 1013 indica·

267 1045 383 1101 tum
413 1043 522 1111 est,
562 1041 704 1098 tum
741 1033 1062 1115 accepisse
1095 1032 1311 1115 ipsum
1347 1032 1806 1115 gubernacula,
1841 1041 1911 1098 et
1945 1033 2147 1100 fuisse

264 1116 1149 1272 &mmmm
1171 1126 1326 1268 ‘¹¹:32
1353 1118 2147 1270 “uffffloeffmwffl'ssffi

265 1290 384 1356 loco
446 1288 666 1354 eximii
730 1221 1083 1372 pti-ophetae
1150 1222 1234 1354 {⁰
1260 1251 1432 1372 po'pu
1458 1310 1497 1355 o
1562 1225 2022 1374 aggesseretur
2083 1296 2149 1354 et

258 1375 569 1442 coleretur:
618 1392 694 1439 ac
727 1370 1000 1456 proinde
1035 1373 1326 1439 nondum
1363 1374 1621 1458 plenam
1662 1373 1932 1441 haberet
1966 1382 2147 1441 auto-

258 1461 484 1527 ritatem
534 1457 1034 1524 administrandi
1091 1457 1605 1543 remplublicam,
1662 1459 1866 1527 donec
1907 1459 2146 1544 populo

260 1547 319 1610 in
384 1541 765 1637 Masphath·
806 1552 1200 1628 congregato
1279 1545 1584 1613 inivisset
1666 1547 2144 1646 magistratum.

257 1629 547 1713 Deinceps
581 1648 740 1695 vero
756 1627 1005 1711 ‚dicitur
1029 1628 1342 1714 populum
1373 1631 1858 1715 gubernassem
1872 1631 2146 1698 Bethele

258 1728 312 1781 ct
347 1715 627 1800 Galgale,
695 1714 1085 1799 tandemque
1141 1736 1441 1783 reversus
1500 1717 1569 1782 in
1627 1715 2021 1797 Rhamatha,
2076 1717 2146 1782 in

258 1820 368 1884 qua
403 1808 567 1866 esset
612 1799 843 1866 domus
883 1801 1107 1884 ipsius,
1165 1801 1276 1867 ubi
1315 1801 1626 1887 populum
1668 1802 2028 1869 iudicabat:
2073 1810 2148 1867 ut

257 1887 315 1952 in
351 1884 671 1969 fungendo
712 1886 925 1952 officio
968 1885 1306 1971 diligentia
1347 1887 1552 1971 ipsius
1596 1888 1978 1954 declaretur.
2063 1887 2146 1953 In

253 1971 452 2055 primis
490 1971 699 2056 igitur
754 1971 863 2036 hic
905 1968 1232 2039 Samuelis
1284 1975 1354 2037 in
1396 1972 1607 2040 officio
1666 1972 1959 2040 faciendo
2000 1972 2146 2038 dili-

253 2058 445 2141 gentia
492 2055 823 2134 laudatur,
888 2077 1015 2142 quc
1073 2058 1356 2124 sciamus
1410 2058 1627 2143 ipsum
1690 2058 1852 2126 duce
1915 2058 2148 2142 spiritu

253 2151 449 2210 sanem
488 2150 752 2208 tantum
794 2162 1037 2209 munus
1079 2142 1584 2210 administrasse.
1675 2144 1772 2212 Ac
1814 2164 1971 2211 sane
2012 2150 2148 2210 tota

252 2228 394 2294 haec
436 2226 709 2294 historia
770 2235 1064 2308 testatur,
1121 2228 1339 2295 Deum
1381 2229 1604 2313 populi
1646 2229 1750 2295 sui
1789 2230 2148 2309 misertum,
2185 2249 2189 2252 ’

187 2331 199 2346 ’
249 2312 403 2380 hunc
451 2317 671 2380 virum
723 2314 1070 2381 excitasse:
1123 2313 1670 2399 quemadmodum
1711 2316 1943 2400 cuique
1985 2316 2149 2382 satis

246 2405 332 2463 est
365 2408 786 2483 compertum,
849 2420 1106 2465 omnem
1151 2399 1544 2484 sapientiam
1585 2407 1654 2466 et
1694 2400 2146 2469 excellentiam

245 2483 313 2550 ab
359 2483 475 2550 hoc
516 2506 654 2550 uno
698 2485 895 2562 fonte,
953 2485 1096 2551 Deo
1140 2505 1393 2569 nempe,
1446 2506 1732 2552 manare.
1820 2486 2046 2568 Quare
2090 2487 2147 2552 si

245 2588 381 2651 quos
417 2570 714 2654 insignes
757 2570 954 2650 viros,
996 2570 1158 2637 alios
1200 2571 1541 2654 sapientia,
1596 2570 1757 2637 alios
1799 2571 2145 2656 aequitate,

248 2654 385 2720 alios
422 2652 821 2737 fortitudine,
862 2655 1022 2722 alios
1063 2654 1408 2740 prudentia
1439 2657 1990 2740 conspexerimus,
2035 2677 2145 2724 eos

247 2740 494 2806 sciamus
537 2762 578 2806 a
620 2740 771 2807 Deo
814 2740 1000 2807 nobis
1042 2742 1335 2826 proponi,
1377 2748 1458 2808 ut
1495 2743 1785 2808 omnium
1828 2743 2144 2809 bonorum

248 2837 302 2889 et
349 2827 665 2892 virtutum
719 2835 1015 2894 autorem
1073 2826 1259 2892 illum
1302 2847 1729 2911 agnoscamus
1770 2836 1839 2894 et
1880 2847 2145 2895 venere-

245 2931 388 2978 mur.
470 2911 700 2994 Quare
755 2913 814 2978 si
857 2912 937 2978 ad
997 2911 1435 2997 gubernacula
1476 2933 1695 2980 rerum
1737 2912 2145 2997 publicarum

246 3005 625 3077 praestantes
682 2996 1032 3081 prudentia
1086 3007 1153 3064 et
1194 2999 1462 3066 consilio
1506 2999 1627 3065 viri
1673 2997 1958 3078 sedeant,
2015 2998 2145 3066 Dei

247 3079 529 3150 beneficio
610 3092 684 3148 et
761 3083 1027 3167 speciali
1090 3083 1317 3151 favore
1393 3084 1776 3169 contingere
1847 3084 2144 3152 sciamus.

244 3165 448 3251 Neque
499 3168 687 3235 enim
742 3190 885 3235 sese
942 3169 1236 3236 homines
1292 3190 1514 3236 creare
1567 3179 1635 3236 et
1676 3170 1955 3238 formare
1995 3191 2142 3256 pos-

245 3264 409 3319 sunt:
473 3263 543 3322 et
596 3264 820 3320 tamen
877 3255 1073 3341 longe
1139 3255 1390 3322 homini
1463 3254 1715 3322 facilius
1776 3256 1947 3322 foret
2001 3277 2144 3323 sese

244 3356 456 3419 creme,
491 3360 692 3424 quam
727 3339 979 3424 ingenii
1011 3340 1188 3406 vires
1222 3340 1397 3407 dare.
1439 3341 1615 3407 Nam
1647 3351 1892 3426 quanto
1926 3343 2147 3408 anima

242 3420 409 3510 longe
461 3424 732 3493 excellit
787 3444 1074 3509 corpore,
1132 3427 1451 3511 rebusque
1505 3426 1806 3495 omnibus
1849 3428 2144 3508 terrenis,

242 3517 401 3576 tanto
453 3509 786 3578 difficilius
842 3523 941 3577 est
985 3520 1222 3577 natura
1264 3519 1491 3579 nostra
1530 3513 1743 3580 coelos
1784 3523 2146 3599 penetrare,

242 3603 298 3657 et
325 3594 537 3663 divina
569 3596 712 3663 illic
744 3599 1061 3681 mysteria
1082 3606 1297 3663 mente
1324 3597 1889 3680 comprehendere.
1935 3599 2146 3665 Porro

241 3679 287 3743 si
310 3700 433 3748 non
466 3702 819 3766 possumus
853 3683 1087 3767 capitis
1115 3685 1323 3749 nostri
1345 3683 1653 3766 capillum
1685 3704 1893 3751 unum
1927 3684 2143 3751 album

240 3774 337 3828 aut
416 3767 430 3782 '
561 3789 629 3835 m
678 3767 910 3848 facere,
952 3768 1145 3835 sicuti
1188 3768 1377 3835 docet
1407 3789 1528 3834 nos
1560 3769 1882 3835 Dominus
1924 3778 2148 3836 noster

236 3846 401 3917 Iesus
439 3852 770 3930 Christus,
813 3853 1025 3919 multo
1067 3854 1288 3920 minus
1327 3853 1531 3920 ullam
1553 3855 1864 3920 virtutem
1888 3862 2007 3920 aut
2028 3876 2145 3920 ex-

236 3936 583 4004 cellentiam
605 3938 812 4005 animi
833 3938 1198 4023 nobisipsis
1220 3958 1630 4024 comparare:
1663 3938 1778 4006 sed
1802 3939 1985 4006 Deus
2007 3942 2146 4025 ipse

237 4021 448 4107 cuique
490 4022 828 4090 distribuit
867 4024 1228 4091 secundum
1273 4045 1665 4103 mensuram,
1711 4044 1906 4110 quam
1948 4046 2145 4110 expe-

234 4105 357 4173 dire
418 4111 631 4178 novit.
717 4109 970 4176 Idcirco
1031 4110 1232 4193 igitur
1297 4108 1623 4177 Samuelis
1685 4111 2013 4177 industria
2076 4119 2145 4177 et

235 4189 555 4279 diligentia
599 4194 1165 4274 commendantur,
1224 4202 1299 4261 ut
1340 4196 1620 4263 sciamus
1677 4217 1718 4261 a
1759 4195 1902 4262 Deo
1943 4197 2142 4263 fuisse

233 4276 569 4347 formatum
602 4288 675 4348 et
706 4280 1089 4365 expolitum,
1135 4289 1203 4347 et
1236 4280 1373 4347 suis
1406 4282 1592 4347 donis
1626 4279 1883 4348 abunde
1917 4303 2143 4348 cumu-

233 4359 440 4444 latum,
484 4387 693 4450 quum
736 4366 963 4451 populi
1004 4367 1104 4433 sui
1150 4365 1349 4432 vellet
1391 4367 1702 4434 misereri.
1791 4368 2140 4435 Caeterum

230 4467 435 4517 omnes
468 4453 588 4536 qui
623 4451 708 4516 ad
737 4471 957 4518 rerum
995 4451 1402 4537 publicarum
1434 4452 1877 4537 gubernacula
1897 4453 2143 4534 sedent,

231 4545 470 4615 oportet
529 4538 872 4621 exemplar
928 4538 1053 4604 sibi
1113 4536 1485 4606 Samuelem
1547 4559 1908 4623 proponere
1965 4539 2140 4622 quod

230 4618 573 4688 imitentur.
663 4623 832 4688 Nam
888 4624 1275 4691 nominatim
1332 4622 1569 4691 dicitur
1630 4624 1904 4709 singulis
1948 4625 2139 4691 annis

231 4713 418 4802 totam
452 4708 791 4793 regionem
812 4709 1275 4787 circumivisse,
1312 4730 1523 4792 neque
1551 4709 1758 4776 labori
1779 4710 1898 4776 ulli
1918 4730 2141 4793 peper-

228 4809 378 4858 cisse
419 4801 498 4860 ut
555 4795 869 4894 populum
921 4815 1180 4896 summa
1232 4796 1608 4880 integritate
1662 4805 1728 4863 ct
1769 4796 2141 4897 sinceritate

230 4889 513 5030 :eff-..affla-
521 4879 1731 5052 .-..N.:‘:..:¹.2;ff.¹.:3.:⁰;¹.23;¹;z::2
1799 4880 2140 5051 &3:311ss

229 5044 450 5114 dicitur
505 5060 714 5117 totam
770 5055 1101 5137 regionem
1145 5073 1546 5138 peragrasse,
1600 5073 1811 5138 neque
1852 5074 1923 5119 se
1964 5051 2139 5119 domi

228 5134 637 5217 continuisse,
701 5158 783 5202 ex
841 5157 919 5204 eo
983 5144 1256 5221 apparet
1317 5139 1579 5222 qualem
1644 5160 1785 5206 esse
1846 5145 2141 5222 oporteat

228 5235 437 5287 curam
479 5230 550 5287 et
590 5221 1089 5290 sollicitudinem
1134 5244 1357 5291 eorum
1399 5225 1513 5308 qui
1557 5222 1638 5291 ad
1680 5244 1900 5292 rerum
1937 5224 2143 5307 publi-

425 5323 652 5380 calvim·
673 5340 853 5395 opera.
899 5327 1021 5384 Vol.
1046 5323 1277 5386 xxm

1544 331 1645 397 IN
1687 331 1741 398 Ι.
1788 331 1969 400 LIB.
2011 330 2413 400 SAMUEL.
2459 329 2659 399 OAP.
2703 328 2853 398 VII.

4047 329 4178 399 530

2245 539 2470 586 carum
2534 516 2975 604 gubernacula
3053 516 3305 599 sedent,
3380 523 3450 585 et
3512 515 3804 601 amplam>
3862 515 4175 584 ditionem

2246 603 2512 672 habent.
2556 601 2691 673 Sed
2733 603 2930 690 longe
2970 602 3082 669 alii
3123 601 3318 670 hodie
3357 609 3515 671 sunt
3553 603 3894 670 hominum
3937 623 4177 671 mores.

2244 691 2417 757 Nam
2472 689 2632 756 olim
2688 688 2951 774 quidem
3011 690 3291 775 vestigia
3354 686 3672 772 quaedam
3725 708 3951 756 eorum
4010 710 4178 774 quae

2245 777 2356 844 hic
2398 775 2703 843 dicuntur
2746 774 2827 842 de
2869 774 3178 843 Samuele
3215 775 3644 842 exstiterunt:
3687 794 3890 859 quum
3932 775 4178 860 princi-

2245 881 2382 946 pes,
2444 882 2726 946 quorum
2804 860 3079 945 amplior
3140 869 3286 927 erat
3356 858 3535 940 ditio,
3615 859 3877 945 singula
3940 861 4179 945 oppida

2245 953 2697 1032 peragrarent,
2738 965 2814 1014 ac
2857 946 2938 1013 de
2971 945 3429 1015 controversiis
3464 945 3635 1011 inter
3669 945 3962 1014 subditos
3995 966 4179 1014 coor-

2247 1033 2332 1100 tis
2374 1031 2757 1114 iudicarent,
2812 1039 2879 1097 et
2919 1031 3141 1098 omnia
3181 1037 3678 1116 componerent:
3725 1039 3842 1098 aut
3884 1032 4010 1099 nisi
4051 1032 4074 1097 i
4122 1032 4179 1100 si

2249 1118 2553 1185 adoesent
2604 1138 2721 1203 per
2776 1116 3027 1201 legatos
3080 1115 3149 1182 id
3204 1123 3635 1200 praestarent,
3702 1136 3831 1200 quo
3895 1137 4071 1202 popu
4097 1140 4176 1185 us

2246 1203 2716 1286 sublevaretur,
2757 1209 2826 1269 et
2866 1222 3057 1270 suum
3099 1202 3329 1287 cuique
3372 1201 3799 1269 tribueretur:
3843 1204 4004 1269 adeo
4042 1203 4180 1286 qui-

2249 1289 2397 1357 dem
2452 1297 2527 1357 ut
2583 1310 2669 1356 ne
2711 1308 2917 1373 pagus
2958 1287 3218 1372 quidem
3276 1295 3391 1354 aut
3430 1286 3592 1353 villa
3631 1286 3769 1353 ulla
3811 1296 4180 1372 superesset

2247 1375 2319 1441 in
2353 1395 2483 1459 qua
2515 1374 2622 1442 ius
2655 1392 2791 1441 non
2823 1373 3177 1441 diceretur:
3222 1393 3425 1456 quum
3461 1374 3531 1439 in
3564 1373 3708 1457 ipsa
3750 1372 3890 1440 loca
3932 1372 4179 1441 iudices

2249 1460 2686 1528 mitterentur.
2777 1457 2910 1527 Sed
2973 1459 3168 1544 longe
3224 1458 3354 1526 alia
3414 1465 3516 1526 est
3560 1456 3944 1525 iudiciorum
3989 1460 4179 1540 ratio,

2247 1554 2325 1611 ut
2399 1545 2506 1614 vel
2587 1544 2671 1611 ad
2733 1544 3207 1631 quinquaginta
3266 1542 3474 1611 millia
3537 1563 3730 1627 saepe
3779 1544 4172 1612 iudiciorum

2248 1633 2436 1698 sedes
2470 1639 2758 1697 remotae
2772 1631 2938 1697 sint:
2981 1630 3119 1699 etsi
3148 1629 3375 1697 eodem
3402 1629 3545 1695 lcoc
3575 1628 3959 1711 habeantur,
3997 1638 4179 1697 tanta

2250 1725 2472 1783 tamen
2528 1716 2708 1782 hunc
2763 1714 3058 1782 ordinem
3099 1715 3346 1783 invasit
3386 1713 3773 1799 corruptela,
3820 1725 3899 1781 ut
3940 1715 3999 1783 si
4039 1736 4178 1783 me-

2249 1800 2484 1869 diocris
2538 1800 2926 1869 conditionis
3032 1801 3310 1885 uispiam
3365 1820 3473 1867 res
3536 1819 3689 1866 suas
3752 1810 4180 1885 persequatur

2246 1887 2352 1953 liti
2415 1893 2610 1971 atque
2662 1886 2902 1954 iudicio
3043 1907 3272 1955 versus
3313 1885 3821 1970 locupletiorem,
3880 1887 3998 1953 vix
4041 1894 4179 1954 toto

2247 1992 2421 2039 anno
2453 1973 2843 2040 sententiam
2874 1970 3119 2039 iudices
3156 1972 3611 2057 pronuntient:
3649 1979 3717 2036 et
3750 1991 3945 2055 saepe
3980 1991 4176 2040 causa

2248 2056 2509 2125 excidat
2551 2057 2707 2124 licet
2743 2057 2888 2125 iure
2928 2059 3197 2139 nitatur,
3241 2056 3357 2125 sed
3392 2057 3564 2141 quod
3605 2056 3830 2123 favore
3866 2058 3938 2123 in
3980 2058 4177 2124 aliam

2248 2151 2501 2246 partem
2542 2142 2876 2244 inclinent.
2965 2143 3178 2245 Tanta
3220 2150 3348 2243 est·
3363 2142 3573 2243 hodie·
3602 2142 3990 2244 iudiciorum
4033 2165 4178 2211 cor-

2246 2226 4179 2399 32:3050333ffffipffffltffifflussffiffpffieuzff

2249 2407 2470 2466 tamen
2511 2419 2590 2466 eo
2631 2407 2943 2483 tanquam
3152 2397 3234 2465 do
3267 2399 3537 2467 veniant
3576 2398 4015 2466 calamitatem
4058 2400 4181 2466 toti

2249 2484 2503 2571 regioni
2538 2485 2819 2566 allaturi,
2854 2505 2941 2568 qu
3058 2485 3153 2552 ita
3186 2483 3444 2551 sordide
3478 2491 3546 2551 et
3579 2504 3776 2552 avare
3799 2484 3903 2551 ius
3940 2483 4180 2568 dicant,

2249 2579 2327 2637 ut
2369 2570 2593 2637 nullus
2629 2571 2779 2637 finis
2820 2570 3038 2636 litium
3080 2577 3408 2654 appareat.
3453 2568 3588 2637 Sed
3632 2589 3708 2636 co
3750 2590 3856 2636 res
3892 2569 4177 2651 devenit,

2249 2664 2325 2722 ut
2379 2657 2495 2741 qui
2537 2657 2753 2741 gratia
2795 2654 2968 2740 apud
3009 2676 3082 2721 re
3130 2676 3200 2723 es
3244 2663 3363 2722 aut
3404 2654 3728 2740 principes
3769 2654 4037 2739 pollent,
4099 2676 4180 2724 ea

2250 2741 2614 2808 miserrime
2656 2741 3030 2808 abutantur.
3157 2761 3279 2808 uae
3323 2761 3478 2809 vero
3500 2749 3834 2807 tantarum
3855 2741 4180 2810 confusio-

2248 2848 2409 2893 num
2471 2846 2667 2894 causa
2744 2837 2847 2893 est
2909 2826 3038 2891 alia
3098 2847 3294 2909 quam
3358 2826 3724 2909 principum
3791 2825 4045 2893 incuria
4108 2835 4177 2894 et

2247 2932 2472 2980 eorum
2525 2912 2926 2998 negligentia
2980 2911 3218 2995 quibus
3268 2932 3488 2979 rerum
3551 2910 3956 2995 publicarum
4020 2933 4177 2980 cura

2248 2998 2592 3064 commissa
2632 2997 2774 3064 est?
2848 2997 3201 3066 Caeterum
3243 2996 3511 3063 minime
3554 2994 3823 3062 dubium
3867 3004 3969 3063 est
4011 2998 4173 3082 quin

2247 3081 2433 3151 Deus
2489 3082 2614 3150 hac
2668 3083 2921 3151 ratione
2960 3083 3347 3167 populorum
3402 3091 3668 3165 peccata
3707 3082 3956 3165 puniat,
4017 3104 4173 3151 nam

2245 3177 2507 3253 peccata
2549 3168 2892 3235 hominum
2932 3189 3195 3236 causam
3237 3178 3305 3234 et
3345 3167 3662 3253 originem
3706 3167 3999 3234 omnium
4041 3189 4175 3235 ma-

2246 3254 2462 3320 lorum
2517 3255 2794 3320 istorum
2847 3274 3004 3322 vere
3049 3250 3262 3322 dicere
3304 3274 3670 3339 possumus.
3757 3252 4003 3320 Parum
4046 3255 4172 3320 ita-

2247 3360 2377 3423 que
2418 3347 2823 3424 prcmovent,
2865 3341 2980 3424 qui
3020 3345 3281 3406 tantum
3321 3338 3639 3408 adversus
3681 3337 4062 3422 iniquitates
4106 3348 4174 3407 et

2246 3426 2540 3504 iniurias,
2598 3423 2913 3493 adversus
2969 3423 3348 3493 violentiam
3389 3423 3798 3491 invehuntur
3839 3445 4034 3509 quam
4077 3425 4173 3491 fa-

2246 3512 2428 3579 ciunt
2459 3530 2758 3595 proceres
2790 3511 2947 3580 viri:
2993 3531 3197 3595 quum
3230 3517 3459 3578 contra
3492 3530 3685 3595 saepe
3722 3509 3877 3576 inde
3911 3509 4174 3576 seditio-

2247 3617 2366 3663 nes
2407 3604 2473 3665 et
2514 3595 2905 3664 secessiones
2946 3596 3132 3680 fiant,
3176 3615 3456 3680 quarum
3486 3596 3687 3661 finem
3731 3595 4172 3662 miserrimum

2247 3692 2316 3750 et
2370 3682 2921 3749 luctuosissimum
2977 3702 3121 3748 esse
3182 3701 3446 3749 necesse
3508 3689 3626 3747 est.
3731 3679 3908 3762 Quid
3972 3682 4175 3766 igitur

2247 3768 2415 3836 facto
2459 3775 2561 3835 est
2600 3767 2808 3851 opus?
2893 3768 3148 3850 Nempe
3190 3772 3331 3832 tum
3376 3786 3496 3833 nos
3539 3766 3723 3833 decet
3763 3786 3983 3833 coram
4028 3768 4171 3834 Dec

2247 3853 2435 3921 deiici
2469 3862 2539 3919 et
2575 3851 2927 3931 humiliari,
2966 3873 3086 3920 nos
3128 3853 3303 3936 ipsos
3346 3850 3730 3935 expendere,
3774 3858 3969 3937 atquc
4013 3853 4171 3919 ista-

2245 3960 2392 4005 rum
2455 3939 2911 4006 confusionum
2987 3938 3056 4003 in
3119 3959 3241 4005 nos
3304 3937 3480 4021 ipsos
3546 3936 3845 4004 derivare
3909 3959 4172 4005 causam

2245 4045 2501 4091 omnem
2545 4022 2715 4108 quod
2758 4024 2943 4089 Deus
2987 4031 3251 4107 peccata
3290 4030 3516 4088 nostra
3558 4022 3653 4089 sic
3686 4023 3935 4106 puniat,
3981 4032 4174 4107 atque

2244 4111 2513 4175 unicum
2547 4109 2869 4192 optimum
2902 4108 3078 4175 istud
3121 4115 3221 4175 est
3261 4107 3574 4174 adversus
3619 4116 3714 4175 tot
3747 4108 3923 4176 mala
3964 4128 4170 4175 reme-

2246 4194 2446 4261 dium.
2534 4193 2979 4262 Nihilominus
3036 4200 3253 4260 tamen
3311 4190 3649 4260 sciendum
3715 4214 3880 4277 quae
3936 4193 4044 4261 hic
4087 4191 4168 4259 de

2243 4279 2574 4349 Samuelis
2631 4279 2973 4365 diligentia
3014 4277 3388 4347 scribuntur
3429 4279 3502 4344 in
3546 4278 3854 4345 iudicium
3898 4287 3964 4344 et
4006 4298 4158 4344 con-

2243 4367 2722 4433 demnationem
2780 4365 2936 4431 olim
2978 4384 3240 4431 cessura
3295 4363 3595 4430 omnibus
3638 4363 3751 4447 qui
3792 4383 3913 4429 sua
3954 4384 4037 4430 ne
4081 4363 4158 4428 li-

2240 4453 2465 4537 gentia
2521 4459 2638 4518 aut
2699 4449 2825 4517 alia
2888 4451 3078 4534 culpa
3141 4458 3235 4516 tot
3295 4450 3488 4517 malis
3550 4456 3618 4517 et
3678 4384 4159 4516 confusionilgms

2239 4538 2642 4605 occasionem
2698 4533 3151 4621 praebuerint:
3207 4541 3403 4618 atque
3445 4534 3599 4601 olim
3640 4534 3958 4600 rationem
4003 4553 4158 4599 suae

2239 4622 2814 4689 administrationis
2840 4620 3226 4698 reddituros,
3272 4641 3402 4686 non
3437 4618 3696 4704 quidem
3733 4618 3814 4685 iis
3849 4639 3888 4684 a
3922 4618 4155 4702 quibus

2239 4708 2538 4775 advocati
2589 4707 2856 4788 fuerint,
2921 4727 3053 4773 non
3109 4704 3504 4784 mortalibus,
3570 4702 3684 4770 sed
3741 4723 3997 4769 summo
4057 4703 4156 4770 illi

2236 4794 2452 4874 iudici,
2495 4800 2753 4860 tantum
2786 4793 3105 4876 flagitium
3140 4810 3473 4875 nunquam
3506 4788 3791 4854 inultum
3825 4788 4154 4867 relicturo,

2236 4881 2294 4948 si
2336 4879 2741 4947 subditorum
2782 4898 3004 4944 curam
3047 4876 3415 4953 abiecerint,
3452 4882 3520 4939 et
3558 4894 3635 4940 ea
3678 4893 3809 4957 qua
3850 4893 3972 4957 par
4014 4884 4156 4940 crat

2237 4967 2561 5050 aequitate
2616 4965 2721 5030 ius
2778 4983 2907 5028 non
2966 4962 3266 5028 dixerint.
3353 4961 3557 5025 Porro
3614 4958 3674 5025 si
3715 4959 3824 5042 qui
3868 4958 4156 5043 amplam

2237 5050 2547 5117 ditionem
2610 5049 2820 5117 sortiti
2883 5057 3055 5128 sunt,
3119 5046 3385 5111 minime
3440 5043 3614 5110 domi
3676 5042 3976 5124 residere,
4042 5043 4158 5113 sed

2238 5158 2425 5205 suam
2459 5136 2788 5222 regionem
2825 5132 3177 5219 oppidatim
3210 5131 3491 5197 lustrare
3512 5138 3580 5197 et
3598 5149 3949 5213 peragrare
3968 5150 4161 5231 opor-

2238 5232 2350 5304 tet,
2393 5224 2624 5308 cuique
2664 5241 2856 5289 suum
2898 5216 3279 5300 reddituros,
3322 5214 3475 5300 quid
3520 5235 3630 5281 eos
3684 5215 3868 5283 decet
3924 5216 4161 5301 quibus

3515 5316 3751 5388 „1134
