5059 6059
852 312 981 379 491

856 500 1172 578 sufficere,
1236 491 1407 582 quod
1470 492 1738 568 tandem
1805 492 1950 577 ipsa
2012 492 2423 577 experientia
2484 491 2789 566 didicisse

860 586 1238 653 debuerant.
1325 583 1554 665 Neque
1608 579 1783 646 enim
1841 598 2042 661 quum
2087 597 2304 645 arcam
2361 600 2399 644 e
2442 576 2789 646 Schilunte

860 674 933 739 in
989 692 1108 738 sua
1179 679 1394 737 castra
1448 666 1601 733 duci
1657 665 2017 744 iussissent,
2089 665 2360 734 meliore
2417 663 2790 736 conditione

860 758 961 825 usi
1004 765 1178 834 sunt,
1220 752 1337 820 sed
1379 752 1551 822 eaesi
1588 752 2043 835 profligatique
2082 761 2256 820 sunt.
2327 750 2469 820 Nae
2501 750 2791 834 cogitare

859 846 1031 928 ipsos
1085 848 1480 924 oportuerat,
1546 858 1677 903 non
1734 836 1880 904 ideo
1938 835 2109 918 quod
2166 856 2387 904 arcam
2452 836 2792 916 haberent,

859 950 929 996 ss
982 946 1235 1010 quoque
1288 926 1606 991 virtutem
1664 923 1839 988 illius
1894 923 2079 989 cuius
2121 931 2266 990 erat
2306 942 2458 992 arca
2500 921 2673 1005 apud
2719 942 2790 990 se

858 1014 1177 1080 retineret
1232 1011 1394 1095 quin
1435 1010 1650 1093 potius
1693 1007 1775 1075 ad
1822 1006 2063 1074 erroris
2104 1007 2503 1091 agnitionem
2550 1008 2789 1087 venire,

861 1097 1032 1184 quod
1075 1110 1293 1164 essent
1333 1095 1456 1162 hoc
1500 1107 1692 1160 antes
1733 1093 1919 1161 abusi
1954 1102 2379 1175 sacramento,
2424 1114 2500 1162 ac
2541 1092 2791 1164 discere

860 1187 1189 1270 quomodo
1236 1182 1454 1250 Deum
1526 1181 1826 1246 venerari
1879 1188 1947 1246 et
2016 1179 2226 1248 colere
2282 1179 2460 1262 ipsos
2512 1178 2789 1258 deceret,

858 1270 1183 1354 quomodo
1238 1267 1647 1338 maiestatem
1687 1265 1829 1331 eins
1871 1266 2180 1344 revereri,
2237 1274 2434 1348 atque
2477 1265 2674 1334 etiam
2720 1265 2790 1336 in

858 1356 1065 1440 ipsius
1109 1355 1461 1419 bonitatem
1500 1363 1572 1418 et
1603 1350 2114 1420 misericordiam
2153 1352 2548 1431 recumbere,
2591 1351 2792 1420 omni·

862 1443 987 1509 bus
1044 1439 1466 1508 idololatrieis
1520 1438 1803 1504 cultibus
1859 1437 2083 1521 procul
2129 1458 2169 1508 a
2211 1458 2283 1506 se
2324 1436 2617 1506 reiectis:
2674 1436 2790 1508 sed

861 1527 1001 1594 solo
1059 1525 1348 1610 impulsu
1408 1534 1477 1589 et
1539 1525 1790 1606 impetu
1855 1523 1938 1588 ad
2004 1522 2249 1596 bonum
2318 1524 2638 1601 feruntur,
2716 1533 2792 1590 ut

860 1612 1164 1695 deinceps
1222 1610 1428 1679 visuri
1485 1630 1731 1675 sumus.
1820 1608 2052 1692 Neque
2084 1609 2261 1674 enim
2298 1608 2378 1678 ab
2420 1607 2793 1678 idololatria

858 1708 927 1766 et
989 1697 1247 1764 usitatis
1308 1694 1887 1778 superstitionibus
1954 1703 2386 1776 meesserunt,
2464 1693 2584 1760 sed
2646 1694 2793 1762 Deo

859 1784 1263 1854 satisfactum
1304 1790 1542 1865 putant
1581 1781 1639 1845 si
1675 1780 2084 1848 extrinsecus
2126 1779 2410 1863 aliquem
2446 1781 2508 1846 ei
2541 1780 2792 1846 cultum

859 1869 1298 1936 exhibuerint.
1369 1864 1537 1948 Quis
1576 1866 1780 1947 igitur
1824 1866 2099 1934 miretur
2140 1867 2454 1936 sacrifieia
2493 1865 2790 1950 ipsorum

856 1954 1006 2022 Deo
1052 1954 1320 2019 minime
1363 1961 1553 2037 grata
1593 1950 1839 2017 fuisse?
1923 1952 2018 2018 Et
2059 1951 2344 2035 quidem,
2398 1952 2628 2028 fateor,
2675 1950 2791 2016 ali·

851 2062 1049 2125 qnam
1094 2040 1376 2124 speeiem
1411 2037 1627 2103 cultus
1660 2036 1972 2117 retinent,
2015 2056 2220 2120 quum
2255 2037 2536 2106 Levitae
2570 2056 2791 2104 arcam

855 2135 1185 2195 venerunt
1241 2124 1629 2208 depositum,
1685 2142 1961 2206 eamque
2019 2122 2219 2205 lapidi
2273 2143 2513 2205 magno
2566 2123 2674 2206 qui
2719 2123 2792 2187 in

858 2233 1020 2299 agro
1074 2209 1715 2278 Bethscbemitarum
1772 2217 1919 2276 erat
1971 2207 2460 2291 imposuerunt:
2528 2229 2791 2278 verum-

858 2307 1081 2365 tamen
1143 2296 1431 2380 percussi
1473 2316 1517 2360 a
1557 2295 1841 2361 Domino
1886 2293 2197 2362 dieantur
2237 2294 2413 2378 quod
2453 2315 2539 2362 ex
2582 2294 2790 2362 curio-

858 2383 1053 2451 sitate
1132 2402 1352 2449 arcam
1416 2380 1703 2446 Iehovae
1779 2381 2053 2463 propius
2128 2379 2590 2466 inspexissent,
2668 2377 2790 2450 sibi

858 2467 1033 2552 quod
1075 2468 1220 2550 lege
1275 2465 1744 2550 prohibebatur
1784 2467 2239 2548 permittentes
2279 2475 2349 2532 et
2388 2477 2787 2550 arrogantes.

858 2553 1033 2621 Nam
1076 2554 1412 2637 oportebat
1452 2571 1674 2618 arcam
1714 2550 2003 2620 Isbovae
2041 2572 2082 2622 a
2123 2552 2381 2622 Levitis
2422 2552 2582 2622 solis
2625 2559 2791 2624 trac-

860 2640 988 2706 tari
1049 2648 1118 2706 et
1179 2637 1460 2722 portarit
1520 2647 1715 2720 atque
1758 2637 1919 2704 adeo
1964 2658 2096 2706 non
2138 2636 2375 2706 licebat
2414 2637 2574 2720 ipsis
2614 2637 2788 2708 inter

859 2723 1257 2809 portandum
1318 2724 1390 2789 in
1472 2743 1619 2788 eam
1686 2725 1755 2788 in
1943 2723 1958 2737 '
2039 2744 2130 2792 re.
2231 2723 2551 2796 Summus
2612 2722 2788 2796 enim

859 2810 1158 2878 sacerdos
1200 2809 1576 2893 operculum
1617 2809 2010 2892 imponebat,
2053 2829 2265 2893 neque
2296 2807 2365 2874 id
2400 2810 2541 2875 sine
2584 2808 2791 2876 solen·-

861 2896 1051 2966 nibus
1116 2895 1540 2962 caeremoniis
1602 2894 1825 2961 fiebat.
1926 2894 2241 2962 Graviter
2309 2894 2517 2978 igitur
2580 2894 2649 2962 in
2713 2914 2789 2961 eo

858 2981 1389 3053 Bethscbemitae
1403 2988 1772 3065 peccarunt,
1797 2979 1970 3063 quod
1991 2979 2371 3048 audaciores
2390 2979 2460 3045 in
2485 2980 2791 3063 introspi-

858 3066 1088 3138 ciendo
1130 3068 1200 3131 in
1244 3066 1368 3142 Dei
1404 3085 1625 3132 arcam
1660 3064 1948 3144 fuerunt,
1993 3085 2124 3134 non
2170 3085 2492 3136 memores
2525 3066 2792 3136 divinae

859 3153 1034 3222 iliius
1066 3152 1541 3236 prohibitionis,
1577 3171 1707 3234 qua
1740 3151 1885 3235 lege
1914 3149 2138 3220 divina
2171 3152 2255 3222 ab
2276 3172 2429 3220 arca
2448 3150 2794 3222 tractanda

859 3239 1399 3308 removebantur:
1458 3246 1659 3319 atque
1698 3236 1869 3304 hanc
1910 3237 1992 3306 ob
2034 3257 2300 3308 causam
2343 3245 2481 3313 tani
2524 3236 2710 3312 daris
2749 3257 2793 3306 s

858 3324 1004 3392 Deo
1095 3324 1276 3390 uenis
1318 3322 1545 3394 afflicti
1586 3330 1765 3390 sunt.

1098 3431 1134 3475 e
1177 3427 1451 3479 numero
1493 3427 1654 3476 vero
1695 3407 1829 3487 illo,
1873 3427 2000 3491 quo
2031 3409 2321 3491 percussi
2365 3407 2677 3478 dicuntur
2710 3429 2794 3478 ex

859 3493 1500 3562 Bethscbemitarum
1541 3493 1783 3578 populo
1824 3493 2256 3579 quinquagies
2298 3494 2478 3564 mille
2529 3504 2796 3579 septua-

909 3581 1062 3657 'nta.
1108 3601 1239 3648 non
1280 3581 1357 3647 fit
1397 3579 1756 3646 verisimile
1789 3587 2038 3646 tantam
2082 3579 2307 3663 populi
2347 3580 2509 3652 urbe
2549 3580 2620 3647 in
2663 3601 2795 3648 una

859 3601 1061 3734 {iisse
1124 3663 1632 3747 multitudinem,
1694 3685 1791 3741 eo.
1856 3665 2144 3748 iuquam.
2210 3672 2520 3749 tempore.
2618 3665 2789 3736 Nam

861 3750 986 3818 etsi
1043 3749 1171 3818 fuit
1224 3750 1357 3818 illio
1398 3772 1680 3835 magnus
1735 3762 2083 3830 mercatus,
2140 3758 2359 3824 tamen
2404 3751 2794 3827 Bethsemes

863 3836 988 3905 fnit.
1029 3834 1349 3902 medicem
1387 3836 1718 3919 oppidum,
1763 3837 1948 3906 ouius
1987 3836 2239 3906 incolae
2282 3845 2531 3910 tantam
2576 3838 2793 3906 multi·

862 3920 1158 3990 tudinem
1200 3920 1477 4004 implere
1518 3942 1649 3987 non
1689 3930 2078 4004 potuer-ante
2135 3930 2207 3988 et
2244 3921 2484 3996 idcireo
2525 3922 2792 4007 quidam

861 4013 1218 4088 exponunt,
1262 4007 1678 4090 septuaginta
1711 4007 2010 4078 homines
2046 4025 2407 4091 percussos,
2448 4010 2559 4092 qui
2603 4030 2792 4093 pares

860 4102 1082 4159 meent
1144 4092 1428 4175 quinque
1491 4091 1800 4172 millibus,
1873 4092 2048 4176 quod
2110 4115 2222 4164 sae
2371 4095 2452 4162 de
2512 4093 2793 4170 Davidis

860 4176 1132 4248 ducibus
1175 4177 1608 4261 praedicatur.
1652 4177 1788 4246 eod
1822 4181 2105 4246 coactior
2148 4180 2212 4248 vi
2260 4188 2409 4250 etur
2440 4178 2558 4250 uls
2589 4178 2791 4250 inter-

863 4262 1161 4345 pretatio,
1201 4284 1403 4345 quare
1445 4262 1843 4330 tolerabilior
1881 4265 2012 4332 erit
2051 4265 2107 4336 si
2147 4264 2524 4346 dixerimus,
2568 4267 2793 4351 ingen-

864 4357 998 4416 tem
1044 4347 1223 4416 illam
1267 4346 1773 4431 multitudinem,
1825 4370 1960 4420 nun
2003 4349 2086 4418 de
2127 4351 2287 4420 solis
2322 4352 2792 4426 Bethsohemee

862 4425 1095 4502 ineolis
1148 4433 1663 4517 intelligendam.
1728 4433 1846 4506 sed
1901 4435 1982 4504 de
2043 4443 2180 4508 toto
2244 4437 2361 4506 illo
2422 4447 2657 4522 tractu,
2722 4449 2794 4510 ut

863 4519 991 4586 Dei
1015 4518 1304 4586 vindicta
1326 4530 1532 4586 totam
1558 4519 1739 4588 illam
1775 4519 2107 4604 regionem
2141 4522 2518 4606 pervaserit.
2564 4522 2793 4604 Quan-

860 4625 1056 4689 quam
1101 4613 1169 4673 et
1200 4605 1272 4672 in
1316 4605 1440 4672 boc
1482 4626 1759 4674 numero
1791 4606 2135 4676 Philistaei
2176 4608 2374 4680 etism
2415 4609 2626 4694 plagis
2663 4610 2793 4682 illis

862 4710 902 4759 a
944 4691 1090 4778 Deo
1130 4692 1418 4773 percussi
1462 4701 1738 4775 possunt
1770 4693 2121 4772 numerari,
2164 4695 2351 4777 qussi
2386 4693 2589 4766 dicat:
2634 4693 2795 4778 Sep-

862 4777 1168 4859 tuaginta
1224 4775 1440 4858 puniti
1498 4785 1654 4844 sunt
1707 4797 1748 4843 a
1803 4777 1948 4846 Deo
2004 4799 2089 4848 ex
2144 4778 2791 4850 Betbscbamitarum

863 4862 1131 4945 populo:
1198 4862 1434 4945 quibus
1489 4864 1547 4931 si
1604 4861 1808 4932 addas
1863 4884 2215 4934 numerum
2268 4886 2498 4934 eorum
2555 4867 2666 4950 qui
2709 4887 2791 4938 ex

860 4947 1238 5018 Philistaeis
1280 4968 1320 5016 a
1364 4948 1506 5018 Deo
1548 4958 1814 5035 propter
1855 4970 2045 5020 arcae
2095 4958 2537 5034 contemptum
2579 4952 2827 5036 puniti.

860 5043 1033 5113 sunt,
1073 5034 1190 5100 fiet
1221 5054 1537 5102 numerus
1568 5056 1721 5108 cum
1759 5036 2176 5120 septuaginta
2216 5058 2300 5108 ex
2341 5036 2792 5120 Bethsamitis,

861 5118 977 5199 qni
1016 5127 1243 5188 contra
1293 5119 1421 5188 Dei
1441 5130 1882 5223 ‚promptum
1915 5142 2138 5194 arcam
2179 5123 2448 5224 propius
2489 5124 2795 5210 inspexe-

2486 302 2898 374 HOMILIA
2941 301 3213 372 xxm.
4656 305 4748 384 402

2891 489 3008 562 diu
3074 490 3473 590 Pbilistaeos
3545 492 3782 578 plagae
3843 490 4116 564 Domini
4179 491 4563 577 afflixerunt.
4622 502 4752 581 quod

2892 586 3143 661 septem
3189 579 3521 646 mensubus
3562 601 3781 650 arcam
3827 580 4270 660 retinuissent,
4314 599 4437 663 quo
4479 590 4595 648 toto
4629 595 4752 654 tem-

2892 685 3048 746 pore
3113 664 3295 729 Deus
3369 663 3516 730 illos
3593 666 3984 748 insequutus
4061 665 4292 734 fuerat.
4402 665 4604 746 Quare
4654 692 4753 740 uon

2890 749 3062 815 foret
3104 757 3239 818 tam
3282 748 3574 818 insolens
3615 761 3683 818 et
3724 751 4095 822 inauditum
4129 750 4200 815 in
4242 772 4320 818 ea
4352 753 4599 836 regions
4631 758 4752 826 oeci-

2894 835 3067 906 disse
3109 844 3209 904 tot
3241 835 3578 904 hominum
3624 838 3852 906 millia.
3898 837 4145 902 Verum
4187 837 4519 910 enimvero
4552 843 4755 924 propius

2892 942 3031 992 rem
3076 929 3279 990 totam
3323 920 3697 1006 inspicienti
3744 922 3826 990 de
3868 922 4025 994 solis
4068 922 4494 996 Betbsemitis
4530 935 4590 992 et
4637 928 4753 998 visi·

2894 1007 3000 1074 nis
3056 1007 3160 1073 bic
3217 1028 3413 1091 agere
3474 1010 3864 1109 scripturam
3921 1008 4268 1078 videbitur.
4343 1007 4540 1090 ,Quod
4590 1032 4661 1082 ex
4703 1034 4756 1082 so

2891 1093 4758 1268 ἓᾞιῖἶῗῗὲἐξίἀυῖωὲΐέᾛὲιὲῗὴῗὲιέἶῗέἓᾞζ

2894 1285 3167 1334 anorum
3203 1286 3550 1335 aureorum
3597 1266 4128 1346 similitudinum.
4184 1277 4253 1335 et
4293 1267 4568 1336 murium
4605 1271 4759 1352 squi-

2894 1351 3017 1422 bus
3072 1351 3214 1435 agri
3273 1350 3536 1420 fuerant
3593 1351 3939 1438 devastati,
3998 1372 4169 1436 quae
4212 1351 4381 1421 dona
4424 1374 4536 1435 pro
4571 1356 4758 1436 princi-

2893 1436 3087 1521 pibus
3133 1436 3642 1506 Philistseorum
3700 1438 3918 1508 oblata
3973 1449 4146 1516 sunt.
4205 1438 4392 1522 plebe
4449 1440 4628 1510 etism
4661 1450 4763 1508 tam

2894 1545 2980 1592 ex
3045 1521 3314 1590 urbibus
3391 1542 3588 1605 quam
3666 1524 3843 1608 agris
3906 1525 3976 1594 iu
4047 1544 4370 1608 expensas
4448 1526 4763 1594 conferente

2893 1607 3272 1692 symbolam,
3335 1619 3517 1678 metu
3585 1627 3660 1684 se
3739 1619 3987 1682 terrore
4047 1608 4304 1694 ingenti
4365 1609 4662 1693 perculsa,
4718 1621 4767 1678 st

2891 1692 3213 1771 sacrificia
3287 1714 3405 1777 pro
3478 1693 3798 1778 placanda
3874 1696 3976 1766 ira
4040 1696 4168 1762 Dei
4231 1695 4525 1772 faciente.
4617 1695 4765 1776 Quod

2893 1800 3097 1863 quum
3148 1780 3420 1850 seorsim
3473 1800 3515 1848 s
3571 1793 3885 1864 sequente
3926 1780 4122 1864 plaga
4166 1790 4504 1860 tractatur,
4557 1782 4767 1850 videtur

2895 1884 3081 1936 seete
3139 1866 3464 1948 scriptura
3516 1867 3868 1949 separatim
3925 1888 4005 1936 ea
4048 1876 4327 1936 trwmre
4370 1887 4538 1950 quae
4577 1867 4770 1934 Philis-

2894 1950 3056 2020 taeis
3111 1954 3547 2033 contigerunt,
3607 1961 3675 2017 et
3737 1951 4041 2036 deinceps
4098 1973 4176 2022 ea
4229 1960 4487 2026 tantum
4543 1971 4769 2020 commo-

2893 2056 3149 2106 morare
3225 2057 3395 2120 quae
3460 2036 3995 2112 Betbsebetnitse
4073 2037 4251 2121 passi
4329 2046 4504 2108 sunt.
4606 2038 4769 2106 Porro

2891 2122 3092 2188 fuisse
3150 2122 3481 2206 regionem
3538 2121 3722 2188 illam
3780 2123 3941 2190 adeo
3986 2125 4309 2208 copiosam
4368 2135 4439 2190 et
4484 2123 4768 2192 hominum

2890 2206 3309 2273 multitudine
3352 2206 3810 2288 abundantem,
3855 2218 3930 2278 ut
3965 2209 4447 2293 quinquaginta
4479 2209 4769 2278 hominum

2890 2292 3097 2359 millia
3145 2291 3401 2358 nutrire
3455 2295 3763 2378 potuerit,
3823 2297 4144 2361 novimus.
4231 2294 4332 2361 Ac
4374 2315 4532 2362 sane
4584 2295 4635 2360 si
4670 2313 4772 2376 sep·

2892 2379 3191 2462 tuaginta
3226 2387 3480 2444 tantum
3507 2379 3804 2446 homines
3834 2381 4242 2460 occidissent,
4278 2400 4411 2447 non
4440 2387 4775 2447 memoraret

2892 2466 3215 2548 scriptura
3256 2463 3508 2530 luctum
3551 2465 3888 2550 ingentem
3932 2466 4117 2533 illum
4161 2466 4774 2545 Bethsohemitarum,

2937 2550 3064 2616 uod
3128 2549 3375 2615 Iehova
3437 2552 3751 2634 populum
3821 2551 3887 2634 pl
3976 2573 4015 2617 a
4079 2572 4319 2637 magna
4383 2552 4774 2636 percussisset.

2960 2635 3070 2703 uid
3099 2635 3275 2701 enim
3315 2637 3733 2721 septuaginta
3775 2636 3862 2703 ho
3957 2658 4073 2705 nes
4108 2638 4194 2704 ad
4236 2647 4491 2704 tantam
4534 2637 4775 2702 multitu·

2893 2721 3160 2788 dinem?
3249 2719 3507 2787 Deinde
3584 2743 3786 2804 quare
3848 2723 3991 2788 loco
4057 2744 4293 2789 nomen
4362 2744 4403 2790 a
4467 2723 4640 2790 clade
4691 2720 4777 2786 ills

2892 2818 3218 2880 mutatum
3273 2805 3421 2874 est?
3508 2808 3706 2884 Prius
3759 2809 3935 2882 enim
3978 2810 4264 2895 uanum
4318 2808 4493 2893 lapis
4541 2829 4581 2878 a
4612 2806 4777 2890 lapide

2893 2914 3133 2978 magno
3190 2894 3304 2977 qui
3348 2892 3484 2962 illic
3525 2903 3666 2962 erat
3706 2895 4090 2976 vocabatur,
4135 2896 4247 2979 qui
4288 2896 4446 2966 dein
4631 2893 4776 2976 Μικ-

2895 3000 3020 3046 nus
3062 2978 3284 3050 luctus
3331 2978 3547 3048 dietus
3570 2988 3706 3060 est,
3762 2981 3959 3054 unius
4001 2980 4233 3056 literae
4276 2981 4454 3066 apud
4597 2980 4778 3048 brseoe

2893 3064 3274 3144 mutatione,
3336 3085 3574 3148 nempe
3629 3066 3810 3136 Aba»
3860 3065 3932 3138 in
3989 3066 4166 3138 Abel.
4251 3066 4387 3136 Hie
4432 3067 4629 3151 igitur
4661 3063 4777 3130 bor·

2891 3149 3174 3226 rendum
3238 3171 3314 3220 ao
3356 3151 3753 3234 stupendum
3813 3152 4128 3224 iudicium
4189 3153 4261 3220 in
4303 3150 4723 3228 Botheomioes
4750 3166 4780 3211 ί

2892 3237 3041 3312 Deo
3105 3236 3349 3310 motum
3414 3236 3733 3316 videmus,
3796 3235 4250 3312 tantummodo
4312 3237 4495 3322 quod
4563 3235 4779 3322 propin!

2894 3342 3112 3392 arcam
3191 3341 3274 3387 ex
3346 3321 3553 3398 nimia
3614 3322 3990 3396 curiodtate
4052 3323 4522 3407 inspexissent.
4601 3322 4782 3418 Nesso

2893 3428 3054 3476 vero
3096 3406 3464 3478 mirandum
3507 3418 3612 3476 est
3654 3409 3946 3478 severius
3979 3408 4321 3480 Israelitas
4375 3431 4422 3484 a
4462 3411 4604 3480 Deo
4637 3425 4780 3502 μεως

2895 3501 2997 3562 tos
3054 3512 3196 3564 esee
3254 3512 3449 3577 quam
3513 3493 3944 3564 Philam:
4007 3496 4181 3579 quod
4242 3495 4355 3564 isti
4423 3496 4639 3568 nulius
4691 3491 4783 3557 13⁰¹

2891 3579 3373 3663 promissiones,
3417 3599 3629 3664 neque
3671 3579 3838 3664 legia
3869 3582 4346 3664 expositionem
4382 3582 4586 3652 ullam
4625 3576 4778 3648 bsh·-

2893 3674 3077 3738 rentz
3141 3685 3220 3734 so
3270 3663 3544 3748 proinde
3603 3664 3757 3736 licet
3818 3665 3891 3736 in
3955 3667 4080 3734 bac
4138 3687 4211 3736 re
4261 3677 4626 3751 peccantes.
4679 3681 4778 3729 non

2894 3750 3042 3822 ideo
3110 3759 3334 3820 tamen
3387 3759 3602 3819 morte
3666 3750 3993 3835 pleotendi
4043 3753 4342 3830 fuissent.
4401 3752 4575 3837 quod
4625 3749 4777 3818 fidem

2891 3836 3116 3912 datam
3156 3856 3295 3910 non
3351 3835 3719 3920 fregissent.
3809 3837 4058 3910 Contra
4105 3860 4262 3912 vero
4303 3837 4639 3910 Israeliten
4675 3835 4779 3900 fuo-

2895 3934 3054 3990 runt
3128 3920 3622 4004 inexcusabiles,
3699 3923 3874 4007 quod
3937 3946 4124 3992 suam
4189 3924 4352 4008 ipsis
4419 3926 4778 3994 voluntatem

2894 4009 3079 4080 Deus
3141 4008 3566 4092 patefecisset,
3645 4028 3726 4076 ao
3786 4010 4176 4086 nominatim
4238 4010 4673 4093 prohibuisset
4721 4024 4780 4102 ¹20

2893 4103 3013 4168 ant
3074 4093 3474 4178 attingerent
3529 4103 3644 4164 aut
3705 4095 3971 4179 propius
4029 4116 4250 4176 arcam
4303 4096 4588 4170 foederis
4622 4094 4780 4174 inspi-

2892 4189 3134 4250 cenent.
3241 4178 3459 4264 Atque
3535 4179 3708 4248 hano
3773 4182 3857 4251 ob
3922 4202 4186 4252 oensem
4249 4183 4556 4267 clariore
4617 4192 4780 4264 poem

2892 4265 3236 4334 Israelitae
3274 4285 3471 4348 quam
3514 4264 3855 4336 Philistaei
3909 4268 4127 4352 puniti
4169 4277 4344 4336 sunt.
4434 4268 4530 4338 Et
4569 4262 4780 4352 quidem

2892 4361 3241 4426 senserunt
3296 4349 3528 4422 duram
3586 4351 3936 4424 adversum
3985 4375 4060 4422 se
4102 4354 4231 4426 Dei
4274 4375 4570 4434 manum,
4619 4365 4781 4431 0⁰th

2893 4438 3112 4510 affecti
3162 4436 3491 4520 dedecore,
3551 4444 3627 4506 nt
3694 4438 3766 4508 in
3826 4438 4118 4522 partibus
4185 4438 4510 4523 pudendis
4572 4435 4782 4528 morht!

2891 4524 3347 4606 sustinuerint,
3404 4531 3599 4606 atque
3651 4524 3797 4608 agri
3852 4525 4143 4608 ipsorum
4201 4547 4241 4593 a
4282 4526 4584 4594 muribus
4621 4536 4782 4592 atron

2893 4609 3342 4690 devastatique
3381 4608 3552 4677 sint:
3608 4619 4064 4680 verumtamen
4120 4609 4311 4696 longe
4351 4612 4631 4680 maiores
4667 4623 4782 4691 1¹⁰0·

2893 4715 3016 4772 nas
3087 4693 3431 4764 Israelitae
3507 4692 3850 4775 dederunt.
3924 4706 4191 4781 propter
4253 4697 4556 4781 superius
4617 4715 4654 4762 a
4705 4707 4782 4758 me

2893 4780 3252 4850 declaratas
3294 4800 3540 4848 causas.
3631 4779 3814 4863 Quin
3853 4782 3984 4852 imo
4018 4783 4323 4867 deinceps
4357 4778 4780 4868 conspiciemus

2893 4866 3146 4942 duobus
3208 4865 3343 4934 illis
3405 4866 3519 4948 qui
3580 4865 3754 4932 idem
3829 4867 3974 4936 ausi
4035 4880 4196 4936 sunt
4259 4868 4525 4940 easdem
4590 4877 4782 4950 poem

2891 4952 3240 5037 irrogatas,
3281 4952 3829 5036 quemadmodum
3871 4955 3943 5020 in
3986 4954 4150 5024 libro
4195 4953 4485 5038 Paralip.
4530 4950 4780 5036 legimns

2891 5038 3066 5108 Nam
3100 5060 3302 5122 quum
3335 5036 3558 5106 David
3591 5058 3812 5116 aream
3845 5040 3918 5107 in
3952 5037 4179 5112 urbem
4214 5039 4781 5126 Hierosolymorum

2894 5123 3261 5206 deduceret,
3327 5133 3398 5190 et
3472 5144 3711 5198 casura
3782 5126 4118 5196 videretur
4178 5126 4353 5212 quod
4414 5125 4611 5196 boses
4667 5135 4780 5186 Μ

858 5210 1040 5288 rut,
1099 5205 1532 5293 quinquagies
1572 5207 1759 5282 mille
1796 5207 2213 5298 septuaginta
2254 5208 2578 5284 hommes:
2633 5230 2791 5288 nain
2894 5209 3352 5288 dimovissent:
3409 5207 3554 5286 Osa
3606 5231 3807 5286 manu
3861 5212 4122 5290 edm
4174 5213 4260 5290 ed
4315 5232 4472 5288 0⁸1²
4497 5206 4780 5288 mfissffl·
