5059 6059
318 334 427 399 401

314 523 614 588 dicamus:
676 517 843 598 Quid
882 514 1073 581 habes
1126 514 1288 597 quod
1330 535 1452 579 mm
1486 514 1814 596 acceperis,
1869 518 1926 579 et
1966 514 2027 578 si
2071 532 2232 578 aoce-

304 607 465 693 pisti,
506 624 616 669 cur
653 602 1008 686 yloriaris?
1110 602 1463 667 Caeterum
1523 601 1720 666 altius
1776 601 2012 665 animis
2070 600 2231 665 haec

314 693 584 758 doctrina
641 699 741 754 est
791 688 1151 772 infigenda,
1218 699 1291 752 ut
1356 705 1778 769 quaecunque
1824 688 2102 750 virtutes
2160 684 2229 749 in

315 779 483 845 nobis
536 775 852 851 eluceant,
925 795 1010 839 ex
1072 774 1196 839 Dei
1263 772 1651 837 liberalitate
1710 771 2033 855 singulari
2090 790 2232 835 esse

312 868 469 947 ipsas
510 882 958 947 agnoscamus,
1006 882 1132 925 non
1180 869 1433 924 tantum
1479 870 1552 922 ιιι
1596 859 1957 923 excitemur
2000 855 2079 922 ad
2128 854 2236 921 de·

317 953 498 1015 bitam
543 945 800 1013 laudem
848 959 916 1010 et
959 947 1236 1029 gloriam
1281 944 1373 1009 illi
1422 943 1835 1026 reddendam,
1881 942 1993 1007 sed
2038 951 2115 1007 ut
2149 942 2232 1006 ad

313 1038 473 1101 hunc
524 1036 767 1098 fontem
826 1052 1260 1111 accurramus,
1323 1051 1450 1113 quo
1511 1030 1800 1095 defectus
1850 1037 2110 1094 nostros
2168 1037 2234 1092 et

314 1122 582 1205 inopiam
641 1120 1058 1202 expleamus:
1117 1118 1423 1199 quoniam
1480 1127 1666 1199 pater
1715 1126 1814 1179 εει
1880 1114 2230 1192 luminum,

313 1217 373 1272 et
406 1226 590 1271 omne
633 1204 878 1269 donum
925 1203 1006 1269 ab
1049 1204 1192 1286 ipso
1235 1213 1351 1280 est,
1421 1213 1493 1267 ut
1550 1211 1772 1266 monet
1814 1200 2107 1278 Iacobus,
2166 1208 2234 1265 et

314 1295 385 1359 ad
437 1294 651 1375 ipsum
696 1301 771 1356 ιιι
836 1290 1294 1373 confugiamus
1337 1288 1743 1354 exhortatur.
1832 1286 2057 1367 Quare
2103 1307 2234 1350 non

311 1377 554 1444 aliunde
598 1397 795 1460 quam
839 1397 881 1441 a
923 1397 1105 1441 mera
1147 1374 1277 1440 Dei
1320 1374 1707 1439 liberalitate
1751 1371 2058 1455 quidquid
2104 1372 2237 1436 exi·

312 1466 495 1530 mium
531 1472 637 1528 est
670 1463 937 1527 haurire
974 1483 1093 1527 nos
1129 1481 1333 1544 posse,
1380 1470 1515 1525 tota
1548 1459 1617 1524 id
1652 1458 1974 1524 clamante
2032 1457 2235 1541 scrip-

315 1567 466 1630 tura,
509 1559 871 1614 teneamus.

466 1634 795 1717 Deinceps
854 1635 1208 1698 universus
1252 1631 1461 1697 Israel
1526 1650 1565 1695 a
1611 1629 1765 1696 Dan
1824 1650 2026 1713 usque
2071 1630 2236 1694 Ber-

312 1721 502 1797 sabee,
547 1721 621 1787 id
665 1729 768 1785 est
810 1721 1157 1785 universus
1201 1719 1496 1801 populus,
1557 1717 1651 1781 sic
1693 1717 1871 1782 enim
1911 1717 2239 1799 scriptura

312 1828 488 1891 saepe
549 1808 637 1872 ab
704 1807 810 1871 his
878 1804 1174 1871 terminis
1233 1805 1576 1869 universas
1628 1802 1838 1867 tribus
1897 1800 2238 1867 duodecim

315 1892 624 1970 describit,
681 1892 1067 1975 cognovisse
1125 1888 1395 1972 dicitur,
1467 1887 1640 1971 quod
1702 1887 1973 1954 Samuel
2030 1887 2240 1952 fidelis

314 1979 562 2044 Domini
632 1988 807 2043 esset
891 1976 1226 2061 propheta.
1336 1974 1740 2039 Nominatim
1807 1991 1967 2039 vero
2030 1973 2243 2038 fidelis

314 2065 429 2130 Dei
469 2065 798 2148 propheta
840 2061 1109 2129 Samuel
1156 2062 1426 2126 dicitur:
1485 2080 1639 2125 nam
1691 2060 1917 2125 fideles
1975 2058 2238 2142 quidem

314 2171 519 2216 omnes
555 2171 707 2216 esse
742 2150 1070 2227 debemus,
1114 2167 1498 2229 quocunque
1537 2146 1674 2211 loco
1711 2146 1816 2211 vel
1854 2165 2241 2228 quacunque

317 2236 677 2301 conditione
742 2235 1151 2319 dignitateve
1215 2234 1454 2298 simus:
1524 2232 1647 2297 hoc
1708 2232 1883 2296 enim
1949 2251 1988 2295 a
2053 2232 2241 2297 nobis

315 2323 483 2388 Deus
538 2322 852 2406 postulat,
907 2328 985 2385 ut
1041 2319 1295 2386 sineere
1350 2338 1568 2383 coram
1613 2318 1757 2400 ipso
1814 2316 2239 2383 ambulemus.

314 2407 475 2490 Quin
532 2410 737 2474 etiam
786 2406 1060 2491 privatis
1106 2404 1483 2469 hominibus
1528 2403 1978 2469 testimoninm
2018 2403 2093 2467 in
2136 2422 2240 2468 sa-

313 2494 428 2558 cris
489 2494 829 2560 fidelitatis
886 2501 953 2557 et
1009 2491 1404 2575 integritatis
1463 2509 1654 2572 saepe
1720 2488 2060 2554 tribuitur:
2124 2489 2239 2555 sed

315 2580 408 2645 hio
427 2580 726 2646 Samueli
750 2578 1061 2663 peculiari
1097 2575 1376 2658 quadam
1411 2576 1662 2639 ratione
1696 2574 1996 2654 traditur,
2041 2574 2240 2640 fuisse

314 2665 549 2731 fidelem
602 2666 1013 2748 prophetam,
1071 2673 1233 2746 puta
1290 2660 1570 2726 fideliter
1625 2660 1838 2726 officio
1883 2661 2239 2743 prophetae

313 2752 702 2819 defunctum.
792 2751 882 2816 Et
950 2749 1211 2832 quidem
1273 2748 1657 2811 nominatim
1725 2746 2049 2829 propheta
2104 2747 2236 2811 Do·

313 2840 455 2902 mini
498 2837 764 2914 dicitur,
810 2847 889 2901 ut
932 2834 1160 2900 doceat
1205 2853 1431 2898 omnes
1461 2832 1584 2897 Dei
1640 2832 1820 2897 verbi
1866 2852 2240 2915 praecones,

312 2925 710 2988 voluntatem
753 2922 963 3004 ipsius
1007 2921 1284 3000 edoceri,
1343 2939 1427 2984 ne
1484 2917 1638 3000 quid
1699 2930 1941 2982 temere
1990 2918 2059 2982 in
2101 2939 2242 2984 me·

312 3009 472 3074 dium
516 3010 846 3091 adferant,
903 3018 1233 3090 oportere:
1293 3024 1368 3070 ac
1408 3004 1601 3087 plane
1641 3004 1786 3069 fieri
1829 3003 1910 3069 de
1954 3004 2068 3069 illa
2101 3025 2239 3070 cer·

312 3096 509 3173 tiores,
575 3103 663 3160 ut
726 3113 874 3159 eam
933 3114 973 3158 a
1031 3091 1315 3156 Domino
1381 3090 1643 3174 probari
1707 3097 2020 3172 tanquam
2076 3110 2116 3153 a
2170 3110 2240 3154 se

311 3182 657 3262 profectam
723 3181 953 3256 sciant,
1021 3199 1097 3244 ac
1156 3177 1438 3242 fideliter
1495 3175 1989 3241 administratae
2045 3174 2242 3240 ratio-

310 3286 444 3331 nem
506 3264 826 3340 reddant,
911 3284 1257 3346 coramque
1323 3262 1628 3327 omnibus
1695 3262 1927 3326 merito
1994 3261 2242 3344 possint

309 3373 695 3432 asseverare,
741 3349 908 3416 nihil
950 3369 991 3414 a
1023 3370 1095 3413 se
1119 3350 1490 3426 confictum,
1535 3366 1576 3410 a
1614 3368 1685 3412 se
1729 3368 1860 3412 non
1903 3368 2024 3412 sua
2065 3355 2244 3411 auto-

309 3440 486 3503 ritate
518 3459 671 3505 rem
696 3456 1038 3520 aggressos
1061 3434 1318 3500 somnia
1333 3455 1452 3498 sua
1475 3453 1763 3512 narrare,
1791 3432 1904 3496 sed
1930 3442 2240 3515 tanquam

308 3522 493 3606 ipsius
534 3544 661 3590 ore
703 3522 834 3588 Dei
890 3522 1192 3604 loquutos
1235 3521 1513 3585 verbnm
1570 3519 1772 3601 ipsius
1826 3521 2240 3584 annuntiare.

462 3610 803 3692 Deinceps
857 3627 1014 3672 vero
1072 3615 1232 3672 sunt
1285 3613 1351 3671 et
1406 3605 1519 3669 illa
1576 3602 2024 3687 expendenda,
2080 3603 2243 3670 nihil

313 3696 585 3763 cecidisse
629 3715 712 3762 a
751 3693 957 3759 verbis
1000 3694 1139 3759 eius
1179 3693 1250 3758 in
1292 3696 1557 3757 terram:
1617 3689 1854 3773 quibus
1910 3689 1991 3755 de
2035 3689 2244 3755 fideli-

315 3793 433 3847 tate
472 3783 683 3865 ipsius
728 3779 902 3846 dicta
945 3780 1250 3862 superius
1294 3778 1789 3842 confirmantur.
1851 3773 2027 3841 Sunt
2066 3775 2243 3841 enim

318 3866 418 3931 illa
455 3868 669 3934 fidelis
712 3866 1091 3951 prophetae,
1136 3871 1212 3929 ut
1254 3862 1442 3928 docet
1475 3863 1715 3942 Moses,
1760 3860 2020 3938 indicia,
2056 3863 2241 3927 cuius

317 3952 494 4018 verba
556 3963 756 4019 sunt:
846 3950 1068 4033 Quum
1126 3950 1447 4034 propheta
1512 3948 1912 4031 praedixerit
1976 3946 2240 4029 aliquid,

316 4039 466 4120 quod
511 4051 742 4105 tamen
787 4058 919 4103 non
966 4036 1284 4116 evenerit,
1328 4036 1491 4101 satis
1526 4035 1901 4100 convictum
1947 4053 2089 4098 esse
2128 4033 2244 4097 fal-

312 4126 528 4206 sitatis,
587 4148 668 4191 ac
722 4122 997 4207 proinde
1039 4124 1273 4187 merito
1317 4143 1353 4186 e
1397 4120 1568 4186 vivis
1626 4117 2005 4198 tollendum,
2064 4118 2239 4200 quod

314 4208 431 4274 Dei
486 4212 755 4277 nomine
812 4210 1008 4275 fuerit
1063 4209 1321 4273 abusus.
1410 4206 1636 4287 Quare
1679 4225 1881 4288 quum
1924 4204 2088 4269 nihil
2135 4226 2239 4271 ce·

309 4295 528 4362 cidisse
571 4298 643 4362 in
694 4305 939 4361 terram
985 4292 1242 4360 dicatur
1285 4313 1506 4358 eorum
1553 4312 1720 4374 quae
1744 4289 2014 4356 Samuel
2060 4311 2241 4374 prae-

313 4379 571 4459 dixerat,
632 4381 789 4447 inde
844 4381 1033 4447 facile
1090 4388 1360 4463 apparet
1406 4397 1599 4460 quam
1647 4377 1857 4442 fidelis
1900 4385 1967 4441 et
2008 4396 2239 4460 appro-

314 4467 493 4533 batus
553 4467 845 4534 Domino
910 4466 1126 4533 fuerit.
1228 4467 1330 4530 Ac
1429 4462 1658 4529 roinde
1713 4463 2015 4539 sciamus,
2081 4474 2239 4530 tunc

310 4553 489 4620 facile
530 4574 725 4637 posse
770 4553 851 4618 de
894 4551 1250 4636 prophetiis
1293 4551 1361 4615 iu
1411 4550 1585 4629 icari,
1630 4549 1851 4615 sintne
1887 4569 1928 4613 a
1949 4548 2237 4614 Domino

312 4641 652 4720 profectae,
698 4659 904 4722 quum
947 4639 1093 4703 illas
1128 4636 1387 4720 impleri
1422 4635 1741 4702 videmus.
1798 4634 2025 4717 Neque
2060 4655 2237 4715 vero,

309 4721 525 4807 fateor,
571 4727 911 4810 proprium
954 4725 1079 4789 hoc
1120 4724 1387 4807 signum
1430 4742 1692 4805 semper
1731 4731 1831 4785 est
1865 4741 2061 4786 verae
2094 4742 2240 4803 pro-

313 4810 583 4892 phetiae,
632 4809 922 4877 eiusdem
964 4809 1278 4893 impletio,
1321 4827 1524 4891 quum
1570 4828 1762 4890 saepe
1808 4806 2004 4870 falsas
2045 4826 2235 4891 quas-

317 4896 455 4961 dam
521 4897 781 4980 impleri
847 4896 1229 4980 contigerit:
1294 4893 1463 4977 quod
1522 4913 1604 4958 ex
1662 4893 1789 4957 alio
1834 4892 2039 4957 Mosis
2098 4891 2236 4958 loco

315 4992 592 5064 apparet,
637 4981 782 5049 Deo
838 4982 1148 5047 nimirum
1198 4980 1266 5046 id
1307 4980 1725 5063 permittente
1767 4976 1850 5043 ad
1895 4977 2236 5043 hominum

314 5067 684 5150 iniquitates
741 5067 1123 5152 puniendas,
1189 5064 1360 5150 quod
1420 5066 1678 5131 veritati
1737 5063 1997 5130 divinae
2055 5073 2236 5146 pate-

315 5153 516 5220 factae
570 5176 704 5220 non
747 5155 906 5221 satis
948 5152 1367 5231 attenderint,
1421 5151 1534 5217 sed
1580 5150 1854 5217 novitati
1896 5149 2235 5217 studentes

321 5236 396 5302 ad
418 5239 825 5306 mendacium
851 5241 1167 5323 proclives
1201 5239 1481 5318 fuerint,
1527 5258 1602 5304 ac
1637 5237 1934 5303 divinum
1970 5236 2240 5303 verbum

509 5342 743 5408 Galea&
770 5357 964 5414 opera.
1036 5342 1158 5400 Vol.
1189 5341 1425 5400 XXIX.

1662 324 1762 391 IN
1806 324 1861 390 1.
1904 305 2091 390 ms.
2135 321 2541 394 SAMUEL.
2588 325 2786 393 oAP.
2832 324 2961 391 111.

4150 331 4280 398 402

2333 515 2522 581 flocci
2567 514 2858 581 fecerint.
2944 515 3196 581 Verum
3240 515 3577 582 enimvero
3622 538 3822 600 quum
3863 520 4083 602 quivis
4126 542 4282 605 pro-

2334 601 2535 684 pheta
2595 600 2879 684 fungens
2943 599 3223 668 fideliter
3286 603 3498 668 officio
3563 606 3781 688 pergit
3821 605 3951 671 Dei
4013 609 4278 675 nomine

2334 698 2606 753 cunctos
2649 686 3053 770 compellare,
3113 699 3179 753 et
3234 688 3523 754 eiusdem
3579 691 3843 755 nomine
3880 713 4120 773 poenas
4167 694 4277 759 de·

2334 773 2660 853 nuntiare,
2704 793 2867 855 quae
2909 793 3136 840 omnes
3169 774 3565 858 irrogantur,
3604 777 3748 858 quis
3786 776 4039 843 dubitet
4086 779 4276 845 illum

2335 878 2571 924 verum
2633 859 2759 924 Dei
2821 859 3202 941 prophetam
3263 860 3496 936 dicere,
3557 883 3690 926 non
3750 882 3869 927 sua
3912 865 4164 930 somnia
4208 874 4277 932 et

2334 957 2721 1020 commenta,
2789 943 2902 1009 sed
2949 945 3073 1010 Dei
3134 946 3337 1028 ipsius
3383 947 3675 1022 verbum,
3741 948 4274 1031 praedicantem?

2335 1030 2468 1099 Hic
2511 1038 2614 1094 est
2651 1031 2853 1113 igitur
2898 1031 3094 1098 huius
3133 1032 3259 1098 loci
3305 1053 3551 1109 sensus,
3599 1033 3816 1098 Deum
3861 1046 4005 1100 rata
4048 1038 4276 1103 fecisse

2336 1136 2756 1199 quaecunque
2776 1114 3107 1183 Samuelis
3148 1140 3259 1183 ore
3304 1117 3695 1183 denunciata
3737 1120 4018 1201 fuerant,
4062 1134 4133 1187 ut
4177 1124 4278 1187 ni-

2338 1201 2435 1267 hil
2483 1223 2710 1267 eorum
2756 1202 2825 1267 in
2872 1211 3114 1268 terram
3152 1202 3485 1269 deciderit.
3566 1204 3771 1269 Porro
3808 1228 4280 1291 nonnunquam

2338 1286 2593 1362 accidit,
2637 1299 2716 1351 ut
2758 1289 2882 1352 Dei
2927 1289 3203 1354 verbum
3249 1290 3317 1354 in
3365 1300 3605 1355 terram
3654 1289 3927 1370 decidat,
3973 1311 4278 1360 nonnun-

2336 1394 2530 1456 quam
2597 1374 2774 1438 inter
2836 1374 3078 1455 spinas,
3142 1395 3609 1458 nonnunquam
3668 1377 3736 1440 in
3796 1375 3938 1443 loca
3999 1388 4277 1462 petrosa,

2338 1468 2455 1524 aut
2495 1460 2685 1524 iuxta
2729 1461 2921 1534 viam,
2967 1469 3040 1524 ut
3077 1459 3329 1526 radices
3365 1482 3558 1544 agere
3595 1483 3723 1526 non
3764 1464 3999 1547 possit:
4044 1486 4278 1532 verum

2338 1545 2445 1610 hic
2489 1543 2570 1609 de
2613 1544 2977 1628 prophetiis
3020 1566 3059 1610 a
3109 1548 3260 1626 ‘tur,
3304 1544 3369 1611 id
3396 1558 3495 1612 est
3538 1568 3892 1630 poenarum
3919 1548 4275 1618 denuncia-

2338 1631 2536 1708 tione,
2603 1651 2764 1713 quas
2822 1628 3003 1697 Deus
3118 1632 3361 1697 amueli
3424 1632 3839 1715 praedixerat
3905 1657 3975 1701 se
4029 1637 4281 1723 irroga-

2340 1728 2584 1795 turum,
2652 1725 2721 1782 et
2773 1737 2937 1799 quae
2986 1717 3252 1783 tandem
3295 1727 3370 1782 nt
3411 1719 3816 1801 praedictum
3860 1729 4003 1787 erat
4045 1744 4282 1790 evene·

2341 1812 2516 1883 runt,
2573 1809 2650 1866 ut
2692 1803 2857 1867 nihil
2901 1803 2970 1866 in
3017 1813 3265 1869 terram
3308 1803 3638 1870 deciderit.
3727 1804 3862 1872 Sed
3904 1829 4102 1891 quum
4150 1810 4278 1876 Dei

2342 1889 2616 1955 verbum
2663 1889 3097 1971 praedicatur,
3162 1890 3291 1954 nisi
3333 1889 3403 1955 id
3452 1889 3877 1957 admittamus
3921 1902 3987 1958 et
4028 1895 4097 1958 in
4143 1917 4279 1961 cor-

2343 1974 2445 2041 dis
2491 1973 2931 2057 penetralibus
2973 1974 3442 2057 insculpamus,
3500 1976 3758 2043 irritum
3803 1987 3923 2060 est,
3983 1983 4166 2062 quasi
4205 1982 4279 2047 in

2344 2068 2589 2126 terram
2656 2058 3029 2139 decidisset,
3096 2060 3269 2142 quod
3337 2082 3526 2126 snum
3585 2062 3656 2126 in
3722 2064 3912 2130 nobis
3974 2066 4277 2133 effectum

2345 2147 2613 2212 minime
2655 2146 2742 2210 sit
2786 2161 3282 2230 consequutum.
3351 2147 3580 2230 Neque
3623 2169 3782 2214 vero
3825 2150 4092 2215 omnino
4137 2152 4278 2218 sine

2342 2233 2576 2298 effectu
2620 2252 2764 2298 esse
2798 2232 2926 2297 Dei
2985 2232 3255 2297 verbum
3315 2233 3680 2316 putandum
3746 2244 3879 2301 est:
3943 2237 4054 2302 sed
4120 2258 4278 2304 con·

2343 2318 2824 2383 demnationem
2882 2318 3341 2401 gravissimam
3398 2328 3622 2385 nostra
3678 2320 4152 2405 ingratitudine
4207 2325 4279 2391 in

2344 2425 2463 2469 nos
2505 2403 2951 2487 perfunctorie
2993 2403 3155 2468 illud
3200 2404 3544 2470 audientes
3578 2404 3884 2474 derivari.
3930 2409 4024 2473 Et
4055 2419 4278 2477 tamen

2344 2499 2502 2556 tunc
2566 2490 2638 2554 in
2703 2499 2945 2554 terram
3009 2490 3323 2556 decidisse
3381 2490 3648 2569 dicetur,
3717 2500 3943 2558 nostra
4007 2496 4278 2576 malitia,

2343 2596 2707 2659 sonumque
2765 2584 3024 2641 tantum
3091 2595 3233 2641 esse
3293 2577 3361 2640 in
3403 2590 3620 2643 aerem
3668 2578 4035 2658 abeuntem,
4093 2584 4280 2648 cuius

2344 2661 2598 2727 nullam
2644 2662 2777 2726 vim
2821 2662 3233 2744 percipimus,
3294 2661 3407 2726 sed
3453 2683 3721 2746 prorsus
3766 2675 3988 2729 nostra
4028 2667 4283 2733 malitia
4367 2700 4371 2703 ·

2345 2756 2412 2814 et
2465 2746 2819 2813 rebellione
2875 2746 3196 2812 inutilem.
3285 2745 3419 2813 Sed
3465 2748 3594 2813 alia
3638 2758 3738 2814 est
3780 2748 3907 2814 Dei
3952 2752 4281 2817 minarum

2344 2841 2460 2899 aut
2514 2832 3020 2915 promissionum
3082 2831 3505 2915 peculiarium
3563 2834 3749 2911 ratio,
3814 2855 4090 2916 quarum
4156 2839 4281 2901 im-

2342 2918 2544 3002 pletio
2595 2937 2799 3001 penes
2854 2918 3071 3002 ipsum
3122 2924 3240 2984 est.
3333 2916 3444 2985 Sic
3488 2918 3569 2983 de
3614 2920 3797 2985 factis
3838 2917 4133 2987 Samueli
4177 2943 4282 2987 re·

2343 3002 2783 3070 velationibus
2835 3003 3281 3079 sentiendum,
3348 3024 3517 3087 quae
3572 3025 3765 3070 suum
3823 3005 4149 3088 effectum,
4208 3016 4283 3072 ut

2344 3100 2488 3155 erat
2551 3090 2861 3166 minatus,
2927 3091 3194 3154 sortitae
3257 3101 3429 3156 sunt.
3519 3090 3696 3155 Hine
3753 3089 4095 3171 discamus,
4154 3092 4281 3158 Dei

2343 3175 2879 3258 promissionibus
2936 3175 3133 3241 fretos
3193 3195 3527 3258 nunquam
3585 3195 3705 3242 sua
3758 3198 3873 3260 spe
3930 3178 4280 3245 excisuros.

2344 3260 2521 3343 Quid
2583 3259 2721 3326 ita?
2811 3261 3067 3343 Nempe
3124 3260 3300 3343 quod
3356 3260 3523 3326 nihil
3581 3281 3810 3327 eorum
3876 3284 4041 3346 quae
4094 3264 4281 3331 Deus

2343 3368 2414 3413 se
2478 3346 2808 3412 facturum
2876 3345 3174 3429 promisit
3248 3346 3319 3410 in
3393 3356 3637 3412 terram
3699 3347 3971 3414 decidat.
4060 3349 4281 3431 Quare

2344 3433 2848 3516 promissionum
2893 3432 3100 3514 ipsius
3140 3433 3425 3498 veritate
3468 3445 3535 3497 et
3576 3433 3705 3498 fide
3745 3433 3895 3498 freti
3939 3437 4282 3519 conquies-

2343 3540 2601 3597 camus,
2687 3538 2762 3585 ac
2843 3528 3019 3583 certo
3093 3520 3386 3601 persuasi
3453 3520 3694 3596 simus,
3761 3518 3901 3585 fore
3966 3530 4045 3585 ut
4100 3521 4284 3604 quid·

2342 3604 2498 3687 quid
2542 3605 2730 3670 Deus
2786 3604 2971 3669 nobis
3014 3603 3406 3687 promiserit,
3467 3602 3731 3669 tandem
3785 3604 3947 3670 illud
3988 3606 4281 3690 impleat.

2344 3690 2597 3756 Fidelis
2639 3691 2814 3754 enim
2838 3689 3181 3768 Dominus,
3232 3697 3300 3754 et
3343 3699 3486 3755 rata
3527 3700 3685 3755 sunt
3724 3698 3793 3755 et
3831 3691 4286 3760 irrevocabilia

2341 3776 2553 3860 ipsius
2612 3775 2830 3841 verba.
2939 3775 3187 3841 Oontra
3251 3777 3466 3841 minas
3532 3776 3966 3842 intentantem
4035 3789 4285 3848 metua-

2344 3883 2511 3940 mus,
2572 3882 2647 3927 ac
2701 3869 2965 3926 nostrae
3025 3862 3440 3944 perversitati
3498 3869 3565 3926 et
3607 3861 4004 3947 malignitati
4046 3865 4115 3929 in
4162 3886 4282 3931 nes

2346 3948 2485 4013 eius
2564 3947 2731 4012 iram
2807 3947 3202 4012 concitatam
3278 3947 3696 4031 imputemus.
3810 3949 4280 4016 Verumtamen

2345 4032 2650 4099 omnibns
2723 4033 2933 4118 ipsius
3018 4032 3637 4099 comminationibus
3706 4032 3994 4100 additam
4055 4036 4279 4100 condi·

2344 4120 2591 4184 tionem
2634 4121 2947 4185 sciamus:
3013 4116 3185 4201 qnod
3228 4118 3379 4184 finis
3421 4119 3688 4184 illarum
3745 4121 4133 4203 praecipuus
4190 4121 4280 4187 sit

2344 4205 2766 4289 poenitentia,
2828 4202 2910 4269 ad
2955 4224 3151 4287 qnam
3206 4203 3393 4269 Deus
3435 4225 3556 4270 nos
3624 4214 3834 4285 vocat,
3901 4204 3967 4268 id
4013 4215 4138 4286 est,
4204 4217 4282 4272 ut

2340 4290 2591 4374 agnitis
2648 4290 2934 4373 peccatis
2990 4289 3073 4356 ad
3132 4290 3470 4355 meliorem
3523 4301 3809 4355 mentem
3856 4304 4282 4374 revertamur,

2340 4389 2409 4443 et
2449 4378 2732 4460 gratiam
2788 4396 2866 4441 ao
2908 4375 3357 4442 remissionem
3416 4376 3769 4460 gratuitam
3826 4376 4277 4459 impetremus:

2342 4482 2511 4545 quae
2552 4483 2712 4528 vere
2750 4461 3123 4546 lugentibus
3177 4471 3245 4527 et
3278 4472 3542 4546 peccata
3597 4461 4095 4545 agnoscentibus
4140 4484 4280 4527 om-

2340 4548 2536 4614 nibus
2577 4548 2998 4631 promittitur.
3067 4546 3594 4631 Quotiescunque
3628 4548 3828 4630 igitur
3872 4568 3909 4611 a
4002 4549 4278 4613 oscenti-

2338 4632 2462 4699 bus
2517 4645 2798 4716 peccata,
2862 4643 2931 4698 et
2985 4632 3068 4699 ad
3125 4634 3458 4699 meliorem
3518 4634 3768 4716 frugem
3835 4654 3904 4697 re
3949 4633 4276 4715 euntibus,

2338 4719 2566 4785 eadem
2601 4720 3039 4799 remittuntur,
3073 4719 3278 4785 videri
3309 4720 3556 4804 possint
3584 4718 3708 4783 Dei
3743 4718 4278 4786 comminationes

2336 4806 2562 4871 irritae
2614 4807 2685 4871 in
2728 4817 2966 4871 terram
3034 4805 3366 4886 decidisse,
3431 4804 3601 4888 quod
3647 4825 3772 4868 non
3818 4823 4011 4885 quem
4067 4806 4278 4872 mina-

2338 4890 2577 4957 bantur
2621 4892 2923 4957 effectum
2970 4891 3104 4956 sint
3146 4900 3547 4975 assequutae.
3615 4886 3750 4955 Sed
3792 4889 4088 4969 sciamus,
4135 4893 4277 4973 qui-

2336 4998 2600 5060 cunque
2661 4977 2934 5044 effectus
2998 4986 3323 5060 sequatur,
3381 4975 3597 5040 Deum
3653 4973 4133 5040 invariabilem:
4201 4998 4277 5045 ao

2339 5062 2610 5149 proinde
2625 5072 2995 5130 metuamus
3012 5085 3112 5140 ne,
3133 5063 3189 5128 si
3215 5063 3296 5127 ad
3319 5062 3457 5127 eius
3484 5060 4014 5126 comminationes
4045 5062 4276 5130 surdas

2336 5170 2530 5216 aures
2552 5150 2981 5233 attulerimus,
3025 5158 3092 5215 et
3133 5148 3327 5214 minis
3368 5146 3511 5211 eius
3554 5166 3688 5211 non
3730 5166 4276 5230 commoveamur,

2337 5236 2603 5302 tandem
2646 5235 2752 5303 vel
2798 5237 2868 5301 in
2911 5234 3152 5302 invitos
3197 5242 3265 5299 et
3303 5233 3547 5299 frustra
3596 5231 3898 5298 dentibus
3941 5234 4277 5319 ringentes
