5059 6059
285 347 406 414 317

280 537 400 602 filii
446 556 638 618 saepe
673 536 755 601 ad
791 536 1006 602 furcas
1041 538 1407 621 rapiantur.
1496 537 1748 604 Idcirco
1785 537 1984 621 igitur
2019 536 2220 619 scrip'-

282 632 436 688 tura
479 620 639 688 dicit
678 621 890 687 filium
934 622 1280 705 perditum,
1345 644 1643 706 nequam,
1703 636 1768 688 et
1811 623 2219 686 luxuriosum

279 706 483 775 matri
549 709 685 773 fore
751 705 1065 791 dedecori,
1119 721 1202 785 ,ut
1267 709 1567 774 ostendat
1622 708 1891 773 stultam
1948 718 2218 771 matrem

283 793 595 859 dedecore
659 802 727 858 et
791 793 1152 876 ignominia
1216 795 1642 872 afficiendam,
1707 814 1907 877 quum
1976 794 2044 856 iu
2103 791 2221 856 filii

282 881 447 944 vitia
504 879 778 943 nimium
837 879 1199 957 indulserit,
1261 890 1325 943 et
1370 880 1492 945 hac
1534 879 1946 965 indulgentia
1991 878 2219 958 depra-

284 974 479 1030 vatus
557 965 629 1028 in
702 964 1027 1047 quaelibet
1095 965 1253 1030 vitia
1317 967 1704 1048 proruperit.
1791 965 1938 1029 Hoc
2002 964 2221 1045 itaque

279 1071 482 1116 sensu
526 1048 760 1114 dicitur
805 1049 909 1115 hic
955 1049 1361 1116 Ionathanus
1404 1071 1444 1115 a
1479 1049 1679 1118 Saule
1712 1050 2116 1137 conspirasse
2151 1048 2220 1111 in

280 1136 727 1201 confusionem
781 1136 1025 1213 matris,
1086 1138 1271 1202 cuius
1314 1137 1507 1202 etiam
1549 1137 1971 1221 ignominiam
2019 1135 2110 1199 ait
2154 1135 2220 1196 in

281 1230 490 1286 totam
534 1220 854 1303 reliquam
899 1219 1166 1286 domum
1209 1230 1276 1288 et
1321 1222 1633 1287 familiam
1693 1219 2221 1287 redundaturam.

280 1306 423 1374 Sed
488 1325 617 1390 quo
683 1308 847 1383 iure,
911 1326 1169 1388 quaeso,
1234 1305 1393 1374 Saul
1452 1309 1579 1373 ista
1638 1309 1768 1374 filio
1825 1303 2221 1389 exprobrat?

279 1392 615 1474 Quoniam
662 1390 884 1456 David
930 1412 1047 1456 rex
1091 1394 1351 1458 futurus
1394 1405 1510 1459 est.
1603 1392 1732 1461 Sed
1778 1395 1924 1476 quis
1960 1393 2223 1457 obsecro

277 1476 615 1543 Davidem
660 1496 880 1560 regem
928 1475 1340 1562 designavit?
1389 1479 1529 1545 Nae
1573 1480 1712 1562 ipse
1755 1500 1884 1544 non
1933 1476 2226 1555 ambivit,

279 1585 417 1630 non
476 1564 812 1646 prensavit
867 1563 1056 1627 istam
1105 1564 1507 1647 dignitatem,
1574 1587 1703 1630 non
1747 1565 1937 1629 malis
1980 1564 2227 1628 artibus

277 1649 642 1733 quaesivit:
703 1648 840 1713 sola
895 1647 1022 1712 Dei
1069 1649 1389 1727 voluntas,
1457 1650 1663 1715 solum
1711 1650 1917 1734 ipsius
1964 1650 2070 1714 hic
2115 1648 2224 1713 de·

277 1745 538 1802 cretum
609 1734 964 1798 intervenit
1035 1756 1074 1799 a
1132 1733 1440 1801 Samuele
1496 1737 1907 1818 patefactum.
1995 1734 2226 1817 Itaque

277 1821 449 1888 Saul
509 1818 655 1884 ideo
711 1828 966 1884 tautum
1011 1819 1334 1885 Davidem
1379 1822 1808 1905 persequitur,
1876 1832 1947 1885 ut
1991 1841 2073 1885 ex
2117 1840 2222 1884 su-

271 1906 600 1993 pradictis
639 1919 925 1986 apparet,
972 1914 1045 1970 ut
1081 1907 1205 1970 Dei
1244 1907 1569 1972 decretum
1610 1908 1689 1972 de
1718 1909 1879 1990 ipso,
1924 1906 1980 1971 si
2004 1905 2224 1989 possit,

274 1992 562 2058 aboleat.
648 1990 854 2071 Atqui
901 2011 1027 2055 non
1074 2013 1221 2057 cum
1267 1993 1525 2057 mortali
1572 2013 1675 2057 res
1718 1993 1844 2075 ipsi
1887 2000 2061 2057 erat:
2112 1989 2224 2057 sed

259 2100 427 2145 eum
503 2076 773 2143 vivente
839 2075 1015 2141 Deo:
1085 2098 1276 2160 quem
1339 2079 1418 2143 de
1462 2078 1622 2144 solio
1670 2078 2010 2143 detrahere
2056 2076 2224 2142 velle

267 2164 445 2231 Saul
496 2160 866 2226 videbatur:
936 2172 1385 2228 verumtamen
1455 2164 1565 2228 illa
1608 2165 1734 2229 suit
1777 2164 1988 2229 insani
2032 2164 2224 2228 istius

271 2269 493 2316 mens.
583 2247 789 2313 Cuius
832 2247 1124 2313 insaniae
1171 2249 1273 2314 vel
1318 2249 1493 2314 istud
1538 2262 1677 2314 esto
1722 2250 2050 2316 sufficiens
2096 2260 2222 2313 tes·

271 2334 653 2416 timonium,
706 2332 878 2416 quod
923 2334 1129 2398 filium
1176 2334 1509 2417 alloquens
1554 2337 1678 2400 ait:
1753 2334 2052 2401 Omnibus
2095 2335 2225 2400 die·

266 2423 397 2488 bus
449 2418 677 2503 quibus
726 2418 908 2499 filius
965 2420 1107 2484 Iso-i
1145 2421 1375 2486 vixerit
1413 2440 1603 2503 super
1645 2427 1892 2500 terram,
1949 2441 2073 2486 non
2111 2440 2225 2501 po·

263 2508 434 2575 teri-s
497 2518 613 2570 etc.
703 2503 874 2568 Nam
917 2505 1066 2571 licet
1111 2516 1435 2571 mortuum
1482 2527 1699 2572 nonne
1744 2515 1998 2590 poterat
2045 2506 2223 2571 Deus

264 2593 616 2666 suscitare,
678 2610 1030 2675 regemque
1088 2593 1498 2666 constituere,
1566 2592 2083 2675 quandoquidem
2144 2591 2225 2656 de

264 2702 347 2746 eo
397 2679 469 2742 in
518 2676 765 2759 regiam
814 2676 1198 2759 dignitatem
1236 2676 1569 2742 evehendo
1606 2678 1937 2744 decretum
1974 2679 2222 2742 irrevo-

265 2763 490 2833 cabile
558 2760 846 2826 fecerat?
935 2762 1126 2828 Hauc
1198 2762 1327 2828 Dei
1387 2765 1744 2846 potentiam
1806 2764 1876 2828 in
1937 2771 2224 2828 nostram

264 2847 799 2920 consolationem
864 2868 1275 2930 usurpemus.
1360 2849 1530 2935 Nam
1591 2850 1701 2933 qui
1761 2849 2083 2914 mundum
2145 2848 2225 2913 de

265 2935 494 3003 nihilo
538 2933 802 3009 creavit,
867 2943 1043 2998 certo
1084 2944 1298 3016 potest
1334 2933 1530 3000 nobis
1566 2936 1842 3000 mortuis
1878 2936 2083 2999 vitam
2121 2956 2221 3000 re·

265 3026 575 3095 stituere,
625 3027 693 3083 et
735 3019 955 3083 beatos
993 3022 1058 3082 in
1085 3030 1418 3084 aeteruum
1447 3019 1680 3097 facere,
1726 3020 2067 3104 locumque
2088 3019 2224 3086 suis

263 3106 621 3195 promissis
684 3103 998 3169 invenire.
1087 3104 1307 3172 Huius
1350 3105 1503 3170 fidei
1545 3106 1881 3189 exemplar
1927 3106 2224 3171 Abraha-

263 3215 462 3260 mum
535 3189 892 3273 Apostolus
950 3190 1140 3255 nobis
1200 3190 1591 3256 intuendum
1645 3191 1969 3276 proponit,
2038 3192 2223 3257 cuius

260 3281 607 3364 insignem
675 3274 869 3340 fidem
937 3297 1023 3339 ex
1087 3296 1163 3341 eo
1220 3277 1646 3354 commendat,
1714 3276 1882 3361 quod
1939 3298 2141 3361 quum
2186 3297 2226 3341 a

260 3368 422 3433 Deo
491 3364 707 3428 iussus
766 3368 938 3426 esset
992 3361 1199 3426 filium
1261 3363 1530 3428 unicum
1589 3383 1783 3428 suum
1841 3364 2224 3440 sacrificare,

261 3452 711 3517 vehementer
746 3449 1141 3511 commoveri
1198 3462 1262 3512 et
1314 3448 1644 3532 indignari
1679 3450 1982 3532 potuerit,
2020 3471 2226 3532 quan-

261 3532 635 3620 doquidem
681 3533 1141 3615 promissiones
1185 3542 1522 3617 acceperat
1566 3534 1646 3599 de
1692 3535 1903 3600 salute
1947 3536 2225 3619 pretium

263 3618 685 3709 perficienda
743 3618 811 3681 in
871 3639 945 3682 eo
1006 3620 1116 3701 qui
1164 3640 1243 3683 ex
1290 3619 1491 3684 Isaaci
1535 3620 1783 3684 semine
1830 3629 2226 3696 nasceretur,

261 3722 343 3774 et
393 3705 789 3792 gravissima
832 3704 1032 3769 fuerit
1076 3705 1188 3769 illa
1233 3706 1525 3781 tentatio,
1585 3727 1699 3788 spe
1744 3728 1862 3771 sua
1906 3707 2226 3779 frustrari,

261 3787 434 3860 D'eo
478 3791 574 3856 illi
619 3788 786 3874 quod
834 3798 986 3854 ante
1037 3790 1302 3855 dederat
1344 3792 1676 3873 eripiente,
1744 3800 1812 3856 et
1854 3792 2228 3875 promissio·

259 3901 448 3947 num
531 3896 794 3943 suarum
875 3875 1287 3941 abolitionem
1371 3899 1442 3941 re
1514 3879 1654 3959 ipsa
1721 3876 2227 3943 demonstrante.

261 3967 511 4048 Quam
576 3980 846 4045 gravem
909 3961 1091 4027 illam
1161 3962 1362 4028 fuisse
1419 3970 1725 4046 putamus
1783 3961 2229 4043 tentationem,

263 4072 419 4137 qua
465 4046 811 4115 videbatur
853 4046 1271 4113 Abrahamus
1316 4048 1381 4112 in
1427 4069 1748 4114 summam
1787 4050 2227 4113 confusionem

261 4161 362 4205 ex
420 4134 922 4219 promissionum
973 4132 1341 4198 divinarum
1388 4134 1735 4200 abolitione
1779 4134 2049 4200 venire?
2099 4132 2229 4200 Sed

264 4226 398 4289 ille
441 4221 564 4286 fide
601 4220 835 4302 plenus
866 4219 1060 4303 longe
1095 4219 1318 4301 procul
1355 4220 1684 4286 oculorum
1723 4220 1925 4286 aciem
1965 4219 2223 4299 direxit,

262 4311 348 4374 in
393 4306 527 4372 Dei
565 4306 830 4381 virtute,
875 4308 1171 4388 potentia
1206 4316 1270 4369 et
1305 4306 1596 4370 bonitate
1630 4304 1931 4370 fiduciam
1970 4326 2227 4371 omnem

265 4412 634 4476 reponens,
673 4400 737 4454 et
773 4410 1142 4473 persuasus,
1181 4391 1417 4471 Deum,
1455 4393 1574 4455 etsi
1611 4393 1928 4456 moriatur
1968 4391 2228 4481 Isaacus

265 4490 348 4545 et
416 4479 486 4542 in
536 4476 981 4541 holocaustum
1026 4476 1171 4541 Deo
1218 4477 1550 4557 offeratur,
1609 4497 1797 4560 posse
1842 4488 2061 4541 tamen
2107 4476 2226 4543 sibi

267 4588 366 4630 ex
420 4562 595 4628 illius
637 4563 964 4627 cineribus
1007 4562 1215 4626 filium
1260 4563 1592 4627 suscitare.
1692 4562 1917 4643 Quare
1960 4561 2226 4628 Saulem

268 4650 634 4735 oportebat
713 4649 909 4712 etiam
977 4647 1098 4713 hoc
1165 4648 1234 4711 in
1299 4668 1485 4712 suam
1553 4655 1836 4713 mentem
1903 4648 2227 4724 inducere,

271 4738 515 4803 Deum
579 4732 818 4797 Davidi
875 4733 1267 4817 promissum
1327 4754 1599 4817 regnum
1658 4735 1980 4816 superatis
2024 4735 2232 4798 omni-

273 4825 420 4886 bus
464 4819 946 4902 impedimentis
990 4817 1312 4898 daturum,
1367 4827 1435 4883 et
1478 4819 1627 4885 licet
1669 4839 1710 4883 a
1750 4840 1821 4883 se
1864 4818 2084 4884 David
2127 4819 2229 4883 in-

271 4907 723 4981 terficeretur,
792 4904 1008 4969 Deum
1056 4913 1272 4971 tamen
1318 4903 1738 4970 nihilominus
1781 4905 1915 4970 suis
1959 4905 2232 4971 decretis

263 4994 475 5057 viam
521 4991 1008 5074 patefacturum,
1067 5011 1381 5074 suamque
1425 4992 1782 5075 potentiam
1825 4988 2231 5055 demonstra-

267 5098 543 5143 turum.
631 5076 763 5141 Sed
823 5077 891 5141 in
955 5075 1151 5141 Saule
1208 5077 1625 5159 conspicuum
1684 5085 1782 5141 est
1825 5096 1950 5158 quo
1995 5076 2231 5154 furore,

265 5176 355 5229 et
410 5183 536 5246 qua
575 5163 838 5226 vesania
881 5160 1196 5227 increduli
1254 5161 1566 5228 adversus
1621 5162 1837 5245 ipsum
1871 5161 2087 5226 Deum
2135 5163 2230 5226 in-

263 5255 598 5333 surgant,
680 5260 754 5311 ut
831 5268 1098 5331 prorsus
1164 5248 1436 5313 rationis
1500 5259 1799 5332 expertes
1866 5247 2247 5317 videantur..

1655 350 1751 416 IN
1794 349 1848 415 1.
1897 347 2075 414 LIB.
2122 344 2525 413 SAMUEL.
2570 345 2768 412 OAP.
2812 346 2971 413 XX.

4121 347 4257 413 378

2326 532 2466 599 Nae
2510 534 2568 599 si
2611 534 2755 617 quis
2799 542 3070 616 quaerat
3114 557 3195 600 ex
3241 535 3419 620 ipsis,
3463 545 3811 620 sperentne
3853 556 3923 601 se
3946 534 4258 602 adversus

2325 618 2539 684 Deum
2624 620 3059 702 insurgentes,
3135 641 3272 686 rem
3341 620 3420 685 ad
3498 623 3746 688 exitum
3814 621 4257 704 perducturos,

2321 712 2574 770 certum
2621 715 2719 770 est
2763 705 2908 770 illos
2953 725 3024 770 re
3067 704 3240 789 apud
3277 726 3347 772 se
3384 706 3763 793 diligentius
3798 717 4071 791 pensata
4107 707 4259 773 hor·

2323 810 2470 855 rore
2527 791 2835 855 attonitos
2878 792 3374 873 expavefactum
3422 794 3521 871 iri,
3588 794 3645 860 si
3689 794 3754 859 in
3803 794 4258 878 cogitationem

2322 875 2481 958 ipsis
2527 875 2651 941 Dei
2697 877 3004 940 maiestas
3048 887 3116 942 et
3159 878 3451 961 potentia
3498 879 3812 944 venerint.
3901 879 3993 945 At
4028 879 4258 943 nibilo-

2325 963 2542 1026 minus
2587 960 2761 1045 quod
2806 960 3078 1026 horrent
3122 962 3384 1043 faciunt,
3432 986 3666 1048 nempe
3710 964 3879 1046 quod
3917 965 4052 1029 sint
4085 965 4260 1031 fana·

2327 1047 2433 1112 tici
2493 1046 2790 1112 homines
2836 1054 2900 1111 et
2943 1047 3260 1113 adversus
3304 1070 3496 1132 quem
3542 1051 3911 1136 insurgant,
3977 1072 4107 1116 non
4150 1071 4258 1115 co-

2328 1133 2550 1213 gitent,
2623 1152 2835 1215 neque
2893 1133 2960 1196 in
3005 1141 3288 1199 mentem
3337 1134 3464 1200 illis
3511 1136 3636 1201 Dei
3681 1137 4005 1219 potentiae
4050 1138 4258 1201 consi·

2328 1216 2575 1283 deratio
2640 1219 2874 1282 veniat.
2963 1219 3140 1283 Hinc
3197 1219 3304 1283 ille
3362 1220 3561 1299 furor,
3621 1243 3747 1304 quo
3806 1221 4117 1289 adversus
4160 1222 4261 1303 ip-

2327 1324 2471 1368 sum
2535 1303 2748 1368 Deum
2809 1303 3025 1368 efferri
3084 1325 3212 1369 non
3293 1315 3626 1372 verentur.
3718 1307 3821 1371 Ita
3882 1306 4039 1374 Saul
4101 1308 4259 1373 furi-

2329 1388 2588 1454 bundus
2623 1389 2828 1453 solam
2869 1387 3141 1454 Davidis
3178 1400 3456 1456 mortem
3489 1393 3753 1478 cogitat,
3796 1402 3862 1458 et
3896 1393 4084 1459 modo
4121 1413 4260 1459 rem

2327 1475 2676 1557 perfecerit
2720 1475 2935 1539 fausta
2970 1474 3095 1540 sibi
3132 1477 3354 1541 omnia
3390 1476 3748 1562 pollicetur.
3837 1478 4042 1563 Atqui
4077 1480 4262 1545 Deus

2328 1559 2512 1625 illum
2574 1568 2999 1643 regnaturum
3058 1561 3188 1625 iam
3250 1570 3404 1627 ante
3446 1564 3878 1646 praedixerat.
3968 1566 4100 1630 Sed
4149 1567 4264 1631 ali-

2327 1645 2497 1729 quod
2544 1644 2720 1710 aliud
2769 1643 2956 1711 Sauli
3003 1645 3318 1712 debuerat
3362 1651 3555 1713 etiam
3595 1650 3660 1714 in
3700 1662 3980 1714 mentem
4022 1653 4264 1728 venire,

2328 1751 2584 1814 nempe,
2631 1731 2970 1795 hominum
3018 1732 3223 1796 vitam
3268 1734 3335 1797 in
3383 1733 3507 1798 Dei
3554 1757 3753 1801 manu
3789 1756 3930 1802 esse
3966 1738 4262 1819 positam.

2327 1816 2497 1882 Nam
2542 1817 2666 1881 etsi
2710 1817 2995 1882 latrones
3037 1838 3228 1900 saepe
3274 1819 3500 1884 multis
3541 1822 3748 1886 vitam
3784 1822 4086 1904 eripiunt,
4131 1844 4263 1888 non

2328 1911 2548 1967 tamen
2614 1904 2681 1965 in
2727 1902 3016 1985 ipsorum
3063 1903 3332 1969 arbitrio
3376 1914 3441 1968 et
3486 1905 3820 1973 voluntate
3864 1909 4003 1972 vita
4048 1920 4271 1975 nostra

2326 1988 2540 2072 posita
2604 1996 2738 2051 est:
2799 1988 2911 2054 sed
2973 1997 3225 2053 tantum
3289 1990 3456 2073 quod
3505 1989 3722 2057 Deum
3771 1993 4090 2074 permittit
4130 1996 4269 2060 effi·

2326 2074 2530 2138 ciunt.
2620 2071 2752 2152 Qui
2790 2092 2947 2158 ergo
2983 2095 3103 2139 nos
3137 2075 3207 2137 in
3245 2074 3367 2141 hoc
3403 2077 3646 2143 mundo
3681 2078 4020 2145 collocavit
4055 2090 4270 2163 potes·

2328 2167 2526 2225 tatem
2590 2179 2670 2222 ex
2731 2157 2958 2223 eodem
3015 2180 3137 2224 nos
3195 2161 3547 2227 revocandi
3591 2184 3793 2246 quum
3838 2162 4104 2229 libuerit
4147 2168 4267 2232 sibi

2327 2243 2712 2309 reservavit.
2803 2242 3346 2329 Quandoquidem
3403 2268 3558 2333 ergo
3601 2251 3738 2314 vita
3782 2259 4009 2315 nostra
4052 2259 4154 2316 est
4197 2252 4265 2318 in

2329 2330 2452 2395 Dei
2515 2329 2722 2394 tutela
2777 2340 2842 2393 et
2898 2332 3279 2414 patrocini0,
3342 2334 3660 2416 quomodo
3720 2333 3883 2402 Saul
3942 2336 4264 2402 Davidem

2329 2413 2410 2480 ad
2455 2426 2731 2480 mortem
2776 2416 3304 2502 persequebatur,
3349 2419 3458 2502 qui
3507 2440 3632 2484 non
3672 2422 4014 2504 ignorabat
4051 2423 4264 2488 Deum

2328 2521 2460 2566 non
2520 2501 2798 2566 inultam
2855 2500 3033 2566 illam
3097 2503 3527 2570 temeritatem
3573 2514 3641 2571 et
3683 2509 4123 2593 arrogantiam
4171 2500 4269 2574 re·

2333 2585 2689 2652 licturum?
2780 2584 2915 2651 Sed
2970 2608 3048 2653 ea
3091 2588 3213 2653 fuit
3258 2588 3546 2657 hominis
3603 2591 3876 2658 insania.
3967 2593 4266 2677 Denique

2329 2680 2603 2755 apparet
2660 2671 2961 2737 homines
3017 2673 3152 2740 suis
3211 2675 3623 2758 passionibus
3670 2689 4066 2760 excaecatos,
4132 2702 4266 2744 non
4332 2712 4341 2723 ·

2329 2758 2615 2843 cogitare
2658 2779 2728 2823 se
2771 2757 2987 2822 Deum
3035 2759 3271 2826 babere
3315 2760 3782 2841 adversarium,
3830 2776 3896 2828 et
3934 2766 4268 2849 potentiae

2329 2844 2536 2926 ipsius
2600 2864 2733 2907 non
2799 2845 3209 2911 meminisse:
3274 2847 3385 2911 sed
3453 2852 3760 2931 tanquam
3823 2850 4137 2917 ludicram
4200 2860 4266 2916 et

2331 2932 2591 2995 inanem
2653 2928 2917 2995 ducere:
2984 2949 3058 2996 ac
3116 2932 3239 3013 ipsi
3298 2932 3437 2998 Deo
3495 2934 3797 2999 resistere
3855 2946 4163 3019 tauquam
4209 2938 4265 3002 si

2329 3015 2580 3082 coelum
2642 3022 2709 3081 et
2766 3023 3005 3080 terram
3074 3015 3387 3083 haberent
3430 3018 3497 3083 in
3544 3039 3663 3084 sua
3707 3029 4040 3103 potestate.
4131 3020 4261 3088 Sed

2329 3110 2394 3167 et
2439 3100 2567 3164 alia
2611 3100 2878 3184 insuper
2920 3101 3027 3167 hic
3072 3099 3365 3168 doctriua
3408 3110 3510 3169 est
3553 3104 3976 3187 observanda,
4020 3119 4266 3190 quanta

2328 3187 2532 3270 pestis
2592 3188 2677 3251 sit
2721 3187 2985 3261 invidia,
3045 3195 3110 3252 et
3156 3190 3533 3270 praesertim
3583 3209 3749 3272 quae
3795 3193 4001 3257 fertur
4044 3194 4111 3257 in
4157 3215 4265 3260 eos

2328 3294 2488 3356 quos
2559 3273 2737 3336 Deus
2804 3272 2989 3338 nobis
3054 3294 3354 3357 praeesse
3419 3276 3641 3351 voluit,
3706 3288 3772 3341 et
3825 3278 3893 3342 in
3939 3298 4264 3344 summam

2329 3358 2715 3441 dignitatem
2788 3359 3043 3424 extulit.
3133 3360 3352 3425 Huius
3409 3361 3563 3426 mali
3624 3362 3766 3427 fons
3824 3362 4109 3445 ambitio,
4182 3387 4264 3431 ex

2328 3462 2456 3527 qua
2496 3441 2746 3507 invidia
2793 3446 3115 3524 nascitur;
3174 3455 3241 3509 et
3287 3445 3678 3530 dignitatum
3724 3467 3800 3512 ac
3840 3448 4264 3532 imperiorum

2329 3542 2394 3595 et
2439 3529 2757 3593 honorum
2804 3540 3212 3613 contemptus
3256 3540 3322 3596 et
3362 3532 3643 3597 violatio.
3732 3532 3984 3600 Idcirco
4019 3535 4267 3603 Paulus

2328 3623 2626 3678 mutuam
2673 3616 2841 3679 inter
2876 3635 2998 3680 nos
3034 3617 3441 3682 concordiam
3482 3628 3548 3682 et
3585 3619 4057 3685 fraternitatem
4093 3643 4266 3688 com·

2333 3699 2669 3780 mendane,
2712 3701 2792 3766 ab
2838 3700 2958 3767 hac
3003 3712 3313 3785 tanquam
3358 3703 3676 3769 malorum
3724 3706 4014 3771 omnium
4054 3708 4269 3774 radice

2330 3784 2616 3850 orditur:
2666 3785 2869 3866 Nihil,
2913 3786 3141 3872 inquit,
3186 3789 3347 3854 inter
3386 3809 3493 3854 vos
3532 3789 3652 3871 fiat
3681 3811 3756 3855 ea:
3789 3812 3959 3858 vana
3994 3797 4051 3857 et
4084 3795 4268 3860 inani

2326 3872 2551 3954 ylario.
2640 3870 2911 3937 Oertum
2970 3873 3144 3937 enim
3205 3885 3304 3939 est
3365 3874 3489 3942 hoc
3530 3877 3691 3941 vitio
3736 3877 4024 3960 infectos,
4069 3881 4263 3945 etiam

2330 3955 2578 4021 invidia
2657 3968 2723 4020 et
2790 3957 2999 4024 livore
3068 3958 3490 4038 laboraturos,
3573 3972 3639 4027 et
3705 3962 4072 4048 ubicunque
4137 3966 4263 4031 Dei

2332 4041 2501 4107 dona
2561 4042 2801 4107 fuerint
2848 4044 3197 4127 conspicua
3241 4046 3321 4112 iis
3365 4048 3572 4132 magis
3618 4047 4135 4133 disrumpendos,
4194 4061 4267 4117 et

2334 4128 2460 4193 Dei
2504 4127 2693 4193 donis
2739 4129 3040 4205 urendos,
3085 4131 3320 4213 quibus
3366 4134 3695 4214 proximos
3740 4146 4003 4200 ornatos
4042 4137 4262 4202 intuiti

2330 4214 2594 4279 fuerint.
2676 4213 2842 4279 Inde
2878 4236 3031 4281 vero
3067 4217 3509 4283 contentiones
3544 4220 3698 4284 oriri
3736 4220 3986 4286 Paulus
4022 4220 4260 4298 adiicit,

2332 4310 2396 4363 et
2441 4299 2738 4365 homines
2783 4308 2967 4366 extra
3012 4303 3282 4368 rationis
3326 4305 3638 4371 terminos
3682 4306 3854 4382 ferri,
3900 4306 4098 4370 immo
4133 4328 4265 4371 om-

2332 4405 2480 4449 nem
2524 4383 3001 4451 humanitatem
3049 4407 3308 4455 exuere.
3396 4389 3744 4456 Discamus
3787 4390 4005 4473 itaque
4042 4393 4109 4455 in
4146 4414 4263 4459 sua

2331 4471 2604 4554 quisque
2649 4474 2989 4537 vocatione
3019 4473 3336 4553 incedere,
3382 4477 3787 4542 concordiam
3821 4487 3885 4540 et
3908 4477 4259 4543 amicitiam

2329 4557 2642 4621 foventes.
2731 4557 3133 4624 Damnosam
3212 4559 3629 4627 ambitionem
3699 4561 3919 4644 procul
3982 4584 4021 4626 a
4078 4564 4262 4629 nobis

2333 4643 2729 4721 abiiciamus,
2799 4665 3184 4728 omnemque
3239 4645 3611 4712 dominandi
3670 4646 4110 4730 cupiditatem,
4182 4650 4262 4714 iis

2333 4749 2496 4811 quae
2549 4728 2736 4794 nobis
2789 4728 2972 4795 Deus
3025 4729 3306 4816 largitur
3358 4733 3664 4810 contenti,
3727 4754 3801 4799 ac
3859 4752 4075 4798 coram
4122 4738 4262 4818 ipso

2332 4816 2426 4880 sic
2483 4813 2880 4890 deiiciamur,
2942 4824 3014 4879 ut
3071 4838 3215 4883 cum
3274 4819 3451 4882 omni
3512 4819 3742 4883 timore
3785 4828 3852 4883 et
3895 4819 4262 4887 bumilitate

2331 4901 2453 4984 ipsi
2494 4921 2654 4983 pure
2689 4908 2757 4964 et
2792 4901 3043 4967 sincere
3077 4904 3462 4979 serviamus,
3509 4904 4084 4988 proximorumque
4119 4928 4263 4972 nos-

2334 4998 2582 5055 trorum
2658 4987 3013 5052 commodis
3090 4988 3486 5054 studeamus.
3576 4989 3719 5055 Hoc
3799 4991 3852 5056 si
3917 4991 4153 5056 factum
4224 5013 4262 5056 a

2334 5074 2517 5140 nobis
2583 5071 2726 5151 erit,
2793 5083 2929 5137 tum
2998 5071 3125 5137 Dei
3191 5073 3361 5139 dona
3424 5089 3491 5140 et
3532 5077 3776 5161 gratias
3821 5076 3885 5140 in
3933 5078 4262 5160 proximos

2335 5159 2603 5227 collatas
2668 5160 2759 5224 sic
2824 5158 3210 5224 mirabimur
3266 5169 3337 5225 ut
3396 5160 3623 5226 iisdem
3682 5162 4015 5241 laetemur,
4082 5174 4149 5229 et
4191 5164 4258 5229 in

2338 5245 2833 5330 quibuscunque
2910 5245 3175 5310 fuerunt
3251 5248 3477 5328 quanti
3557 5269 3674 5330 par
3751 5256 3853 5313 est
3930 5248 4264 5315 faciamus.
