5059 6059
298 329 411 398 357

292 518 667 603 patefacere.
756 519 1054 603 Namque
1113 520 1293 587 Deus
1347 517 1646 586 homines
1701 518 1840 585 suis
1895 517 2225 585 beneficiis

292 617 635 670 exornatos
678 606 788 689 qui
829 606 1141 688 qualesve
1182 604 1320 671 sint
1361 605 1693 688 explorat:
1741 615 1935 689 atque
1978 605 2223 689 ingrati

293 691 490 756 animi
590 693 929 757 convictos
1014 693 1374 776 ignominia
1456 703 1525 757 et
1608 690 1920 759 dedecore
2005 690 2223 757 afficit.

292 775 541 859 Nempe
600 776 727 842 Dei
788 776 1101 844 beneficia
1156 778 1293 843 suis
1346 776 1530 844 vitiis
1585 776 1920 843 foedantes
1974 777 2224 862 gravis-

292 864 487 928 simas
545 883 787 946 poenas
841 874 1194 943 merentur,
1252 874 1319 929 et
1374 864 1445 928 in
1500 883 1643 929 sese
1685 863 2004 939 derivant.
2052 861 2223 945 quod

296 950 504 1014 Deum
555 949 755 1013 veluti
802 947 1081 1015 ludibrio
1126 950 1440 1016 habentes
1483 949 1666 1034 digni
1710 950 1843 1015 sint
1885 969 2049 1032 quos
2084 950 2225 1031 ipse

294 1035 577 1100 vicissim
625 1034 908 1101 abiectos
952 1057 1172 1101 rerum
1215 1036 1507 1101 omnium
1543 1045 1908 1102 creatarum
1945 1033 2226 1099 ludibrio

293 1130 597 1204 exponat.
684 1121 791 1185 En
826 1122 970 1203 quis
1004 1122 1276 1188 istorum
1316 1122 1661 1188 verborum
1698 1141 1946 1198 sensus,
1992 1120 2228 1203 quibus

294 1209 385 1271 ait
438 1205 792 1283 Dominus,
851 1227 924 1272 se
981 1208 1321 1291 loquutum
1376 1229 1519 1274 esse
1563 1206 1782 1273 domui
1824 1205 2109 1272 Aaronis
2151 1213 2231 1270 ut

292 1292 359 1357 in
426 1301 778 1375 conspectu
822 1312 941 1358 suo
984 1295 1390 1361 ministraret
1431 1294 1501 1359 in
1545 1293 2046 1377 sempiternum:
2114 1290 2229 1356 sed

293 1377 422 1443 iam
484 1377 710 1444 abesse
772 1378 999 1461 procul
1057 1400 1126 1445 se
1182 1380 1262 1446 ab
1318 1380 1441 1446 hac
1497 1379 1855 1445 sententia:
1912 1378 2026 1445 sed
2086 1378 2232 1460 qui-

294 1484 552 1547 cunque
630 1485 700 1530 se
785 1464 1329 1544 honorificaverit,
1407 1464 1688 1531 eundem
1753 1485 1791 1530 a
1849 1485 1920 1530 se
1984 1463 2230 1547 glorifi-

294 1563 513 1616 catum
578 1550 695 1615 iri:
764 1558 832 1614 et
886 1561 1115 1616 contra
1171 1553 1280 1634 qui
1338 1552 1821 1634 contempserit,
1876 1549 2230 1633 ignobilem

294 1636 610 1701 futurum.
701 1635 1000 1719 Namque
1062 1638 1244 1704 Deus
1307 1637 1553 1703 indicat
1613 1657 1689 1702 ea
1745 1635 1889 1720 lege
1931 1655 2003 1701 se
2046 1634 2234 1701 fami·

294 1722 451 1788 liam
510 1722 793 1787 Aaronis
850 1723 1236 1794 sacerdotali
1297 1724 1543 1789 honore
1602 1721 1962 1806 dignatum,
2021 1728 2098 1786 ut
2138 1720 2234 1786 of-

297 1810 444 1875 ficio
505 1808 906 1891 fungeretur,
972 1818 1170 1893 atque
1215 1805 1339 1875 Dei
1384 1807 1636 1875 cultum
1681 1808 1983 1891 religiose
2027 1806 2235 1872 admi-

297 1895 631 1960 nistraret.
722 1891 976 1974 Quibus
1019 1906 1087 1961 et
1126 1894 1320 1961 hodie
1364 1893 1579 1960 verbis
1623 1893 1998 1976 compellari
2031 1892 2238 1959 scien-

218 2037 227 2045 .
298 1980 455 2046 dum
501 1991 598 2046 est
644 2000 757 2046 eos
801 1980 916 2062 qui
959 1983 1030 2044 in
1077 1981 1350 2048 ecclesia
1393 1981 1637 2063 primas
1677 1979 1865 2046 sedes
1899 1985 2237 2062 occupant,

297 2086 533 2149 nempe
575 2065 670 2132 sio
710 2085 751 2129 a
795 2066 1078 2131 Domino
1122 2076 1386 2133 vocatos
1428 2065 1507 2130 ad
1554 2076 1803 2131 tantam
1849 2063 2233 2149 dignitatem

296 2163 372 2302 gt
432 2151 753 2218 vocationi
812 2152 986 2217 vitae
1044 2155 1334 2236 ipsorum
1373 2153 1682 2219 continua
1723 2151 1924 2218 series
1968 2170 2237 2233 respon·

344 2247 470 2304 eat.

296 2324 731 2402 satisfaciunt,
769 2321 895 2388 nisi
928 2324 1109 2390 vitae
1142 2345 1526 2408 morumque
1565 2323 1855 2406 probitas
1875 2321 2237 2400 accesserit,

298 2429 432 2494 qua
473 2407 794 2491 proximis
841 2408 1008 2475 bono
1051 2410 1352 2493 exemplo
1394 2418 1725 2493 praeeant,
1785 2416 1853 2474 et
1897 2409 2073 2474 vitae
2116 2427 2237 2490 pu·

298 2497 495 2560 ritate
552 2505 619 2559 et
673 2495 1053 2579 integritate
1106 2497 1381 2562 verbum
1423 2494 1593 2579 quod
1636 2494 2034 2560 annuntiant
2062 2512 2239 2558 com·

295 2579 643 2646 mendant:
711 2589 905 2663 atque
960 2601 1375 2666 summopere
1417 2589 1713 2659 caveant,
1759 2601 1840 2645 ne
1883 2600 2006 2644 sua
2047 2578 2240 2661 culpa

295 2665 470 2750 apud
516 2665 846 2733 auditores
887 2667 1053 2733 illud
1098 2667 1385 2734 vilescat.
1475 2664 1610 2734 Sed
1657 2667 2040 2750 plerumque
2074 2663 2239 2730 alios

293 2750 670 2828 ambitione,
723 2750 884 2818 alios
940 2772 1140 2837 opum
1197 2752 1555 2837 cupiditate
1611 2764 1679 2818 et
1721 2751 2020 2831 avaritia,
2076 2749 2240 2815 alios

292 2838 662 2922 petulantia
707 2846 776 2904 et
817 2838 901 2903 ad
945 2839 1217 2923 quaevis
1257 2840 1507 2924 flagitia
1552 2839 1981 2921 proclivitate,
2028 2843 2240 2902 trans-

294 2944 522 2989 versos
603 2923 706 3007 agi
795 2922 1057 3002 videas,
1122 2925 1380 3008 Deique
1465 2924 1781 2990 beneficia
1843 2922 2237 3006 proculcare.

293 3008 478 3092 Quid
540 3009 647 3075 hic
702 3009 915 3094 igitur
970 3031 1132 3094 opus
1189 3012 1361 3076 facto
1419 3010 1563 3076 est?
1628 3010 1880 3093 Nempe
1923 3008 2006 3073 ad
2045 3028 2239 3074 usum

290 3105 397 3162 est
454 3093 758 3160 divinum
812 3096 987 3161 istud
1044 3096 1291 3164 dictum
1351 3095 1809 3173 revocandum,
1870 3105 1943 3160 ut
2000 3095 2112 3177 qui
2158 3091 2242 3157 ad

293 3180 575 3247 verbum
619 3181 1129 3264 praedicandum
1175 3183 1359 3248 missi
1402 3189 1575 3259 sunt,
1634 3183 1688 3248 si
1731 3201 1847 3264 pro
1894 3180 2075 3245 verbi
2120 3199 2242 3262 pu·

292 3268 495 3332 ritate
552 3275 619 3332 et
676 3267 845 3332 bono
901 3268 1201 3352 exemplo
1263 3268 1564 3351 vitaeque
1620 3266 2057 3334 sanctimonia
2098 3285 2243 3331 sese

290 3351 665 3435 impuritati
726 3364 795 3418 et
850 3354 1209 3438 flagitiosae
1267 3354 1444 3419 vitae
1502 3353 1902 3437 permittant,
1970 3373 2011 3417 a
2054 3350 2244 3416 nobis

290 3451 610 3521 tanquam
648 3437 878 3521 putida
911 3440 1220 3516 membra,
1263 3440 1397 3505 imo
1431 3448 1742 3522 tanquam
1769 3438 1893 3504 Dei
1915 3457 2245 3520 sanaeque

292 3523 640 3590 doctrinae
682 3523 903 3591 hostes
926 3526 1311 3592 habeantur.
1396 3525 1577 3591 Hinc
1599 3525 1798 3590 etiam
1819 3524 2243 3607 conspicuum

288 3621 414 3689 est,
460 3629 657 3692 quam
703 3610 942 3676 stolida
983 3632 1190 3693 papae
1230 3612 1557 3694 totiusque
1595 3610 1773 3677 illius
1808 3609 2062 3675 romani
2085 3608 2245 3674 cleri

285 3697 382 3762 sit
442 3694 749 3773 ambitio;
805 3697 914 3780 qui
973 3696 1095 3762 sibi
1148 3696 1545 3781 persuadent
1601 3719 1672 3762 se
1713 3696 1992 3761 inillam
2029 3694 2244 3779 digni·

292 3792 503 3847 tatem
549 3783 643 3846 ita
688 3793 947 3849 evectos
985 3783 1191 3849 veluti
1226 3803 1564 3866 nunquam
1601 3803 1683 3848 ex
1719 3803 1797 3848 ea
1833 3781 2243 3848 deiiciendos.

290 3865 416 3934 Sic
498 3887 784 3950 namque
868 3867 1094 3942 videas
1175 3869 1281 3935 his
1360 3868 1763 3952 temporibus
1828 3866 2243 3947 tyrannidem

293 3952 485 4018 illam
551 3953 959 4036 papisticam,
1023 3954 1178 4023 licet
1240 3954 1432 4021 toties
1494 3954 1884 4030 convictam,
1949 3952 2033 4019 ab
2100 3952 2247 4036 ipsa

294 4059 532 4104 veram
576 4038 946 4105 doctrinam
991 4039 1418 4124 depravatam
1459 4040 1659 4106 fuisse
1702 4048 1771 4105 et
1812 4059 1930 4124 pro
1973 4057 2136 4105 sana
2178 4044 2248 4103 et

293 4126 569 4208 integra
626 4124 1011 4191 diabolicam
1066 4129 1414 4204 invectam,
1473 4148 1548 4192 ac
1594 4127 1791 4192 meris
1835 4125 2246 4191 illusionibus

292 4211 617 4277 miseram
660 4210 1062 4293 plebeculam
1106 4215 1188 4279 ab
1231 4211 1348 4278 illa
1389 4211 1616 4296 decipi,
1664 4233 1893 4277 verum
1940 4212 2063 4276 Dei
2108 4209 2245 4277 cul·

294 4309 450 4362 tum
513 4296 945 4379 depravatum
1002 4320 1146 4366 esse
1203 4312 1273 4365 et
1328 4298 1397 4362 in
1441 4297 1902 4363 idolomaniam
1948 4316 2024 4363 ac
2058 4318 2247 4362 men·

293 4382 567 4449 dacium
629 4382 1183 4465 transformatum,
1242 4392 1308 4449 et
1362 4403 1617 4450 veneno
1659 4383 2005 4449 infectum:
2064 4381 2246 4448 deni·

292 4489 436 4552 que
484 4466 747 4534 sublata
795 4468 925 4537 illis
958 4471 1148 4536 larva
1180 4468 1312 4548 illa,
1354 4490 1551 4553 quam
1585 4469 1914 4535 immerito
1947 4470 2250 4535 iactitant

291 4552 655 4621 sacerdotii
714 4562 782 4618 et
821 4556 1238 4639 apostolatus,
1298 4564 1375 4621 ut
1416 4554 1628 4621 omnis
1671 4555 1804 4621 illis
1846 4555 2247 4639 exceptionis

290 4640 561 4708 occasio
644 4639 1120 4725 praecludatur,
1198 4640 1625 4707 nihilominus
1656 4701 1661 4706 ,
1688 4650 1912 4706 tamen
1979 4640 2061 4705 ad
2126 4640 2250 4705 hoc

293 4725 566 4810 asylum
612 4725 983 4810 confugere,
1027 4728 1146 4794 sibi
1185 4748 1314 4794 non
1351 4747 1541 4811 posse
1573 4727 1738 4810 eripi
1775 4726 2245 4793 successionem

1646 329 1747 395 IN
1786 329 1840 396 1.
1888 329 2069 396 LIB.
2116 326 2519 397 SAMUEL.
2567 326 2766 394 OAP.
2815 329 2907 395 11.

4138 322 4267 391 358

2323 518 2643 586 ordinatis
2708 518 3100 604 pastoribus,
3165 540 3327 604 quos
3387 518 3513 586 etsi
3578 517 3792 584 audiri
3856 517 4068 599 iussit,
4136 535 4272 580 non

2321 604 2467 670 ideo
2515 614 2737 671 tamen
2782 606 2863 671 de
2905 627 3029 672 sua
3069 606 3411 672 maiestate
3454 603 3810 689 quidquam
3856 602 4111 672 detrahi
4158 598 4276 666 vel

2322 691 2626 757 imminui
2691 692 2921 768 voluit,
2990 692 3074 757 ad
3142 694 3315 775 ipsos
3374 690 3922 760 transferendum.
4012 696 4265 762 Morta·

2325 776 2506 841 lesnc
2563 797 2723 843 vero
2784 779 3270 856 homunciones,
3327 777 3568 844 misera
3624 779 3841 860 potius
3896 787 3961 845 et
4005 782 4268 863 putrida

2325 862 2666 941 cadavera,
2712 884 2790 929 eo
2833 863 3138 929 devenire
3180 863 3477 929 insaniae
3521 865 3825 947 potuisse,
3871 875 3948 931 ut
3982 889 4100 952 pro
4122 868 4267 935 Deo

2325 968 2396 1013 se
2439 948 2652 1014 audiri
2696 959 2763 1015 et
2795 950 2920 1016 coli
2956 949 3211 1016 velint?
3255 948 3400 1015 Imo
3436 950 3653 1035 potius
3687 950 3769 1015 ad
3805 952 4021 1019 Deum
4058 976 4266 1022 unum

2326 1032 2742 1102 adducendos
2796 1035 3136 1101 hominum
3182 1036 3548 1101 ministerio
3583 1037 3885 1119 sciamus,
3945 1042 4100 1105 etin
4124 1041 4269 1127 ipso

2329 1120 2745 1205 colligendos,
2833 1131 2909 1187 ut
2991 1121 3317 1186 Dominus
3394 1132 3616 1188 noster
3692 1123 3881 1190 Iesus
3962 1125 4267 1196 Christus

2329 1227 2626 1272 summus
2665 1215 2884 1290 pastor
2929 1215 2994 1274 et
3035 1208 3373 1292 propheta,
3420 1208 3680 1292 qualem
3725 1231 3875 1275 eum
3920 1211 4105 1279 Deus
4147 1233 4267 1298 pa·

2331 1299 2434 1357 ter
2490 1294 2846 1372 constituit,
2913 1293 3208 1360 adhibito
3265 1292 3521 1360 solenni
3579 1295 3998 1363 iureiurando
4042 1317 4270 1383 perpe·
4379 1291 4386 1298 ’

2333 1379 2607 1460 tuitatis,
2641 1388 3033 1464 agnoscatur
3067 1389 3133 1445 et
3166 1378 3438 1447 colatur.
3526 1378 3713 1461 Quae
3747 1401 3948 1465 quum
3984 1384 4077 1449 ita
4113 1386 4267 1463 sint,

2332 1466 2555 1548 ecquis
2629 1468 2952 1549 patienter
3010 1466 3177 1530 ferat
3232 1464 3671 1549 praelatorum
3731 1468 3955 1535 titulos
4014 1479 4084 1535 et
4139 1472 4268 1537 alia

2332 1549 2621 1634 insignia
2677 1553 2946 1618 nomina
2997 1571 3157 1652 prae
3197 1572 3269 1618 se
3313 1552 3614 1629 ferentes,
3682 1562 3795 1618 aut
3838 1553 3985 1621 aliis
4038 1557 4272 1642 imagi-

2333 1636 2538 1702 nariis
2593 1637 3066 1722 praerogativis
3125 1636 3507 1721 gaudentes,
3562 1637 3814 1705 interea
3872 1652 4092 1708 tamen
4152 1645 4271 1708 im·

2336 1723 2475 1805 pios
2520 1722 2835 1801 homines,
2879 1731 3359 1806 contemptores
3393 1720 3655 1789 divinae
3698 1725 4076 1807 maiestatis,
4120 1748 4270 1812 pro·

2337 1808 2543 1891 fanos,
2595 1816 2663 1873 et
2707 1810 2920 1875 omnis
2966 1808 3214 1875 ordinis
3258 1808 3477 1874 hostes
3520 1809 3918 1891 manifestos,
3970 1821 4107 1879 tam
4151 1834 4270 1880 au-

2337 1894 2560 1959 dacter
2592 1904 2661 1959 et
2701 1894 3138 1978 impudenter,
3180 1895 3468 1978 specioso
3511 1894 3704 1960 titulo
3750 1895 4108 1982 dignitatis,
4151 1901 4270 1964 im·

2338 1979 2562 2063 pedire
2605 1981 2951 2063 quominus
2985 1981 3169 2046 Deus
3205 1981 3330 2046 rite
3365 1980 3645 2046 colatur:
3693 1993 3889 2066 atque
3923 1984 3993 2048 in
4029 1986 4284 2052 animas

2340 2065 2762 2149 tyrannidem
2797 2086 3120 2142 exercere,
3166 2066 3238 2131 in
3274 2086 3437 2150 quas
3479 2086 3650 2132 unus
3685 2065 3994 2136 Christus
4028 2071 4280 2156 regiam

2339 2151 2614 2235 adeptus
2669 2164 2771 2217 est
2829 2161 3238 2235 potestatem,
3297 2161 3366 2217 et
3422 2171 3641 2218 coram
3697 2173 3825 2237 quo
3870 2175 4042 2239 genu
4088 2176 4289 2224 omne

559 2237 791 2320 Neque
852 2239 1027 2303 enim
1088 2239 1271 2305 verbi
1318 2238 1801 2322 praedicatione
1843 2236 1984 2303 sola
2025 2235 2237 2301 officio
2336 2238 2638 2303 flectatur
2690 2237 2989 2321 oportet?
3045 2237 3231 2319 Quis,
3275 2237 3563 2321 inquam,
3622 2246 3690 2304 et
3732 2240 3945 2322 qualis
3985 2242 4112 2308 iste
4153 2254 4288 2310 stu·

2341 2343 2461 2406 por
2504 2331 2623 2403 cst,
2668 2323 2749 2388 de
2793 2323 3098 2407 praelatis
3144 2323 3541 2408 praedicare,
3603 2333 3860 2391 tantum
3905 2326 4037 2393 illis
4079 2328 4287 2394 hono-

2351 2430 2513 2486 rem,
2582 2417 2965 2493 tantamque
3018 2410 3454 2475 reverentiam
3511 2408 3750 2489 deberi,
3825 2419 3901 2476 ut
3953 2434 4145 2479 nemo
4186 2414 4285 2498 ip-

2343 2496 2453 2576 sis,
2508 2493 2663 2561 licet
2706 2504 2921 2561 terrae
2963 2497 3215 2562 coelum
3259 2494 3702 2576 miscentibus,
3746 2496 3988 2563 audeat
4027 2509 4289 2565 contra·

2344 2579 2598 2647 dicere?
2663 2581 2823 2661 Nae,
2880 2582 2935 2647 si
2992 2581 3458 2664 praescriptam
3506 2581 3611 2647 hic
3651 2603 3691 2647 a
3733 2581 4023 2649 Domino
4066 2586 4288 2651 condi·

2345 2667 2590 2733 tionem
2626 2667 3059 2745 observarint,
3103 2668 3286 2731 omni
3322 2667 3707 2751 exceptione
3740 2669 4023 2736 maiores
4058 2681 4285 2736 sunto:

2345 2773 2558 2835 neque
2623 2753 2797 2818 enim
2865 2753 3132 2818 Domini
3195 2754 3474 2818 verbum
3542 2773 3660 2836 pro
3725 2753 3962 2820 fabulis
4004 2756 4288 2825 anilibus

2346 2838 2719 2905 habendum
2788 2838 2975 2904 Deus
3039 2839 3182 2922 ipse
3248 2838 3357 2905 hic
3401 2837 3718 2921 loquitur:
3787 2839 3992 2923 Absit,
4052 2843 4284 2925 inquit.

2346 2923 2569 3005 Quare
2635 2945 2835 3007 quum
2890 2924 3129 2990 misera
3174 2923 3508 3006 plebecula
3552 2924 3867 3008 papistica
3911 2925 4289 2994 dementata

2349 3010 2790 3094 praelatorum
2847 3019 2916 3076 et
2958 3011 3367 3093 superiorum
3411 3010 3844 3075 obedientiam
3889 3011 4156 3091 iactitet,
4226 3024 4291 3078 et

2349 3095 2800 3178 superstitiose
2856 3095 3044 3173 colat,
3108 3116 3184 3161 ea
3226 3096 3640 3179 simplicitate
3684 3095 3816 3180 tegi
3861 3098 4286 3180 pertinaciam

2350 3181 2543 3247 facile
2599 3180 3204 3262 animadvertimus,
3278 3202 3408 3265 qua
3460 3180 3592 3246 Dei
3650 3184 4057 3249 maiestatem
4116 3184 4289 3253 blas-

2347 3267 2583 3351 pheme
2640 3276 2709 3332 et
2765 3267 3238 3334 contumaciter
3282 3266 3571 3344 laedunt,
3631 3277 3700 3332 et
3741 3276 4052 3351 tauquam
4094 3271 4290 3337 bruta

2346 3354 2708 3418 animantia
2764 3354 3107 3436 impetunt.
3198 3351 3377 3435 Quid
3424 3351 3562 3419 ita?
3623 3352 3877 3436 Nempe
3918 3355 4103 3421 Deus
4145 3357 4291 3442 ipse

2348 3447 2623 3505 testatus
2687 3446 2805 3518 est,
2875 3439 2979 3505 his
3037 3439 3290 3505 verbis:
3358 3437 3564 3518 Absit,
3631 3438 3867 3522 inquit,
3933 3446 4004 3506 ut
4043 3443 4158 3523 qui
4194 3461 4292 3508 me

2344 3530 2737 3592 contemnunt
2797 3544 3010 3591 coram
3066 3545 3168 3590 me
3208 3530 3366 3590 stent
3403 3526 3475 3589 in
3502 3525 3946 3606 perpetuum!
3984 3527 4124 3593 Nos
4167 3529 4291 3594 ita-

2345 3632 2470 3695 que
2529 3610 2652 3675 hoc
2713 3610 3011 3695 exemplo
3066 3610 3394 3676 discamus
3451 3609 3681 3694 edocti,
3739 3620 3924 3676 tanto
3965 3614 4283 3680 maiorem

2343 3695 2782 3764 obedientiam
2825 3705 2893 3762 et
2935 3716 3223 3763 amorem
3263 3695 3388 3762 Dei
3427 3717 3467 3761 a
3503 3695 3691 3762 nobis
3726 3698 3992 3780 requiri,
4037 3711 4282 3783 quanto

2346 3783 2434 3849 ibi
2493 3803 2612 3848 nos
2670 3781 3023 3848 maioribus
3081 3782 3272 3848 donis
3332 3781 3646 3847 devinxit.
3738 3780 3871 3848 Sed
3929 3794 3995 3849 et
4038 3785 4286 3868 aliquid

2348 3868 2629 3952 amplius
2678 3868 3073 3948 addendum,
3138 3887 3259 3933 nos
3324 3888 3405 3933 ex
3450 3868 3660 3933 officio
3707 3869 3936 3953 teneri,
3996 3870 4053 3935 si
4097 3870 4287 3936 modo

2347 3954 2720 4019 facultatem
2759 3953 3087 4021 Dominus
3124 3953 3394 4031 dederit,
3437 3953 3932 4037 insurgentibus
3968 3955 4284 4023 adversus

2346 4040 2554 4124 ipsius
2621 4039 3023 4105 maiestatem
3099 4038 3465 4107 istiusmodi
3540 4039 3880 4104 hominum
3950 4043 4283 4121 monstris,

2348 4146 2466 4210 pro
2510 4124 2768 4191 viribus
2811 4128 3131 4202 resistcre,
3178 4145 3256 4190 ac
3298 4123 3622 4191 scandalis
3666 4145 4024 4205 occurrere,
4070 4137 4144 4192 ut
4187 4127 4288 4193 di·

2349 4213 2506 4276 vina
2544 4212 2706 4277 haec
2738 4213 3065 4277 sententia
3100 4213 3310 4277 locum
3336 4212 3659 4277 obtineat:
3697 4211 4028 4296 Ignobiles
4049 4212 4282 4279 faciam

2348 4318 2459 4364 eos
2501 4298 2613 4380 qui
2660 4317 2763 4362 me
2805 4305 3252 4363 contemnunt.

2519 4385 2839 4465 Superest
2875 4393 2950 4447 ut
3015 4383 3280 4467 propius
3348 4383 3579 4448 horum
3623 4383 3971 4450 verborum
4017 4403 4284 4451 sensum

2348 4468 2823 4552 expendamus:
2895 4468 3273 4550 Galerificabo
3336 4488 3434 4535 me
3487 4468 3908 4546 honorantem,
3975 4474 4043 4535 at
4101 4471 4281 4555 Cyno-

2348 4555 2530 4622 bilem
2567 4555 2810 4637 faciam
2850 4575 2946 4621 me
2985 4560 3470 4634 contemnentem,
3516 4575 3686 4638 quae
3727 4555 4056 4640 insignem
4100 4555 4172 4621 in
4215 4575 4286 4622 se

2350 4640 2715 4706 doctrinam
2774 4640 3314 4725 complectuntur.
3401 4641 3575 4706 Nam
3633 4650 3813 4706 certa
3870 4641 4046 4706 vitae
4086 4640 4287 4707 totius

2349 4727 2732 4803 benedictio,
2799 4740 2994 4810 atque
3060 4727 3216 4793 felix
3282 4728 3497 4793 exitus
3563 4745 3603 4791 a
3667 4727 3950 4792 Domino
4005 4726 4286 4809 singulis

294 4810 755 4895 apostolicam,
814 4822 887 4878 et
935 4813 1324 4898 dignitatem
1380 4812 1564 4879 illam
1607 4833 1737 4897 qua
1779 4813 1897 4877 toti
1941 4812 2251 4878 ecclesiae
2351 4812 2554 4877 vitam
2598 4831 2782 4877 suam
2828 4814 2911 4878 ad
2953 4812 3082 4879 Dei
3127 4813 3401 4898 gloriam
3447 4832 3613 4895 pura
3656 4823 3724 4877 et
3763 4812 4025 4895 integra
4067 4823 4288 4878 mente

292 4897 791 4980 praeferuntur.
839 4899 1089 4966 Verum
1133 4901 1306 4966 enim
1353 4919 1508 4965 vero
1550 4897 2080 4981 respondendum
2118 4899 2251 4964 illis
2296 4910 2304 4990 1
2351 4897 2847 4965 instituentibus
2928 4907 3126 4983 atque
3191 4898 3274 4964 ad
3340 4916 3610 4980 scopum
3676 4898 4078 4982 propositum
4135 4907 4283 4963 tan·

293 4993 430 5064 est,
511 4982 685 5066 quod
747 4982 855 5052 hic
909 4985 1049 5069 ipse
1105 4984 1431 5051 Dominus
1487 4985 1848 5068 profitetur,
1929 5004 2064 5050 non
2123 4984 2255 5050 alia

2354 4983 2693 5049 tummodo
2767 4982 3248 5051 collimantibus
3325 4984 3747 5068 promittitur.
3835 4981 4024 5065 Quae
4086 5004 4286 5068 quum

291 5067 687 5136 conditione
748 5070 1105 5137 Dominum
1156 5070 1304 5136 illos
1358 5071 1426 5136 in
1484 5071 1653 5135 hanc
1695 5069 1992 5137 evexisse
2035 5070 2253 5154 digni·
2353 5089 2537 5168 spem
2578 5069 2825 5136 faciant
2866 5071 3074 5138 divini
3131 5070 3375 5136 favoris
3417 5077 3613 5151 atque
3656 5068 4147 5150 benedictionis,
4188 5091 4290 5137 ec·

292 5164 542 5232 tatem,
614 5173 812 5237 quam
880 5177 1015 5239 qua
1069 5155 1382 5222 familiam
1440 5155 1702 5222 Arcnis.
1791 5155 2020 5238 Neque
2073 5156 2252 5222 enim

296 5240 645 5308 Dominus
695 5261 768 5307 se
826 5243 1176 5309 autoritate
1219 5262 1342 5309 sua
1376 5240 1720 5319 abdicavit,
1774 5243 2147 5310 constitutis
2188 5249 2257 5307 et

2354 5176 2502 5239 quis
2561 5175 2690 5220 non
2749 5157 3054 5223 alacriter
3111 5157 3178 5221 in
3224 5156 3350 5221 hoc
3389 5154 3714 5221 curriculo
3757 5154 4079 5233 decurrat,
4138 5175 4294 5241 pro-

2357 5240 2767 5326 positamque
2845 5262 3151 5310 coronam
3230 5240 3485 5323 assequi
3563 5239 3964 5308 contendat?

3791 5342 3895 5399 23·

4061 5241 4302 5327 Neque
