5059 6059
777 320 909 385 443

2361 313 2776 382 HOMILIA
2836 317 3205 383 LXXXII.

4609 315 4703 381 444

947 509 1254 574 Vidimus
1323 509 1630 572 hesterna
1687 509 1998 573 concione
2058 505 2382 572 Davidem
2445 507 2595 573 licet
2659 509 2730 573 in
2837 526 3208 590 pensemus.
3299 503 3478 572 Sane
3536 504 3697 572 haec
3741 504 4015 571 Domini
4077 506 4287 571 nostri
4343 507 4485 573 Iesu
4521 507 4711 577 chriae

775 592 1049 666 summis
1095 593 1586 659 difficultatibus
1628 595 2075 672 constitutum,
2120 613 2191 657 se
2235 593 2478 658 virenti
2524 595 2735 660 olivae

775 700 1202 767 comparasse,
1240 679 1411 763 quod
1440 680 1507 742 in
1535 679 1660 743 Dei
1696 697 1902 744 manu
1931 688 2135 744 esset:
2173 679 2356 761 atqui
2394 678 2737 745 videbatur

821 771 995 835 otius
1039 767 1402 841 exaruisse,
1450 784 1663 847 neque
1705 763 1962 831 radices
2005 763 2177 830 ullas
2220 767 2410 844 vivas
2454 765 2738 848 amplius

826 854 1038 920 abere.
1147 851 1320 916 Nam
1389 870 1593 933 quum
1658 849 1864 934 ipsius
1932 850 2267 916 occasione
2332 852 2737 917 sarcerdotes

773 939 1046 1007 Domini
1105 936 1275 1003 caesi
1333 936 1641 1013 fuissent,
1700 934 2095 1001 videbantur
2148 955 2374 1001 omnes
2418 936 2738 1003 adversus

770 1028 985 1112 ipsum
1008 1021 1439 1089 insurrecturi
1474 1032 1541 1087 et
1574 1021 1722 1086 odio
1756 1022 2162 1100 inflammati,
2200 1021 2439 1086 facturi
2472 1043 2558 1087 ne
2592 1023 2738 1106 quis

772 1112 909 1180 ullo
933 1112 1147 1195 ipsum
1175 1108 1402 1174 favore
1426 1107 1970 1189 complecteretur
2006 1117 2073 1174 et
2094 1106 2455 1173 adiuvaret.
2501 1107 2735 1190 Itaque

773 1197 1118 1264 hominum
1178 1194 1480 1278 opinione
1544 1192 1762 1258 David
1834 1194 2016 1260 velut
2073 1195 2143 1257 in
2211 1192 2734 1275 desperationem

773 1284 1102 1353 coniectus
1136 1278 1516 1346 videbatur:
1556 1278 1669 1343 sed
1705 1279 1896 1345 radix
1932 1280 2143 1364 ipsius
2177 1279 2434 1345 occulta
2468 1278 2732 1356 latebat,

777 1369 951 1455 quod
996 1369 1065 1432 in
1121 1365 1403 1431 Domino
1471 1386 1657 1448 spem
1722 1386 1908 1431 suam
1971 1364 2348 1431 collocabat.
2460 1363 2732 1430 Oertnm

771 1457 949 1522 enim
1015 1463 1116 1520 est
1180 1471 1301 1518 nos
1378 1452 1448 1515 in
1505 1450 1612 1515 his
1677 1453 1872 1516 terris
1953 1451 2304 1530 fluctuare,
2384 1459 2452 1515 et
2505 1451 2733 1515 multis

768 1541 1008 1627 agitari
1054 1535 1584 1620 tempestatibus:
1647 1534 1763 1602 sed
1807 1535 2100 1600 anchora
2151 1548 2379 1601 nostra
2435 1536 2503 1600 in
2551 1535 2732 1602 coelo

770 1629 906 1693 fixa
950 1634 1069 1704 est,
1112 1625 1182 1687 in
1227 1644 1352 1705 quo
1398 1642 1517 1688 nos
1561 1630 1818 1704 oportet
1863 1621 2150 1687 fundari.
2238 1621 2570 1705 Deinceps
2614 1643 2731 1687 au·

774 1712 1029 1778 diemus
1072 1707 1396 1793 quomodo
1441 1709 1624 1774 Deus
1667 1707 1915 1772 Davidi
1938 1758 1954 1785 ,
2011 1708 2165 1773 licet
2207 1707 2349 1773 eius
2392 1708 2732 1774 occasione

771 1797 981 1874 caesis
1045 1792 1524 1871 sacerdotibus,
1593 1793 1972 1878 providerit.
2059 1792 2233 1859 Nam
2290 1795 2605 1878 profugus
2648 1793 2729 1859 ad

771 1904 924 1951 eum
969 1880 1326 1958 Abiathar,
1375 1878 1667 1944 medium
1709 1879 1945 1945 salutis
1987 1879 2085 1944 illi
2129 1879 2373 1963 attulit,
2416 1880 2733 1944 nimirum

770 1967 987 2054 ephod
1029 1965 1431 2033 sacerdotale
1449 2015 1464 2042 ,
1510 1974 1586 2030 ut
1629 1964 1939 2050 deinceps
1983 1964 2436 2030 declarabitur.
2524 1965 2733 2031 Porro

768 2054 879 2122 hic
899 2056 972 2119 in
992 2053 1225 2137 primis
1240 2052 1521 2118 occurrit
1536 2049 1811 2116 historia
1833 2050 2132 2136 insignis,
2159 2071 2243 2116 ex
2259 2071 2388 2133 qua
2405 2051 2733 2116 Davidem

774 2152 1048 2225 apparet
1111 2158 1446 2221 nunquam
1513 2137 1716 2202 fuisse
1761 2135 2189 2221 defatigatum
2248 2135 2734 2214 benefaciendo,

772 2227 926 2293 licet
990 2226 1071 2290 ab
1130 2221 1507 2288 hominibus
1574 2223 1982 2289 occasionem
2029 2242 2160 2288 non
2206 2221 2397 2288 modo
2444 2243 2573 2287 non
2620 2221 2733 2286 ha-

773 2311 992 2391 beret,
1052 2310 1163 2377 sed
1226 2330 1376 2376 eum
1420 2309 1638 2392 potius
1682 2307 2204 2379 malitia.Saulis
2249 2310 2329 2373 ab
2375 2309 2588 2375 officio
2634 2307 2733 2373 di-

772 2405 1086 2464 moveret.
1154 2393 1325 2460 Nam
1367 2395 1504 2460 fere
1547 2393 1645 2475 fit,
1692 2405 1768 2459 ut
1808 2395 1864 2460 si
1899 2394 2045 2477 quis
2088 2393 2385 2477 publicae
2428 2394 2732 2460 utilitatis

774 2481 1110 2551 studiosus
1165 2480 1363 2546 fuerit
1412 2501 1531 2564 pro
1595 2500 1718 2545 sua
1775 2479 1985 2557 virili,
2040 2490 2107 2544 et
2166 2489 2392 2546 tamen
2436 2481 2734 2545 molestia

774 2568 903 2653 ipsi
967 2567 1391 2647 exhibeatur,
1488 2574 1558 2631 et
1618 2586 1735 2650 pro
1798 2565 2130 2632 laboribus
2195 2586 2359 2649 quos
2419 2565 2736 2632 sustinuit

776 2653 1053 2738 accipiat
1088 2651 1581 2735 detrimentum,
1627 2662 1692 2716 ct
1734 2662 1933 2735 caput
1966 2652 2174 2734 ipsius
2217 2662 2589 2735 quaeratur,
2634 2650 2735 2715 in·

776 2740 1087 2826 dignatus
1143 2736 1312 2802 nolit
1391 2736 1675 2822 amplius
1737 2747 1875 2802 tam
1954 2737 1967 2751 '
2144 2737 2229 2803 tis
2294 2745 2363 2802 et
2425 2738 2735 2821 malignis

776 2824 1158 2893 hominibus
1239 2842 1508 2908 operam
1585 2842 1772 2889 suam
1836 2823 2071 2890 locare.
2160 2821 2442 2889 Davidis
2506 2823 2734 2889 eadem

778 2911 1133 2980 videbatur
1175 2908 1481 2975 conditio.
1569 2908 1739 2975 Nam
1796 2909 2059 2993 saepius
2116 2910 2325 2992 ipsam
2366 2909 2578 2974 vitam
2619 2930 2736 2975 ex-

645 2995 656 3008 ‘
773 2997 1071 3083 posuisse
1121 2993 1432 3078 periculis
1479 3015 1599 3078 pro
1645 2995 1897 3078 patriae
1932 2993 2306 3061 defensione
2351 2991 2636 3060 vidimus
2670 3004 2737 3061 et

713 3109 722 3120 ·
774 3079 1229 3149 memorabiles
1273 3081 1584 3147 victorias
1627 3080 2016 3157 obtinuisse,
2074 3090 2153 3145 ut
2196 3089 2409 3145 totum
2453 3101 2735 3165 regnum

771 3168 902 3253 ipsi
943 3167 1173 3233 multis
1218 3166 1594 3233 nominibus
1637 3164 2021 3232 devinctum
2062 3167 2283 3248 fuerit,
2323 3175 2392 3230 et
2432 3166 2734 3232 nomina-

775 3255 900 3321 tim
956 3251 1126 3338 quod
1168 3252 1372 3352 ipsius
1430 3272 1468 3318 o
1517 3271 1629 3316 era
1684 3250 2006 3318 debellato
2052 3252 2321 3337 gigante
2363 3272 2555 3318 suum
2602 3262 2735 3318 sta·

776 3347 922 3406 tum
978 3340 1379 3406 retinuisset.
1436 3417 1442 3422 .
1553 3335 1706 3403 avid
1763 3337 1966 3422 igitur
2008 3358 2210 3421 quum
2257 3358 2329 3404 se
2373 3348 2508 3403 tam
2551 3338 2735 3404 forti·

775 3431 882 3492 ter
946 3424 1286 3510 gessisset,
1351 3432 1430 3488 ut
1483 3423 1553 3488 in
1619 3443 1697 3487 eo
1753 3422 2107 3489 desiderari
2152 3422 2319 3488 nihil
2362 3431 2613 3508 posset,
2670 3432 2738 3490 et

778 3512 993 3578 officio
1034 3509 1319 3577 fideliter
1358 3509 1627 3575 functus
1671 3520 1845 3575 esset
1862 3558 1876 3587 ,
1941 3529 2064 3592 pro
2109 3516 2206 3574 tot
2247 3509 2735 3575 benefactorum

777 3596 1329 3675 remuneratione,
1366 3596 1580 3677 patria
1613 3596 1867 3677 cogitur
1897 3594 2219 3679 exsulare,
2256 3604 2321 3659 et
2353 3596 2426 3659 in
2461 3594 2735 3662 saltibus

775 3694 845 3749 et
904 3680 1232 3765 speluncis
1275 3680 1569 3757 latitare,
1635 3678 1808 3763 quod
1851 3680 2087 3746 nullibi
2130 3692 2304 3747 stare
2346 3681 2473 3764 ipsi
2519 3688 2737 3746 tutum

775 3768 864 3836 sit
879 3791 897 3848 ;
954 3777 1021 3833 et
1075 3777 1380 3850 parentes
1421 3764 1628 3850 ipsius
1673 3767 1887 3850 patria
1929 3775 1998 3832 et
2042 3766 2178 3831 lare
2221 3766 2575 3834 domestico
2621 3789 2735 3832 ex·

779 3861 995 3920 torres
1036 3853 1107 3917 in
1154 3852 1423 3936 regione
1463 3852 1817 3936 peregrina
1853 3852 2058 3918 veluti
2101 3852 2446 3936 deponere,
2492 3861 2565 3917 et
2605 3852 2735 3918 huc

778 3948 851 4012 et
890 3938 1051 4005 illuc
1096 3938 1321 4021 vagari
1340 3988 1356 4015 ,
1413 3938 1618 4002 veluti
1664 3938 1782 4020 qui
1827 3940 2086 4023 magnis
2129 3937 2627 4022 tempestatibus
2670 3948 2737 4005 et

824 4023 1086 4092 roeellis
1121 4022 1606 4090 concutiuntur.
1644 4023 2095 4092 Nihilominus
2131 4034 2353 4089 tamen
2377 4024 2459 4089 ad
2482 4025 2734 4108 patriae

823 4110 1228 4178 efensionem
1295 4129 1483 4174 suam
1542 4128 1809 4192 operam
1868 4111 2122 4176 confert
2164 4108 2482 4176 adversus
2525 4109 2736 4176 Phili-

775 4206 1009 4278 staeos,
1076 4196 1412 4277 vitamque
1455 4214 1574 4278 pro
1609 4193 1815 4262 Saule
1858 4195 2165 4280 periculis
2199 4196 2487 4279 exponit.
2599 4196 2735 4262 Sed

775 4283 1060 4367 qualem,
1104 4301 1365 4366 quaeso,
1413 4280 1781 4346 mercedem
1825 4303 1867 4345 a
1902 4280 2107 4348 Saule
2154 4290 2220 4347 et
2262 4280 2412 4346 aliis
2456 4282 2735 4368 recipit?

775 4367 985 4447 Nam,
1030 4375 1108 4434 ut
1150 4366 1455 4449 deinceps
1498 4364 1899 4446 videbimus,
1956 4377 2216 4433 tantum
2263 4368 2472 4432 abfuit
2512 4376 2594 4434 ut
2636 4369 2737 4435 ira

780 4453 1003 4521 Saulis
1062 4453 1386 4520 leniretur
1438 4460 1506 4515 et
1561 4451 1976 4536 mitigaretur
2041 4452 2165 4520 hoc
2208 4453 2487 4519 Davidis
2544 4455 2733 4534 facto,

774 4549 853 4605 ut
911 4547 1141 4607 contra
1185 4536 1347 4604 Saul
1416 4539 1631 4621 magis
1687 4538 2117 4604 excanduerit
2136 4590 2150 4617 ,
2210 4550 2278 4603 et
2320 4538 2602 4606 laetatus
2646 4542 2736 4606 sit

773 4625 1100 4692 Davidem
1166 4624 1342 4690 intra
1392 4621 1723 4706 quandam
1781 4623 2011 4689 urbem
2069 4625 2477 4704 conclusum,
2548 4628 2734 4709 quasi

777 4713 912 4780 iam
956 4712 1026 4776 in
1072 4710 1280 4795 ipsius
1322 4716 1713 4794 potestatem
1750 4719 1922 4775 esset
1958 4719 2297 4776 venturus.
2356 4712 2463 4776 Ex
2498 4713 2735 4795 quibus

776 4797 1081 4864 omnibus
1103 4796 1514 4879 singularem
1535 4795 2029 4862 instructionem
2055 4797 2387 4880 percipere
2405 4797 2733 4879 debemus,

774 4903 1048 4965 nempe,
1105 4903 1311 4965 quum
1370 4878 1722 4946 adversum
1779 4901 1899 4946 nos
1959 4883 2213 4947 malitia
2258 4884 2596 4949 hominum
2663 4906 2733 4951 se

774 4970 1161 5044 exercuerit,
1200 4976 1268 5031 et
1289 4965 1766 5050 ingratitudine
1789 4977 1855 5032 et
1879 4967 2361 5034 inhumanitate
2384 4968 2729 5035 adversum

775 5075 896 5120 nos
952 5053 1353 5131 aeatuarint,
1421 5073 1506 5115 ne
1551 5059 1770 5118 tamen
1817 5065 2163 5136 propterea
2221 5054 2604 5120 recedamus
2649 5058 2730 5122 ab

780 5140 1010 5216 officio,
1056 5138 1172 5205 sed
1208 5158 1376 5223 quae
1410 5138 1594 5203 iubet
1638 5138 1824 5205 Deus
1868 5150 2219 5222 praestare,
2266 5150 2333 5205 et
2377 5143 2727 5207 amicitiam

773 5244 926 5292 cum
970 5224 1257 5290 inimicis
1300 5224 1510 5290 colere
1553 5226 1870 5303 nitamur,
1937 5226 2308 5310 malumque
2353 5227 2518 5291 bono
2555 5249 2729 5293 com-

2841 591 3167 671 doctrina,
3232 590 3522 656 nondum
3602 592 3812 676 ipsius
3886 610 3999 656 ore
4063 591 4276 657 fuerat
4330 597 4712 676 pronunciata:

2841 676 3018 743 Bene
3092 677 3282 759 facite
3348 697 3459 742 vos
3510 677 4054 760 persequentibus,
4108 679 4457 759 precamini
4499 701 4602 760 pro
4652 685 4713 750 iis

2840 765 2954 846 qui
2986 760 3160 828 vobis
3186 761 3588 828 malediount:
3633 783 3862 828 verum
3903 773 4122 827 tamen
4155 764 4225 827 in
4260 763 4471 830 animo
4496 764 4713 834 Davidis

2841 850 3038 915 altius
3082 849 3389 914 haerebat
3424 849 3647 931 infixa,
3692 849 3866 914 sicut
3901 850 4099 914 etiam
4138 846 4397 915 divinae
4431 851 4576 934 legis
4604 875 4715 935 pars

2841 948 2959 1001 est.
3040 933 3220 1015 Quin
3260 936 3463 998 etiam
3499 934 3719 999 David
3755 933 3924 998 illud
3961 937 4309 1017 usurpavit
4350 938 4511 1017 quod
4547 951 4716 1021 postea

2839 1020 3102 1105 scriptis
3145 1040 3187 1085 a
3229 1020 3365 1086 filio
3413 1018 3761 1086 Solomone
3804 1020 4117 1085 traditum
4163 1031 4283 1100 est,
4327 1043 4444 1088 nos
4485 1036 4717 1106 oportere

2840 1127 3088 1191 prunas
3119 1105 3425 1171 ardentes
3460 1108 3527 1170 in
3564 1106 3977 1172 inimicorum
4015 1119 4211 1190 caput
4244 1108 4578 1174 accendere
4604 1113 4718 1193 ipsis

2839 1190 3292 1258 indesinenter
3315 1192 3805 1257 benefaciendo:
3851 1205 3928 1255 ut
3963 1192 4018 1256 si
4055 1193 4196 1256 fieri
4232 1203 4445 1278 potest
4476 1215 4722 1264 conemur

2837 1279 3015 1362 ipsos
3050 1277 3132 1342 ad
3170 1279 3498 1343 meliorem
3538 1288 3826 1342 mentem
3866 1297 4190 1358 revocare,
4228 1286 4298 1342 et
4340 1280 4721 1348 confusionem

2836 1364 2994 1446 ipsis
3060 1362 3332 1444 addere,
3413 1376 3489 1428 ut
3550 1384 3592 1429 a
3654 1362 3910 1428 malitia
3972 1384 4093 1428 sua
4148 1372 4629 1446 convertantur,
4676 1383 4724 1434 et

2834 1449 2901 1514 in
2950 1460 3197 1516 rectam
3243 1450 3419 1514 viam
3463 1447 3893 1514 reducantur:
3938 1450 4164 1514 futura
4207 1449 4457 1516 maiore
4489 1450 4725 1534 ipsorum

2834 1536 3219 1601 confusione
3276 1544 3347 1600 et
3410 1534 3648 1599 damno
3715 1535 3773 1599 si
3839 1534 4164 1599 obstinate
4229 1536 4300 1599 in
4364 1537 4596 1603 malitia
4640 1560 4725 1605 sue

2833 1621 3264 1705 perrexerint.
3351 1621 3498 1688 Hoc
3561 1641 3683 1686 nos
3740 1620 4043 1703 exemplo
4108 1641 4227 1685 suo
4270 1621 4492 1686 David
4546 1623 4727 1707 docuit,

2834 1704 3004 1789 quod
3049 1706 3193 1771 ideo
3237 1707 3516 1772 alacrius
3559 1727 3679 1773 nos
3722 1705 3907 1771 decet
3940 1706 4202 1789 imitari,
4245 1707 4424 1789 quod
4458 1707 4728 1776 Dominus

2835 1802 3063 1858 noster
3102 1792 3290 1859 Iesus
3328 1794 3638 1859 Christus
3673 1791 3835 1857 illud
3870 1812 3988 1858 sua
4015 1793 4347 1857 sententia
4369 1796 4731 1862 confirmarit.

2834 1878 3139 1945 Profecto
3174 1879 3253 1959 si,
3288 1879 3458 1963 quod
3491 1879 3787 1964 plerique
3820 1877 4049 1958 solent,
4082 1898 4458 1961 repugnare
4491 1882 4732 1946 sensibus

2836 1964 3078 2030 nostris
3107 1975 3173 2029 et
3199 1962 3506 2030 humanis
3542 1962 3847 2030 omnibus
3874 1962 4216 2030 affectibus
4243 1964 4378 2029 ista
4411 1964 4737 2044 dixerimus,

2836 2051 3135 2117 inimicos
3192 2069 3444 2127 amare,
3506 2059 3573 2116 et
3613 2048 3863 2114 malum
3908 2049 4081 2115 bono
4125 2069 4572 2133 compensare,
4624 2072 4739 2117 con·

2835 2135 3197 2202 sideramus
3235 2134 3562 2202 Davidem
3591 2156 3721 2200 non
3759 2134 3964 2200 fuisse
4000 2135 4291 2201 ferreum
4329 2157 4543 2219 neque
4578 2138 4739 2221 stupi-

2836 2222 3027 2301 dum,
3093 2222 3252 2305 quin
3319 2220 3581 2288 eosdem
3647 2241 3797 2286 cum
3864 2220 4013 2286 aliis
4078 2219 4458 2289 hominibus
4520 2224 4737 2289 affectu

2835 2307 3138 2373 haberet:
3220 2308 3335 2372 sed
3402 2308 3530 2374 Dei
3597 2316 3898 2372 sanctum
3964 2306 4273 2389 spiritum
4354 2307 4536 2373 intus
4593 2309 4737 2375 illum

2837 2394 3116 2472 rexisse,
3160 2393 3434 2476 ideoque
3477 2390 3987 2459 mansuetudine
4031 2401 4099 2457 ct
4142 2390 4554 2477 benignitate
4591 2397 4741 2460 etiam

2836 2499 2993 2563 erga
3036 2479 3334 2545 inimicos
3379 2500 3590 2557 usum,
3634 2478 3960 2562 superatis
4000 2490 4069 2543 et
4113 2477 4385 2543 domitis
4430 2480 4497 2544 vi
4530 2481 4745 2564 spiritus

2838 2566 3050 2631 sancti
3109 2564 3416 2631 omnibus
3475 2565 3615 2630 suis
3667 2563 4082 2649 passionibus
4101 2614 4118 2646 ,
4176 2563 4344 2629 adeo
4404 2565 4649 2648 quidem
4695 2577 4746 2630 ut

2836 2650 3051 2733 ipsum
3134 2651 3215 2717 ad
3284 2659 3560 2717 mortem
3618 2650 4161 2736 persequentibus
4214 2650 4602 2717 benefacere
4649 2672 4743 2716 nou

2837 2733 3167 2802 destiterit
3188 2788 3205 2816 ,
3266 2737 3656 2821 praesertim
3716 2735 3828 2802 ubi
3892 2733 3974 2802 de
4031 2736 4230 2802 totius
4298 2736 4533 2820 populi
4585 2737 4746 2803 salute

2838 2833 3056 2888 actum
3093 2834 3213 2889 est.
3280 2823 3461 2889 Hinc
3493 2821 3819 2888 discamus
3864 2821 4203 2887 bominum
4240 2820 4745 2906 ingratitudinem

2883 2910 3166 2973 atienter
3208 2909 3406 2988 ferre,
3450 2909 3509 2974 si
3551 2929 3671 2991 pro
3715 2907 4072 2974 benefactis
4114 2905 4296 2973 mala
4338 2908 4533 2975 nobis
4572 2930 4750 2993 repen·

2837 2929 3015 3071 gant,
3060 3005 3128 3060 et
3168 3014 3288 3078 pro
3334 2995 3584 3060 viribus
3629 2991 4089 3060 benefaciendo
4132 2992 4465 3062 malitiam
4506 2996 4747 3079 ipsorum

2838 3102 2918 3146 su
3001 3101 3242 3146 remus.
3331 3080 3630 3146 Profecto
3687 3080 3886 3145 etiam
3930 3078 4208 3163 privatis
4265 3080 4455 3145 istud
4514 3082 4750 3148 officium

2838 3165 2922 3232 de
2965 3186 3182 3247 smus,
3245 3165 3362 3231 sed
3415 3185 3616 3249 quum
3661 3165 3743 3230 de
3785 3166 3990 3232 totius
4033 3164 4256 3249 populi
4301 3166 4522 3233 salute
4563 3169 4749 3252 agimr,

2837 3252 2920 3318 ad
2960 3252 3193 3317 vivum
3253 3252 3461 3335 magis
3504 3252 3679 3316 affici
3723 3272 3841 3317 nos
3885 3271 3925 3316 o
3971 3260 4172 3316 ortet:
4233 3270 4456 3334 neque
4512 3271 4749 3337 unquam

2837 3336 3184 3421 defatigari
3222 3336 3701 3417 benefaciendo,
3746 3337 3901 3403 licet
3990 3336 4245 3402 omines
4289 3337 4489 3405 nobis
4522 3338 4751 3406 occano-

2837 3445 2985 3489 nem
3032 3443 3162 3488 non
3208 3423 3598 3506 praebeant,
3657 3422 3772 3489 sed
3815 3422 4031 3506 potius
4075 3421 4251 3487 ultro
4286 3443 4417 3489 nos
4460 3424 4543 3491 ab
4584 3423 4748 3491 officio

2838 3509 3171 3575 dimovere
3211 3508 3386 3574 velle
3430 3507 3796 3575 videantur.

3012 3596 3232 3678 Atque
3275 3595 3403 3660 ista
3438 3593 3913 3661 consideranda
3955 3603 4115 3662 sunt
4156 3593 4230 3658 in
4274 3615 4359 3663 ea
4405 3597 4750 3674 narratione,

2882 3701 2964 3746 ua
3041 3679 3284 3747 dicitur
3356 3679 3594 3760 David,
3682 3681 3796 3747 ubi
3875 3701 3917 3746 a
3981 3679 4365 3747 Philistaeis
4441 3681 4754 3748 audivisset

2935 3767 3088 3832 ilam
3145 3765 3482 3832 obsidione
3534 3766 3777 3851 premi,
3834 3768 4058 3832 statim
4118 3769 4491 3835 accurrisse
4545 3766 4751 3833 miseris

2836 3852 3251 3919 Oeilensibus
3293 3854 3628 3937 suppetias
3672 3851 3932 3917 laturus
4018 3853 4141 3919 etsi
4184 3872 4325 3920 non
4388 3855 4475 3920 ab
4520 3852 4642 3919 illis
4669 3871 4753 3918 vo-

2836 3950 3054 4005 catus:
3115 3939 3382 4021 quinam
3431 3937 3607 4003 enim
3654 3937 3877 4004 miseri
3922 3899 4252 4003 Davidem
4307 3941 4437 4005 vix
4496 3940 4754 4024 spelunea

2835 4034 3062 4091 tutum
3119 4025 3191 4088 in
3249 4044 3442 4090 suum
3501 4023 3823 4089 auxilium
3880 4023 4265 4090 vocassent?
4328 4025 4544 4092 Venit
4598 4025 4612 4039 '
4659 4025 4754 4090 ‘tur

2836 4112 3013 4176 ultro
3036 4160 3054 4185 ,
3108 4108 3236 4176 Dei
3284 4109 3648 4175 vocationis
3700 4108 4150 4176 recordatione
4190 4110 4544 4195 impulsus.
4595 4045 4755 4177 Ἕω

2840 4195 3170 4264 Samuelis
3232 4194 3599 4260 ministerio
3663 4215 3784 4260 rex
3847 4195 4261 4281 designatus,
4342 4208 4417 4263 et
4500 4198 4573 4264 in
4639 4215 4751 4264 eum

2836 4285 3037 4349 finem
3079 4290 3319 4348 unctus
3362 4279 3606 4347 fuerat:
3651 4300 3729 4346 ac
3770 4280 3924 4347 licet
3967 4283 4258 4348 nondum
4303 4284 4377 4348 in
4418 4284 4609 4369 regni
4642 4303 4753 4367 poe-

2837 4369 3195 4436 sessionem
3241 4375 3545 4434 venerat:
3604 4387 3675 4434 se
3737 4376 3959 4433 tamen
4002 4366 4385 4436 devinctum
4444 4370 4659 4446 sensit,
4705 4375 4753 4432 st

2837 4454 3045 4522 veluti
3125 4454 3251 4519 Dei
3330 4473 3532 4518 manu
3619 4454 4047 4520 constrictum
4126 4454 4208 4525 ad
4302 4456 4749 4541 suscipiendam

2837 4539 3063 4625 populi
3105 4539 3441 4605 israelitici
3487 4560 3712 4606 curam
3759 4549 3828 4603 et
3870 4539 4340 4615 defensionem,
4402 4551 4476 4607 et
4518 4541 4750 4608 fideliter

2838 4625 3247 4692 subditorum
3270 4626 3558 4691 omnium
3584 4625 3943 4691 commodis
3966 4636 4035 4690 et
4069 4626 4268 4692 saluti
4289 4627 4750 4694 consulendum.

2839 4711 3057 4779 David
3099 4711 3303 4795 igitur
3345 4712 3426 4777 ad
3475 4712 3819 4777 hominum
3866 4712 4181 4776 malitiam
4240 4713 4472 4780 oculos
4530 4712 4748 4786 claudit,

2838 4820 2920 4863 ne
2966 4799 3046 4863 ab
3090 4797 3303 4863 officio
3344 4798 3768 4876 deterreatur,
3815 4797 3930 4862 sed
3973 4819 4200 4863 omncs
4242 4819 4400 4866 suos
4448 4821 4669 4866 sensus
4700 4797 4749 4861 iu

2837 4884 2966 4948 Dei
3010 4884 3414 4948 vocationem
3462 4884 3751 4948 intentos
3810 4883 4082 4950 habeat:
4142 4894 4209 4948 et
4263 4883 4750 4968 quandoquidffln

2836 4970 2919 5035 ad
2974 4969 3458 5053 procurandam
3513 4969 3738 5053 populi
3794 4970 4073 5034 salutem
4131 4980 4410 5037 vocatus
4472 4980 4601 5052 est,
4660 4970 4748 5035 hot

2835 5077 3063 5131 unum,
3111 5057 3433 5137 superatis
3478 5055 3780 5121 omnibus
3835 5054 4347 5134 difficultatibus,
4416 5068 4604 5142 agat:
4658 5053 4747 5120 Dei

2836 5141 3218 5206 mandatum
3264 5141 3470 5224 pluris
3512 5143 3761 5206 faciens
3805 5162 4002 5224 quam
4034 5142 4351 5226 quidquid
4386 5141 4476 5207 ab
4511 5139 4745 5209 homini-

2837 5227 2958 5293 bus
3003 5228 3252 5310 patitur
3295 5227 3707 5294 iniuriarum.
3795 5228 3932 5294 Nos
3976 5229 4183 5313 ipsius
4228 5230 4539 5313 exemplo
4578 5231 4745 5295 disca·
