5059 6059
287 334 405 402 606

295 527 560 595 futurum
636 537 785 586 ¹esse
861 519 1183 601 imparem
1249 518 1433 586 Deus
1505 518 1895 587 ostenderet.
2018 517 2196 583 Hinc

295 606 554 678 eruenda
594 603 919 689 generalis
963 603 1259 671 doctrina
1301 613 1417 685 est,
1476 625 1746 688 nempe:
1807 604 1957 670 Non
2007 624 2196 687 posse

290 698 443 761 inter
494 690 793 762 mortales
854 710 1222 772 quenquam
1280 690 1556 774 reperiri
1603 691 1907 758 idoneum
1952 688 2035 754 ad
2079 712 2194 773 po·

289 780 413 866 puli
450 777 638 844 ullius
681 775 1244 859 gubernationem,
1299 776 1422 850 nisi
1479 775 1702 843 divina
1758 797 1960 848 manu
2001 791 2193 858 rega-

291 876 416 941 tur..
439 873 500 930 et
539 861 618 930 ab
654 860 880 931 eadem
926 860 1292 936 necessaria
1337 862 1506 929 dona
1538 861 1619 928 ad
1656 870 1913 928 tantum
1950 881 2193 927 munus

290 951 546 1033 accipiat.
635 946 1136 1026 Observandum
1179 955 1399 1016 autem
1444 949 1569 1024 ista
1613 946 1798 1015 Sauli
1843 947 2192 1030 contigisse

288 1058 354 1105 eo
385 1043 702 1101 momento
755 1053 886 1115 quo
927 1031 1110 1099 Deus
1155 1032 1347 1104 illum
1391 1033 1597 1100 voluit
1636 1033 1966 1110 extollere,
2012 1043 2079 1096 et
2116 1033 2189 1102 in

274 1121 420 1194 ‚sede
470 1119 646 1203 regia
704 1117 1039 1186 collocare.
1127 1118 1325 1187 Unde
1364 1119 1749 1204 colligimus,
1805 1118 2028 1188 Deum
2070 1138 2190 1186 sua

284 1206 435 1277 dona
487 1204 854 1273 hominibus
913 1203 1301 1272 distribuere
1358 1225 1560 1288 quum
1620 1226 1724 1271 res
1773 1215 1889 1271 aut
1931 1214 2189 1287 tempus

284 1291 556 1377 postulat.
644 1291 826 1360 Hinc
868 1291 945 1356 fit
988 1300 1062 1356 ut
1104 1291 1481 1373 saepissime
1523 1293 1592 1357 in
1630 1289 1828 1360 rebus
1871 1291 2192 1374 angustis-

281 1378 444 1445 simis
483 1376 827 1444 consilium
859 1385 937 1449 ‚et
975 1375 1386 1458 prudentiam
1430 1382 1760 1461 suggerat,
1820 1385 1886 1442 et
1927 1375 2186 1458 quidem

282 1464 351 1530 iis
387 1463 489 1547 qui
531 1462 635 1528 vel
679 1481 916 1530 rerum.
943 1460 1164 1546 ignari
1209 1464 1310 1537 vel
1355 1463 1602 1547 stupidi
1642 1470 1854 1527 erant.
1942 1461 2192 1543 Quam-

282 1550 478 1616 obrem
553 1548 710 1616 hino
789 1547 986 1616 etiam
1068 1548 1142 1613 fit
1220 1546 1408 1617 nobis
1487 1549 1698 1633 magis
1763 1549 2189 1632 conspicuum

279 1642 480 1702 sancto
531 1632 660 1699 Dei
724 1634 975 1717 spir-itu,
1039 1655 1170 1699 non
1233 1644 1507 1709 naturae
1570 1642 1853 1715 nostrae,
1919 1644 2033 1702 aut
2089 1636 2189 1698 in-

279 1721 432 1804 genii
495 1719 743 1793 viribus
807 1718 922 1783 illa
988 1718 1350 1787 tribuenda.
1460 1720 1634 1785 Nam
1701 1719 1880 1804 quod
1952 1740 1991 1785 a
2047 1720 2190 1785 Deo

279 1806 462 1875 creati
554 1813 623 1873 et
701 1804 965 1874 formati
1052 1825 1309 1884 sumus,
1392 1814 1457 1871 et
1541 1806 1714 1889 quod
1793 1808 1862 1872 in
1945 1806 2190 1872 mundo

279 1891 558 1970 vivimus,
617 1888 937 1974 quidquid
995 1889 1312 1964 donorum
1371 1889 1690 1962 habemus
1753 1911 1829 1960 ea
1890 1890 2012 1958 sub
2077 1913 2190 1958 na-

277 1986 449 2043 turae
499 1977 762 2046 nomine
816 1975 1177 2059 complecti,
1245 1983 1311 2042 et
1373 1976 1542 2044 dona
1598 1977 1812 2044 dicere
1868 1974 2192 2052 naturalia

275 2082 391 2128 non
430 2062 694 2140 suffieit,
750 2061 882 2130 nisi
923 2061 1121 2130 otiam
1157 2062 1224 2126 ei
1270 2062 1532 2146 singula
1575 2063 1867 2130 feramus
1907 2071 2190 2146 accepta,

264 2155 335 2212 et
354 2167 490 2245 ,non
528 2155 792 2218 tantum
837 2167 1265 2231 agnoscamus
1311 2168 1432 2213 nos
1473 2149 1542 2213 in
1580 2148 1727 2222 dies
1756 2149 1961 2233 ipsius
1997 2149 2193 2216 bene·

256 2232 422 2299 ,ficiis
459 2234 709 2317 augeri,
769 2233 887 2301 sed
944 2232 1143 2303 etiam
1201 2233 1261 2299 ei
1318 2253 1443 2299 nos
1499 2235 1809 2318 privatim
1855 2234 2192 2300 devinctos

271 2316 582 2416 fateamur.
674 2317 930 2390 Idcirco
986 2318 1379 2392 nominatim
1434 2320 1545 2386 hic
1589 2318 1827 2387 dicitur
1870 2320 2017 2395 Dei,
2055 2321 2191 2404 spi·

272 2412 422 2470 ntus
461 2406 527 2470 in
568 2404 850 2478 Saulem
893 2413 1238 2477 venturus,
1325 2405 1543 2485 Bor-ro⁸
1591 2407 1647 2472 si
1694 2405 1779 2471 ad
1821 2406 2081 2481 civilem
2127 2415 2191 2473 et

270 2487 579 2571 politicam
638 2490 1274 2565 administrationem
1332 2511 1595 2561 necesse
1650 2500 1749 2564 ost
1792 2491 1920 2556 Dei
1978 2492 2192 2577 gratia

270 2576 562 2657 peculiari
609 2596 727 2646 eos
767 2576 960 2655 affici,
1019 2577 1132 2658 qui
1191 2576 1276 2651 ‚ad
1317 2576 1470 2643 11108
1505 2576 1905 2661 dignitatum
1947 2578 2191 2662 gradus

271 2660 653 2742 evehuntur-3
697 2662 899 2737 immo
946 2662 1000 2729 si
1046 2660 1129 2726 ad
1171 2662 1459 2729 familiae
1502 2664 2038 2747 gubernationem
2085 2686 2190 2731 ne·

269 2747 528 2815 cessaria
569 2757 692 2831 est,
751 2748 904 2830 quid
967 2766 1212 2831 quaeso
1267 2746 1347 2813 de
1403 2770 1608 2833 regne
1653 2748 1925 2816 coelesti
1973 2748 2191 2824 dicen-

252 2830 408 2902 .dum
451 2834 937 2912 arbitrabimur,
995 2845 1062 2897 et
1121 2834 1201 2901 de
1258 2834 1373 2899 illa
1417 2833 1739 2919 dignitate
1774 2856 1906 2918 qna
1949 2836 2016 2901 in
2063 2835 2192 2903 Dei

269 2917 420 3015 iiiios
476 2918 870 2990 evehimur?
971 2919 1112 2987 Nae
1169 2938 1412 3004 magna
1468 2927 1627 2994 tunc
1673 2921 2193 3004 opus,habemus

269 3006 725 3104 immutatione.
789 3006 963 3071 Nam
1010 3005 1067 3071 si
1110 3025 1232 3074 nos
1267 3005 1494 3089 quales
1534 3006 1721 3080 Deus
1763 3007 2008 3090 reperit
2051 3029 2194 3078 esse

269 3099 509 3171 smeret,
576 3099 830 3160 eertum
895 3098 998 3158 est
1026 3144 1033 3163 .
1063 3089 1232 3166 nibil
1295 3092 1367 3157 in
1398 3157 1405 3165 ,
1434 3092 1618 3160 nobis
1683 3093 2023 3166 inventum
2087 3094 2192 3173 iri,

265 3174 421 3255 qued
485 3196 621 3244 non
687 3177 884 3244 saciat
935 3175 1252 3261 vindignos
1298 3175 1427 3247 Dei
1488 3177 1700 3262 gratia
1757 3186 1824 3250 et
1850 3247 1856 3254 ,
1872 3181 2194 3262 promissa

265 3259 499 3359 salute..
523 3260 663 3337 ⁴sed,
704 3269 945 3335 ,contra
1001 3263 1219 3345 potius
1261 3263 1429 3340 iram
1471 3272 1819 3343 mereatur,
1879 3266 2190 3341 etreieo-

262 3353 537 3443 tionem„
599 3348 825 3431 Atque
850 3390 855 3394 -
885 3347 1124 3418 idcireo
1167 3348 1417 3425 Paulus
1476 3350 1588 3430 ait,
1644 3355 1914 3433 operiens
1968 3356 2042 3416 ut
2078 3352 2193 3434 qui

262 3450 326 3496 m
347 3430 593 3500 arista
634 3434 867 3500 censeri
909 3433 1044 3501 vult
1083 3435 1171 3500 sit
1197 3453 1359 3502 nova
1379 3439 1689 3511 ereatura.
1736 3434 1951 3518 Quam
1980 3458 2189 3506 novae

242 3526 579 3613 creaturae
615 3586 621 3594 ,
661 3539 888 3596 vocem
968 3520 1205 3603 accipit
1283 3540 1405 3602 pro
1468 3520 1664 3605 longe
1726 3521 2190 3600 excellentiore

261 3601 681 3688 dono„quam
724 3606 855 3681 fait
890 3604 1051 3674 illud
1095 3605 1267 3688 quod
1305 3605 1488 3673 Sauli
1529 3607 1838 3683 collatum
1876 3607 2186 3684 ,diximus

255 3685 412 3786 Nam
453 3693 779 3774 quoniam,
811 3702 1148 3772 terrenum
1195 3701 1262 3757 et
1304 3692 1623 3773 caducum
1662 3714 1940 3777 regnum
1985 3696 2186 3761 susci-

261 3773 485 3855 piebat,
543 3778 950 3861 temporaria
1002 3778 1197 3853 etiam
1260 3788 1326 3843 et
1375 3777 1622 3856 caduca
1681 3778 1847 3845 dona
1904 3781 2186 3846 fuerunt.

257 3857 471 3944 Itaque
514 3864 771 3936 Paulus
823 3883 965 3943 ‚uon
1006 3872 1353 3931 contentus
1400 3874 1507 3932 est
1539 3873 1655 3948 aut
1685 3864 2187 3949 donislingua-

256 3965 410 4025 rum,
453 3961 569 4022 aut
615 3949 1105 4032 miraculorum,
1149 3958 1263 4023 aut
1306 3951 1698 4022 sanationis:
1743 3970 1913 4034 quae
1947 3952 2187 4033 exigua

257 4050 386 4098 8888
427 4034 525 4100 ait
565 4036 621 4104 si
675 4035 967 4106 membra
991 4035 1241 4103 Christi
1273 4056 1420 4102 esso
1450 4037 1776 4116 volumus,
1821 4036 2187 4120 acproinde

251 4125 446 4187 totam
467 4122 995 4187 immutationem
1019 4121 1226 4189 nostri
1266 4124 1534 4204 expetit,
1579 4130 1654 4200 ut
1686 4144 1925 4206 nempe
1952 4135 2188 4199 sancto

252 4201 373 4303 Dei
427 4207 676 4289 spiritu
734 4225 1219 4291 regeneremur,
1277 4228 1403 4289 quo
1461 4207 1616 4290 facti
1671 4230 1842 4277 nova
1887 4224 2190 4292 creatura

252 4308 368 4369 ipsi
412 4293 861 4369 subiieiamur,
921 4302 990 4358 et
1037 4293 1121 4359 ad
1172 4293 1378 4375 ipsius
1419 4303 1654 4359 nutum
1699 4304 1765 4360 et
1807 4295 2186 4377 obsequium

257 4394 771 4458 componamur„
838 4378 1027 4456 Haec
1089 4379 1313 4461 itaque
1379 4399 1460 4457 ex,
1531 4379 1652 4448 hoc
1706 4380 1849 4449 loco
1901 4375 2189 4457 eruenda

251 4456 537 4528 doctrina
581 4464 957 4540 necessario
995 4474 1113 4543 est,
1143 4523 1148 4533 .
1175 4473 1248 4531 ut
1292 4464 1603 4532 nimirum
1647 4467 1826 4549 quod,
1863 4466 1945 4532 ad
1989 4466 2186 4547 cadu-

251 4565 385 4614 cam
441 4561 513 4618 et
570 4551 1017 4625 transitoriam
1079 4552 1282 4616 vitam
1336 4549 1516 4628 ‚hanc
1578 4552 1841 4632 attinet,
1908 4555 2188 4619 sciamus

249 4649 359 4731 nos
402 4655 488 4700 ne
533 4636 817 4720 digitum
863 4635 1122 4719 quidem
1169 4656 1373 4719 posse·
1403 4658 1686 4715 movere,
1731 4639 1856 4709 nisi
1903 4638 2045 4716 Deo
2087 4639 2186 4716 fa-

232 4728 468 4787 ciente.
541 4721 803 4792 Deinde
846 4724 899 4787 si
944 4725 1053 4804 qui
1093 4721 1175 4787 ad
1220 4722 1471 4805 aliquos
1507 4722 1569 4802 di
1623 4725 1904 4802 nitatum
1943 4722 2187 4807 gradus

251 4804 736 4903 excellentiores
779 4806 1168 4886 evehuntur,
1215 4816 1512 4892 oportere
1552 4745 1698 4877 iilos
1729 4810 1854 4878 Dei
1880 4810 2185 4892 spiritum

252 4907 535 4973 accipere
597 4913 676 4959 ea
715 4914 1022 4962 mensura
1069 4914 1198 4978 qua
1242 4893 1327 4961 ad
1368 4894 1581 4961 officio
1622 4916 1746 4964 suo
1784 4895 2185 4966 satisfacien-

257 4970 404 5074 flum
443 4999 653 5060 pares
717 4999 859 5047 esse
918 4991 1182 5063 queant.
1273 4980 1412 5047 Sed
1465 4981 1536 5047 in
1580 4982 1810 5065 primis
1856 5002 2058 5065 quum
2105 4981 2188 5047 ad

251 5078 451 5158 ipsius
495 5065 686 5148 regni
731 5066 1029 5142 coelestis
1074 5066 1642 5150 participationem
1677 5089 2007 5145 vocamur,
2055 5089 2190 5132 ma·

253 5164 423 5211 xime
486 5150 733 5233 requiri
798 5159 872 5216 ut
939 5152 1006 5215 in
1077 5173 1196 5218 nos
1263 5154 1473 5217 sancti
1531 5154 1633 5218 sui
1690 5153 1960 5237 spiritus
2018 5151 2190 5219 dona

256 5230 564 5314 effundat,
636 5238 870 5320 quibus
914 5238 979 5317 in
1029 5257 1273 5306 novam
1318 5246 1684 5321 creaturam
1746 5240 2190 5320 immutemur,

1659 330 1758 395 m
1801 330 1855 395 1.
1902 330 2083 397 ΜΒ.
2131 328 2534 413 sAMunL.
2581 329 2778 397 CAP.
2825 331 2914 398 x,

2277 1463 2460 1548 guod

2277 1551 2426 1626 erit.

2278 1635 2598 1701 hortatur
2671 1642 2747 1698 ut
2812 1633 2980 1700 nihil
3047 1632 3332 1714 difficile,
3398 1635 3554 1695 nihil
3630 1631 3903 1695 :li-fluum
3975 1631 4231 1707 rugitui,

4070 327 4229 435 ⁶06

2298 519 2597 586 omnibus
2661 520 2883 603 pravis
2947 519 3188 587 nostris
3244 518 3583 585 affectibus
3638 529 3706 586 et
3760 514 4230 600 cupiditatibus

2299 604 2574 685 abolitis,
2632 615 2705 670 ut
2765 606 3067 673 sensibus
3124 606 3360 670 nostris
3418 626 3493 670 ac
3548 603 3784 669 rationi
3840 601 4085 668 carnali
4130 622 4231 666 re-

2300 690 2708 768 nunciantes,
2774 700 2843 757 et
2906 692 3086 757 velut
3149 703 3338 756 extra
3403 689 3582 755 hunc
3640 687 3955 753 mundum
4016 686 4230 773 positi,

2296 777 2505 862 magis
2550 797 2625 842 ac
2671 777 2880 861 magis
2923 778 2991 843 in
3036 777 3239 859 ipsius
3283 774 3657 859 obsequium
3710 772 4232 839 corroboremur:

2296 872 2363 927 et
2403 861 2566 927 nihil
2615 863 2684 927 in
2729 861 2915 929 nobis
2956 863 3162 947 ipsius
3207 861 3524 927 voluntati
3583 866 3919 943 repugnet,
3976 857 4087 923 sed
4149 856 4232 921 ad

2294 948 2499 1032 ipsius
2544 948 2860 1014 iustitiam
2911 950 3423 1018 conformemur:
3482 945 3654 1029 quod
3715 955 3939 1009 nostra
3996 956 4232 1007 natura

2284 1045 2359 1101 ..et
2401 1034 2726 1099 industria
2769 1033 2914 1099 fieri
2957 1056 3088 1100 non
3134 1041 3385 1117 potest:
3428 1032 3556 1103 ,sed
3609 1053 3648 1096 a
3683 1031 3818 1096 sola
3859 1029 3984 1095 Dei
4019 1028 4232 1112 gratia

2292 1128 2652 1203 promanat,
2697 1120 2768 1184 in
2801 1119 2989 1185 nobis
3033 1121 3103 1187 vi
3145 1118 3426 1205 quadam
3470 1138 3708 1184 arcana
3753 1125 3818 1182 et
3861 1112 4228 1180 admirabili

2289 1228 2480 1273 suum
2525 1226 2689 1287 opus
2732 1206 3026 1273 faciente.
3513 1203 3521 1213 ’

2464 1291 2794 1374 Deinceps
2816 1312 2973 1357 vero
3009 1299 3389 1376 sequuntur,
3433 1289 3596 1355 haec
3650 1286 3847 1353 verba
3871 1283 4229 1351 Samuelis:

2299 1378 2707 1461 Quodfflmm
2748 1378 2886 1461 erit,
2932 1398 3125 1460 quum
3167 1377 3473 1445 evenerint
3514 1375 3701 1455 signa
3755 1373 3879 1435 ista
3937 1371 4071 1447 tibi,
4127 1372 4232 1451 fac

2515 1462 2823 1529 obvenerit
2877 1463 3102 1528 manui
3157 1467 3320 1543 tuae,
3375 1463 3522 1544 quis:
3586 1463 3765 1523 Dans·
3839 1463 3967 1539 ἐμῆ·
4035 1467 4224 1519 fucum,

2517 1547 2780 1630 Quibus
2846 1545 3063 1613 verbis
3131 1546 3398 1614 Saulem
3466 1547 3722 1623 excitat,
3798 1547 3968 1607 :iuuit
4039 1559 4231 1627 atquc

2294 1742 2502 1804 quum
2567 1720 2782 1788 Deum
2855 1718 3086 1787 ducem
3152 1730 3218 1785 et
3299 1730 3586 1783 autorum
3658 1719 3911 1779 balneat,
4031 1707 4231 1775 Puri-1]-

2269 1806 2733 1893 ‚periculosum
2789 1814 2934 1871 erat
3005 1806 3256 1892 regiam
3311 1804 3686 1887 digiluitstsm
3754 1803 4091 1863 invadere:
4167 1811 4231 1863 ot.

2298 1892 2564 1973 Saulem
2628 1892 3014 1974 praesertim
3080 1890 3290 1956 multa
3351 1900 3650 1975 perorant.
3720 1891 3794 1951 ul·
3865 1888 3975 1947 illa
4047 1907 4231 1951 oceu-

2293 1976 2516 2061 panda
2575 1975 2933 2042 deterrere:
2994 1976 3163 2060 quod
3195 1976 3506 2041 ⁴rusticus
3554 1987 3742 2047 esest,
3798 1971 3967 2055 qumi
4031 1975 4231 2055 patrii

2291 2084 2528 2154 greges
2568 2060 2999 2150 custodiisset,
3046 2084 3209 2146 quae
3254 2061 3466 2126 alienat
3514 2075 3662 2124 sunt
3710 2083 3746 2123 n.
3794 2059 3971 2139 regia
4023 2071 4231 2139 [uites-

2296 2160 2449 2217 tate.
2573 2146 2833 2230 Quibus
2926 2145 3426 2232 cogitationibUs
3510 2163 3570 2207 ut
3638 2147 3778 2207 aliis
3867 2143 4232 2207 istilffimfflli

2278 2255 2425 2304 ‚non
2503 2234 2746 2300 mirum
2808 2234 3039 2301 fuisset
3105 2234 3163 2300 si
3223 2229 3384 2300 Saul
3438 2235 3514 2295 ab
3574 2232 3694 2295 has->o
3766 2251 4031 2291 munere
4103 2251 4227 2291 mm

2292 2320 2487 2398 modo
2548 2319 2899 2387 deterritus
2958 2320 3206 2397 fuisset,
3260 2316 3373 2385 sed
3422 2319 3706 2379 :mimum
3758 2315 4227 2399 despondisset,

2297 2417 2364 2473 et
2405 2416 2581 2473 totus
2627 2403 2707 2472 ad
2752 2404 2948 2471 talem
2993 2407 3305 2472 nuncium
3351 2403 3802 2471 eulmrrnifflvt„
3867 2403 3987 2463 uisi
4039 2399 4231 2483 plane

2267 2493 2684 2563 .temerarius
2743 2501 2933 2561 esset.
3021 2487 3289 2557 Samuel
3346 2490 3566 2571 itaque
3630 2491 3839 2551 tirum
3887 2487 4123 2551 emim.
4171 2499 4231 2546 er.

2296 2580 2507 2656 acuit„
2535 2577 2895 2645 admoneus
2928 2598 3016 2642 ne
3058 2598 3128 2644 se
3164 2577 3377 2659 ipsum
3418 2577 3738 2655 respiciat,
3786 2583 3899 2635 aut
3947 2575 4231 2635 muneris

2295 2665 2472 2736 illius
2515 2664 2899 2749 dignitatem
2949 2671 3015 2728 et
3057 2661 3533 2742 excellentiam,
3576 2663 3674 2725 eui
3726 2659 3987 2724 ferendo
4027 2659 4235 2740 impar*

2297 2762 2484 2827 osset,
2529 2749 2644 2816 sed
2690 2751 2758 2816 iu
2802 2748 3019 2817 Deum
3060 2756 3355 2816 autorem
3393 2745 3742 2821 recumbat,
3789 2752 3855 2808 et
3890 2745 3971 2808 ab
4008 2739 4231 2807 eodem

2299 2836 2614 2917 auxilium
2677 2844 2743 2901 et
2806 2855 2994 2918 opem
3049 2841 3400 2917 exspectet,
3452 2851 3655 2913 eoque
3710 2830 3914 2896 fretus
3972 2848 4232 2892 omnem

2298 2922 2731 2989 tentationem
2777 2921 3034 3002 fortiter
3077 2920 3317 2996 vincat,
3364 2915 3820 3004 praesentique
3845 2914 4066 2979 animo
4091 2932 4231 2975 rem

2297 3006 2751 3092 aggrediatur:
2800 3005 3041 3072 divinis
3074 3013 3293 3072 tamen
3330 3000 3653 3086 auspiciis,
3692 3009 3758 3065 et
3793 2997 3957 3065 nihil
3989 3010 4233 3062 temere

2295 3094 2675 3178 suscipiens,
2721 3090 2833 3159 sed
2880 3101 3054 3160 totus
3099 3090 3181 3159 ad
3216 3090 3595 3173 obsequium
3643 3080 3938 3154 divinum
3981 3101 4235 3167 compo-

2297 3181 2481 3246 situs.
2582 3179 2714 3246 Hic
2780 3173 3107 3247 Samuelis
3172 3174 3514 3241 verborum
3586 3195 3815 3239 sensus
3887 3178 4001 3247 est,
4068 3189 4233 3251 quae

2282 3263 2714 3334 utilissimam
2774 3276 2840 3330 et
2896 3262 3518 3348 praestantissimam
3594 3259 3955 3323 alec-trinam
4014 3253 4232 3334 ⁴conti-

2296 3359 2492 3420 nent„
2566 3349 2869 3417 Primum
2928 3349 3102 3416 enim
3163 3369 3247 3415 ex
3302 3347 3385 3413 iis
3433 3345 3763 3415 discimus,
3827 3364 3953 3423 qua
3996 3352 4066 3406 re
4111 3339 4230 3404 niti

2294 3435 2609 3504 fortimdo
2664 3446 2734 3504 et
2790 3434 2989 3502 animi
3033 3433 3431 3518 praestantia
3475 3431 3723 3519 debeat.
3811 3448 4042 3579 ns-mge
4087 3424 4231 3491 Deo

2294 3522 2517 3603 unice,¹
2571 3544 2612 3587 a
2668 3521 2912 3586 nostris
2963 3517 3260 3607 partibus
3318 3526 3550 3584 stante.
3646 3519 3752 3583 tiis
3811 3519 3904 3579 uit
4016 3512 4230 3577 amuel

2295 3607 2634 3690 alloquens
2670 3605 2960 3683 Saulem,
3007 3604 3191 3672 Deus
3223 3604 3363 3688 ipse
3399 3613 3610 3669 tecum
3650 3603 3791 3671 crit.
3839 3599 4006 3683 quod
4041 3600 4234 3664 obve-

2294 3693 2434 3761 niet
2476 3693 2703 3759 manui
2748 3705 2899 3758 tuae
2942 3692 3155 3762 facito.
3239 3691 3354 3758 Sic
3395 3688 3637 3773 passim
3683 3706 3869 3753 sacra
3912 3684 4235 3765 scriptura

2294 3777 2662 3846 istiusmodi
2709 3777 3053 3845 sententiis
3142 3776 3291 3842 lena
3332 3774 3467 3841 est:
3512 3772 3828 3839 Dominus
3871 3789 4043 3837 meas
4080 3792 4233 3853 par·

2294 3871 2383 3931 tes
2448 3870 2673 3947 tuetur,
2737 3859 2902 3931 nihil
2962 3865 3107 3931 time
3182 3914 3197 3928 .
3290 3860 3441 3927 Non
3499 3857 3854 3942 formidabo
3916 3854 4235 3941 myriades

2283 3948 2664 4035 populorum
2718 3955 2935 4017 contra
2975 3970 3073 4016 me
3115 3946 3625 4029 conspirantium,
3681 3943 3846 4010 dum'
3872 3944 3959 4008 sit
4003 3941 4230 4007 'Iehova

2291 4058 2467 4105 meus
2486 4041 2815 4121 protector.
2862 4035 2948 4100 In
2979 4034 3183 4104 medio
3214 4034 3437 4099 mortis
3458 4028 3798 4101 ambulabo.
3845 4028 3937 4094 Et
3960 4030 4017 4094 A
4068 4040 4233 4093 osto-

2291 4123 2398 4189 lus
2436 4124 2563 4192 ait:
2607 4120 2683 4189 Si
2725 4120 2907 4191 Deus
2938 4141 3064 4221 pro
3102 4117 3298 4200 nobis,
3340 4119 3484 4206 quis
3525 4121 3737 4184 contr‘a
3780 4113 3947 4181 nos?
4057 4126 4232 4177 ostra

2282 4209 2511 4294 ‚itaque
2571 4206 2880 4275 fortitudo
2933 4228 3003 4272 in
3063 4227 3138 4273 eo
3192 4226 3325 4271 uno
3368 4204 3682 4282 consistit,
3742 4213 3819 4267 ut
3862 4209 4038 4265 certo
4084 4218 4228 4281 per-

2287 4296 2469 4366 suasi
2505 4292 2709 4361 simus
2746 4292 2824 4360 de
2860 4293 2989 4362 Dei
3024 4291 3271 4358 auxilio
3307 4290 3492 4355 nobis
3527 4293 3863 4371 nunquam
3902 4284 4226 4350 defuturo.

2291 4382 2498 4449 Porro
2559 4402 2691 4446 non
2751 4387 2854 4444 est
2894 4376 3148 4444 arbitrii
3201 4377 3407 4443 nostri
3449 4376 3575 4442 ista
3617 4372 3967 4458 persuasio,
4058 4370 4227 4435 Nam

2290 4468 2349 4534 si
2383 4465 2507 4533 sibi
2546 4465 2847 4533 homines
2881 4464 3024 4531 sine
3046 4462 3176 4529 Dei
3213 4462 3409 4529 verbo
3442 4462 3830 4546 promittant
3872 4456 4011 4521 eius
4047 4456 4230 4521 auxi-

2255 4554 2474 4637 bum,
2518 4552 2736 4618 inanis
2779 4547 2895 4619 illa
2937 4548 3163 4616 futura
3206 4556 3307 4615 est
3348 4546 3677 4633 persuasio
3721 4550 3786 4606 et
3828 4563 3975 4625 spes
4021 4542 4228 4619 irrita,

2254 4649 2486 4723 ,atque
2552 4638 2624 4702 in
2685 4637 2901 4703 fumos
2964 4633 3241 4701 abitura.
3326 4632 3557 4716 Itaque
3624 4647 3884 4696 necesse
3944 4636 4044 4692 est
4104 4627 4229 4692 Dei

2291 4724 2786 4809 promissionem
2825 4720 3150 4802 accedere,
3186 4742 3332 4805 qua,
3370 4730 3446 4784 ut
3480 4719 3570 4782 ita
3607 4714 3835 4789 dicam,
3875 4710 4058 4777 Deus
4089 4732 4229 4777 sese

2291 4810 2485 4884 nobis
2524 4809 2654 4875 fide
2698 4807 3082 4892 adstringat,
3141 4812 3208 4872 et
3252 4804 3565 4871 auxilium
3612 4799 4015 4883 polliceatur,
4059 4798 4226 4883 quod

2333 4918 2491 4962 uum
2559 4915 2665 4960 res
2729 4892 3158 4978 postulaverit
3242 4890 3428 4956 nobis
3492 4887 3763 4953 adferat.
3882 4881 4055 4949 Nam
4120 4882 4229 4948 ubi

2290 4918 2488 5047 {norit
2570 4979 2941 5047 istiusmodi
3018 4988 3196 5045 certa
3261 4975 3488 5042 auxilii
3553 4971 3760 5055 ipsius
3832 4969 4230 5053 pollicitatiO,

2291 5067 2480 5134 nobis
2539 5066 2700 5133 illud
2756 5065 3136 5132 adfuturum
3194 5071 3513 5145 oportuno
3569 5073 3861 5141 tempore
3924 5079 4065 5122 esse
4108 5074 4230 5121 nos

2293 5174 2638 5238 persuasos
2696 5161 2968 5237 oportet,
3024 5172 3099 5217 ac
3157 5146 3459 5215 fiduciam
3530 5153 3817 5210 nostram
3886 5162 4226 5227 nunquam

2291 5242 2553 5308 inanem
2622 5241 2780 5320 fore,
2844 5246 2918 5303 ut
2980 5256 3175 5319 saepe
3239 5232 3562 5317 scriptura
3628 5237 3927 5297 testatur.
4017 5228 4227 5295 Porro
