<?xml version="1.0" encoding="UTF-8"?>
<!DOCTYPE html PUBLIC "-//W3C//DTD XHTML 1.0 Transitional//EN"
    "http://www.w3.org/TR/xhtml1/DTD/xhtml1-transitional.dtd">
<html xmlns="http://www.w3.org/1999/xhtml" xml:lang="en" lang="en">
 <head>
  <title>
</title>
<meta http-equiv="Content-Type" content="text/html;charset=utf-8" />
  <meta name='ocr-system' content='tesseract 3.04.00' />
  <meta name='ocr-capabilities' content='ocr_page ocr_carea ocr_par ocr_line ocrx_word'/>
</head>
<body>
  <div class='ocr_page' id='page_1' title='image "./ioanniscalvinio07unkngoog_0263.png"; bbox 0 0 5059 6059; ppageno 0'>
   <div class='ocr_carea' id='block_1_1' title="bbox 317 305 427 372">
    <p class='ocr_par' dir='ltr' id='par_1_1' title="bbox 317 305 427 372">
     <span class='ocr_line' id='line_1_1' title="bbox 317 305 427 372; baseline -0.018 1"><span class='ocrx_word' id='word_1_1' title='bbox 317 305 427 372; x_wconf 79' lang='lat'><strong>441</strong></span> 
     </span>
    </p>
   </div>
   <div class='ocr_carea' id='block_1_2' title="bbox 308 483 2228 663">
    <p class='ocr_par' dir='ltr' id='par_1_2' title="bbox 308 483 2228 663">
     <span class='ocr_line' id='line_1_2' title="bbox 308 483 2224 572; baseline -0.006 -11"><span class='ocrx_word' id='word_1_2' title='bbox 308 493 574 561; x_wconf 81' lang='lat' dir='ltr'><strong>maxime</strong></span> <span class='ocrx_word' id='word_1_3' title='bbox 633 490 832 558; x_wconf 90' lang='lat' dir='ltr'><strong>rebus</strong></span> <span class='ocrx_word' id='word_1_4' title='bbox 894 489 1106 557; x_wconf 85' lang='lat' dir='ltr'><strong>solent</strong></span> <span class='ocrx_word' id='word_1_5' title='bbox 1162 488 1464 557; x_wconf 81' lang='lat' dir='ltr'><strong>homines</strong></span> <span class='ocrx_word' id='word_1_6' title='bbox 1518 488 1738 555; x_wconf 82' lang='lat' dir='ltr'><strong>efferri</strong></span> <span class='ocrx_word' id='word_1_7' title='bbox 1796 493 1864 552; x_wconf 86' lang='lat' dir='ltr'><strong>et</strong></span> <span class='ocrx_word' id='word_1_8' title='bbox 1906 483 2224 572; x_wconf 81' lang='lat' dir='ltr'><strong>gloriari?</strong></span> 
     </span>
     <span class='ocr_line' id='line_1_3' title="bbox 310 570 2228 663; baseline -0.005 -16"><span class='ocrx_word' id='word_1_9' title='bbox 310 579 433 647; x_wconf 79' lang='lat' dir='ltr'><strong>Alii</strong></span> <span class='ocrx_word' id='word_1_10' title='bbox 488 579 805 663; x_wconf 87' lang='lat' dir='ltr'><strong>dignitate</strong></span> <span class='ocrx_word' id='word_1_11' title='bbox 859 585 1059 660; x_wconf 88' lang='lat' dir='ltr'><strong>atque</strong></span> <span class='ocrx_word' id='word_1_12' title='bbox 1115 575 1580 659; x_wconf 87' lang='lat' dir='ltr'><strong>amplitudine,</strong></span> <span class='ocrx_word' id='word_1_13' title='bbox 1644 581 1724 640; x_wconf 88' lang='lat' dir='ltr'><strong>ut</strong></span> <span class='ocrx_word' id='word_1_14' title='bbox 1781 574 1838 638; x_wconf 91' lang='lat' dir='ltr'><strong>si</strong></span> <span class='ocrx_word' id='word_1_15' title='bbox 1895 573 1966 638; x_wconf 91' lang='lat' dir='ltr'><strong>in</strong></span> <span class='ocrx_word' id='word_1_16' title='bbox 2010 570 2228 638; x_wconf 90' lang='lat' dir='ltr'><strong>locum</strong></span> 
     </span>
    </p>
   </div>
   <div class='ocr_carea' id='block_1_3' title="bbox 312 659 2231 749">
    <p class='ocr_par' dir='ltr' id='par_1_3' title="bbox 312 659 2231 749">
     <span class='ocr_line' id='line_1_4' title="bbox 312 659 2231 749; baseline -0.006 -15"><span class='ocrx_word' id='word_1_17' title='bbox 312 667 573 748; x_wconf 84' lang='lat' dir='ltr'><strong>aliquem</strong></span> <span class='ocrx_word' id='word_1_18' title='bbox 606 673 802 749; x_wconf 89' lang='lat' dir='ltr'><strong>atque</strong></span> <span class='ocrx_word' id='word_1_19' title='bbox 835 663 1056 730; x_wconf 87' lang='lat' dir='ltr'><strong>sedem</strong></span> <span class='ocrx_word' id='word_1_20' title='bbox 1098 660 1439 747; x_wconf 86' lang='lat' dir='ltr'><strong>dignitatis</strong></span> <span class='ocrx_word' id='word_1_21' title='bbox 1473 674 1668 744; x_wconf 89' lang='lat' dir='ltr'><strong>atque</strong></span> <span class='ocrx_word' id='word_1_22' title='bbox 1703 659 1974 725; x_wconf 89' lang='lat' dir='ltr'><strong>honoris</strong></span> <span class='ocrx_word' id='word_1_23' title='bbox 2008 679 2231 724; x_wconf 86' lang='lat' dir='ltr'><strong>ascen·</strong></span> 
     </span>
    </p>
   </div>
   <div class='ocr_carea' id='block_1_4' title="bbox 292 743 2227 5295">
    <p class='ocr_par' dir='ltr' id='par_1_4' title="bbox 295 743 2227 3135">
     <span class='ocr_line' id='line_1_5' title="bbox 313 743 2227 832; baseline -0.005 -14"><span class='ocrx_word' id='word_1_24' title='bbox 313 752 523 832; x_wconf 78' lang='lat' dir='ltr'><strong>derint,</strong></span> <span class='ocrx_word' id='word_1_25' title='bbox 587 750 747 816; x_wconf 92' lang='lat' dir='ltr'><strong>adeo</strong></span> <span class='ocrx_word' id='word_1_26' title='bbox 803 749 1222 829; x_wconf 86' lang='lat' dir='ltr'><strong>insolescant,</strong></span> <span class='ocrx_word' id='word_1_27' title='bbox 1250 805 1259 816; x_wconf 93' lang='lat'><strong>.</strong></span> <span class='ocrx_word' id='word_1_28' title='bbox 1286 747 1480 814; x_wconf 88' lang='lat' dir='ltr'><strong>laude</strong></span> <span class='ocrx_word' id='word_1_29' title='bbox 1532 745 1856 825; x_wconf 84' lang='lat' dir='ltr'><strong>inebriati,</strong></span> <span class='ocrx_word' id='word_1_30' title='bbox 1922 753 1997 810; x_wconf 90' lang='lat' dir='ltr'><strong>ut</strong></span> <span class='ocrx_word' id='word_1_31' title='bbox 2060 743 2227 809; x_wconf 87' lang='lat' dir='ltr'>nihil</span> 
     </span>
     <span class='ocr_line' id='line_1_6' title="bbox 308 828 2226 990; baseline -0.005 0"><span class='ocrx_word' id='word_1_32' title='bbox 308 837 716 990; x_wconf 49' lang='lat' dir='ltr'><strong>{¹3⁸3ssssssss</strong></span> <span class='ocrx_word' id='word_1_33' title='bbox 737 837 1123 988; x_wconf 53' lang='grc' dir='ltr'><strong>ἛΞἻᾊΕ</strong></span> <span class='ocrx_word' id='word_1_34' title='bbox 1142 828 2226 986; x_wconf 48' lang='lat' dir='ltr'><strong>:ffi250225a123⁰.¹:53.⁰2¹2⁶2ffi2</strong></span> 
     </span>
     <span class='ocr_line' id='line_1_7' title="bbox 308 1001 2226 1096; baseline -0.004 -21"><span class='ocrx_word' id='word_1_35' title='bbox 308 1008 663 1096; x_wconf 74' lang='lat' dir='ltr'><strong>paradisum</strong></span> <span class='ocrx_word' id='word_1_36' title='bbox 706 1010 958 1092; x_wconf 87' lang='lat' dir='ltr'><strong>fingant</strong></span> <span class='ocrx_word' id='word_1_37' title='bbox 1003 1006 1324 1072; x_wconf 91' lang='lat' dir='ltr'><strong>bonorum</strong></span> <span class='ocrx_word' id='word_1_38' title='bbox 1368 1012 1436 1071; x_wconf 91' lang='lat' dir='ltr'><strong>et</strong></span> <span class='ocrx_word' id='word_1_39' title='bbox 1478 1005 1893 1071; x_wconf 86' lang='lat' dir='ltr'><strong>fortunarum</strong></span> <span class='ocrx_word' id='word_1_40' title='bbox 1951 1001 2226 1085; x_wconf 86' lang='lat' dir='ltr'><strong>copiam,</strong></span> 
     </span>
     <span class='ocr_line' id='line_1_8' title="bbox 306 1087 2225 1179; baseline -0.005 -18"><span class='ocrx_word' id='word_1_41' title='bbox 306 1098 505 1179; x_wconf 85' lang='lat' dir='ltr'><strong>itaque</strong></span> <span class='ocrx_word' id='word_1_42' title='bbox 556 1093 636 1161; x_wconf 87' lang='lat' dir='ltr'><strong>ad</strong></span> <span class='ocrx_word' id='word_1_43' title='bbox 697 1094 961 1161; x_wconf 88' lang='lat' dir='ltr'><strong>divitias</strong></span> <span class='ocrx_word' id='word_1_44' title='bbox 1025 1091 1413 1159; x_wconf 86' lang='lat' dir='ltr'><strong>inflammati</strong></span> <span class='ocrx_word' id='word_1_45' title='bbox 1478 1090 1793 1158; x_wconf 87' lang='lat' dir='ltr'><strong>aviditate</strong></span> <span class='ocrx_word' id='word_1_46' title='bbox 1857 1087 2225 1170; x_wconf 86' lang='lat' dir='ltr'><strong>rapiuntur,</strong></span> 
     </span>
     <span class='ocr_line' id='line_1_9' title="bbox 305 1171 2223 1265; baseline -0.005 -17"><span class='ocrx_word' id='word_1_47' title='bbox 305 1192 365 1248; x_wconf 90' lang='lat' dir='ltr'><strong>et</strong></span> <span class='ocrx_word' id='word_1_48' title='bbox 420 1181 705 1247; x_wconf 84' lang='lat' dir='ltr'><strong>maxime</strong></span> <span class='ocrx_word' id='word_1_49' title='bbox 782 1180 1151 1265; x_wconf 82' lang='lat' dir='ltr'><strong>gloriantur</strong></span> <span class='ocrx_word' id='word_1_50' title='bbox 1212 1178 1448 1259; x_wconf 89' lang='lat' dir='ltr'><strong>amplis</strong></span> <span class='ocrx_word' id='word_1_51' title='bbox 1515 1176 1821 1243; x_wconf 89' lang='lat' dir='ltr'><strong>villarum</strong></span> <span class='ocrx_word' id='word_1_52' title='bbox 1888 1171 2223 1254; x_wconf 80' lang='lat' dir='ltr'>reditibus,</span> 
     </span>
     <span class='ocr_line' id='line_1_10' title="bbox 303 1260 2224 1353; baseline -0.005 -20"><span class='ocrx_word' id='word_1_53' title='bbox 303 1267 474 1353; x_wconf 82' lang='lat' dir='ltr'><strong>gravi</strong></span> <span class='ocrx_word' id='word_1_54' title='bbox 514 1266 782 1334; x_wconf 78' lang='lat' dir='ltr'><strong>foenore</strong></span> <span class='ocrx_word' id='word_1_55' title='bbox 823 1266 1098 1331; x_wconf 89' lang='lat' dir='ltr'><strong>miseros</strong></span> <span class='ocrx_word' id='word_1_56' title='bbox 1132 1263 1467 1330; x_wconf 88' lang='lat' dir='ltr'><strong>trucidant</strong></span> <span class='ocrx_word' id='word_1_57' title='bbox 1501 1271 1568 1328; x_wconf 92' lang='lat' dir='ltr'><strong>et</strong></span> <span class='ocrx_word' id='word_1_58' title='bbox 1599 1260 1930 1346; x_wconf 75' lang='lat' dir='ltr'><strong>praesenti</strong></span> <span class='ocrx_word' id='word_1_59' title='bbox 1967 1281 2224 1343; x_wconf 88' lang='lat' dir='ltr'><strong>semper</strong></span> 
     </span>
     <span class='ocr_line' id='line_1_11' title="bbox 301 1344 2221 1438; baseline -0.004 -19"><span class='ocrx_word' id='word_1_60' title='bbox 301 1352 554 1438; x_wconf 88' lang='lat' dir='ltr'><strong>pecunia</strong></span> <span class='ocrx_word' id='word_1_61' title='bbox 599 1351 1042 1420; x_wconf 84' lang='lat' dir='ltr'><strong>delectantur:</strong></span> <span class='ocrx_word' id='word_1_62' title='bbox 1102 1350 1387 1433; x_wconf 90' lang='lat' dir='ltr'><strong>denique</strong></span> <span class='ocrx_word' id='word_1_63' title='bbox 1433 1370 1553 1416; x_wconf 89' lang='lat' dir='ltr'><strong>sua</strong></span> <span class='ocrx_word' id='word_1_64' title='bbox 1594 1347 1870 1432; x_wconf 89' lang='lat' dir='ltr'><strong>quisque</strong></span> <span class='ocrx_word' id='word_1_65' title='bbox 1911 1344 2221 1429; x_wconf 88' lang='lat' dir='ltr'><strong>cupidine</strong></span> 
     </span>
     <span class='ocr_line' id='line_1_12' title="bbox 301 1432 2220 1538; baseline -0.003 -35"><span class='ocrx_word' id='word_1_66' title='bbox 301 1439 622 1524; x_wconf 81' lang='lat' dir='ltr'><strong>gloriatur,</strong></span> <span class='ocrx_word' id='word_1_67' title='bbox 681 1448 748 1504; x_wconf 89' lang='lat' dir='ltr'><strong>et</strong></span> <span class='ocrx_word' id='word_1_68' title='bbox 802 1438 1093 1538; x_wconf 79' lang='lat' dir='ltr'><strong>maxime</strong></span> <span class='ocrx_word' id='word_1_69' title='bbox 1150 1436 1447 1535; x_wconf 47' lang='lat' dir='ltr'><strong>laetatur·</strong></span> <span class='ocrx_word' id='word_1_70' title='bbox 1473 1436 1529 1501; x_wconf 89' lang='lat' dir='ltr'><strong>si</strong></span> <span class='ocrx_word' id='word_1_71' title='bbox 1573 1442 1793 1518; x_wconf 87' lang='lat' dir='ltr'><strong>potest</strong></span> <span class='ocrx_word' id='word_1_72' title='bbox 1834 1452 1977 1498; x_wconf 87' lang='lat' dir='ltr'><strong>esse</strong></span> <span class='ocrx_word' id='word_1_73' title='bbox 2020 1432 2220 1497; x_wconf 90' lang='lat' dir='ltr'><strong>animi</strong></span> 
     </span>
     <span class='ocr_line' id='line_1_13' title="bbox 300 1523 2224 1704; baseline -0.005 -28"><span class='ocrx_word' id='word_1_74' title='bbox 300 1523 1281 1691; x_wconf 30' lang='lat' dir='ltr'><strong>ffilffnmffisbemltizssliffeoggff</strong></span> <span class='ocrx_word' id='word_1_75' title='bbox 1312 1523 1803 1673; x_wconf 54' lang='lat' dir='ltr'><strong>ggofassffig</strong></span> <span class='ocrx_word' id='word_1_76' title='bbox 1822 1538 2084 1704; x_wconf 37' lang='lat' dir='ltr'><strong>aaran</strong></span> <span class='ocrx_word' id='word_1_77' title='bbox 2104 1524 2224 1668; x_wconf 50' lang='grc' dir='ltr'><strong>ἒξ</strong></span> 
     </span>
     <span class='ocr_line' id='line_1_14' title="bbox 300 1692 2223 1775; baseline -0.004 -14"><span class='ocrx_word' id='word_1_78' title='bbox 300 1695 755 1761; x_wconf 73' lang='lat' dir='ltr'><strong>condemnatio.</strong></span> <span class='ocrx_word' id='word_1_79' title='bbox 825 1694 996 1761; x_wconf 84' lang='lat' dir='ltr'><strong>Nam</strong></span> <span class='ocrx_word' id='word_1_80' title='bbox 1036 1714 1228 1760; x_wconf 89' lang='lat' dir='ltr'><strong>voces</strong></span> <span class='ocrx_word' id='word_1_81' title='bbox 1271 1692 1425 1758; x_wconf 89' lang='lat' dir='ltr'><strong>illae</strong></span> <span class='ocrx_word' id='word_1_82' title='bbox 1467 1713 1631 1775; x_wconf 90' lang='lat' dir='ltr'><strong>quas</strong></span> <span class='ocrx_word' id='word_1_83' title='bbox 1671 1710 1961 1756; x_wconf 72' lang='lat' dir='ltr'><strong>mortens</strong></span> <span class='ocrx_word' id='word_1_84' title='bbox 1994 1698 2223 1755; x_wconf 88' lang='lat' dir='ltr'><strong>sancta</strong></span> 
     </span>
     <span class='ocr_line' id='line_1_15' title="bbox 299 1774 2220 1865; baseline -0.005 -17"><span class='ocrx_word' id='word_1_85' title='bbox 299 1781 514 1848; x_wconf 88' lang='lat' dir='ltr'><strong>mulier</strong></span> <span class='ocrx_word' id='word_1_86' title='bbox 553 1782 850 1865; x_wconf 85' lang='lat' dir='ltr'><strong>protulit,</strong></span> <span class='ocrx_word' id='word_1_87' title='bbox 877 1779 1066 1846; x_wconf 88' lang='lat' dir='ltr'><strong>nobis</strong></span> <span class='ocrx_word' id='word_1_88' title='bbox 1108 1781 1318 1845; x_wconf 88' lang='lat' dir='ltr'><strong>instar</strong></span> <span class='ocrx_word' id='word_1_89' title='bbox 1352 1778 1730 1845; x_wconf 77' lang='lat' dir='ltr'><strong>testamenti</strong></span> <span class='ocrx_word' id='word_1_90' title='bbox 1772 1796 1917 1842; x_wconf 87' lang='lat' dir='ltr'><strong>esse</strong></span> <span class='ocrx_word' id='word_1_91' title='bbox 1960 1774 2220 1851; x_wconf 89' lang='lat' dir='ltr'><strong>debent,</strong></span> 
     </span>
     <span class='ocr_line' id='line_1_16' title="bbox 298 1862 2223 1951; baseline -0.003 -19"><span class='ocrx_word' id='word_1_92' title='bbox 298 1886 409 1951; x_wconf 88' lang='lat' dir='ltr'><strong>quo</strong></span> <span class='ocrx_word' id='word_1_93' title='bbox 446 1866 596 1951; x_wconf 88' lang='lat' dir='ltr'><strong>qnid</strong></span> <span class='ocrx_word' id='word_1_94' title='bbox 647 1866 849 1933; x_wconf 90' lang='lat' dir='ltr'><strong>officii</strong></span> <span class='ocrx_word' id='word_1_95' title='bbox 889 1865 1098 1932; x_wconf 89' lang='lat' dir='ltr'><strong>nostri</strong></span> <span class='ocrx_word' id='word_1_96' title='bbox 1139 1865 1228 1931; x_wconf 89' lang='lat' dir='ltr'><strong>sit</strong></span> <span class='ocrx_word' id='word_1_97' title='bbox 1281 1864 1694 1930; x_wconf 83' lang='lat' dir='ltr'><strong>erudiamur:</strong></span> <span class='ocrx_word' id='word_1_98' title='bbox 1748 1862 1937 1929; x_wconf 86' lang='lat' dir='ltr'><strong>cuius</strong></span> <span class='ocrx_word' id='word_1_99' title='bbox 1994 1882 2223 1945; x_wconf 87' lang='lat' dir='ltr'><strong>perpe·</strong></span> 
     </span>
     <span class='ocr_line' id='line_1_17' title="bbox 298 1947 2222 2036; baseline -0.003 -18"><span class='ocrx_word' id='word_1_100' title='bbox 298 1961 399 2019; x_wconf 88' lang='lat' dir='ltr'><strong>tna</strong></span> <span class='ocrx_word' id='word_1_101' title='bbox 416 1974 690 2036; x_wconf 76' lang='lat' dir='ltr'><strong>semper,</strong></span> <span class='ocrx_word' id='word_1_102' title='bbox 735 1951 1163 2036; x_wconf 88' lang='lat' dir='ltr'><strong>quantumvis</strong></span> <span class='ocrx_word' id='word_1_103' title='bbox 1185 1972 1225 2017; x_wconf 92' lang='lat' dir='ltr'><strong>a</strong></span> <span class='ocrx_word' id='word_1_104' title='bbox 1247 1951 1433 2017; x_wconf 90' lang='lat' dir='ltr'><strong>nobis</strong></span> <span class='ocrx_word' id='word_1_105' title='bbox 1463 1949 1860 2034; x_wconf 80' lang='lat' dir='ltr'><strong>profanetur,</strong></span> <span class='ocrx_word' id='word_1_106' title='bbox 1882 1947 2102 2014; x_wconf 82' lang='lat' dir='ltr'><strong>futura</strong></span> <span class='ocrx_word' id='word_1_107' title='bbox 2123 1956 2222 2013; x_wconf 84' lang='lat' dir='ltr'><strong>est</strong></span> 
     </span>
     <span class='ocr_line' id='line_1_18' title="bbox 296 2036 2214 2119; baseline -0.003 -15"><span class='ocrx_word' id='word_1_108' title='bbox 296 2040 614 2104; x_wconf 85' lang='lat' dir='ltr'><strong>autoritas.</strong></span> <span class='ocrx_word' id='word_1_109' title='bbox 682 2039 945 2104; x_wconf 77' lang='lat' dir='ltr'><strong>Testem</strong></span> <span class='ocrx_word' id='word_1_110' title='bbox 970 2036 1147 2104; x_wconf 86' lang='lat' dir='ltr'><strong>hunc</strong></span> <span class='ocrx_word' id='word_1_111' title='bbox 1170 2038 1392 2119; x_wconf 88' lang='lat' dir='ltr'><strong>itaque</strong></span> <span class='ocrx_word' id='word_1_112' title='bbox 1426 2036 1803 2118; x_wconf 89' lang='lat' dir='ltr'><strong>loquentem</strong></span> <span class='ocrx_word' id='word_1_113' title='bbox 1838 2041 1906 2099; x_wconf 91' lang='lat' dir='ltr'><strong>et</strong></span> <span class='ocrx_word' id='word_1_114' title='bbox 1947 2053 2069 2098; x_wconf 90' lang='lat' dir='ltr'><strong>nos</strong></span> <span class='ocrx_word' id='word_1_115' title='bbox 2110 2053 2214 2099; x_wconf 88' lang='lat' dir='ltr'><strong>oo-</strong></span> 
     </span>
     <span class='ocr_line' id='line_1_19' title="bbox 295 2118 2220 2210; baseline -0.004 -19"><span class='ocrx_word' id='word_1_116' title='bbox 295 2124 649 2191; x_wconf 86' lang='lat' dir='ltr'><strong>hortantem</strong></span> <span class='ocrx_word' id='word_1_117' title='bbox 696 2124 1057 2203; x_wconf 86' lang='lat' dir='ltr'><strong>audiamus,</strong></span> <span class='ocrx_word' id='word_1_118' title='bbox 1101 2130 1170 2188; x_wconf 89' lang='lat' dir='ltr'><strong>et</strong></span> <span class='ocrx_word' id='word_1_119' title='bbox 1210 2123 1581 2210; x_wconf 85' lang='lat' dir='ltr'><strong>imitemur:</strong></span> <span class='ocrx_word' id='word_1_120' title='bbox 1632 2119 1843 2186; x_wconf 88' lang='lat' dir='ltr'><strong>voluit</strong></span> <span class='ocrx_word' id='word_1_121' title='bbox 1883 2118 2062 2185; x_wconf 90' lang='lat' dir='ltr'><strong>enim</strong></span> <span class='ocrx_word' id='word_1_122' title='bbox 2104 2118 2220 2184; x_wconf 87' lang='lat' dir='ltr'><strong>illa</strong></span> 
     </span>
     <span class='ocr_line' id='line_1_20' title="bbox 295 2204 2221 2297; baseline -0.004 -19"><span class='ocrx_word' id='word_1_123' title='bbox 295 2211 560 2297; x_wconf 79' lang='lat' dir='ltr'><strong>singulos</strong></span> <span class='ocrx_word' id='word_1_124' title='bbox 606 2209 966 2276; x_wconf 84' lang='lat' dir='ltr'><strong>admonere</strong></span> <span class='ocrx_word' id='word_1_125' title='bbox 1008 2208 1090 2274; x_wconf 90' lang='lat' dir='ltr'><strong>de</strong></span> <span class='ocrx_word' id='word_1_126' title='bbox 1112 2208 1237 2274; x_wconf 88' lang='lat' dir='ltr'><strong>Dei</strong></span> <span class='ocrx_word' id='word_1_127' title='bbox 1281 2208 1510 2292; x_wconf 82' lang='lat' dir='ltr'><strong>gloria,</strong></span> <span class='ocrx_word' id='word_1_128' title='bbox 1555 2206 1744 2274; x_wconf 89' lang='lat' dir='ltr'><strong>cuius</strong></span> <span class='ocrx_word' id='word_1_129' title='bbox 1788 2204 2080 2271; x_wconf 89' lang='lat' dir='ltr'><strong>studium</strong></span> <span class='ocrx_word' id='word_1_130' title='bbox 2122 2225 2221 2271; x_wconf 88' lang='lat' dir='ltr'><strong>re-</strong></span> 
     </span>
     <span class='ocr_line' id='line_1_21' title="bbox 295 2289 2215 2378; baseline -0.003 -15"><span class='ocrx_word' id='word_1_131' title='bbox 295 2295 401 2363; x_wconf 88' lang='lat' dir='ltr'><strong>bus</strong></span> <span class='ocrx_word' id='word_1_132' title='bbox 483 2295 801 2363; x_wconf 81' lang='lat' dir='ltr'><strong>omnibus</strong></span> <span class='ocrx_word' id='word_1_133' title='bbox 892 2293 1167 2378; x_wconf 85' lang='lat' dir='ltr'><strong>privatis</strong></span> <span class='ocrx_word' id='word_1_134' title='bbox 1242 2303 1309 2358; x_wconf 88' lang='lat' dir='ltr'><strong>et</strong></span> <span class='ocrx_word' id='word_1_135' title='bbox 1384 2291 1741 2359; x_wconf 74' lang='lat' dir='ltr'><strong>carissimis</strong></span> <span class='ocrx_word' id='word_1_136' title='bbox 1817 2289 2215 2374; x_wconf 87' lang='lat' dir='ltr'><strong>anteposuit.</strong></span> 
     </span>
     <span class='ocr_line' id='line_1_22' title="bbox 296 2376 2216 2467; baseline -0.005 -17"><span class='ocrx_word' id='word_1_137' title='bbox 296 2384 735 2467; x_wconf 73' lang='lat' dir='ltr'><strong>Agnoscamus</strong></span> <span class='ocrx_word' id='word_1_138' title='bbox 809 2402 931 2448; x_wconf 90' lang='lat' dir='ltr'><strong>nos</strong></span> <span class='ocrx_word' id='word_1_139' title='bbox 1010 2381 1152 2446; x_wconf 88' lang='lat' dir='ltr'><strong>sine</strong></span> <span class='ocrx_word' id='word_1_140' title='bbox 1216 2377 1360 2445; x_wconf 88' lang='lat' dir='ltr'><strong>Deo</strong></span> <span class='ocrx_word' id='word_1_141' title='bbox 1429 2378 1739 2446; x_wconf 89' lang='lat' dir='ltr'><strong>benevolo</strong></span> <span class='ocrx_word' id='word_1_142' title='bbox 1804 2386 1871 2441; x_wconf 87' lang='lat' dir='ltr'><strong>et</strong></span> <span class='ocrx_word' id='word_1_143' title='bbox 1936 2376 2216 2460; x_wconf 88' lang='lat' dir='ltr'><strong>propitio</strong></span> 
     </span>
     <span class='ocr_line' id='line_1_23' title="bbox 295 2462 2217 2554; baseline -0.003 -22"><span class='ocrx_word' id='word_1_144' title='bbox 295 2469 463 2554; x_wconf 88' lang='lat' dir='ltr'><strong>longe</strong></span> <span class='ocrx_word' id='word_1_145' title='bbox 534 2468 838 2534; x_wconf 87' lang='lat' dir='ltr'><strong>omnium</strong></span> <span class='ocrx_word' id='word_1_146' title='bbox 902 2466 1340 2542; x_wconf 84' lang='lat' dir='ltr'><strong>miserrimos:</strong></span> <span class='ocrx_word' id='word_1_147' title='bbox 1421 2472 1490 2529; x_wconf 87' lang='lat' dir='ltr'><strong>et</strong></span> <span class='ocrx_word' id='word_1_148' title='bbox 1553 2483 1979 2548; x_wconf 87' lang='lat' dir='ltr'><strong>quaecunque</strong></span> <span class='ocrx_word' id='word_1_149' title='bbox 2043 2462 2217 2528; x_wconf 90' lang='lat' dir='ltr'><strong>bona</strong></span> 
     </span>
     <span class='ocr_line' id='line_1_24' title="bbox 298 2548 2218 2718; baseline -0.003 -13"><span class='ocrx_word' id='word_1_150' title='bbox 298 2554 982 2705; x_wconf 52' lang='lat' dir='ltr'><strong>&amp;affinii‘ssvffffim</strong></span> <span class='ocrx_word' id='word_1_151' title='bbox 1024 2550 1263 2718; x_wconf 56' lang='lat'><strong>3⁶32·</strong></span> <span class='ocrx_word' id='word_1_152' title='bbox 1311 2548 2218 2717; x_wconf 60' lang='lat'><strong>{?1.·33{⁰3{⁰¹;²23·..2‡2.03{3</strong></span> 
     </span>
     <span class='ocr_line' id='line_1_25' title="bbox 298 2719 2216 2811; baseline -0.004 -19"><span class='ocrx_word' id='word_1_153' title='bbox 298 2726 592 2811; x_wconf 84' lang='lat' dir='ltr'><strong>volumus,</strong></span> <span class='ocrx_word' id='word_1_154' title='bbox 635 2726 865 2791; x_wconf 91' lang='lat' dir='ltr'><strong>Deum</strong></span> <span class='ocrx_word' id='word_1_155' title='bbox 904 2723 979 2790; x_wconf 90' lang='lat' dir='ltr'><strong>in</strong></span> <span class='ocrx_word' id='word_1_156' title='bbox 1020 2723 1253 2806; x_wconf 85' lang='lat' dir='ltr'><strong>primis</strong></span> <span class='ocrx_word' id='word_1_157' title='bbox 1295 2732 1550 2806; x_wconf 88' lang='lat' dir='ltr'><strong>patrem</strong></span> <span class='ocrx_word' id='word_1_158' title='bbox 1592 2719 1964 2786; x_wconf 85' lang='lat' dir='ltr'><strong>habeamus.</strong></span> <span class='ocrx_word' id='word_1_159' title='bbox 2044 2719 2216 2785; x_wconf 90' lang='lat' dir='ltr'><strong>Nam</strong></span> 
     </span>
     <span class='ocr_line' id='line_1_26' title="bbox 296 2807 2219 2894; baseline -0.003 -17"><span class='ocrx_word' id='word_1_160' title='bbox 296 2810 403 2878; x_wconf 87' lang='lat' dir='ltr'><strong>hoc</strong></span> <span class='ocrx_word' id='word_1_161' title='bbox 440 2813 494 2877; x_wconf 89' lang='lat' dir='ltr'><strong>si</strong></span> <span class='ocrx_word' id='word_1_162' title='bbox 535 2809 923 2894; x_wconf 87' lang='lat' dir='ltr'><strong>consequuti</strong></span> <span class='ocrx_word' id='word_1_163' title='bbox 965 2810 1300 2889; x_wconf 83' lang='lat' dir='ltr'><strong>fuerimus,</strong></span> <span class='ocrx_word' id='word_1_164' title='bbox 1356 2807 1564 2891; x_wconf 85' lang='lat' dir='ltr'><strong>deque</strong></span> <span class='ocrx_word' id='word_1_165' title='bbox 1620 2807 1829 2891; x_wconf 88' lang='lat' dir='ltr'><strong>ipsius</strong></span> <span class='ocrx_word' id='word_1_166' title='bbox 1883 2826 2043 2890; x_wconf 90' lang='lat' dir='ltr'><strong>erga</strong></span> <span class='ocrx_word' id='word_1_167' title='bbox 2097 2826 2219 2872; x_wconf 91' lang='lat' dir='ltr'><strong>nos</strong></span> 
     </span>
     <span class='ocr_line' id='line_1_27' title="bbox 297 2890 2216 2979; baseline -0.004 -16"><span class='ocrx_word' id='word_1_168' title='bbox 297 2897 735 2963; x_wconf 88' lang='lat' dir='ltr'><strong>benevolentia</strong></span> <span class='ocrx_word' id='word_1_169' title='bbox 803 2903 983 2962; x_wconf 86' lang='lat' dir='ltr'><strong>certo</strong></span> <span class='ocrx_word' id='word_1_170' title='bbox 1052 2895 1388 2979; x_wconf 84' lang='lat' dir='ltr'><strong>persuasi,</strong></span> <span class='ocrx_word' id='word_1_171' title='bbox 1453 2903 1596 2958; x_wconf 89' lang='lat' dir='ltr'><strong>tum</strong></span> <span class='ocrx_word' id='word_1_172' title='bbox 1668 2892 1860 2957; x_wconf 89' lang='lat' dir='ltr'><strong>nobis</strong></span> <span class='ocrx_word' id='word_1_173' title='bbox 1930 2890 2216 2973; x_wconf 80' lang='lat' dir='ltr'><strong>amplam</strong></span> 
     </span>
     <span class='ocr_line' id='line_1_28' title="bbox 299 2978 2215 3135; baseline -0.004 -86"><span class='ocrx_word' id='word_1_174' title='bbox 299 2982 689 3135; x_wconf 55' lang='lat' dir='ltr'><strong>ggriationis</strong></span> <span class='ocrx_word' id='word_1_175' title='bbox 766 2981 1112 3047; x_wconf 84' lang='lat' dir='ltr'><strong>materiam</strong></span> <span class='ocrx_word' id='word_1_176' title='bbox 1188 2980 1588 3064; x_wconf 87' lang='lat' dir='ltr'><strong>propositam</strong></span> <span class='ocrx_word' id='word_1_177' title='bbox 1667 2985 1845 3044; x_wconf 88' lang='lat' dir='ltr'><strong>certo</strong></span> <span class='ocrx_word' id='word_1_178' title='bbox 1914 2978 2215 3043; x_wconf 89' lang='lat' dir='ltr'><strong>sciamus.</strong></span> 
     </span>
    </p>

    <p class='ocr_par' dir='ltr' id='par_1_5' title="bbox 292 3062 2219 5295">
     <span class='ocr_line' id='line_1_29' title="bbox 379 3062 2219 3150; baseline -0.002 -16"><span class='ocrx_word' id='word_1_179' title='bbox 379 3079 520 3135; x_wconf 84' lang='lat' dir='ltr'><strong>ntra</strong></span> <span class='ocrx_word' id='word_1_180' title='bbox 540 3089 708 3135; x_wconf 88' lang='lat' dir='ltr'><strong>vero</strong></span> <span class='ocrx_word' id='word_1_181' title='bbox 749 3088 874 3133; x_wconf 89' lang='lat' dir='ltr'><strong>vae</strong></span> <span class='ocrx_word' id='word_1_182' title='bbox 917 3065 1122 3147; x_wconf 89' lang='lat' dir='ltr'><strong>nobis,</strong></span> <span class='ocrx_word' id='word_1_183' title='bbox 1168 3086 1291 3132; x_wconf 90' lang='lat' dir='ltr'><strong>vae</strong></span> <span class='ocrx_word' id='word_1_184' title='bbox 1333 3068 1619 3150; x_wconf 89' lang='lat' dir='ltr'><strong>inquam,</strong></span> <span class='ocrx_word' id='word_1_185' title='bbox 1654 3062 1845 3129; x_wconf 90' lang='lat' dir='ltr'><strong>nobis</strong></span> <span class='ocrx_word' id='word_1_186' title='bbox 1882 3071 1947 3128; x_wconf 90' lang='lat' dir='ltr'><strong>et</strong></span> <span class='ocrx_word' id='word_1_187' title='bbox 1980 3062 2219 3147; x_wconf 84' lang='lat' dir='ltr'><strong>gloria-</strong></span> 
     </span>
     <span class='ocr_line' id='line_1_30' title="bbox 298 3149 2217 3234; baseline -0.003 -15"><span class='ocrx_word' id='word_1_188' title='bbox 298 3155 437 3220; x_wconf 82' lang='lat' dir='ltr'><strong>tioni</strong></span> <span class='ocrx_word' id='word_1_189' title='bbox 498 3163 792 3234; x_wconf 82' lang='lat' dir='ltr'><strong>nostrae,</strong></span> <span class='ocrx_word' id='word_1_190' title='bbox 854 3152 1111 3219; x_wconf 89' lang='lat' dir='ltr'><strong>etiamsi</strong></span> <span class='ocrx_word' id='word_1_191' title='bbox 1169 3160 1476 3219; x_wconf 86' lang='lat' dir='ltr'><strong>votorum</strong></span> <span class='ocrx_word' id='word_1_192' title='bbox 1533 3149 1832 3215; x_wconf 89' lang='lat' dir='ltr'><strong>omnium</strong></span> <span class='ocrx_word' id='word_1_193' title='bbox 1888 3159 2217 3232; x_wconf 87' lang='lat' dir='ltr'><strong>compotes</strong></span> 
     </span>
     <span class='ocr_line' id='line_1_31' title="bbox 299 3236 2214 3325; baseline -0.004 -18"><span class='ocrx_word' id='word_1_194' title='bbox 299 3241 523 3319; x_wconf 82' lang='lat' dir='ltr'><strong>fiamus,</strong></span> <span class='ocrx_word' id='word_1_195' title='bbox 580 3239 765 3325; x_wconf 86' lang='lat' dir='ltr'><strong>quod</strong></span> <span class='ocrx_word' id='word_1_196' title='bbox 820 3239 893 3304; x_wconf 88' lang='lat' dir='ltr'><strong>in</strong></span> <span class='ocrx_word' id='word_1_197' title='bbox 935 3236 1288 3322; x_wconf 83' lang='lat' dir='ltr'><strong>perniciem</strong></span> <span class='ocrx_word' id='word_1_198' title='bbox 1332 3245 1401 3303; x_wconf 90' lang='lat' dir='ltr'><strong>et</strong></span> <span class='ocrx_word' id='word_1_199' title='bbox 1440 3236 1715 3302; x_wconf 82' lang='lat' dir='ltr'><strong>exitium</strong></span> <span class='ocrx_word' id='word_1_200' title='bbox 1759 3244 2054 3301; x_wconf 88' lang='lat' dir='ltr'><strong>nostrum</strong></span> <span class='ocrx_word' id='word_1_201' title='bbox 2097 3255 2214 3318; x_wconf 87' lang='lat' dir='ltr'><strong>po-</strong></span> 
     </span>
     <span class='ocr_line' id='line_1_32' title="bbox 297 3320 2214 3411; baseline -0.003 -19"><span class='ocrx_word' id='word_1_202' title='bbox 297 3327 410 3393; x_wconf 87' lang='lat' dir='ltr'><strong>tius</strong></span> <span class='ocrx_word' id='word_1_203' title='bbox 469 3348 671 3411; x_wconf 88' lang='lat' dir='ltr'><strong>quam</strong></span> <span class='ocrx_word' id='word_1_204' title='bbox 737 3322 1149 3391; x_wconf 89' lang='lat' dir='ltr'><strong>commodum</strong></span> <span class='ocrx_word' id='word_1_205' title='bbox 1213 3322 1549 3390; x_wconf 89' lang='lat' dir='ltr'><strong>cumulata</strong></span> <span class='ocrx_word' id='word_1_206' title='bbox 1616 3322 1767 3387; x_wconf 90' lang='lat' dir='ltr'><strong>sint.</strong></span> <span class='ocrx_word' id='word_1_207' title='bbox 1879 3320 1993 3389; x_wconf 82' lang='lat' dir='ltr'><strong>Sic</strong></span> <span class='ocrx_word' id='word_1_208' title='bbox 2064 3342 2214 3403; x_wconf 88' lang='lat' dir='ltr'><strong>pro-</strong></span> 
     </span>
     <span class='ocr_line' id='line_1_33' title="bbox 297 3405 2215 3496; baseline -0.004 -18"><span class='ocrx_word' id='word_1_209' title='bbox 297 3412 472 3496; x_wconf 88' lang='lat' dir='ltr'><strong>pheta</strong></span> <span class='ocrx_word' id='word_1_210' title='bbox 510 3413 759 3481; x_wconf 83' lang='lat' dir='ltr'><strong>docens</strong></span> <span class='ocrx_word' id='word_1_211' title='bbox 804 3408 1126 3496; x_wconf 87' lang='lat' dir='ltr'><strong>quomodo</strong></span> <span class='ocrx_word' id='word_1_212' title='bbox 1161 3410 1250 3475; x_wconf 86' lang='lat' dir='ltr'><strong>sit</strong></span> <span class='ocrx_word' id='word_1_213' title='bbox 1283 3408 1473 3476; x_wconf 90' lang='lat' dir='ltr'><strong>nobis</strong></span> <span class='ocrx_word' id='word_1_214' title='bbox 1507 3409 1578 3474; x_wconf 93' lang='lat' dir='ltr'><strong>in</strong></span> <span class='ocrx_word' id='word_1_215' title='bbox 1603 3406 1748 3473; x_wconf 92' lang='lat' dir='ltr'><strong>Deo</strong></span> <span class='ocrx_word' id='word_1_216' title='bbox 1783 3405 2215 3492; x_wconf 88' lang='lat' dir='ltr'><strong>gloriandum,</strong></span> 
     </span>
     <span class='ocr_line' id='line_1_34' title="bbox 299 3492 2216 3581; baseline -0.002 -20"><span class='ocrx_word' id='word_1_217' title='bbox 299 3498 543 3581; x_wconf 84' lang='lat' dir='ltr'><strong>gloriam</strong></span> <span class='ocrx_word' id='word_1_218' title='bbox 601 3517 868 3564; x_wconf 89' lang='lat' dir='ltr'><strong>omnem</strong></span> <span class='ocrx_word' id='word_1_219' title='bbox 927 3495 1304 3562; x_wconf 86' lang='lat' dir='ltr'><strong>mortalium</strong></span> <span class='ocrx_word' id='word_1_220' title='bbox 1365 3494 1600 3572; x_wconf 86' lang='lat' dir='ltr'><strong>deiicit,</strong></span> <span class='ocrx_word' id='word_1_221' title='bbox 1658 3513 1790 3576; x_wconf 92' lang='lat' dir='ltr'><strong>qua</strong></span> <span class='ocrx_word' id='word_1_222' title='bbox 1832 3492 2216 3576; x_wconf 89' lang='lat' dir='ltr'><strong>plerumque</strong></span> 
     </span>
     <span class='ocr_line' id='line_1_35' title="bbox 297 3578 2214 3665; baseline -0.002 -18"><span class='ocrx_word' id='word_1_223' title='bbox 297 3583 584 3650; x_wconf 82' lang='lat' dir='ltr'><strong>falluntur</strong></span> <span class='ocrx_word' id='word_1_224' title='bbox 626 3591 702 3648; x_wconf 86' lang='lat' dir='ltr'><strong>et</strong></span> <span class='ocrx_word' id='word_1_225' title='bbox 742 3581 1177 3665; x_wconf 85' lang='lat' dir='ltr'><strong>decipiuntur.</strong></span> <span class='ocrx_word' id='word_1_226' title='bbox 1265 3581 1438 3647; x_wconf 89' lang='lat' dir='ltr'><strong>Nam</strong></span> <span class='ocrx_word' id='word_1_227' title='bbox 1480 3579 1868 3663; x_wconf 88' lang='lat' dir='ltr'><strong>plerumque</strong></span> <span class='ocrx_word' id='word_1_228' title='bbox 1911 3578 2098 3645; x_wconf 86' lang='lat' dir='ltr'><strong>dives</strong></span> <span class='ocrx_word' id='word_1_229' title='bbox 2140 3580 2214 3643; x_wconf 89' lang='lat' dir='ltr'><strong>in</strong></span> 
     </span>
     <span class='ocr_line' id='line_1_36' title="bbox 299 3664 2215 3753; baseline -0.001 -21"><span class='ocrx_word' id='word_1_230' title='bbox 299 3665 518 3735; x_wconf 84' lang='lat' dir='ltr'><strong>divitiis</strong></span> <span class='ocrx_word' id='word_1_231' title='bbox 540 3670 685 3736; x_wconf 86' lang='lat' dir='ltr'><strong>suis</strong></span> <span class='ocrx_word' id='word_1_232' title='bbox 705 3668 1059 3753; x_wconf 62' lang='lat' dir='ltr'><strong>gloriatur,</strong></span> <span class='ocrx_word' id='word_1_233' title='bbox 1103 3666 1292 3734; x_wconf 82' lang='lat' dir='ltr'><strong>fortis</strong></span> <span class='ocrx_word' id='word_1_234' title='bbox 1334 3668 1405 3732; x_wconf 91' lang='lat' dir='ltr'><strong>in</strong></span> <span class='ocrx_word' id='word_1_235' title='bbox 1446 3664 1833 3731; x_wconf 84' lang='lat' dir='ltr'><strong>fortitudine</strong></span> <span class='ocrx_word' id='word_1_236' title='bbox 1877 3675 1942 3728; x_wconf 89' lang='lat' dir='ltr'><strong>et</strong></span> <span class='ocrx_word' id='word_1_237' title='bbox 1983 3665 2215 3730; x_wconf 88' lang='lat' dir='ltr'><strong>robore</strong></span> 
     </span>
     <span class='ocr_line' id='line_1_37' title="bbox 299 3749 2213 3840; baseline -0.003 -20"><span class='ocrx_word' id='word_1_238' title='bbox 299 3772 417 3830; x_wconf 77' lang='lat' dir='ltr'><strong>suo,</strong></span> <span class='ocrx_word' id='word_1_239' title='bbox 475 3756 743 3840; x_wconf 88' lang='lat' dir='ltr'><strong>sapiens</strong></span> <span class='ocrx_word' id='word_1_240' title='bbox 800 3755 874 3820; x_wconf 91' lang='lat' dir='ltr'><strong>in</strong></span> <span class='ocrx_word' id='word_1_241' title='bbox 928 3753 1266 3836; x_wconf 86' lang='lat' dir='ltr'><strong>sapientia.</strong></span> <span class='ocrx_word' id='word_1_242' title='bbox 1365 3753 1460 3817; x_wconf 78' lang='lat' dir='ltr'><strong>At</strong></span> <span class='ocrx_word' id='word_1_243' title='bbox 1515 3750 1871 3834; x_wconf 86' lang='lat' dir='ltr'><strong>propheta:</strong></span> <span class='ocrx_word' id='word_1_244' title='bbox 1939 3749 2049 3815; x_wconf 70' lang='lat' dir='ltr'><strong>Sic</strong></span> <span class='ocrx_word' id='word_1_245' title='bbox 2102 3750 2213 3830; x_wconf 69' lang='lat' dir='ltr'><strong>ait,</strong></span> 
     </span>
     <span class='ocr_line' id='line_1_38' title="bbox 298 3835 2214 3922; baseline -0.001 -20"><span class='ocrx_word' id='word_1_246' title='bbox 298 3837 502 3922; x_wconf 78' lang='lat' dir='ltr'><strong>inquit,</strong></span> <span class='ocrx_word' id='word_1_247' title='bbox 538 3841 811 3908; x_wconf 72' lang='lat' dir='ltr'><strong>Iehova:</strong></span> <span class='ocrx_word' id='word_1_248' title='bbox 855 3840 958 3905; x_wconf 82' lang='lat' dir='ltr'><strong>Ne</strong></span> <span class='ocrx_word' id='word_1_249' title='bbox 988 3840 1301 3922; x_wconf 70' lang='lat' dir='ltr'><strong>ylaem&#39;ator</strong></span> <span class='ocrx_word' id='word_1_250' title='bbox 1330 3838 1588 3922; x_wconf 74' lang='lat' dir='ltr'><strong>sapiens</strong></span> <span class='ocrx_word' id='word_1_251' title='bbox 1619 3837 1695 3903; x_wconf 72' lang='lat' dir='ltr'><strong>in</strong></span> <span class='ocrx_word' id='word_1_252' title='bbox 1724 3835 2039 3918; x_wconf 70' lang='lat' dir='ltr'><strong>sapientia</strong></span> <span class='ocrx_word' id='word_1_253' title='bbox 2071 3856 2214 3913; x_wconf 73' lang='lat' dir='ltr'><strong>sua,</strong></span> 
     </span>
     <span class='ocr_line' id='line_1_39' title="bbox 298 3921 2214 4026; baseline -0.004 -33"><span class='ocrx_word' id='word_1_254' title='bbox 298 3927 805 4026; x_wconf 59' lang='lat' dir='ltr'><strong>myzoriator</strong></span> <span class='ocrx_word' id='word_1_255' title='bbox 833 3930 1059 4025; x_wconf 69' lang='lat' dir='ltr'><strong>potens</strong></span> <span class='ocrx_word' id='word_1_256' title='bbox 1099 3925 1686 4025; x_wconf 45' lang='lat' dir='ltr'><strong>inpotentiae-ua,</strong></span> <span class='ocrx_word' id='word_1_257' title='bbox 1743 3942 1942 4005; x_wconf 73' lang='lat' dir='ltr'><strong>neque</strong></span> <span class='ocrx_word' id='word_1_258' title='bbox 1980 3921 2214 4019; x_wconf 66' lang='lat' dir='ltr'><strong>ylonoe</strong></span> 
     </span>
     <span class='ocr_line' id='line_1_40' title="bbox 295 4007 2213 4093; baseline -0.001 -19"><span class='ocrx_word' id='word_1_259' title='bbox 295 4012 383 4074; x_wconf 71' lang='lat' dir='ltr'><strong>tor</strong></span> <span class='ocrx_word' id='word_1_260' title='bbox 430 4011 594 4079; x_wconf 74' lang='lat' dir='ltr'><strong>dwee</strong></span> <span class='ocrx_word' id='word_1_261' title='bbox 649 4032 728 4076; x_wconf 77' lang='lat' dir='ltr'><strong>m</strong></span> <span class='ocrx_word' id='word_1_262' title='bbox 790 4011 1041 4078; x_wconf 68' lang='lat' dir='ltr'><strong>dwttus</strong></span> <span class='ocrx_word' id='word_1_263' title='bbox 1096 4031 1254 4077; x_wconf 62' lang='lat' dir='ltr'><strong>suae.</strong></span> <span class='ocrx_word' id='word_1_264' title='bbox 1341 4008 1665 4093; x_wconf 77' lang='lat' dir='ltr'><strong>Equidem</strong></span> <span class='ocrx_word' id='word_1_265' title='bbox 1708 4008 1931 4087; x_wconf 77' lang='lat' dir='ltr'><strong>fateor,</strong></span> <span class='ocrx_word' id='word_1_266' title='bbox 1989 4029 2060 4072; x_wconf 85' lang='grc' dir='ltr'><strong>ιιι</strong></span> <span class='ocrx_word' id='word_1_267' title='bbox 2106 4007 2213 4072; x_wconf 73' lang='lat' dir='ltr'><strong>his</strong></span> 
     </span>
     <span class='ocr_line' id='line_1_41' title="bbox 295 4093 2212 4182; baseline -0.002 -22"><span class='ocrx_word' id='word_1_268' title='bbox 295 4098 569 4164; x_wconf 81' lang='lat' dir='ltr'><strong>omnibns</strong></span> <span class='ocrx_word' id='word_1_269' title='bbox 611 4117 929 4182; x_wconf 90' lang='lat' dir='ltr'><strong>magnam</strong></span> <span class='ocrx_word' id='word_1_270' title='bbox 973 4097 1197 4162; x_wconf 88' lang='lat' dir='ltr'><strong>offerri</strong></span> <span class='ocrx_word' id='word_1_271' title='bbox 1240 4094 1616 4160; x_wconf 90' lang='lat' dir='ltr'><strong>hominibus</strong></span> <span class='ocrx_word' id='word_1_272' title='bbox 1658 4093 1945 4159; x_wconf 84' lang='lat' dir='ltr'><strong>laetitiae</strong></span> <span class='ocrx_word' id='word_1_273' title='bbox 2003 4101 2212 4159; x_wconf 86' lang='lat' dir='ltr'><strong>mate-</strong></span> 
     </span>
     <span class='ocr_line' id='line_1_42' title="bbox 293 4178 2214 4266; baseline -0.002 -20"><span class='ocrx_word' id='word_1_274' title='bbox 293 4180 459 4248; x_wconf 84' lang='lat' dir='ltr'><strong>riam.</strong></span> <span class='ocrx_word' id='word_1_275' title='bbox 523 4182 725 4266; x_wconf 80' lang='lat' dir='ltr'><strong>Quod</strong></span> <span class='ocrx_word' id='word_1_276' title='bbox 768 4181 1074 4248; x_wconf 88' lang='lat' dir='ltr'><strong>videlicet</strong></span> <span class='ocrx_word' id='word_1_277' title='bbox 1106 4182 1222 4248; x_wconf 90' lang='lat' dir='ltr'><strong>illa</strong></span> <span class='ocrx_word' id='word_1_278' title='bbox 1255 4182 1390 4248; x_wconf 90' lang='lat' dir='ltr'><strong>sint</strong></span> <span class='ocrx_word' id='word_1_279' title='bbox 1424 4179 1686 4246; x_wconf 90' lang='lat' dir='ltr'><strong>divinae</strong></span> <span class='ocrx_word' id='word_1_280' title='bbox 1723 4178 2214 4246; x_wconf 86' lang='lat' dir='ltr'><strong>benevolentiae</strong></span> 
     </span>
     <span class='ocr_line' id='line_1_43' title="bbox 292 4264 2217 4351; baseline 0 -19"><span class='ocrx_word' id='word_1_281' title='bbox 292 4276 349 4332; x_wconf 87' lang='lat' dir='ltr'><strong>et</strong></span> <span class='ocrx_word' id='word_1_282' title='bbox 366 4267 597 4337; x_wconf 82' lang='lat' dir='ltr'><strong>favoris</strong></span> <span class='ocrx_word' id='word_1_283' title='bbox 620 4268 1032 4335; x_wconf 83' lang='lat' dir='ltr'><strong>testimonia:</strong></span> <span class='ocrx_word' id='word_1_284' title='bbox 1063 4276 1261 4351; x_wconf 88' lang='lat' dir='ltr'><strong>atque</strong></span> <span class='ocrx_word' id='word_1_285' title='bbox 1284 4268 1388 4333; x_wconf 89' lang='lat' dir='ltr'><strong>his</strong></span> <span class='ocrx_word' id='word_1_286' title='bbox 1409 4264 1720 4350; x_wconf 88' lang='lat' dir='ltr'><strong>gradibus</strong></span> <span class='ocrx_word' id='word_1_287' title='bbox 1743 4265 1825 4331; x_wconf 89' lang='lat' dir='ltr'><strong>ad</strong></span> <span class='ocrx_word' id='word_1_288' title='bbox 1861 4265 2002 4331; x_wconf 88' lang='lat' dir='ltr'><strong>eius</strong></span> <span class='ocrx_word' id='word_1_289' title='bbox 2036 4286 2217 4332; x_wconf 89' lang='lat' dir='ltr'><strong>amo-</strong></span> 
     </span>
     <span class='ocr_line' id='line_1_44' title="bbox 292 4351 2213 4439; baseline -0.003 -19"><span class='ocrx_word' id='word_1_290' title='bbox 292 4371 415 4420; x_wconf 83' lang='lat' dir='ltr'><strong>rem</strong></span> <span class='ocrx_word' id='word_1_291' title='bbox 435 4356 786 4439; x_wconf 87' lang='lat' dir='ltr'><strong>pervenire</strong></span> <span class='ocrx_word' id='word_1_292' title='bbox 817 4375 938 4420; x_wconf 88' lang='lat' dir='ltr'><strong>nos</strong></span> <span class='ocrx_word' id='word_1_293' title='bbox 973 4363 1290 4437; x_wconf 90' lang='lat' dir='ltr'><strong>oporteat.</strong></span> <span class='ocrx_word' id='word_1_294' title='bbox 1349 4353 1598 4417; x_wconf 89' lang='lat' dir='ltr'><strong>Verum</strong></span> <span class='ocrx_word' id='word_1_295' title='bbox 1632 4371 1751 4435; x_wconf 88' lang='lat' dir='ltr'><strong>pro</strong></span> <span class='ocrx_word' id='word_1_296' title='bbox 1799 4352 1952 4416; x_wconf 84' lang='lat' dir='ltr'><strong>beta</strong></span> <span class='ocrx_word' id='word_1_297' title='bbox 1977 4351 2213 4417; x_wconf 88' lang='lat' dir='ltr'><strong>vitium</strong></span> 
     </span>
     <span class='ocr_line' id='line_1_45' title="bbox 292 4373 2214 4607; baseline -0.001 -18"><span class='ocrx_word' id='word_1_298' title='bbox 292 4442 1174 4595; x_wconf 50' lang='lat' dir='ltr'><strong>raat‘fflwa</strong></span> <span class='ocrx_word' id='word_1_299' title='bbox 1210 4373 2214 4607; x_wconf 52' lang='lat' dir='ltr'><strong>ffbssff‘mfflsss‘ffiffl?</strong></span> 
     </span>
     <span class='ocr_line' id='line_1_46' title="bbox 292 4569 2216 4712; baseline -0.002 -35"><span class='ocrx_word' id='word_1_300' title='bbox 292 4613 569 4710; x_wconf 72' lang='lat' dir='ltr'><strong>neglecto</strong></span> <span class='ocrx_word' id='word_1_301' title='bbox 612 4622 842 4679; x_wconf 79' lang='lat' dir='ltr'><strong>tamen</strong></span> <span class='ocrx_word' id='word_1_302' title='bbox 889 4632 1116 4712; x_wconf 70' lang='lat' dir='ltr'><strong>eorum</strong></span> <span class='ocrx_word' id='word_1_303' title='bbox 1174 4624 1424 4710; x_wconf 73' lang='lat' dir='ltr'><strong>autore,</strong></span> <span class='ocrx_word' id='word_1_304' title='bbox 1488 4616 1556 4675; x_wconf 87' lang='lat' dir='ltr'><strong>et</strong></span> <span class='ocrx_word' id='word_1_305' title='bbox 1610 4630 1741 4675; x_wconf 92' lang='lat' dir='ltr'><strong>non</strong></span> <span class='ocrx_word' id='word_1_306' title='bbox 1802 4610 2025 4693; x_wconf 87' lang='lat' dir='ltr'><strong>agnito</strong></span> <span class='ocrx_word' id='word_1_307' title='bbox 2082 4569 2216 4708; x_wconf 63' lang='lat' dir='ltr'><strong>find</strong></span> 
     </span>
     <span class='ocr_line' id='line_1_47' title="bbox 293 4695 2216 4879; baseline -0.001 -33"><span class='ocrx_word' id='word_1_308' title='bbox 293 4717 597 4864; x_wconf 56' lang='lat' dir='ltr'><strong>we.</strong></span> <span class='ocrx_word' id='word_1_309' title='bbox 622 4695 2216 4879; x_wconf 54' lang='lat' dir='ltr'><strong>ffltsssseassffisxzffisffi..{rama</strong></span> 
     </span>
     <span class='ocr_line' id='line_1_48' title="bbox 297 4864 2217 4956; baseline -0.002 -23"><span class='ocrx_word' id='word_1_310' title='bbox 297 4874 485 4936; x_wconf 74' lang='lat' dir='ltr'><strong>torem</strong></span> <span class='ocrx_word' id='word_1_311' title='bbox 526 4891 872 4956; x_wconf 87' lang='lat' dir='ltr'><strong>assurgere</strong></span> <span class='ocrx_word' id='word_1_312' title='bbox 914 4869 1138 4946; x_wconf 86' lang='lat' dir='ltr'><strong>discat,</strong></span> <span class='ocrx_word' id='word_1_313' title='bbox 1203 4876 1280 4935; x_wconf 86' lang='lat' dir='ltr'><strong>ut</strong></span> <span class='ocrx_word' id='word_1_314' title='bbox 1341 4875 1569 4934; x_wconf 90' lang='lat' dir='ltr'><strong>contra</strong></span> <span class='ocrx_word' id='word_1_315' title='bbox 1621 4888 1703 4932; x_wconf 81' lang='lat' dir='ltr'><strong>ex</strong></span> <span class='ocrx_word' id='word_1_316' title='bbox 1756 4864 1988 4931; x_wconf 79' lang='lat' dir='ltr'><strong>iisdem</strong></span> <span class='ocrx_word' id='word_1_317' title='bbox 2033 4884 2217 4931; x_wconf 86' lang='lat' dir='ltr'><strong>occa-</strong></span> 
     </span>
     <span class='ocr_line' id='line_1_49' title="bbox 295 4951 2217 5038; baseline 0 -20"><span class='ocrx_word' id='word_1_318' title='bbox 295 4952 527 5022; x_wconf 60' lang='lat' dir='ltr'><strong>dcnem</strong></span> <span class='ocrx_word' id='word_1_319' title='bbox 581 4957 725 5023; x_wconf 88' lang='lat' dir='ltr'><strong>eins</strong></span> <span class='ocrx_word' id='word_1_320' title='bbox 768 4955 1103 5022; x_wconf 87' lang='lat' dir='ltr'><strong>reiiciendi</strong></span> <span class='ocrx_word' id='word_1_321' title='bbox 1144 4961 1382 5038; x_wconf 87' lang='lat' dir='ltr'><strong>captet,</strong></span> <span class='ocrx_word' id='word_1_322' title='bbox 1424 4961 1494 5018; x_wconf 85' lang='lat' dir='ltr'><strong>et</strong></span> <span class='ocrx_word' id='word_1_323' title='bbox 1536 4952 1808 5019; x_wconf 85' lang='lat' dir='ltr'><strong>divitiae</strong></span> <span class='ocrx_word' id='word_1_324' title='bbox 1851 4971 1938 5017; x_wconf 82' lang='lat' dir='ltr'><strong>ex</strong></span> <span class='ocrx_word' id='word_1_325' title='bbox 1982 4951 2217 5035; x_wconf 88' lang='lat' dir='ltr'><strong>quibus</strong></span> 
     </span>
     <span class='ocr_line' id='line_1_50' title="bbox 294 5036 2215 5126; baseline -0.002 -21"><span class='ocrx_word' id='word_1_326' title='bbox 294 5036 412 5105; x_wconf 87' lang='lat' dir='ltr'><strong>Dei</strong></span> <span class='ocrx_word' id='word_1_327' title='bbox 451 5063 608 5126; x_wconf 87' lang='lat' dir='ltr'><strong>erga</strong></span> <span class='ocrx_word' id='word_1_328' title='bbox 651 5062 722 5109; x_wconf 88' lang='lat' dir='ltr'><strong>se</strong></span> <span class='ocrx_word' id='word_1_329' title='bbox 765 5042 1221 5108; x_wconf 83' lang='lat' dir='ltr'><strong>liberalitatem</strong></span> <span class='ocrx_word' id='word_1_330' title='bbox 1279 5048 1345 5106; x_wconf 87' lang='lat' dir='ltr'><strong>et</strong></span> <span class='ocrx_word' id='word_1_331' title='bbox 1406 5038 1925 5106; x_wconf 88' lang='lat' dir='ltr'><strong>beneficientiam</strong></span> <span class='ocrx_word' id='word_1_332' title='bbox 1976 5058 2215 5122; x_wconf 90' lang='lat' dir='ltr'><strong>agnos-</strong></span> 
     </span>
     <span class='ocr_line' id='line_1_51' title="bbox 296 5122 2216 5208; baseline -0.001 -18"><span class='ocrx_word' id='word_1_333' title='bbox 296 5141 428 5191; x_wconf 77' lang='lat' dir='ltr'><strong>cere</strong></span> <span class='ocrx_word' id='word_1_334' title='bbox 466 5125 760 5207; x_wconf 79' lang='lat' dir='ltr'><strong>debebat,</strong></span> <span class='ocrx_word' id='word_1_335' title='bbox 803 5129 864 5195; x_wconf 89' lang='lat' dir='ltr'><strong>ei</strong></span> <span class='ocrx_word' id='word_1_336' title='bbox 907 5129 1160 5194; x_wconf 80' lang='lat' dir='ltr'><strong>animos</strong></span> <span class='ocrx_word' id='word_1_337' title='bbox 1204 5125 1444 5193; x_wconf 80' lang='lat' dir='ltr'><strong>faciant</strong></span> <span class='ocrx_word' id='word_1_338' title='bbox 1480 5126 1715 5208; x_wconf 88' lang='lat' dir='ltr'><strong>quibus</strong></span> <span class='ocrx_word' id='word_1_339' title='bbox 1758 5124 2073 5190; x_wconf 87' lang='lat' dir='ltr'><strong>adversus</strong></span> <span class='ocrx_word' id='word_1_340' title='bbox 2114 5122 2216 5206; x_wconf 87' lang='lat' dir='ltr'><strong>ip-</strong></span> 
     </span>
     <span class='ocr_line' id='line_1_52' title="bbox 296 5209 2216 5295; baseline -0.001 -19"><span class='ocrx_word' id='word_1_341' title='bbox 296 5228 428 5278; x_wconf 88' lang='lat' dir='ltr'><strong>sum</strong></span> <span class='ocrx_word' id='word_1_342' title='bbox 462 5209 684 5281; x_wconf 87' lang='lat' dir='ltr'><strong>Deum</strong></span> <span class='ocrx_word' id='word_1_343' title='bbox 716 5214 1104 5282; x_wconf 86' lang='lat' dir='ltr'><strong>insolentius</strong></span> <span class='ocrx_word' id='word_1_344' title='bbox 1138 5212 1465 5279; x_wconf 84' lang='lat' dir='ltr'><strong>efferatur.</strong></span> <span class='ocrx_word' id='word_1_345' title='bbox 1533 5210 1758 5294; x_wconf 79' lang='lat' dir='ltr'><strong>Quare</strong></span> <span class='ocrx_word' id='word_1_346' title='bbox 1790 5210 1972 5276; x_wconf 85' lang='lat' dir='ltr'><strong>omni</strong></span> <span class='ocrx_word' id='word_1_347' title='bbox 2005 5209 2216 5295; x_wconf 87' lang='lat' dir='ltr'><strong>gloria</strong></span> 
     </span>
    </p>
   </div>
   <div class='ocr_carea' id='block_1_5' title="bbox 1654 292 2906 366">
    <p class='ocr_par' dir='ltr' id='par_1_6' title="bbox 1654 292 2906 366">
     <span class='ocr_line' id='line_1_53' title="bbox 1654 292 2906 366; baseline -0.003 0"><span class='ocrx_word' id='word_1_348' title='bbox 1654 298 1756 366; x_wconf 86' lang='lat' dir='ltr'><strong>IN</strong></span> <span class='ocrx_word' id='word_1_349' title='bbox 1798 298 1855 365; x_wconf 92' lang='lat'><strong>1.</strong></span> <span class='ocrx_word' id='word_1_350' title='bbox 1899 295 2080 363; x_wconf 88' lang='lat' dir='ltr'><strong>LIB.</strong></span> <span class='ocrx_word' id='word_1_351' title='bbox 2124 292 2529 364; x_wconf 75' lang='lat' dir='ltr'><strong>SAMUBL.</strong></span> <span class='ocrx_word' id='word_1_352' title='bbox 2574 295 2775 365; x_wconf 84' lang='lat' dir='ltr'><strong>OAP.</strong></span> <span class='ocrx_word' id='word_1_353' title='bbox 2819 294 2906 362; x_wconf 88' lang='lat' dir='ltr'><strong>V.</strong></span> 
     </span>
    </p>
   </div>
   <div class='ocr_carea' id='block_1_6' title="bbox 4142 300 4310 396">
    <p class='ocr_par' dir='ltr' id='par_1_7' title="bbox 4142 300 4310 396">
     <span class='ocr_line' id='line_1_54' title="bbox 4142 300 4310 396; baseline 0.012 -30"><span class='ocrx_word' id='word_1_354' title='bbox 4142 300 4310 396; x_wconf 45' lang='lat'><strong>442,</strong></span> 
     </span>
    </p>
   </div>
   <div class='ocr_carea' id='block_1_7' title="bbox 2313 487 4272 4184">
    <p class='ocr_par' dir='ltr' id='par_1_8' title="bbox 2313 487 4272 4184">
     <span class='ocr_line' id='line_1_55' title="bbox 2331 487 4272 575; baseline 0.003 -22"><span class='ocrx_word' id='word_1_355' title='bbox 2331 487 2598 570; x_wconf 89' lang='lat' dir='ltr'><strong>propria</strong></span> <span class='ocrx_word' id='word_1_356' title='bbox 2661 487 2929 572; x_wconf 86' lang='lat' dir='ltr'><strong>spoliari</strong></span> <span class='ocrx_word' id='word_1_357' title='bbox 2992 509 3117 555; x_wconf 90' lang='lat' dir='ltr'><strong>nos</strong></span> <span class='ocrx_word' id='word_1_358' title='bbox 3174 495 3451 574; x_wconf 86' lang='lat' dir='ltr'><strong>oportet,</strong></span> <span class='ocrx_word' id='word_1_359' title='bbox 3516 489 3572 556; x_wconf 89' lang='lat' dir='ltr'><strong>si</strong></span> <span class='ocrx_word' id='word_1_360' title='bbox 3628 487 3698 555; x_wconf 90' lang='lat' dir='ltr'><strong>in</strong></span> <span class='ocrx_word' id='word_1_361' title='bbox 3741 487 3889 557; x_wconf 89' lang='lat' dir='ltr'><strong>Deo</strong></span> <span class='ocrx_word' id='word_1_362' title='bbox 3945 497 4014 556; x_wconf 86' lang='lat' dir='ltr'><strong>et</strong></span> <span class='ocrx_word' id='word_1_363' title='bbox 4067 491 4272 575; x_wconf 89' lang='lat' dir='ltr'><strong>ipsius</strong></span> 
     </span>
     <span class='ocr_line' id='line_1_56' title="bbox 2331 574 4268 659; baseline 0.003 -19"><span class='ocrx_word' id='word_1_364' title='bbox 2331 574 2575 640; x_wconf 80' lang='lat' dir='ltr'><strong>virtute</strong></span> <span class='ocrx_word' id='word_1_365' title='bbox 2617 575 2886 659; x_wconf 88' lang='lat' dir='ltr'><strong>gloriari</strong></span> <span class='ocrx_word' id='word_1_366' title='bbox 2942 575 3266 642; x_wconf 80' lang='lat' dir='ltr'><strong>volumus.</strong></span> <span class='ocrx_word' id='word_1_367' title='bbox 3354 575 3589 659; x_wconf 89' lang='lat' dir='ltr'><strong>Itaque</strong></span> <span class='ocrx_word' id='word_1_368' title='bbox 3641 597 3724 642; x_wconf 79' lang='lat' dir='ltr'><strong>ex</strong></span> <span class='ocrx_word' id='word_1_369' title='bbox 3779 575 3887 643; x_wconf 88' lang='lat' dir='ltr'><strong>his</strong></span> <span class='ocrx_word' id='word_1_370' title='bbox 3945 578 4268 656; x_wconf 89' lang='lat' dir='ltr'><strong>omnibus,</strong></span> 
     </span>
     <span class='ocr_line' id='line_1_57' title="bbox 2329 661 4270 744; baseline 0.003 -20"><span class='ocrx_word' id='word_1_371' title='bbox 2329 666 2406 724; x_wconf 88' lang='lat' dir='ltr'><strong>ut</strong></span> <span class='ocrx_word' id='word_1_372' title='bbox 2449 680 2590 725; x_wconf 85' lang='lat' dir='ltr'><strong>rem</strong></span> <span class='ocrx_word' id='word_1_373' title='bbox 2634 669 2832 726; x_wconf 87' lang='lat' dir='ltr'><strong>totam</strong></span> <span class='ocrx_word' id='word_1_374' title='bbox 2872 662 2940 727; x_wconf 91' lang='lat' dir='ltr'><strong>in</strong></span> <span class='ocrx_word' id='word_1_375' title='bbox 2976 682 3180 744; x_wconf 88' lang='lat' dir='ltr'><strong>pauca</strong></span> <span class='ocrx_word' id='word_1_376' title='bbox 3217 662 3567 743; x_wconf 83' lang='lat' dir='ltr'><strong>conferam,</strong></span> <span class='ocrx_word' id='word_1_377' title='bbox 3609 661 3938 729; x_wconf 88' lang='lat' dir='ltr'><strong>discamus</strong></span> <span class='ocrx_word' id='word_1_378' title='bbox 3973 683 4094 729; x_wconf 92' lang='lat' dir='ltr'><strong>nos</strong></span> <span class='ocrx_word' id='word_1_379' title='bbox 4116 664 4270 730; x_wconf 89' lang='lat' dir='ltr'><strong>licet</strong></span> 
     </span>
     <span class='ocr_line' id='line_1_58' title="bbox 2329 746 4267 833; baseline 0.004 -23"><span class='ocrx_word' id='word_1_380' title='bbox 2329 746 2561 829; x_wconf 89' lang='lat' dir='ltr'><strong>opibus</strong></span> <span class='ocrx_word' id='word_1_381' title='bbox 2604 755 2672 810; x_wconf 91' lang='lat' dir='ltr'><strong>et</strong></span> <span class='ocrx_word' id='word_1_382' title='bbox 2715 746 3106 833; x_wconf 79' lang='lat' dir='ltr'><strong>dignitatum</strong></span> <span class='ocrx_word' id='word_1_383' title='bbox 3148 747 3361 815; x_wconf 89' lang='lat' dir='ltr'><strong>titulis</strong></span> <span class='ocrx_word' id='word_1_384' title='bbox 3405 769 3663 826; x_wconf 86' lang='lat' dir='ltr'><strong>vacuos,</strong></span> <span class='ocrx_word' id='word_1_385' title='bbox 3722 770 4071 833; x_wconf 89' lang='lat' dir='ltr'><strong>rerumque</strong></span> <span class='ocrx_word' id='word_1_386' title='bbox 4125 771 4267 817; x_wconf 91' lang='lat' dir='ltr'><strong>om-</strong></span> 
     </span>
     <span class='ocr_line' id='line_1_59' title="bbox 2328 832 4266 920; baseline 0.003 -24"><span class='ocrx_word' id='word_1_387' title='bbox 2328 832 2546 911; x_wconf 84' lang='lat' dir='ltr'><strong>nium,</strong></span> <span class='ocrx_word' id='word_1_388' title='bbox 2621 853 2785 916; x_wconf 90' lang='lat' dir='ltr'><strong>quas</strong></span> <span class='ocrx_word' id='word_1_389' title='bbox 2840 833 3230 917; x_wconf 86' lang='lat' dir='ltr'><strong>plerumque</strong></span> <span class='ocrx_word' id='word_1_390' title='bbox 3293 855 3522 900; x_wconf 88' lang='lat' dir='ltr'><strong>omnes</strong></span> <span class='ocrx_word' id='word_1_391' title='bbox 3587 844 3934 917; x_wconf 84' lang='lat' dir='ltr'><strong>expetunt,</strong></span> <span class='ocrx_word' id='word_1_392' title='bbox 4003 857 4266 920; x_wconf 85' lang='lat' dir='ltr'><strong>egenos,</strong></span> 
     </span>
     <span class='ocr_line' id='line_1_60' title="bbox 2328 919 4263 1005; baseline 0.003 -23"><span class='ocrx_word' id='word_1_393' title='bbox 2328 924 2553 983; x_wconf 65' lang='lat' dir='ltr'><strong>umen</strong></span> <span class='ocrx_word' id='word_1_394' title='bbox 2611 919 2772 984; x_wconf 90' lang='lat' dir='ltr'><strong>satis</strong></span> <span class='ocrx_word' id='word_1_395' title='bbox 2829 919 3113 1002; x_wconf 89' lang='lat' dir='ltr'><strong>amplam</strong></span> <span class='ocrx_word' id='word_1_396' title='bbox 3162 920 3571 1005; x_wconf 86' lang='lat' dir='ltr'><strong>gloriationis</strong></span> <span class='ocrx_word' id='word_1_397' title='bbox 3614 921 3856 987; x_wconf 86' lang='lat' dir='ltr'><strong>habere</strong></span> <span class='ocrx_word' id='word_1_398' title='bbox 3897 923 4263 1005; x_wconf 85' lang='lat' dir='ltr'><strong>materiam,</strong></span> 
     </span>
     <span class='ocr_line' id='line_1_61' title="bbox 2326 1003 4266 1089; baseline 0.004 -22"><span class='ocrx_word' id='word_1_399' title='bbox 2326 1004 2384 1067; x_wconf 89' lang='lat' dir='ltr'><strong>si</strong></span> <span class='ocrx_word' id='word_1_400' title='bbox 2438 1003 2519 1069; x_wconf 90' lang='lat' dir='ltr'><strong>de</strong></span> <span class='ocrx_word' id='word_1_401' title='bbox 2565 1005 2691 1070; x_wconf 89' lang='lat' dir='ltr'><strong>Dei</strong></span> <span class='ocrx_word' id='word_1_402' title='bbox 2748 1014 3019 1089; x_wconf 90' lang='lat' dir='ltr'><strong>paterno</strong></span> <span class='ocrx_word' id='word_1_403' title='bbox 3062 1026 3219 1089; x_wconf 88' lang='lat' dir='ltr'><strong>erga</strong></span> <span class='ocrx_word' id='word_1_404' title='bbox 3273 1026 3394 1073; x_wconf 90' lang='lat' dir='ltr'><strong>nos</strong></span> <span class='ocrx_word' id='word_1_405' title='bbox 3435 1007 3660 1072; x_wconf 81' lang='lat' dir='ltr'><strong>favore</strong></span> <span class='ocrx_word' id='word_1_406' title='bbox 3704 1015 3772 1072; x_wconf 86' lang='lat' dir='ltr'><strong>et</strong></span> <span class='ocrx_word' id='word_1_407' title='bbox 3813 1006 4266 1074; x_wconf 84' lang='lat' dir='ltr'><strong>benevolentia</strong></span> 
     </span>
     <span class='ocr_line' id='line_1_62' title="bbox 2327 1088 4265 1174; baseline 0.004 -22"><span class='ocrx_word' id='word_1_408' title='bbox 2327 1088 2597 1174; x_wconf 86' lang='lat' dir='ltr'><strong>gloriari</strong></span> <span class='ocrx_word' id='word_1_409' title='bbox 2640 1112 3004 1174; x_wconf 88' lang='lat' dir='ltr'><strong>possumus.</strong></span> <span class='ocrx_word' id='word_1_410' title='bbox 3093 1091 3377 1159; x_wconf 88' lang='lat' dir='ltr'><strong>Unicum</strong></span> <span class='ocrx_word' id='word_1_411' title='bbox 3436 1093 3613 1159; x_wconf 91' lang='lat' dir='ltr'><strong>enim</strong></span> <span class='ocrx_word' id='word_1_412' title='bbox 3673 1114 3750 1159; x_wconf 91' lang='lat' dir='ltr'><strong>ac</strong></span> <span class='ocrx_word' id='word_1_413' title='bbox 3792 1101 4046 1159; x_wconf 88' lang='lat' dir='ltr'><strong>certum</strong></span> <span class='ocrx_word' id='word_1_414' title='bbox 4086 1093 4265 1160; x_wconf 87' lang='lat' dir='ltr'><strong>istud</strong></span> 
     </span>
     <span class='ocr_line' id='line_1_63' title="bbox 2326 1175 4267 1261; baseline 0.002 -19"><span class='ocrx_word' id='word_1_415' title='bbox 2326 1184 2428 1242; x_wconf 90' lang='lat' dir='ltr'><strong>est</strong></span> <span class='ocrx_word' id='word_1_416' title='bbox 2469 1175 2715 1261; x_wconf 88' lang='lat' dir='ltr'><strong>gloriae</strong></span> <span class='ocrx_word' id='word_1_417' title='bbox 2748 1176 3268 1245; x_wconf 86' lang='lat' dir='ltr'><strong>fundamentum.</strong></span> <span class='ocrx_word' id='word_1_418' title='bbox 3334 1179 3480 1244; x_wconf 89' lang='lat' dir='ltr'><strong>Hoc</strong></span> <span class='ocrx_word' id='word_1_419' title='bbox 3514 1178 3781 1245; x_wconf 90' lang='lat' dir='ltr'><strong>unicum</strong></span> <span class='ocrx_word' id='word_1_420' title='bbox 3818 1179 4079 1259; x_wconf 90' lang='lat' dir='ltr'><strong>bonum,</strong></span> <span class='ocrx_word' id='word_1_421' title='bbox 4124 1199 4267 1246; x_wconf 84' lang='lat' dir='ltr'><strong>cae-</strong></span> 
     </span>
     <span class='ocr_line' id='line_1_64' title="bbox 2326 1261 4262 1348; baseline 0.002 -21"><span class='ocrx_word' id='word_1_422' title='bbox 2326 1261 2486 1328; x_wconf 85' lang='lat' dir='ltr'><strong>teris</strong></span> <span class='ocrx_word' id='word_1_423' title='bbox 2541 1264 2846 1330; x_wconf 90' lang='lat' dir='ltr'><strong>omnibus</strong></span> <span class='ocrx_word' id='word_1_424' title='bbox 2887 1262 3325 1343; x_wconf 83' lang='lat' dir='ltr'><strong>facultatibus,</strong></span> <span class='ocrx_word' id='word_1_425' title='bbox 3390 1273 3507 1330; x_wconf 88' lang='lat' dir='ltr'><strong>aut</strong></span> <span class='ocrx_word' id='word_1_426' title='bbox 3547 1265 4098 1348; x_wconf 85' lang='lat' dir='ltr'><strong>speculationibus</strong></span> <span class='ocrx_word' id='word_1_427' title='bbox 4138 1264 4262 1331; x_wconf 89' lang='lat' dir='ltr'><strong>hu-</strong></span> 
     </span>
     <span class='ocr_line' id='line_1_65' title="bbox 2325 1349 4263 1434; baseline 0.003 -21"><span class='ocrx_word' id='word_1_428' title='bbox 2325 1349 2540 1415; x_wconf 85' lang='lat' dir='ltr'><strong>manis</strong></span> <span class='ocrx_word' id='word_1_429' title='bbox 2603 1350 2798 1434; x_wconf 86' lang='lat' dir='ltr'><strong>longe</strong></span> <span class='ocrx_word' id='word_1_430' title='bbox 2863 1349 3408 1434; x_wconf 89' lang='lat' dir='ltr'><strong>anteponendum.</strong></span> <span class='ocrx_word' id='word_1_431' title='bbox 3519 1349 3768 1417; x_wconf 76' lang='lat' dir='ltr'><strong>Contra</strong></span> <span class='ocrx_word' id='word_1_432' title='bbox 3841 1372 4003 1418; x_wconf 88' lang='lat' dir='ltr'><strong>vero</strong></span> <span class='ocrx_word' id='word_1_433' title='bbox 4067 1350 4263 1419; x_wconf 88' lang='lat' dir='ltr'><strong>rebus</strong></span> 
     </span>
     <span class='ocr_line' id='line_1_66' title="bbox 2324 1435 4264 1520; baseline 0.004 -23"><span class='ocrx_word' id='word_1_434' title='bbox 2324 1435 2629 1502; x_wconf 89' lang='lat' dir='ltr'><strong>omnibus</strong></span> <span class='ocrx_word' id='word_1_435' title='bbox 2672 1436 2825 1502; x_wconf 87' lang='lat' dir='ltr'><strong>licet</strong></span> <span class='ocrx_word' id='word_1_436' title='bbox 2867 1456 3174 1520; x_wconf 86' lang='lat' dir='ltr'><strong>prospere</strong></span> <span class='ocrx_word' id='word_1_437' title='bbox 3231 1435 3747 1516; x_wconf 86' lang='lat' dir='ltr'><strong>succedent-ibus,</strong></span> <span class='ocrx_word' id='word_1_438' title='bbox 3803 1437 4085 1504; x_wconf 89' lang='lat' dir='ltr'><strong>sciamus</strong></span> <span class='ocrx_word' id='word_1_439' title='bbox 4143 1460 4264 1504; x_wconf 92' lang='lat' dir='ltr'><strong>nos</strong></span> 
     </span>
     <span class='ocr_line' id='line_1_67' title="bbox 2325 1519 4265 1606; baseline 0.003 -23"><span class='ocrx_word' id='word_1_440' title='bbox 2325 1519 2589 1604; x_wconf 88' lang='lat' dir='ltr'><strong>gloriari</strong></span> <span class='ocrx_word' id='word_1_441' title='bbox 2631 1543 2765 1587; x_wconf 90' lang='lat' dir='ltr'><strong>non</strong></span> <span class='ocrx_word' id='word_1_442' title='bbox 2808 1542 3016 1606; x_wconf 89' lang='lat' dir='ltr'><strong>posse,</strong></span> <span class='ocrx_word' id='word_1_443' title='bbox 3063 1522 3191 1587; x_wconf 91' lang='lat' dir='ltr'><strong>nisi</strong></span> <span class='ocrx_word' id='word_1_444' title='bbox 3235 1522 3422 1588; x_wconf 90' lang='lat' dir='ltr'><strong>nobis</strong></span> <span class='ocrx_word' id='word_1_445' title='bbox 3464 1522 3547 1587; x_wconf 88' lang='lat' dir='ltr'><strong>ad</strong></span> <span class='ocrx_word' id='word_1_446' title='bbox 3593 1522 3809 1587; x_wconf 89' lang='lat' dir='ltr'><strong>Deum</strong></span> <span class='ocrx_word' id='word_1_447' title='bbox 3852 1533 4076 1606; x_wconf 87' lang='lat' dir='ltr'><strong>pateat</strong></span> <span class='ocrx_word' id='word_1_448' title='bbox 4122 1522 4265 1588; x_wconf 89' lang='lat' dir='ltr'><strong>adi-</strong></span> 
     </span>
     <span class='ocr_line' id='line_1_68' title="bbox 2326 1606 4261 1689; baseline 0.002 -18"><span class='ocrx_word' id='word_1_449' title='bbox 2326 1613 2451 1684; x_wconf 86' lang='lat' dir='ltr'><strong>tus,</strong></span> <span class='ocrx_word' id='word_1_450' title='bbox 2497 1616 2566 1672; x_wconf 88' lang='lat' dir='ltr'><strong>et</strong></span> <span class='ocrx_word' id='word_1_451' title='bbox 2605 1607 2821 1689; x_wconf 88' lang='lat' dir='ltr'><strong>ipsum</strong></span> <span class='ocrx_word' id='word_1_452' title='bbox 2866 1609 3195 1687; x_wconf 90' lang='lat' dir='ltr'><strong>invocare,</strong></span> <span class='ocrx_word' id='word_1_453' title='bbox 3241 1614 3309 1672; x_wconf 90' lang='lat' dir='ltr'><strong>et</strong></span> <span class='ocrx_word' id='word_1_454' title='bbox 3350 1606 3651 1673; x_wconf 84' lang='lat' dir='ltr'><strong>fiduciam</strong></span> <span class='ocrx_word' id='word_1_455' title='bbox 3696 1616 3988 1674; x_wconf 88' lang='lat' dir='ltr'><strong>nostram</strong></span> <span class='ocrx_word' id='word_1_456' title='bbox 4031 1609 4105 1675; x_wconf 92' lang='lat' dir='ltr'><strong>in</strong></span> <span class='ocrx_word' id='word_1_457' title='bbox 4147 1609 4261 1675; x_wconf 93' lang='lat' dir='ltr'><strong>illo</strong></span> 
     </span>
     <span class='ocr_line' id='line_1_69' title="bbox 2325 1692 4260 1777; baseline 0.002 -20"><span class='ocrx_word' id='word_1_458' title='bbox 2325 1712 2457 1757; x_wconf 88' lang='lat' dir='ltr'><strong>uno</strong></span> <span class='ocrx_word' id='word_1_459' title='bbox 2483 1692 2798 1759; x_wconf 86' lang='lat' dir='ltr'><strong>collocare</strong></span> <span class='ocrx_word' id='word_1_460' title='bbox 2820 1693 3161 1777; x_wconf 89' lang='lat' dir='ltr'><strong>possimus.</strong></span> <span class='ocrx_word' id='word_1_461' title='bbox 3220 1694 3553 1760; x_wconf 79' lang='lat' dir='ltr'><strong>Futurum</strong></span> <span class='ocrx_word' id='word_1_462' title='bbox 3593 1714 3879 1777; x_wconf 89' lang='lat' dir='ltr'><strong>namque</strong></span> <span class='ocrx_word' id='word_1_463' title='bbox 3912 1702 4031 1775; x_wconf 89' lang='lat' dir='ltr'><strong>est,</strong></span> <span class='ocrx_word' id='word_1_464' title='bbox 4068 1703 4141 1760; x_wconf 88' lang='lat' dir='ltr'><strong>ut</strong></span> <span class='ocrx_word' id='word_1_465' title='bbox 4176 1694 4260 1760; x_wconf 90' lang='lat' dir='ltr'><strong>ab</strong></span> 
     </span>
     <span class='ocr_line' id='line_1_70' title="bbox 2324 1776 4260 1864; baseline 0.003 -23"><span class='ocrx_word' id='word_1_466' title='bbox 2324 1776 2438 1841; x_wconf 90' lang='lat' dir='ltr'><strong>illo</strong></span> <span class='ocrx_word' id='word_1_467' title='bbox 2477 1780 2798 1861; x_wconf 88' lang='lat' dir='ltr'><strong>separatis</strong></span> <span class='ocrx_word' id='word_1_468' title='bbox 2840 1788 2908 1844; x_wconf 89' lang='lat' dir='ltr'><strong>et</strong></span> <span class='ocrx_word' id='word_1_469' title='bbox 2948 1779 3294 1846; x_wconf 91' lang='lat' dir='ltr'><strong>disiunctis</strong></span> <span class='ocrx_word' id='word_1_470' title='bbox 3352 1800 3768 1863; x_wconf 89' lang='lat' dir='ltr'><strong>quaecunque</strong></span> <span class='ocrx_word' id='word_1_471' title='bbox 3818 1779 3991 1846; x_wconf 90' lang='lat' dir='ltr'><strong>dona</strong></span> <span class='ocrx_word' id='word_1_472' title='bbox 4053 1801 4260 1864; x_wconf 88' lang='lat' dir='ltr'><strong>quan-</strong></span> 
     </span>
     <span class='ocr_line' id='line_1_71' title="bbox 2325 1864 4261 1952; baseline 0.003 -25"><span class='ocrx_word' id='word_1_473' title='bbox 2325 1865 2570 1929; x_wconf 85' lang='lat' dir='ltr'><strong>tumvis</strong></span> <span class='ocrx_word' id='word_1_474' title='bbox 2627 1864 3031 1945; x_wconf 82' lang='lat' dir='ltr'><strong>excellentia,</strong></span> <span class='ocrx_word' id='word_1_475' title='bbox 3092 1873 3159 1930; x_wconf 92' lang='lat' dir='ltr'><strong>et</strong></span> <span class='ocrx_word' id='word_1_476' title='bbox 3212 1867 3426 1931; x_wconf 92' lang='lat' dir='ltr'><strong>omnis</strong></span> <span class='ocrx_word' id='word_1_477' title='bbox 3468 1864 3777 1949; x_wconf 88' lang='lat' dir='ltr'><strong>splendor</strong></span> <span class='ocrx_word' id='word_1_478' title='bbox 3819 1885 3896 1932; x_wconf 85' lang='lat' dir='ltr'><strong>ac</strong></span> <span class='ocrx_word' id='word_1_479' title='bbox 3938 1866 4148 1952; x_wconf 89' lang='lat' dir='ltr'><strong>gloria</strong></span> <span class='ocrx_word' id='word_1_480' title='bbox 4188 1867 4261 1933; x_wconf 88' lang='lat' dir='ltr'><strong>in</strong></span> 
     </span>
     <span class='ocr_line' id='line_1_72' title="bbox 2324 1950 4259 2034; baseline 0.004 -21"><span class='ocrx_word' id='word_1_481' title='bbox 2324 1950 2679 2034; x_wconf 84' lang='lat' dir='ltr'><strong>perniciem</strong></span> <span class='ocrx_word' id='word_1_482' title='bbox 2746 1958 2811 2016; x_wconf 88' lang='lat' dir='ltr'><strong>et</strong></span> <span class='ocrx_word' id='word_1_483' title='bbox 2875 1952 3151 2017; x_wconf 86' lang='lat' dir='ltr'><strong>exitium</strong></span> <span class='ocrx_word' id='word_1_484' title='bbox 3209 1960 3698 2018; x_wconf 76' lang='lat' dir='ltr'><strong>convertantur.</strong></span> <span class='ocrx_word' id='word_1_485' title='bbox 3786 1953 4051 2018; x_wconf 75' lang='lat' dir='ltr'><strong>Testem</strong></span> <span class='ocrx_word' id='word_1_486' title='bbox 4102 1973 4259 2020; x_wconf 89' lang='lat' dir='ltr'><strong>vero</strong></span> 
     </span>
     <span class='ocr_line' id='line_1_73' title="bbox 2324 2037 4257 2122; baseline 0.002 -22"><span class='ocrx_word' id='word_1_487' title='bbox 2324 2046 2391 2101; x_wconf 90' lang='lat' dir='ltr'><strong>et</strong></span> <span class='ocrx_word' id='word_1_488' title='bbox 2432 2043 2733 2102; x_wconf 89' lang='lat' dir='ltr'><strong>autorem</strong></span> <span class='ocrx_word' id='word_1_489' title='bbox 2778 2038 3241 2121; x_wconf 88' lang='lat' dir='ltr'><strong>gravissimum</strong></span> <span class='ocrx_word' id='word_1_490' title='bbox 3283 2046 3352 2104; x_wconf 86' lang='lat' dir='ltr'><strong>et</strong></span> <span class='ocrx_word' id='word_1_491' title='bbox 3399 2037 3982 2122; x_wconf 88' lang='lat' dir='ltr'><strong>locupletissimum</strong></span> <span class='ocrx_word' id='word_1_492' title='bbox 4025 2037 4257 2104; x_wconf 88' lang='lat' dir='ltr'><strong>Domi-</strong></span> 
     </span>
     <span class='ocr_line' id='line_1_74' title="bbox 2321 2123 4258 2202; baseline 0.003 -16"><span class='ocrx_word' id='word_1_493' title='bbox 2321 2142 2484 2187; x_wconf 87' lang='lat' dir='ltr'><strong>num</strong></span> <span class='ocrx_word' id='word_1_494' title='bbox 2542 2130 2842 2189; x_wconf 85' lang='lat' dir='ltr'><strong>nostrum</strong></span> <span class='ocrx_word' id='word_1_495' title='bbox 2897 2123 3121 2190; x_wconf 88' lang='lat' dir='ltr'><strong>Iesum</strong></span> <span class='ocrx_word' id='word_1_496' title='bbox 3182 2123 3520 2190; x_wconf 83' lang='lat' dir='ltr'><strong>Christum</strong></span> <span class='ocrx_word' id='word_1_497' title='bbox 3579 2124 3941 2202; x_wconf 90' lang='lat' dir='ltr'><strong>audiamus,</strong></span> <span class='ocrx_word' id='word_1_498' title='bbox 4003 2125 4098 2192; x_wconf 90' lang='lat' dir='ltr'><strong>sic</strong></span> <span class='ocrx_word' id='word_1_499' title='bbox 4160 2124 4258 2191; x_wconf 92' lang='lat' dir='ltr'><strong>lo-</strong></span> 
     </span>
     <span class='ocr_line' id='line_1_75' title="bbox 2322 2210 4258 2294; baseline 0.002 -22"><span class='ocrx_word' id='word_1_500' title='bbox 2322 2217 2670 2289; x_wconf 86' lang='lat' dir='ltr'><strong>quentem:</strong></span> <span class='ocrx_word' id='word_1_501' title='bbox 2731 2210 2858 2276; x_wconf 80' lang='lat' dir='ltr'><strong>Vae</strong></span> <span class='ocrx_word' id='word_1_502' title='bbox 2895 2210 3071 2276; x_wconf 71' lang='lat' dir='ltr'><strong>vobis</strong></span> <span class='ocrx_word' id='word_1_503' title='bbox 3110 2210 3431 2291; x_wconf 76' lang='lat' dir='ltr'><strong>divitibus,</strong></span> <span class='ocrx_word' id='word_1_504' title='bbox 3489 2210 3643 2293; x_wconf 74' lang='lat' dir='ltr'><strong>quia</strong></span> <span class='ocrx_word' id='word_1_505' title='bbox 3683 2211 4009 2294; x_wconf 72' lang='lat' dir='ltr'><strong>accepistis</strong></span> <span class='ocrx_word' id='word_1_506' title='bbox 4048 2230 4258 2277; x_wconf 79' lang='lat' dir='ltr'><strong>coneo-</strong></span> 
     </span>
     <span class='ocr_line' id='line_1_76' title="bbox 2322 2294 4259 2382; baseline 0.002 -23"><span class='ocrx_word' id='word_1_507' title='bbox 2322 2294 2614 2360; x_wconf 74' lang='lat' dir='ltr'><strong>lationem</strong></span> <span class='ocrx_word' id='word_1_508' title='bbox 2655 2300 2946 2382; x_wconf 61' lang='lat' dir='ltr'><strong>emam.</strong></span> <span class='ocrx_word' id='word_1_509' title='bbox 3056 2296 3187 2363; x_wconf 83' lang='lat' dir='ltr'><strong>Vae</strong></span> <span class='ocrx_word' id='word_1_510' title='bbox 3235 2296 3405 2363; x_wconf 76' lang='lat' dir='ltr'><strong>vobis</strong></span> <span class='ocrx_word' id='word_1_511' title='bbox 3456 2297 3806 2363; x_wconf 74' lang='lat' dir='ltr'><strong>ridentibus</strong></span> <span class='ocrx_word' id='word_1_512' title='bbox 3858 2316 4051 2361; x_wconf 72' lang='lat' dir='ltr'><strong>mne.-</strong></span> <span class='ocrx_word' id='word_1_513' title='bbox 4106 2296 4259 2378; x_wconf 75' lang='lat' dir='ltr'><strong>quia</strong></span> 
     </span>
     <span class='ocr_line' id='line_1_77' title="bbox 2313 2379 4259 2467; baseline 0.001 -22"><span class='ocrx_word' id='word_1_514' title='bbox 2313 2379 2550 2460; x_wconf 74' lang='lat' dir='ltr'><strong>flebitis</strong></span> <span class='ocrx_word' id='word_1_515' title='bbox 2610 2385 2667 2447; x_wconf 75' lang='lat' dir='ltr'><strong>et</strong></span> <span class='ocrx_word' id='word_1_516' title='bbox 2724 2382 3035 2467; x_wconf 59' lang='lat' dir='ltr'><strong>lambitis,</strong></span> <span class='ocrx_word' id='word_1_517' title='bbox 3122 2381 3307 2448; x_wconf 91' lang='lat' dir='ltr'><strong>Idem</strong></span> <span class='ocrx_word' id='word_1_518' title='bbox 3374 2391 3512 2449; x_wconf 87' lang='lat' dir='ltr'><strong>esto</strong></span> <span class='ocrx_word' id='word_1_519' title='bbox 3579 2381 3660 2447; x_wconf 92' lang='lat' dir='ltr'><strong>de</strong></span> <span class='ocrx_word' id='word_1_520' title='bbox 3724 2382 3997 2448; x_wconf 80' lang='lat' dir='ltr'><strong>caeteris</strong></span> <span class='ocrx_word' id='word_1_521' title='bbox 4060 2381 4259 2447; x_wconf 90' lang='lat' dir='ltr'><strong>rebus</strong></span> 
     </span>
     <span class='ocr_line' id='line_1_78' title="bbox 2320 2466 4256 2551; baseline 0.001 -20"><span class='ocrx_word' id='word_1_522' title='bbox 2320 2466 2621 2534; x_wconf 90' lang='lat' dir='ltr'><strong>omnibus</strong></span> <span class='ocrx_word' id='word_1_523' title='bbox 2663 2467 2992 2550; x_wconf 86' lang='lat' dir='ltr'><strong>humanis,</strong></span> <span class='ocrx_word' id='word_1_524' title='bbox 3050 2468 3131 2535; x_wconf 89' lang='lat' dir='ltr'><strong>de</strong></span> <span class='ocrx_word' id='word_1_525' title='bbox 3191 2468 3434 2534; x_wconf 88' lang='lat' dir='ltr'><strong>delitiis</strong></span> <span class='ocrx_word' id='word_1_526' title='bbox 3480 2489 3557 2535; x_wconf 91' lang='lat' dir='ltr'><strong>ac</strong></span> <span class='ocrx_word' id='word_1_527' title='bbox 3598 2468 4043 2551; x_wconf 87' lang='lat' dir='ltr'><strong>voluptatibus</strong></span> <span class='ocrx_word' id='word_1_528' title='bbox 4086 2467 4256 2532; x_wconf 91' lang='lat' dir='ltr'><strong>iudi·</strong></span> 
     </span>
     <span class='ocr_line' id='line_1_79' title="bbox 2319 2552 4256 2637; baseline 0.001 -20"><span class='ocrx_word' id='word_1_529' title='bbox 2319 2552 2512 2631; x_wconf 89' lang='lat' dir='ltr'><strong>cium,</strong></span> <span class='ocrx_word' id='word_1_530' title='bbox 2559 2553 2641 2619; x_wconf 89' lang='lat' dir='ltr'><strong>ad</strong></span> <span class='ocrx_word' id='word_1_531' title='bbox 2685 2575 2850 2637; x_wconf 87' lang='lat' dir='ltr'><strong>quas</strong></span> <span class='ocrx_word' id='word_1_532' title='bbox 2895 2555 3192 2621; x_wconf 85' lang='lat' dir='ltr'><strong>homines</strong></span> <span class='ocrx_word' id='word_1_533' title='bbox 3235 2555 3532 2621; x_wconf 87' lang='lat' dir='ltr'><strong>animum</strong></span> <span class='ocrx_word' id='word_1_534' title='bbox 3575 2554 3922 2621; x_wconf 81' lang='lat' dir='ltr'><strong>adiiciunt:</strong></span> <span class='ocrx_word' id='word_1_535' title='bbox 3979 2574 4061 2619; x_wconf 82' lang='lat' dir='ltr'><strong>ex</strong></span> <span class='ocrx_word' id='word_1_536' title='bbox 4114 2552 4256 2637; x_wconf 89' lang='lat' dir='ltr'><strong>qui-</strong></span> 
     </span>
     <span class='ocr_line' id='line_1_80' title="bbox 2320 2638 4260 2708; baseline -0.001 -3"><span class='ocrx_word' id='word_1_537' title='bbox 2320 2639 2445 2705; x_wconf 90' lang='lat' dir='ltr'><strong>bus</strong></span> <span class='ocrx_word' id='word_1_538' title='bbox 2501 2640 2817 2706; x_wconf 86' lang='lat' dir='ltr'><strong>maiorem</strong></span> <span class='ocrx_word' id='word_1_539' title='bbox 2872 2642 2943 2706; x_wconf 89' lang='lat' dir='ltr'><strong>in</strong></span> <span class='ocrx_word' id='word_1_540' title='bbox 2993 2640 3131 2706; x_wconf 90' lang='lat' dir='ltr'><strong>dies</strong></span> <span class='ocrx_word' id='word_1_541' title='bbox 3173 2641 3617 2708; x_wconf 87' lang='lat' dir='ltr'><strong>confusionem</strong></span> <span class='ocrx_word' id='word_1_542' title='bbox 3663 2650 3731 2706; x_wconf 88' lang='lat' dir='ltr'><strong>et</strong></span> <span class='ocrx_word' id='word_1_543' title='bbox 3771 2638 4260 2706; x_wconf 87' lang='lat' dir='ltr'><strong>condemnatio-</strong></span> 
     </span>
     <span class='ocr_line' id='line_1_81' title="bbox 2320 2724 4264 2810; baseline 0.001 -21"><span class='ocrx_word' id='word_1_544' title='bbox 2320 2745 2473 2791; x_wconf 90' lang='lat' dir='ltr'><strong>nem</strong></span> <span class='ocrx_word' id='word_1_545' title='bbox 2537 2726 2607 2790; x_wconf 92' lang='lat' dir='ltr'><strong>in</strong></span> <span class='ocrx_word' id='word_1_546' title='bbox 2674 2726 2824 2792; x_wconf 91' lang='lat' dir='ltr'><strong>illos</strong></span> <span class='ocrx_word' id='word_1_547' title='bbox 2882 2724 3164 2792; x_wconf 89' lang='lat' dir='ltr'><strong>deri-vari</strong></span> <span class='ocrx_word' id='word_1_548' title='bbox 3219 2737 3470 2792; x_wconf 89' lang='lat' dir='ltr'><strong>certum</strong></span> <span class='ocrx_word' id='word_1_549' title='bbox 3533 2733 3654 2804; x_wconf 88' lang='lat' dir='ltr'><strong>est,</strong></span> <span class='ocrx_word' id='word_1_550' title='bbox 3718 2724 3847 2792; x_wconf 89' lang='lat' dir='ltr'><strong>nisi</strong></span> <span class='ocrx_word' id='word_1_551' title='bbox 3912 2724 4264 2810; x_wconf 87' lang='lat' dir='ltr'><strong>diligenter</strong></span> 
     </span>
     <span class='ocr_line' id='line_1_82' title="bbox 2322 2810 4261 2891; baseline 0 -15"><span class='ocrx_word' id='word_1_552' title='bbox 2322 2812 2615 2876; x_wconf 87' lang='lat' dir='ltr'><strong>animum</strong></span> <span class='ocrx_word' id='word_1_553' title='bbox 2661 2811 2745 2877; x_wconf 89' lang='lat' dir='ltr'><strong>ad</strong></span> <span class='ocrx_word' id='word_1_554' title='bbox 2785 2811 2952 2878; x_wconf 86' lang='lat' dir='ltr'><strong>haec</strong></span> <span class='ocrx_word' id='word_1_555' title='bbox 2993 2812 3415 2891; x_wconf 81' lang='lat' dir='ltr'><strong>adverterint,</strong></span> <span class='ocrx_word' id='word_1_556' title='bbox 3459 2817 3532 2877; x_wconf 87' lang='grc' dir='ltr'><strong>ιιι</strong></span> <span class='ocrx_word' id='word_1_557' title='bbox 3572 2810 3880 2878; x_wconf 86' lang='lat' dir='ltr'><strong>videlicet</strong></span> <span class='ocrx_word' id='word_1_558' title='bbox 3912 2812 4086 2877; x_wconf 90' lang='lat' dir='ltr'><strong>risus</strong></span> <span class='ocrx_word' id='word_1_559' title='bbox 4121 2829 4261 2876; x_wconf 93' lang='lat' dir='ltr'><strong>om-</strong></span> 
     </span>
     <span class='ocr_line' id='line_1_83' title="bbox 2321 2895 4262 2981; baseline -0.001 -20"><span class='ocrx_word' id='word_1_560' title='bbox 2321 2896 2426 2961; x_wconf 91' lang='lat' dir='ltr'><strong>nis</strong></span> <span class='ocrx_word' id='word_1_561' title='bbox 2471 2905 2539 2962; x_wconf 90' lang='lat' dir='ltr'><strong>et</strong></span> <span class='ocrx_word' id='word_1_562' title='bbox 2581 2896 2927 2963; x_wconf 88' lang='lat' dir='ltr'><strong>delectatio</strong></span> <span class='ocrx_word' id='word_1_563' title='bbox 2969 2899 3258 2981; x_wconf 89' lang='lat' dir='ltr'><strong>ipsorum</strong></span> <span class='ocrx_word' id='word_1_564' title='bbox 3303 2900 3389 2963; x_wconf 86' lang='lat' dir='ltr'><strong>sit</strong></span> <span class='ocrx_word' id='word_1_565' title='bbox 3430 2896 3504 2962; x_wconf 89' lang='lat' dir='ltr'><strong>in</strong></span> <span class='ocrx_word' id='word_1_566' title='bbox 3550 2897 3855 2973; x_wconf 90' lang='lat' dir='ltr'><strong>Domino,</strong></span> <span class='ocrx_word' id='word_1_567' title='bbox 3898 2906 3967 2962; x_wconf 88' lang='lat' dir='ltr'><strong>et</strong></span> <span class='ocrx_word' id='word_1_568' title='bbox 4007 2897 4076 2961; x_wconf 93' lang='lat' dir='ltr'><strong>in</strong></span> <span class='ocrx_word' id='word_1_569' title='bbox 4120 2895 4262 2962; x_wconf 90' lang='lat' dir='ltr'><strong>eius</strong></span> 
     </span>
     <span class='ocr_line' id='line_1_84' title="bbox 2320 2982 4259 3067; baseline -0.001 -20"><span class='ocrx_word' id='word_1_570' title='bbox 2320 2983 2531 3067; x_wconf 88' lang='lat' dir='ltr'><strong>gratia</strong></span> <span class='ocrx_word' id='word_1_571' title='bbox 2595 2984 3084 3067; x_wconf 86' lang='lat' dir='ltr'><strong>conquiescant,</strong></span> <span class='ocrx_word' id='word_1_572' title='bbox 3163 3004 3207 3050; x_wconf 88' lang='lat' dir='ltr'><strong>a</strong></span> <span class='ocrx_word' id='word_1_573' title='bbox 3267 3004 3398 3067; x_wconf 88' lang='lat' dir='ltr'><strong>qua</strong></span> <span class='ocrx_word' id='word_1_574' title='bbox 3461 2982 3603 3049; x_wconf 89' lang='lat' dir='ltr'><strong>sola</strong></span> <span class='ocrx_word' id='word_1_575' title='bbox 3665 2982 3941 3048; x_wconf 89' lang='lat' dir='ltr'><strong>salutem</strong></span> <span class='ocrx_word' id='word_1_576' title='bbox 3991 3001 4259 3064; x_wconf 84' lang='lat' dir='ltr'><strong>exspec-</strong></span> 
     </span>
     <span class='ocr_line' id='line_1_85' title="bbox 2321 3068 4259 3152; baseline -0.001 -19"><span class='ocrx_word' id='word_1_577' title='bbox 2321 3078 2463 3133; x_wconf 84' lang='lat' dir='ltr'><strong>tare</strong></span> <span class='ocrx_word' id='word_1_578' title='bbox 2507 3078 2576 3133; x_wconf 88' lang='lat' dir='ltr'><strong>et</strong></span> <span class='ocrx_word' id='word_1_579' title='bbox 2616 3090 2880 3152; x_wconf 87' lang='lat' dir='ltr'><strong>sperare</strong></span> <span class='ocrx_word' id='word_1_580' title='bbox 2925 3068 3195 3136; x_wconf 81' lang='lat' dir='ltr'><strong>debent:</strong></span> <span class='ocrx_word' id='word_1_581' title='bbox 3253 3079 3450 3152; x_wconf 89' lang='lat' dir='ltr'><strong>atque</strong></span> <span class='ocrx_word' id='word_1_582' title='bbox 3491 3087 3906 3151; x_wconf 88' lang='lat' dir='ltr'><strong>summopere</strong></span> <span class='ocrx_word' id='word_1_583' title='bbox 3962 3074 4259 3143; x_wconf 76' lang='lat' dir='ltr'><strong>caveant.</strong></span> 
     </span>
     <span class='ocr_line' id='line_1_86' title="bbox 2320 3151 4260 3239; baseline -0.002 -20"><span class='ocrx_word' id='word_1_584' title='bbox 2320 3174 2406 3219; x_wconf 91' lang='lat' dir='ltr'><strong>ne</strong></span> <span class='ocrx_word' id='word_1_585' title='bbox 2449 3156 2671 3237; x_wconf 89' lang='lat' dir='ltr'><strong>procul</strong></span> <span class='ocrx_word' id='word_1_586' title='bbox 2713 3176 3003 3239; x_wconf 87' lang='lat' dir='ltr'><strong>unquam</strong></span> <span class='ocrx_word' id='word_1_587' title='bbox 3045 3175 3086 3224; x_wconf 83' lang='lat' dir='ltr'><strong>a</strong></span> <span class='ocrx_word' id='word_1_588' title='bbox 3127 3154 3272 3222; x_wconf 88' lang='lat' dir='ltr'><strong>Deo</strong></span> <span class='ocrx_word' id='word_1_589' title='bbox 3313 3154 3639 3233; x_wconf 84' lang='lat' dir='ltr'><strong>recedant,</strong></span> <span class='ocrx_word' id='word_1_590' title='bbox 3682 3151 3994 3236; x_wconf 88' lang='lat' dir='ltr'><strong>quoniam</strong></span> <span class='ocrx_word' id='word_1_591' title='bbox 4036 3172 4114 3217; x_wconf 91' lang='lat' dir='ltr'><strong>eo</strong></span> <span class='ocrx_word' id='word_1_592' title='bbox 4155 3173 4260 3217; x_wconf 88' lang='lat' dir='ltr'><strong>re-</strong></span> 
     </span>
     <span class='ocr_line' id='line_1_87' title="bbox 2320 3237 4260 3325; baseline -0.002 -20"><span class='ocrx_word' id='word_1_593' title='bbox 2320 3239 2590 3305; x_wconf 89' lang='lat' dir='ltr'><strong>cedente</strong></span> <span class='ocrx_word' id='word_1_594' title='bbox 2646 3249 2895 3308; x_wconf 85' lang='lat' dir='ltr'><strong>certum</strong></span> <span class='ocrx_word' id='word_1_595' title='bbox 2951 3248 3072 3321; x_wconf 84' lang='lat' dir='ltr'><strong>est,</strong></span> <span class='ocrx_word' id='word_1_596' title='bbox 3149 3241 3467 3325; x_wconf 89' lang='lat' dir='ltr'><strong>quidquid</strong></span> <span class='ocrx_word' id='word_1_597' title='bbox 3531 3239 3775 3306; x_wconf 89' lang='lat' dir='ltr'><strong>bonum</strong></span> <span class='ocrx_word' id='word_1_598' title='bbox 3856 3237 4118 3304; x_wconf 81' lang='lat' dir='ltr'><strong>videtur</strong></span> <span class='ocrx_word' id='word_1_599' title='bbox 4186 3237 4260 3302; x_wconf 87' lang='lat' dir='ltr'><strong>in</strong></span> 
     </span>
     <span class='ocr_line' id='line_1_88' title="bbox 2318 3323 4260 3412; baseline -0.002 -21"><span class='ocrx_word' id='word_1_600' title='bbox 2318 3325 2569 3392; x_wconf 90' lang='lat' dir='ltr'><strong>malum</strong></span> <span class='ocrx_word' id='word_1_601' title='bbox 2635 3348 2777 3393; x_wconf 87' lang='lat' dir='ltr'><strong>esse</strong></span> <span class='ocrx_word' id='word_1_602' title='bbox 2839 3326 3376 3408; x_wconf 86' lang='lat' dir='ltr'><strong>convertendum,</strong></span> <span class='ocrx_word' id='word_1_603' title='bbox 3442 3333 3511 3393; x_wconf 88' lang='lat' dir='ltr'><strong>et</strong></span> <span class='ocrx_word' id='word_1_604' title='bbox 3571 3346 3700 3412; x_wconf 89' lang='lat' dir='ltr'><strong>quo</strong></span> <span class='ocrx_word' id='word_1_605' title='bbox 3762 3323 3958 3407; x_wconf 90' lang='lat' dir='ltr'><strong>plura</strong></span> <span class='ocrx_word' id='word_1_606' title='bbox 4014 3343 4055 3388; x_wconf 90' lang='lat' dir='ltr'><strong>a</strong></span> <span class='ocrx_word' id='word_1_607' title='bbox 4110 3323 4260 3389; x_wconf 92' lang='lat' dir='ltr'><strong>Deo</strong></span> 
     </span>
     <span class='ocr_line' id='line_1_89' title="bbox 2318 3407 4262 3496; baseline -0.002 -20"><span class='ocrx_word' id='word_1_608' title='bbox 2318 3412 2489 3477; x_wconf 89' lang='lat' dir='ltr'><strong>dona</strong></span> <span class='ocrx_word' id='word_1_609' title='bbox 2529 3413 2919 3496; x_wconf 89' lang='lat' dir='ltr'><strong>acceperint,</strong></span> <span class='ocrx_word' id='word_1_610' title='bbox 2965 3433 3042 3478; x_wconf 91' lang='lat' dir='ltr'><strong>eo</strong></span> <span class='ocrx_word' id='word_1_611' title='bbox 3087 3414 3399 3479; x_wconf 87' lang='lat' dir='ltr'><strong>maiorem</strong></span> <span class='ocrx_word' id='word_1_612' title='bbox 3442 3413 3734 3496; x_wconf 88' lang='lat' dir='ltr'><strong>ipsorum</strong></span> <span class='ocrx_word' id='word_1_613' title='bbox 3776 3411 3916 3476; x_wconf 87' lang='lat' dir='ltr'><strong>fore</strong></span> <span class='ocrx_word' id='word_1_614' title='bbox 3957 3407 4262 3476; x_wconf 89' lang='lat' dir='ltr'><strong>condem-</strong></span> 
     </span>
     <span class='ocr_line' id='line_1_90' title="bbox 2317 3498 4260 3584; baseline -0.003 -21"><span class='ocrx_word' id='word_1_615' title='bbox 2317 3498 2648 3563; x_wconf 90' lang='lat' dir='ltr'><strong>nationem</strong></span> <span class='ocrx_word' id='word_1_616' title='bbox 2692 3506 2762 3564; x_wconf 88' lang='lat' dir='ltr'><strong>et</strong></span> <span class='ocrx_word' id='word_1_617' title='bbox 2804 3498 3177 3584; x_wconf 89' lang='lat' dir='ltr'><strong>perniciem.</strong></span> <span class='ocrx_word' id='word_1_618' title='bbox 3263 3499 3396 3565; x_wconf 88' lang='lat' dir='ltr'><strong>Hic</strong></span> <span class='ocrx_word' id='word_1_619' title='bbox 3438 3518 3590 3578; x_wconf 83' lang='lat' dir='ltr'><strong>ergo</strong></span> <span class='ocrx_word' id='word_1_620' title='bbox 3648 3517 3883 3563; x_wconf 89' lang='lat' dir='ltr'><strong>sensus</strong></span> <span class='ocrx_word' id='word_1_621' title='bbox 3939 3504 4101 3574; x_wconf 90' lang='lat' dir='ltr'><strong>esto,</strong></span> <span class='ocrx_word' id='word_1_622' title='bbox 4160 3502 4260 3559; x_wconf 90' lang='lat' dir='ltr'><strong>at-</strong></span> 
     </span>
     <span class='ocr_line' id='line_1_91' title="bbox 2319 3581 4258 3668; baseline -0.002 -19"><span class='ocrx_word' id='word_1_623' title='bbox 2319 3604 2445 3668; x_wconf 91' lang='lat' dir='ltr'><strong>que</strong></span> <span class='ocrx_word' id='word_1_624' title='bbox 2486 3583 2740 3651; x_wconf 88' lang='lat' dir='ltr'><strong>utilitas</strong></span> <span class='ocrx_word' id='word_1_625' title='bbox 2785 3584 3019 3650; x_wconf 88' lang='lat' dir='ltr'><strong>horum</strong></span> <span class='ocrx_word' id='word_1_626' title='bbox 3066 3585 3453 3650; x_wconf 86' lang='lat' dir='ltr'><strong>verborum:</strong></span> <span class='ocrx_word' id='word_1_627' title='bbox 3507 3581 4058 3666; x_wconf 80' lang='lat' dir='ltr'><strong>Quandoquidem</strong></span> <span class='ocrx_word' id='word_1_628' title='bbox 4103 3601 4258 3647; x_wconf 89' lang='lat' dir='ltr'><strong>arca</strong></span> 
     </span>
     <span class='ocr_line' id='line_1_92' title="bbox 2318 3666 4259 3754; baseline -0.001 -21"><span class='ocrx_word' id='word_1_629' title='bbox 2318 3669 2445 3733; x_wconf 89' lang='lat' dir='ltr'><strong>Dei</strong></span> <span class='ocrx_word' id='word_1_630' title='bbox 2511 3679 2705 3754; x_wconf 89' lang='lat' dir='ltr'><strong>capta</strong></span> <span class='ocrx_word' id='word_1_631' title='bbox 2767 3680 2884 3749; x_wconf 89' lang='lat' dir='ltr'><strong>est,</strong></span> <span class='ocrx_word' id='word_1_632' title='bbox 2954 3670 3162 3754; x_wconf 85' lang='lat' dir='ltr'><strong>gloria</strong></span> <span class='ocrx_word' id='word_1_633' title='bbox 3217 3668 3348 3736; x_wconf 90' lang='lat' dir='ltr'><strong>Dei</strong></span> <span class='ocrx_word' id='word_1_634' title='bbox 3414 3669 3764 3753; x_wconf 86' lang='lat' dir='ltr'><strong>emigravit</strong></span> <span class='ocrx_word' id='word_1_635' title='bbox 3826 3666 3909 3734; x_wconf 92' lang='lat' dir='ltr'><strong>ab</strong></span> <span class='ocrx_word' id='word_1_636' title='bbox 3972 3666 4259 3734; x_wconf 76' lang='lat' dir='ltr'><strong>Israele:</strong></span> 
     </span>
     <span class='ocr_line' id='line_1_93' title="bbox 2315 3753 4260 3840; baseline -0.002 -20"><span class='ocrx_word' id='word_1_637' title='bbox 2315 3754 2551 3839; x_wconf 91' lang='lat' dir='ltr'><strong>quibus</strong></span> <span class='ocrx_word' id='word_1_638' title='bbox 2592 3756 3024 3822; x_wconf 90' lang='lat' dir='ltr'><strong>admonemur</strong></span> <span class='ocrx_word' id='word_1_639' title='bbox 3066 3756 3389 3822; x_wconf 82' lang='lat' dir='ltr'><strong>exstincta</strong></span> <span class='ocrx_word' id='word_1_640' title='bbox 3432 3755 3604 3840; x_wconf 88' lang='lat' dir='ltr'><strong>apud</strong></span> <span class='ocrx_word' id='word_1_641' title='bbox 3640 3756 3816 3839; x_wconf 84' lang='lat' dir='ltr'><strong>ipsos</strong></span> <span class='ocrx_word' id='word_1_642' title='bbox 3860 3754 4106 3820; x_wconf 71' lang='lat' dir='ltr'><strong>favoris</strong></span> <span class='ocrx_word' id='word_1_643' title='bbox 4126 3753 4260 3819; x_wconf 91' lang='lat' dir='ltr'><strong>Dei</strong></span> 
     </span>
     <span class='ocr_line' id='line_1_94' title="bbox 2313 3840 4260 3927; baseline -0.002 -20"><span class='ocrx_word' id='word_1_644' title='bbox 2313 3842 2636 3926; x_wconf 81' lang='lat' dir='ltr'><strong>lampade,</strong></span> <span class='ocrx_word' id='word_1_645' title='bbox 2692 3843 2898 3909; x_wconf 86' lang='lat' dir='ltr'><strong>solam</strong></span> <span class='ocrx_word' id='word_1_646' title='bbox 2956 3841 3273 3926; x_wconf 89' lang='lat' dir='ltr'><strong>reliquam</strong></span> <span class='ocrx_word' id='word_1_647' title='bbox 3316 3862 3657 3927; x_wconf 89' lang='lat' dir='ltr'><strong>superesse</strong></span> <span class='ocrx_word' id='word_1_648' title='bbox 3699 3840 4148 3908; x_wconf 85' lang='lat' dir='ltr'><strong>confusionem</strong></span> <span class='ocrx_word' id='word_1_649' title='bbox 4191 3846 4260 3904; x_wconf 83' lang='lat' dir='ltr'><strong>et</strong></span> 
     </span>
     <span class='ocr_line' id='line_1_95' title="bbox 2314 3924 4259 4012; baseline -0.001 -20"><span class='ocrx_word' id='word_1_650' title='bbox 2314 3927 2859 4008; x_wconf 88' lang='lat' dir='ltr'><strong>maledictionem,</strong></span> <span class='ocrx_word' id='word_1_651' title='bbox 2909 3926 3117 3994; x_wconf 88' lang='lat' dir='ltr'><strong>donec</strong></span> <span class='ocrx_word' id='word_1_652' title='bbox 3160 3927 3330 4011; x_wconf 88' lang='lat' dir='ltr'><strong>quod</strong></span> <span class='ocrx_word' id='word_1_653' title='bbox 3373 3949 3495 3994; x_wconf 88' lang='lat' dir='ltr'><strong>sua</strong></span> <span class='ocrx_word' id='word_1_654' title='bbox 3536 3926 3730 4011; x_wconf 87' lang='lat' dir='ltr'><strong>eulpa</strong></span> <span class='ocrx_word' id='word_1_655' title='bbox 3769 3924 4069 3993; x_wconf 85' lang='lat' dir='ltr'><strong>homines</strong></span> <span class='ocrx_word' id='word_1_656' title='bbox 4108 3945 4259 4012; x_wconf 83' lang='lat' dir='ltr'><strong>per-</strong></span> 
     </span>
     <span class='ocr_line' id='line_1_96' title="bbox 2315 4011 3832 4098; baseline 0 -19"><span class='ocrx_word' id='word_1_657' title='bbox 2315 4013 2642 4098; x_wconf 88' lang='lat' dir='ltr'><strong>diderunt,</strong></span> <span class='ocrx_word' id='word_1_658' title='bbox 2687 4014 2833 4080; x_wconf 89' lang='lat' dir='ltr'><strong>Deo</strong></span> <span class='ocrx_word' id='word_1_659' title='bbox 2875 4011 3000 4079; x_wconf 89' lang='lat' dir='ltr'><strong>sibi</strong></span> <span class='ocrx_word' id='word_1_660' title='bbox 3044 4014 3385 4081; x_wconf 87' lang='lat' dir='ltr'><strong>conciliato</strong></span> <span class='ocrx_word' id='word_1_661' title='bbox 3419 4021 3832 4098; x_wconf 89' lang='lat' dir='ltr'><strong>recuperent.</strong></span> 
     </span>
     <span class='ocr_line' id='line_1_97' title="bbox 2486 4099 3212 4184; baseline 0 -19"><span class='ocrx_word' id='word_1_662' title='bbox 2486 4100 2635 4167; x_wconf 85' lang='lat' dir='ltr'><strong>Iam</strong></span> <span class='ocrx_word' id='word_1_663' title='bbox 2677 4120 2835 4169; x_wconf 86' lang='lat' dir='ltr'><strong>vcro</strong></span> <span class='ocrx_word' id='word_1_664' title='bbox 2876 4099 3067 4184; x_wconf 86' lang='lat' dir='ltr'><strong>agite,</strong></span> <span class='ocrx_word' id='word_1_665' title='bbox 3105 4103 3212 4165; x_wconf 76' lang='lat' dir='ltr'><strong>etc.</strong></span> 
     </span>
    </p>
   </div>
   <div class='ocr_carea' id='block_1_8' title="bbox 2899 4444 3675 4667">
    <p class='ocr_par' dir='ltr' id='par_1_9' title="bbox 2899 4444 3675 4667">
     <span class='ocr_line' id='line_1_98' title="bbox 2899 4444 3675 4530; baseline -0.001 -4"><span class='ocrx_word' id='word_1_666' title='bbox 2899 4445 3399 4530; x_wconf 87' lang='lat' dir='ltr'><strong>HOMILIA</strong></span> <span class='ocrx_word' id='word_1_667' title='bbox 3440 4444 3675 4528; x_wconf 87' lang='lat' dir='ltr'><strong>XIX.</strong></span> 
     </span>
     <span class='ocr_line' id='line_1_99' title="bbox 3124 4598 3455 4667; baseline -0.009 0"><span class='ocrx_word' id='word_1_668' title='bbox 3124 4598 3324 4667; x_wconf 84' lang='lat' dir='ltr'><strong>CAP.</strong></span> <span class='ocrx_word' id='word_1_669' title='bbox 3368 4600 3455 4665; x_wconf 80' lang='lat' dir='ltr'><strong>v,</strong></span> 
     </span>
    </p>
   </div>
   <div class='ocr_carea' id='block_1_9' title="bbox 2316 4765 4258 5289">
    <p class='ocr_par' dir='ltr' id='par_1_10' title="bbox 2316 4765 4258 5289">
     <span class='ocr_line' id='line_1_100' title="bbox 2496 4765 4252 4851; baseline -0.002 -14"><span class='ocrx_word' id='word_1_670' title='bbox 2496 4774 2554 4839; x_wconf 89' lang='lat'><strong>1.</strong></span> <span class='ocrx_word' id='word_1_671' title='bbox 2591 4771 2943 4839; x_wconf 56' lang='lat' dir='ltr'><strong>Philistum</strong></span> <span class='ocrx_word' id='word_1_672' title='bbox 2973 4778 3184 4839; x_wconf 76' lang='lat' dir='ltr'><strong>autem</strong></span> <span class='ocrx_word' id='word_1_673' title='bbox 3205 4771 3481 4838; x_wconf 73' lang='lat' dir='ltr'><strong>tulerunt</strong></span> <span class='ocrx_word' id='word_1_674' title='bbox 3514 4788 3729 4836; x_wconf 82' lang='lat' dir='ltr'><strong>arcam</strong></span> <span class='ocrx_word' id='word_1_675' title='bbox 3762 4765 3910 4844; x_wconf 78' lang='lat' dir='ltr'><strong>Dei,</strong></span> <span class='ocrx_word' id='word_1_676' title='bbox 3952 4770 4008 4830; x_wconf 81' lang='lat' dir='ltr'><strong>et</strong></span> <span class='ocrx_word' id='word_1_677' title='bbox 4029 4785 4252 4851; x_wconf 76' lang='lat' dir='ltr'><strong>aspor-</strong></span> 
     </span>
     <span class='ocr_line' id='line_1_101' title="bbox 2317 4852 4253 4926; baseline -0.004 -1"><span class='ocrx_word' id='word_1_678' title='bbox 2317 4864 2602 4926; x_wconf 68' lang='lat' dir='ltr'><strong>tavermt</strong></span> <span class='ocrx_word' id='word_1_679' title='bbox 2642 4879 2779 4924; x_wconf 82' lang='lat' dir='ltr'><strong>eam</strong></span> <span class='ocrx_word' id='word_1_680' title='bbox 2828 4858 2908 4924; x_wconf 83' lang='lat' dir='ltr'><strong>ab</strong></span> <span class='ocrx_word' id='word_1_681' title='bbox 2952 4858 3130 4925; x_wconf 75' lang='lat' dir='ltr'><strong>Eheu</strong></span> <span class='ocrx_word' id='word_1_682' title='bbox 3177 4857 3387 4923; x_wconf 70' lang='lat' dir='ltr'><strong>Heeer</strong></span> <span class='ocrx_word' id='word_1_683' title='bbox 3439 4855 3512 4921; x_wconf 76' lang='lat' dir='ltr'><strong>in</strong></span> <span class='ocrx_word' id='word_1_684' title='bbox 3535 4853 3850 4919; x_wconf 62' lang='lat' dir='ltr'><strong>&#39;Azotum</strong></span> <span class='ocrx_word' id='word_1_685' title='bbox 3937 4852 3998 4918; x_wconf 81' lang='lat'><strong>2.</strong></span> <span class='ocrx_word' id='word_1_686' title='bbox 4065 4853 4253 4920; x_wconf 72' lang='lat' dir='ltr'><strong>Tale-</strong></span> 
     </span>
     <span class='ocr_line' id='line_1_102' title="bbox 2316 4938 4255 5028; baseline -0.002 -18"><span class='ocrx_word' id='word_1_687' title='bbox 2316 4950 2585 5028; x_wconf 74' lang='lat' dir='ltr'><strong>nmtque</strong></span> <span class='ocrx_word' id='word_1_688' title='bbox 2646 4944 3001 5012; x_wconf 59' lang='lat' dir='ltr'><strong>Phila-etim</strong></span> <span class='ocrx_word' id='word_1_689' title='bbox 3058 4964 3273 5012; x_wconf 77' lang='lat' dir='ltr'><strong>arcam</strong></span> <span class='ocrx_word' id='word_1_690' title='bbox 3330 4941 3477 5026; x_wconf 79' lang='lat' dir='ltr'><strong>Dei,</strong></span> <span class='ocrx_word' id='word_1_691' title='bbox 3522 4945 3579 5005; x_wconf 79' lang='lat' dir='ltr'><strong>et</strong></span> <span class='ocrx_word' id='word_1_692' title='bbox 3616 4939 3960 5005; x_wconf 60' lang='lat' dir='ltr'><strong>mula-unt</strong></span> <span class='ocrx_word' id='word_1_693' title='bbox 3999 4958 4140 5004; x_wconf 81' lang='lat' dir='ltr'><strong>eam</strong></span> <span class='ocrx_word' id='word_1_694' title='bbox 4179 4938 4255 5006; x_wconf 68' lang='lat' dir='ltr'><strong>iot</strong></span> 
     </span>
     <span class='ocr_line' id='line_1_103' title="bbox 2316 5023 4250 5116; baseline -0.002 -20"><span class='ocrx_word' id='word_1_695' title='bbox 2316 5031 2611 5114; x_wconf 73' lang='lat' dir='ltr'><strong>templum</strong></span> <span class='ocrx_word' id='word_1_696' title='bbox 2673 5029 2922 5116; x_wconf 74' lang='lat' dir='ltr'><strong>Dayon,</strong></span> <span class='ocrx_word' id='word_1_697' title='bbox 3001 5035 3057 5096; x_wconf 78' lang='lat' dir='ltr'><strong>et</strong></span> <span class='ocrx_word' id='word_1_698' title='bbox 3126 5032 3474 5096; x_wconf 61' lang='lat' dir='ltr'><strong>stanam-unt</strong></span> <span class='ocrx_word' id='word_1_699' title='bbox 3541 5046 3679 5091; x_wconf 83' lang='lat' dir='ltr'><strong>eam</strong></span> <span class='ocrx_word' id='word_1_700' title='bbox 3741 5025 3927 5091; x_wconf 72' lang='lat' dir='ltr'><strong>iuxta</strong></span> <span class='ocrx_word' id='word_1_701' title='bbox 3990 5023 4250 5110; x_wconf 74' lang='lat' dir='ltr'><strong>Daqon.</strong></span> 
     </span>
     <span class='ocr_line' id='line_1_104' title="bbox 2316 5109 4255 5200; baseline -0.003 -16"><span class='ocrx_word' id='word_1_702' title='bbox 2316 5115 2378 5184; x_wconf 81' lang='lat'><strong>3.</strong></span> <span class='ocrx_word' id='word_1_703' title='bbox 2433 5117 2757 5200; x_wconf 72' lang='lat' dir='ltr'><strong>Quumque</strong></span> <span class='ocrx_word' id='word_1_704' title='bbox 2807 5118 3227 5184; x_wconf 65' lang='lat' dir='ltr'><strong>surrexissem</strong></span> <span class='ocrx_word' id='word_1_705' title='bbox 3280 5112 3562 5181; x_wconf 71' lang='lat' dir='ltr'><strong>diluculo</strong></span> <span class='ocrx_word' id='word_1_706' title='bbox 3616 5110 3832 5177; x_wconf 66' lang='lat' dir='ltr'><strong>Aaotii</strong></span> <span class='ocrx_word' id='word_1_707' title='bbox 3882 5109 4081 5177; x_wconf 75' lang='lat' dir='ltr'><strong>altera</strong></span> <span class='ocrx_word' id='word_1_708' title='bbox 4129 5112 4255 5196; x_wconf 67' lang='lat' dir='ltr'><strong>die,</strong></span> 
     </span>
     <span class='ocr_line' id='line_1_105' title="bbox 2318 5197 4258 5289; baseline -0.004 -17"><span class='ocrx_word' id='word_1_709' title='bbox 2318 5203 2720 5289; x_wconf 72' lang='lat' dir='ltr'><strong>ecceDaqon</strong></span> <span class='ocrx_word' id='word_1_710' title='bbox 2773 5200 3409 5284; x_wconf 68' lang='lat' dir='ltr'><strong>iacebatpromoein</strong></span> <span class='ocrx_word' id='word_1_711' title='bbox 3463 5197 4258 5266; x_wconf 64' lang='lat' dir='ltr'><strong>tenuantearoamDo-</strong></span> 
     </span>
    </p>
   </div>
  </div>
 </body>
</html>
