5059 6059
264 262 380 330 613
1523 262 1623 326 IN
1663 261 1718 328 I.
1765 259 1945 326 LIB.
1996 258 2397 328 SAMUEL.
2442 260 2643 328 cAP.
2688 261 2955 329 XXVI.
4127 262 4258 331 61¹4

265 448 673 535 praecipitem
722 447 1034 514 dedisset:
1102 449 1216 514 sed
1277 450 1584 533 quoniam
1631 448 1955 513 Davidem
2022 449 2197 514 ultro
2246 458 2253 467 “
2301 447 2487 512 Deus
2532 447 2834 514 iubebat:
2881 469 3009 532 quo
3054 450 3226 515 facto
3269 450 3484 535 magis
3528 451 3957 517 confirmatus
4001 460 4101 517 est
4124 453 4268 519 Dei·

266 544 683 621 persequutus
728 544 845 613 est,
889 535 992 601 cui
1039 543 1253 600 tamen
1280 536 1660 600 benedicere
1693 536 1968 618 cogitur,
2014 555 2199 618 opor-

266 622 385 686 tuit
426 622 637 703 ipsum
685 620 756 684 in
798 634 1026 703 coepta
1084 620 1335 684 malitia
1396 630 1464 685 et
1520 620 1928 685 contumacia
1976 639 2195 703 perse-

2301 533 2620 617 populus,
2681 555 2877 618 quam
2939 535 2994 600 si
3056 554 3390 620 nunquam
3451 536 3812 602 accidisset.
3900 536 4073 601 Nam
4128 541 4251 605 etsi

2303 618 2662 702 prophetae
2705 620 3045 704 loquentes
3089 631 3250 685 sunt
3307 624 3515 687 sancti
3574 622 3850 705 spiritus
3895 641 4144 705 organa
4186 632 4255 691 et

265 726 519 783 verare,
578 706 784 772 donec
838 705 907 769 in
967 706 1273 790 abyssum
1336 707 1472 771 irae
1529 704 1657 771 Dei
1713 706 1859 770 sine
1912 704 2200 770 remedio
2302 705 2774 784 instrumenta,
2841 716 2908 769 et
2972 726 3137 789 quae
3198 705 3454 787 dicunt,
3521 727 3670 771 cum
3732 713 4104 774 reverentia
4184 719 4255 776 et

263 811 566 876 praeceps
611 790 911 856 ferretur.
950 792 1089 855 Nos
1134 792 1353 874 itaque
1395 792 1518 857 hoc
1549 789 1848 873 exemplo
1873 789 2200 855 discamus
2243 776 2252 856 Ι
2302 790 2537 854 timore
2581 799 2742 855 sunt
2783 811 2819 854 a
2867 790 3053 855 nobis
3097 791 3500 874 excipienda,
3547 802 3614 856 et
3656 791 3791 857 illis
3836 794 4251 875 acquiescen-

265 897 499 960 sapere‚
546 886 613 940 et
660 878 726 940 in
775 876 1194 960 simplicitate
1232 888 1298 941 et
1342 876 1655 941 modestia
1693 896 1813 941 nos
1858 877 2198 940 continere

262 971 335 1027 ut
396 962 461 1026 in
524 961 652 1026 Dei
720 961 1004 1027 filiorum
1065 983 1337 1028 numero
1391 982 1797 1039 censeamur,
1865 973 1931 1024 et
1989 961 2200 1044 ipsius

263 1045 769 1112 benedictionem
795 1046 1145 1130 implorare
1182 1048 1525 1131 possimus,
1571 1058 1639 1112 et
1662 1068 1877 1111 rerum
1904 1047 2198 1110 omnium

260 1138 631 1197 nostrarum
678 1131 930 1197 felicem
980 1144 1287 1197 eventum
1334 1138 1734 1216 exspectare.
1807 1130 1998 1211 Quae
2043 1152 2200 1197 vero

259 1217 458 1282 verba
501 1226 895 1300 sequuntur:
974 1217 1297 1285 Oonfieies
1334 1218 1527 1302 plane
1586 1228 1653 1283 et
1695 1218 1965 1282 omnino
2011 1237 2198 1299 prae·

260 1301 534 1381 valebis,
613 1304 987 1387 significant
1052 1303 1377 1368 Davidem
1445 1304 1679 1369 invitis
1745 1301 2051 1367 omnibus
2118 1301 2199 1366 ad

258 1389 502 1473 regiam
551 1387 938 1471 dignitatem
1004 1398 1490 1470 perventurum.
1560 1388 1693 1453 Sed
1740 1389 1792 1452 si
1843 1388 1967 1452 hoc
2010 1395 2203 1452 norat

260 1471 436 1551 Saul,
486 1494 686 1556 quare
730 1474 933 1557 igitur
977 1473 1301 1538 Davidem
1352 1495 1390 1537 a
1436 1496 1503 1538 se
1541 1471 1856 1538 dimittit?
1913 1492 2029 1538 cur
2066 1494 2198 1536 non

253 1579 471 1624 secum
523 1558 805 1623 retinet?
864 1580 982 1623 eur
1041 1580 1170 1624 non
1232 1570 1297 1623 et
1341 1560 1558 1642 ipsum
1605 1559 1875 1623 honeste
1922 1556 2198 1622 habuit?

254 1643 508 1726 Nempe
552 1645 621 1707 in
683 1665 759 1709 eo
817 1644 1056 1710 elarius
1117 1656 1389 1727 apparet
1446 1645 1667 1710 Saulis
1722 1642 2071 1721 induratiO,
2137 1652 2202 1706 et

252 1740 605 1812 antequam
653 1752 690 1794 e
749 1731 919 1794 vivis
979 1729 1397 1814 egrederetur
1442 1730 1667 1794 divina
1724 1726 2200 1807 condemnatio,

251 1814 778 1897 quandoquidem
829 1825 1054 1880 cont-ra
1100 1816 1567 1880 conscientiam
1627 1813 1946 1879 adversus
1994 1814 2200 1879 Davi-

251 1899 397 1964 dem
444 1921 755 1983 pugnans
798 1901 863 1964 in
912 1902 1124 1983 ipsum
1171 1900 1442 1965 Domini
1504 1900 1709 1965 nostri
1754 1897 1903 1965 Iesu
1951 1899 2198 1965 Christi

247 2006 530 2069 regnum
588 1986 987 2071 insurgebat.
1084 1987 1352 2051 Adeone
1411 2006 1568 2051 vero
1628 1986 1935 2050 insanum
1999 1984 2201 2050 fuisse

247 2069 525 2136 Saulem
575 2079 653 2135 ut
696 2071 905 2135 invito
942 2071 1227 2135 Domino
1274 2091 1550 2155 regnum
1599 2069 1925 2135 retineat?
1975 2069 2202 2153 Neque

244 2157 421 2220 enim
497 2155 800 2221 simulate
867 2156 1122 2222 dicebat
1191 2157 1513 2221 Davidem
1577 2177 1798 2240 regem
1864 2156 2021 2236 sore,
2089 2155 2199 2219 sed

243 2249 518 2306 coactus
572 2241 739 2324 quod
790 2241 973 2306 Deus
1031 2242 1153 2307 hoc
1212 2241 1657 2306 testimonium
1719 2241 1924 2324 ipsius
1983 2241 2202 2305 animo

238 2327 444 2391 altius
507 2328 958 2409 impressisset,
1020 2349 1149 2392 non
1207 2326 1469 2410 quidem
1532 2338 1606 2389 ut
1664 2327 1829 2390 solet
1886 2325 2070 2390 Deus
2131 2327 2197 2389 in

238 2412 545 2477 fidelium
572 2411 878 2477 cordibus
900 2414 1173 2496 gratiam
1200 2434 1386 2477 suam
1414 2412 1788 2495 obsignare:
1835 2432 1987 2475 nam
2013 2413 2201 2494 signa

236 2518 409 2581 quae
464 2496 653 2562 Deus
697 2498 885 2563 nobis
927 2502 993 2562 in
1043 2499 1311 2563 ecclesia
1357 2497 1486 2579 dat,
1547 2508 1704 2561 sunt
1746 2497 1955 2561 instar
1999 2496 2197 2580 sigilli

237 2583 414 2666 quod
468 2583 540 2646 in
591 2603 738 2648 cera
785 2582 964 2647 molli
1012 2584 1426 2666 imprimitur.
1475 2582 1660 2646 Deus
1704 2582 1923 2664 itaque
1945 2582 2197 2646 miseri-

237 2668 541 2734 cordiam
606 2689 792 2732 suam
853 2669 921 2732 in
983 2668 1219 2732 animis
1277 2669 1518 2733 nostris
1576 2668 1668 2732 sic
1727 2667 2064 2750 obsignat,
2122 2675 2200 2731 ut

233 2774 559 2837 magnam
623 2774 709 2817 ex
768 2775 840 2818 ea
904 2755 1294 2818 suavitatem
1354 2753 1713 2817 sentiamus
1766 2764 1834 2817 et
1876 2753 2194 2835 pereipia-

233 2860 411 2920 mus,
462 2839 746 2920 ideoque
792 2840 987 2903 etiam
1013 2840 1137 2903 Dei
1184 2839 1453 2922 spiritus
1498 2846 1768 2904 vocatur
1799 2839 2005 2921 ipsius
2049 2858 2192 2920 pro-

228 2927 638 2989 missionum
687 2924 998 3007 sigillum,
1045 2924 1215 3007 quod
1262 2926 1400 3006 ipse
1427 2924 1550 2988 Dei
1599 2923 1836 3005 spiritu
1882 2923 2193 2987 autorita-

232 3022 368 3073 tem
447 3009 631 3093 apud
698 3026 818 3072 nos
881 3011 1053 3092 ipsos
1123 3009 1453 3087 conciliet,
1533 3008 1855 3090 faciatque
1901 3019 1973 3071 ut
2039 3008 2198 3091 ipsis

224 3095 436 3160 fidem
491 3093 941 3159 adhibeamus.
1026 3094 1157 3160 Sed
1204 3094 1391 3158 Deus
1434 3094 1557 3158 alia
1606 3093 1858 3157 ratione
1904 3092 2196 3158 testimo-

225 3182 425 3245 nium
495 3181 689 3263 regni
748 3180 1025 3245 Davidis
1083 3181 1149 3244 in
1212 3181 1430 3243 animo
1476 3179 1702 3243 Saulis
1757 3180 2197 3261 impresserat,

222 3266 567 3330 nimirum
617 3273 689 3328 ut
734 3265 899 3329 solet
941 3266 1115 3329 inuri
1160 3265 1470 3330 maleficis
1516 3275 1672 3327 nota
1716 3263 1933 3346 aliqua
1977 3262 2082 3327 vel
2127 3265 2196 3328 in

219 3352 457 3415 fronte
528 3351 639 3414 vel
698 3351 826 3414 alia
881 3352 1167 3433 corporis
1228 3360 1443 3433 parte,
1501 3370 1666 3431 quae
1727 3358 1878 3414 nota
1938 3357 2194 3413 tantum

219 3436 423 3501 abest
474 3445 559 3500 ut
582 3435 743 3517 ipsis
767 3437 849 3500 sit
885 3435 1137 3511 honori,
1187 3446 1261 3499 ut
1285 3448 1514 3500 contra
1536 3444 1853 3519 perpetuo
1901 3433 2195 3499 dedecori

218 3523 314 3586 sit
340 3532 414 3586 et
437 3520 785 3585 infamiae.
833 3521 995 3586 Saul
1042 3522 1244 3605 igitur
1279 3519 1358 3585 de
1381 3540 1583 3603 regno
1608 3518 1887 3585 Davidis
1910 3519 2200 3601 loquitur

218 3607 404 3691 quod
461 3609 539 3670 in
607 3607 813 3688 ipsius
857 3608 1076 3671 animo
1120 3605 1305 3671 Deus
1364 3606 1532 3671 hanc
1576 3603 2033 3670 certitudinem
2082 3606 2196 3669 im·

210 3694 600 3776 pressisset
642 3702 942 3773 opertere
963 3691 1286 3755 Davidem
1334 3710 1630 3774 regnare.
1678 3690 1814 3754 Nos
1839 3710 1995 3753 vero
2041 3689 2197 3757 hinc

213 3779 587 3842 discamus
614 3776 829 3841 Deum
854 3797 1105 3861 rogare,
1130 3787 1207 3840 ut
1228 3788 1494 3841 suarum
1523 3775 2029 3857 promissionum
2056 3795 2193 3839 cer-

206 3863 606 3928 titudinem
655 3863 749 3926 sie
793 3863 1032 3927 animis
1092 3862 1334 3926 nostris
1391 3861 1730 3940 inscribat,
1794 3881 1878 3924 ne
1927 3858 2192 3925 Saulem

205 3950 610 4025 imitemur,
656 3946 767 4012 sed
816 3957 889 4012 ut
935 3949 1152 4030 potius
1199 3960 1507 4029 tanquam
1556 3965 1767 4010 ceram
1813 3946 2067 4010 flexiles
2112 3947 2190 4011 ad

198 4035 436 4117 ipsius
507 4032 903 4114 obsequium
964 4034 1177 4101 faciat.
1283 4032 1517 4096 Davidi
1580 4032 1834 4113 quidem
1906 4032 2195 4115 profecto

198 4122 388 4184 nihil
444 4119 789 4183 commodi
826 4127 940 4183 aut
982 4118 1377 4183 incommodi
1415 4115 1748 4182 adferebat
1802 4117 1928 4181 ista
1974 4116 2195 4183 Saulis

198 4205 667 4291 pollicitatio:
735 4205 846 4268 sed
907 4224 1046 4267 eam
1109 4212 1325 4268 tamen
1387 4202 1483 4266 illi
1546 4203 1724 4267 Deus
1784 4203 2062 4267 extorsit
2121 4213 2197 4268 ut

194 4313 499 4357 servum
559 4310 753 4353 suum
784 4289 1100 4353 Davidem
1152 4289 1362 4369 magis
1396 4310 1476 4352 ac
1520 4288 1730 4370 magis
1777 4290 2195 4353 confirmaret

194 4377 311 4442 vel
385 4376 627 4459 ipsius
700 4374 1107 4440 infestissimi
1179 4373 1384 4437 hostis
1440 4373 1841 4438 confessione
1901 4381 1966 4437 et
2017 4394 2189 4438 asse·

188 4464 621 4528 veratione:
684 4481 837 4525 nam
893 4461 1016 4525 etsi
1079 4457 1239 4526 Saul
1288 4459 1411 4522 Dei
1459 4458 1783 4523 voluntati
1844 4459 2193 4524 resistebat

186 4551 506 4631 eiusque
565 4545 902 4612 decretum
965 4555 1261 4610 evertere
1322 4544 1674 4618 nitebatur,
1729 4543 1915 4625 Deus
1971 4556 2189 4610 tamen

181 4637 320 4719 ipsi
376 4632 627 4698 invito
673 4631 841 4697 hanc
886 4631 1357 4695 confessionem
1399 4630 1691 4704 extorsit,
1735 4637 2037 4712 oportere
2062 4631 2192 4695 Da-

182 4721 377 4785 vidis
451 4738 756 4800 regnum
815 4717 1209 4781 confirmari.
1299 4715 1491 4795 Quod
1545 4735 1703 4779 sane
1750 4716 2049 4779 veritatis
2094 4716 2186 4780 di·

178 4807 403 4873 vinae
476 4803 949 4867 testimonium
1008 4823 1138 4866 non
1199 4821 1473 4884 parvum
1535 4799 1792 4884 pondus
1837 4800 2063 4865 habuit
2107 4801 2186 4865 ad

172 4891 565 4957 Davidem
645 4887 1026 4970 erigendum
1097 4898 1163 4952 et
1226 4886 1710 4951 consolandum.
1813 4883 1925 4951 Sic
1992 4887 2188 4951 Bala-

172 4999 432 5045 amum
495 4974 674 5037 olim
723 4974 1021 5037 videmus
1068 4993 1329 5055 operam
1376 4992 1563 5037 suam
1608 4971 1856 5036 locasse
1882 4980 1956 5035 ut
1999 4992 2185 5035 men-

2301 873 2478 952 dum,
2537 884 2759 940 tamen
2819 896 3018 959 quum
3079 889 3335 943 coactos
3394 886 3459 941 et
3516 877 3753 942 diaboli
3811 878 4019 961 ipsius
4061 898 4251 946 man-

2301 960 2469 1042 cipia
2515 960 2818 1026 videmus
2863 961 3211 1027 adversum
3260 983 3331 1025 se
3376 963 3550 1046 ipsos
3573 963 3744 1027 ferre
3781 965 4250 1047 testimonium,

2303 1057 2367 1108 et
2390 1047 2532 1128 cogi
2560 1066 2799 1130 magno
2845 1064 3133 1111 succum
3159 1047 3474 1112 dedecore
3516 1046 3807 1113 divinam
3845 1049 4250 1119 voluntatem

2302 1132 2614 1213 profiteri,
2641 1132 3185 1214 quemadmodum
3213 1131 3510 1197 videmus
3547 1132 3626 1196 ad
3655 1132 4042 1216 supplicium
4067 1136 4249 1203 dam-

2304 1224 2493 1281 natos
2538 1219 2678 1299 cogi
2725 1220 2824 1283 sui
2868 1218 3104 1283 iudicis
3127 1219 3527 1300 aequitatem
3556 1238 3929 1303 agnoscere,
3977 1241 4250 1307 magno-

2304 1321 2458 1383 pere
2503 1323 2625 1366 nos
2668 1303 2871 1381 iuvat,
2918 1312 2982 1366 et
3025 1304 3089 1367 in
3139 1303 3266 1367 Dei
3309 1304 3652 1386 promissis
3695 1306 4060 1372 confirmat.
4138 1308 4253 1375 Sic

2304 1387 2509 1470 igitur
2567 1387 2958 1452 Balaamum
3010 1389 3300 1471 oportuit
3355 1389 3735 1472 praedicare
3797 1389 4248 1458 liberationem

2347 1472 2524 1554 epuli
2571 1488 2636 1536 et
2681 1482 3063 1556 prosperum
3113 1475 3316 1557 ipsius
3359 1496 3755 1552 successum,
3800 1474 4058 1558 Deique
4083 1480 4253 1543 veri-

2374 1567 2504 1622 tem
2568 1559 2782 1641 palam
2844 1580 3167 1636 asserere,
3230 1570 3297 1623 et
3355 1560 3542 1623 fateri
3609 1559 3952 1624 dominum
4030 1563 4248 1630 Deum

2302 1641 2573 1709 Israelis
2599 1666 2729 1708 non
2756 1665 2897 1708 esse
2920 1644 3203 1710 similem
3230 1643 3649 1709 mortalibus:
3699 1647 4044 1711 veritatem
4070 1650 4247 1715 enim

2304 1726 2517 1793 dicere
2563 1738 2630 1793 et
2653 1729 3062 1795 voluntatem
3098 1729 3302 1813 ipsius
3327 1740 3659 1794 aeternam
3686 1752 3828 1797 esse
3851 1752 3998 1797 eum
4028 1742 4249 1799 tamen

2305 1815 2615 1879 mortales
2658 1815 2726 1883 in
2776 1815 2969 1880 horas
3012 1826 3364 1880 mutentur.
3439 1815 3545 1880 Ita
3589 1828 3850 1882 coactus
3893 1828 3995 1881 est
4035 1819 4250 1902 impu-

2304 1919 2419 1964 rus
2464 1899 2576 1964 ille
2601 1901 2892 1980 Balaam,
2939 1900 3049 1983 qui
3095 1900 3174 1963 ad
3215 1900 3665 1966 mentiendum
3704 1901 4063 1969 conductus
4087 1914 4251 1986 erat,

2305 2004 2659 2065 agnoscere
2718 1985 3006 2051 divinam
3053 1986 3363 2049 virtutem
3426 1994 3490 2049 et
3547 1988 3907 2068 potentiam
3968 1999 4031 2053 et
4081 1991 4252 2055 veri-

2305 2080 2507 2134 tatem
2555 2071 2760 2155 ipsius
2805 2070 3197 2135 ineffabilem
3239 2081 3305 2136 et
3333 2071 3804 2137 immutabilem
3853 2074 4247 2155 praedicare.

2304 2153 2484 2219 Idem
2535 2157 2731 2220 etiam
2771 2156 2922 2220 fecit
2947 2155 3110 2222 Saul
3134 2176 3292 2240 erga
3318 2156 3662 2233 Davidem,
3711 2179 3901 2240 quem
3951 2161 4251 2242 agnoscit

2303 2251 2370 2303 et
2412 2241 2657 2306 fatetur
2700 2240 2960 2324 quidem
3023 2252 3470 2326 regnaturum,
3529 2242 3642 2305 sed
3701 2242 4130 2310 nibilominus
4177 2256 4252 2311 ut

2305 2334 2455 2389 ante
2514 2327 2756 2391 fecerat
2813 2328 3049 2391 infesto
3095 2327 3312 2391 animo
3367 2329 3802 2410 persequitur,
3862 2338 3928 2393 et
3971 2350 4249 2413 regnum

2304 2410 2507 2492 ipsius
2551 2412 2706 2476 odit.
2788 2412 2965 2476 Hinc
3007 2412 3197 2476 fateri
3246 2412 3574 2477 discamus
3616 2411 3832 2477 Deum
3893 2434 4035 2481 esse
4091 2416 4248 2481 fide-

2307 2495 2434 2559 lem
2482 2506 2548 2561 et
2592 2498 2798 2581 ipsius
2840 2497 3179 2579 promissis
3215 2498 3309 2563 sie
3354 2498 3783 2580 acquiescere,
3827 2507 3905 2563 ut
3949 2522 4082 2565 non
4128 2502 4249 2566 du·

2307 2581 2590 2646 bitemus
2632 2603 2712 2646 ea
2746 2581 2933 2646 nobis
2957 2584 3022 2646 in
3047 2580 3454 2646 commodum
3481 2591 3548 2647 et
3579 2583 3926 2649 utilitatem
3953 2596 4245 2653 nostram

2304 2687 2590 2747 cessura,
2617 2680 2811 2750 atque
2841 2667 3048 2750 ipsius
3081 2667 3487 2731 voluntatem
3519 2668 3970 2734 inevitabilem
4001 2673 4247 2753 perfec·

2306 2762 2442 2815 tum
2493 2753 2573 2816 iri
2623 2753 2773 2819 licet
2817 2774 2935 2836 pro
2976 2752 3225 2817 viribus
3261 2773 3404 2815 sese
3434 2753 3529 2816 illi
3557 2755 3869 2819 mortales
3892 2763 4245 2839 opponant.

2476 2837 2770 2903 Tandem
2818 2839 3113 2921 sequitur
3157 2836 3472 2903 Davidem
3515 2838 3727 2902 {niter
3767 2859 3958 2903 suum
3993 2840 4246 2923 abiisse,

2308 2921 2562 2986 Saulem
2605 2944 2752 2988 vero
2794 2925 2860 2988 in
2905 2924 3104 2988 locum
3146 2942 3331 2987 suum
3372 2942 3719 2987 reversum.-
3763 2943 3844 2987 ex
3870 2945 3997 3007 quo
4020 2947 4248 2993 rursus

2300 3019 2573 3089 apparet
2618 3008 2940 3074 Davidem
3000 3008 3305 3092 speciosis
3365 3006 3497 3071 illis
3557 3004 3780 3074 Saulis
3835 3011 4055 3075 verbis
4110 3031 4246 3077 nen

2302 3093 2651 3158 admodum
2715 3093 3094 3158 confidisse:
3155 3114 3231 3158 ac
3291 3093 3444 3158 licet
3497 3112 3644 3157 eum
3710 3092 3870 3160 Saul
3931 3104 4245 3178 tanquam

2303 3178 2507 3242 filium
2573 3179 3025 3262 compellasset
3082 3178 3426 3260 eidemque
3485 3177 3957 3264 benedixisset,
4026 3192 4246 3248 tamen

2301 3264 2461 3327 satis
2504 3265 2706 3329 fuisse
2729 3264 2968 3328 Davidi
3015 3274 3233 3328 notam
3260 3263 3481 3328 Saulis
3505 3263 3819 3328 malitiam
3860 3275 3925 3329 et
3968 3286 4242 3349 pravam

2301 3348 3274 3431 obstinationem.Quamobrem
3289 3360 3647 3427 teneamus,
3665 3349 3805 3413 Deo
3816 3352 4247 3432 patefaciente

2302 3433 2491 3498 nobis
2537 3434 2818 3499 hostium
2868 3444 3236 3500 nostrorum
3285 3435 3702 3517 pravitatem,
3753 3435 3945 3501 licere
3983 3438 4246 3520 quidem

2302 3518 2490 3584 nobis
2532 3540 2792 3599 cavere,
2852 3528 2920 3584 et
2961 3541 3091 3584 non
3154 3521 3474 3584 coniicere
3521 3538 3640 3585 nos
3697 3521 3766 3583 in
3813 3521 4101 3603 ipsorum
4150 3524 4245 3589 la·

2301 3625 2516 3685 quens,
2576 3614 2643 3668 et
2687 3604 3002 3669 utendum
3051 3626 3191 3670 esse
3236 3603 3582 3687 prudentia
3627 3616 3694 3669 et
3735 3607 4021 3688 consilio,
4077 3610 4246 3693 quod

2299 3690 2439 3772 ipse
2483 3689 2670 3755 Deus
2715 3690 3135 3775 suggesserit,
3185 3688 3266 3755 ad
3315 3689 3574 3754 fraudes
3618 3700 3684 3754 et
3730 3690 3909 3757 dolos
3954 3694 4241 3777 ipsorum

2300 3775 2725 3859 effugiendos.
2815 3775 2993 3841 Sane
3037 3775 3261 3840 fideles
3320 3775 3580 3858 quidem
3626 3784 3884 3858 oportet
3928 3792 4244 3862 perpetuo

2299 3861 2366 3924 in
2428 3861 2841 3942 simplicitate
2897 3860 3266 3935 ambulare,
3327 3870 3401 3923 ut.
3462 3874 3684 3925 monet
3743 3861 4069 3941 Christus,
4127 3865 4242 3930 sed

2300 3968 2429 4010 nen
2477 3946 2625 4011 ideo
2669 3956 2885 4010 tamen
2935 3967 3005 4010 se
3050 3946 3438 4028 praecipites
3480 3946 3547 4009 in
3596 3946 3884 4027 pericula
3927 3949 4084 4013 dare
4129 3951 4240 4014 de-

2300 4032 2471 4104 bent,
2519 4042 2586 4097 et
2629 4033 2834 4095 veluti
2872 4032 3109 4095 clausis
3142 4032 3349 4096 oculis
3393 4032 3461 4093 in
3507 4031 3992 4114 improboruml
4085 4055 4239 4101 uees

2299 4117 2454 4181 ferri
2501 4128 2567 4181 et
2611 4117 2913 4197 ultimum
2961 4117 3082 4180 sibi
3130 4118 3403 4180 exitium
3450 4136 3800 4181 accersere.
3883 4116 3990 4197 Qu
4121 4120 4237 4183 ob·

2298 4203 2670 4267 servatione
2731 4203 3186 4286 dignissimum
3246 4213 3344 4267 est
3403 4202 3509 4267 his
3559 4202 3960 4283 temporibus
4004 4204 4238 4285 quibus

2299 4300 2454 4352 nota
2478 4298 2580 4353 est
2621 4289 3033 4354 inimieorum
3059 4286 3210 4352 fidei
3258 4288 3567 4370 pravitas,
3615 4308 3775 4369 quos
3797 4289 4234 4355 certissimum

2296 4382 2396 4438 est
2440 4374 2693 4437 nullum
2743 4394 2949 4456 genus
2992 4372 3400 4438 crudelitatis
3444 4374 3800 4437 omissuros
3845 4372 3925 4437 ad
3972 4376 4236 4456 penitus

2295 4458 2846 4540 pessumdandam
2894 4458 3230 4524 eeclesiam
3278 4460 3333 4525 si
3381 4458 3655 4523 facultas
3700 4458 3906 4540 ipsius
3945 4459 4231 4528 daretur.

2296 4544 2428 4608 Sed
2475 4546 2780 4626 quoniam
2828 4565 2959 4609 non
3023 4544 3299 4610 offertur
3356 4544 3604 4608 occasio
3649 4553 3715 4606 et
3760 4546 4233 4628 opportunitas,

2294 4631 2373 4694 ad
2422 4628 2686 4693 fraudes
2733 4630 3036 4711 vulpinas
3081 4630 3483 4713 confugiunt,
3544 4638 3609 4692 et
3669 4628 3853 4693 miris
3901 4629 4234 4698 blanditiis

2293 4715 2590 4780 incautos
2635 4713 2946 4779 invadere
2991 4715 3216 4779 fideles
3275 4714 3656 4791 moliuntur,
3716 4733 3903 4779 suam
3965 4716 4229 4782 interim

2291 4800 2760 4884 poenitentiam
2820 4820 3235 4881 summopere
3292 4798 3824 4864 commendantes
3884 4809 3950 4865 et
4006 4803 4234 4867 melio-

2292 4907 2430 4950 rem
2472 4886 2543 4949 in
2589 4900 2916 4966 posterum
2965 4894 3248 4949 mentem
3296 4883 3697 4966 pollicentes.
3783 4886 3922 4950 Nae
3967 4888 4022 4950 si
4069 4888 4232 4952 fides

2289 4973 2432 5036 istis
2484 4971 2918 5036 fraudulentis
2961 4969 3332 5034 homiuibus
3394 4969 3837 5054 adhiberetur,
3896 4982 4234 5037 momento

168 5068 471 5136 tir-etur,
531 5068 617 5123 et
660 5059 1040 5142 prophetiae
1083 5066 1425 5140 praetextu
1470 5057 1756 5122 falleret:
1804 5055 1917 5120 sed
1964 5066 2181 5121 tamen
2286 5057 2515 5121 fideles
2559 5056 3155 5137 pessumdarentur.
3216 5054 3659 5135 Quamobrem
3706 5068 3971 5146 oportet
4012 5055 4237 5122 fideles

161 5162 433 5218 eontra
505 5154 813 5210 mentem
876 5145 1076 5210 fuisse
1119 5165 1158 5208 a
1206 5143 1345 5208 Deo
1392 5152 1684 5208 coactum
1740 5142 1972 5208 efferre
2017 5160 2183 5226 quae

2285 5142 2406 5208 sibi
2452 5162 2706 5220 cavere,
2749 5162 2952 5225 quum
2999 5142 3381 5222 praesertim
3427 5140 3680 5207 nullam
3720 5149 3951 5219 fidem,
3993 5139 4246 5205 nullam

3722 5254 3841 5324 as·
