5059 6059
859 311 985 378 651

2393 349 2403 362 ·
2438 307 2850 374 HOMILIA
2892 305 3267 374 XXXVII.
4656 319 4737 389 652

861 515 931 570 et
986 503 1265 568 fortunis
1316 510 1381 566 et
1438 498 1823 565 substantiis
1883 496 2372 580 spoliaverant?
2434 497 2523 561 Et
2583 503 2802 562 tamen
2908 498 3193 563 consiliis
3237 497 3484 562 malum
3531 509 3597 564 et
3638 499 4086 565 confusionem
4132 507 4486 567 accersant.
4557 503 4681 569 Nam
4706 511 4744 576 ai

862 589 1182 657 Israelitis
1266 586 1733 670 pretiosissima
1816 601 2110 666 quaeque
2183 603 2344 648 vasa
2408 583 2803 665 petentibus,
2903 582 3172 647 modum
3220 598 3561 648 servarent
3605 597 3873 668 possent
3917 606 4075 650 sane
4118 585 4489 666 subsistere,
4525 589 4618 654 0011
4639 613 4744 673 quo·

862 675 1036 743 nihil
1080 674 1428 757 denegant,
1473 670 1585 737 sed
1631 672 1930 736 certatim
1974 669 2108 733 illis
2153 689 2321 751 quae
2379 667 2806 750 postulabant

863 762 1149 828 tradunt.
1239 760 1436 826 Unde
1492 775 1648 823 vero
1703 763 1890 821 tanta
1942 770 2011 818 et
2067 765 2201 819 tam
2256 754 2608 838 repentina
2661 775 2806 817 mu-

864 849 1046 927 tati0,
1109 853 1184 911 ut
1247 847 1361 928 qui
1406 842 1944 926 antea-luporum
1988 842 2199 905 instar
2243 838 2473 904 dentes
2514 838 2598 903 ad
2644 838 2809 903 lani-

863 934 1112 1001 andum
1167 932 1507 1015 parabant,
1565 931 1697 993 iam
1739 929 1950 993 instar
1994 945 2313 1010 agnorum
2359 926 2582 990 lanam
2621 945 2806 1008 prae·

864 1018 1108 1086 beant?
1173 1018 1427 1099 Nempe
1492 1016 1677 1080 Deus
1741 1012 2120 1077 immutavit
2181 1012 2475 1095 ipsorum
2535 1010 2804 1076 animos.

862 1104 1116 1171 Eadem
1183 1103 1380 1167 etiam
1447 1111 1575 1166 est·
1614 1099 1810 1166 huius
1877 1098 2032 1163 facti
2097 1097 2298 1162 Naasi
2358 1098 2544 1161 ratic.
2634 1097 2804 1161 Nam

864 1193 977 1275 qui
1036 1191 1283 1255 factum
1340 1197 1457 1263 est,
1519 1195 1594 1251 ut
1651 1187 1761 1267 qui
1806 1184 1986 1268 prius
2031 1182 2195 1247 nihil
2241 1183 2366 1248 nisi
2408 1184 2628 1246 minas
2672 1183 2806 1265 spi-

864 1279 1075 1355 rabat,
1130 1275 1514 1357 sanguinem
1570 1273 1864 1349 sitiebat,
1936 1278 2003 1334 et
2061 1269 2310 1333 nullam
2365 1267 2803 1332 conditionem

867 1363 1046 1447 pacis
1103 1360 1521 1439 admittebat;
1580 1359 1731 1423 licet
1786 1358 1869 1421 iis
1926 1356 2038 1438 qui
2082 1364 2178 1418 tot
2216 1364 2485 1436 tamque
2529 1353 2805 1418 eximias

867 1449 948 1514 de
1014 1446 1148 1513 suis
1210 1446 1508 1511 hostibus
1574 1445 1884 1510 victorias
1947 1450 2367 1523 reportarant
2431 1440 2604 1504 ultro
2664 1460 2806 1505 sese

864 1535 989 1617 ipsi
1068 1531 1476 1610 dedentibus,
1557 1540 1623 1595 et
1697 1531 1772 1593 in
1850 1528 2236 1594 servitutem
2316 1525 2805 1591 subiicientibus

865 1618 1063 1685 mode
1093 1618 1343 1683 salvam
1380 1619 1591 1684 vitam
1630 1616 2059 1699 promitteret,
2107 1634 2279 1680 nunc
2324 1618 2548 1677 tamen
2595 1619 2808 1694 potes-

868 1715 1070 1772 tatem
1164 1706 1322 1787 ipsis
1369 1704 1604 1768 ‘faciat
1677 1699 1995 1765 auxilium
2061 1698 2349 1764 dimissis
2380 1740 2384 1744 -
2414 1697 2674 1763 nunciis
2733 1698 2803 1761 in

864 1794 1207 1857 universos
1264 1790 1581 1854 terminos
1641 1786 1846 1852 Israel
1896 1783 2212 1868 petendi?
2280 1784 2569 1864 Quinam
2629 1802 2806 1862 vere,

863 1898 1105 1961 quaeso
1161 1895 1296 1952 vos,
1364 1877 1601 1940 factum
1660 1884 1761 1938 est
1820 1879 1892 1936 ut
1954 1872 2065 1955 qui
2110 1871 2293 1954 prius
2337 1880 2472 1933 tam
2512 1868 2697 1934 duris
2740 1880 2807 1932 et

860 1964 1107 2045 iniquis
1150 1961 1630 2027 conditionibus
1672 1960 1819 2024 illos
1855 1957 2100 2023 incolas
2136 1957 2552 2031 astrinxerat,
2598 1965 2664 2019 et
2699 1974 2806 2018 ae·

858 2050 1210 2132 quissimus
1253 2047 1506 2130 sibique
1552 2044 1924 2111 commodas
1970 2043 2264 2125 accipere
2308 2042 2629 2120 noluerat,
2673 2040 2806 2103 iam

862 2136 1001 2201 illis
1043 2134 1356 2200 concedat
1398 2131 1569 2214 quod
1615 2133 1683 2196 in
1729 2130 1916 2195 bellis
1951 2147 2284 2211 nunquam
2323 2126 2616 2210 permitti
2651 2145 2804 2189 con·

863 2219 1127 2287 suevit?
1174 2219 1344 2284 Nam
1386 2218 1631 2283 auxilia
1665 2216 2094 2300 undequaque
2129 2213 2556 2296 conquirendi
2593 2221 2806 2295 potes·

862 2317 1059 2372 tatem
1122 2306 1299 2369 ultro
1358 2303 1490 2369 illis
1535 2304 1718 2369 feeit:
1779 2301 1950 2387 quod
1995 2299 2149 2383 quid
2208 2300 2388 2366 aliud
2446 2300 2644 2363 fuisse
2703 2297 2804 2363 vi-

861 2393 1072 2469 detur,
1137 2407 1332 2474 quam
1360 2419 1365 2430 ·
1398 2401 1445 2454 e·
1500 2389 1803 2453 manibus
1854 2386 2175 2472 praedam
2244 2383 2610 2449 dimittere?
2695 2384 2802 2447 En

863 2477 1185 2560 quomodo
1224 2475 1335 2540 ad·
1359 2484 1652 2539 nostram
1698 2474 2200 2538 instructionem
2239 2473 2418 2537 Deus
2455 2470 2803 2535 declararit

862 2585 934 2629 se
991 2563 1281 2627 hostium
1331 2568 1706 2627 nostrorum
1752 2579 1941 2644 posse
1985 2557 2237 2622 animos
2280 2565 2624 2622 momento‘
2659 2571 2802 2619 mu·

864 2660 1024 2728 tare,
1084 2648 1239 2714 licet
1306 2647 1581 2711 immani
1641 2645 1819 2712 rabie
1873 2645 2335 2709 effer-vescantz
2404 2651 2597 2725 atque
2621 2639 2802 2706 sadeo

861 2736 958 2801 sic
1014 2733 1099 2798 ad
1156 2751 1343 2798 suam
1403 2733 1809 2798 voluntatem
1868 2729 2218 2806 inflectere,
2268 2738 2344 2792 ut
2385 2728 2613 2794 faciles
2658 2726 2802 2792 illos

860 2820 1238 2886 habeamus.
1331 2818 1679 2885 Caeterum
1782 2818 2051 2882 minime
2128 2814 2400 2879 dubium
2473 2827 2576 2884 est
2639 2813 2801 2895 quin

861 2907 1238 2991 arrogantia
1294 2915 1373 2969 et'
1417 2905 1694 2970 avaritia
1746 2912 2130 2968 excaecatus
2186 2901 2430 2983 impius
2486 2900 2614 2964 iste
2672 2898 2800 2964 Dei

860 3002 926 3058 et
969 3011 1129 3058 suae
1172 2991 1480 3057 ecclesiae
1526 2990 1751 3066 hostis,
1810 2997 1948 3052 tam
1991 2987 2183 3052 facile
2228 2988 2369 3051 istis
2412 2992 2801 3070 potestatem

859 3078 1284 3160 undequaque
1340 3079 1412 3140 in
1471 3078 1633 3141 fines
1690 3075 2140 3140 Israelitarum
2200 3071 2556 3155 quaerendi
2617 3070 2802 3135 auxi-

860 3166 1020 3229 lium
1064 3164 1313 3228 fecerit.
1402 3163 1573 3227 Nam
1616 3163 1692 3241 si,
1751 3171 1827 3224 ut
1870 3171 2027 3224 ante
2069 3158 2224 3236 dixi,
2292 3159 2661 3223 10110110·οῑ
2702 3158 2801 3220 iu-

854 3250 1024 3316 dicio
1099 3251 1237 3314 suis
1303 3247 1656 3313 commodis
1722 3245 2085 3312 studuisset
2145 3255 2213 3309 et
2276 3263 2433 3309 suae
2500 3242 2803 3308 utilitatis

862 3335 1195 3401 habuisset
1240 3336 1577 3410 rationem,
1643 3353 1847 3415 quum
1894 3331 2146 3397 videret
2188 3328 2504 3415 populum
2552 3329 2804 3394 animos

858 3422 1191 3500 abiecisse,
1235 3430 1301 3485 et
1347 3418 1796 3504 perturbatam
1842 3437 1985 3482 0000
2020 3415 2376 3494 civitatem,
2423 3435 2499 3480 ac
2534 3413 2804 3497 proinde

856 3510 989 3572 iam
1034 3509 1103 3570 in
1151 3528 1272 3571 sua
1315 3527 1456 3572 esse
1500 3515 1843 3588 potestate,
1912 3510 2173 3567 tantum
2212 3503 2291 3567 ad
2332 3503 2543 3585 ipsam
2583 3500 2804 3563 admo·

858 3592 1075 3658 venda
1118 3601 1349 3670 castra,
1396 3593 1548 3675 quid
1594 3591 1809 3675 ipsum
1854 3588 2232 3673 impellebat
2277 3586 2359 3652 ad
2394 3587 2628 3653 incolis
2661 3586 2803 3651 istis

857 3687 1247 3760 potestatem
1315 3677 1677 3743 faciendam
1734 3676 1987 3740 auxilia
2046 3697 2085 3739 a
2128 3673 2442 3739 fratribus
2486 3670 2799 3755 petendi?

858 3763 1057 3841 Sane,
1119 3771 1192 3826 ut
1250 3773 1403 3827 ante
1462 3762 1622 3838 dixi,
1682 3761 2022 3827 fatendum
2066 3759 2194 3825 Dei
2240 3758 2661 3844 providentia
2699 3759 2801 3839 ip-

859 3869 1006 3913 sum
1073 3849 1275 3913 fuisse
1341 3848 1640 3915 ductum:
1710 3846 1824 3913 sed
1890 3857 2112 3912 tamen
2180 3847 2397 3929 ipsum
2457 3844 2799 3910 Nahasum

857 3933 1343 3999 considerantes
1403 3935 1700 3998 videmus
1759 3933 2104 4016 abreptum
2164 3933 2365 3997 nimia
2420 3930 2799 4013 cupiditate,

855 4041 985 4104 qua
1041 4019 1206 4084 nihil
1268 4041 1395 4084 non
1456 4021 1578 4085 sibi
1624 4019 2072 4102 pollicebatur.
2165 4019 2255 4082 Et
2298 4017 2658 4082 verisimile
2703 4024 2801 4081 est

859 4107 1050 4171 illum
1097 4105 1222 4170 sibi
1265 4105 1667 4188 persuasisse
1708 4103 2128 4171 subsidiarios
2173 4104 2414 4169 milites
2459 4103 2529 4167 si·
2562 4103 2673 4184 qui
2719 4100 2802 4166 ab

855 4192 1171 4258 Israelitis
1213 4189 1645 4269 mitterentur,
1692 4211 1732 4254 a
1766 4212 1836 4255 se
1870 4190 2180 4256 facillime
2216 4201 2282 4253 et
2318 4188 2501 4255 nullo
2537 4189 2799 4270 negotio

856 4280 1135 4343 fractum
1200 4278 1304 4354 iri,
1376 4287 1570 4359 atque
1633 4278 1727 4341 ita
1792 4277 1929 4341 fore
1994 4283 2068 4341 ut
2131 4277 2440 4358 deinceps
2504 4275 2798 4338 animum

855 4365 1090 4429 caeteri
1169 4362 1666 4445 desponderent,
1746 4369 1814 4427 et
1878 4364 2089 4427 omnis
2155 4361 2416 4427 illorum
2484 4359 2798 4425 fortitudo

855 4449 1244 4526 concideret,
1326 4450 1435 4514 ubi
1512 4469 1771 4514 caesum
1846 4447 2195 4531 fusumque
2252 4446 2568 4531 populum
2628 4448 2802 4511 fama

854 4534 1027 4617 apud
1098 4535 1260 4600 alias
1331 4535 1540 4599 tribus
1607 4534 1932 4618 vulgaret.
2022 4536 2120 4600 Ac
2186 4532 2458 4617 proinde
2515 4532 2800 4616 reliquas

856 4641 1084 4686 omnes
1148 4620 1240 4685 cis
1298 4621 1650 4685 Iordanem
1697 4620 1909 4684 tribus
1952 4621 2136 4702 quasi
2177 4621 2372 4685 rebus
2416 4618 2691 4702 perditis
2735 4631 2801 4683 et

854 4708 1214 4790 profligatis
1270 4708 1559 4771 animum
1618 4707 2005 4782 abiecturas‚
2061 4714 2129 4770 et
2186 4706 2345 4771 fusis
2390 4704 2623 4771 incolis
2668 4705 2801 4768 illis

854 4792 1041 4857 labes
1108 4792 1366 4857 Galaad
1421 4793 1703 4857 eundem
1760 4811 1988 4857 casum
2034 4790 2153 4856 sibi
2202 4793 2607 4856 metuituras.
2698 4791 2801 4854 Ita

853 4878 1096 4942 factum
1142 4889 1244 4941 est
1289 4879 1493 4961 igitur
1537 4885 1615 4943 ut
1658 4876 1848 4943 Iabes
1893 4878 2147 4943 incolae
2180 4877 2371 4943 facile
2408 4878 2487 4942 ab
2526 4876 2800 4941 immani

856 4963 1043 5028 hoste
1100 4977 1165 5027 et
1225 4964 1388 5028 nihil
1436 4965 1559 5029 nisi
1608 4964 1994 5047 sanguinem
2040 4966 2331 5047 spirante
2375 4963 2797 5041 obtinuerint,

856 5048 1028 5129 quod
1096 5050 1371 5114 minime
1436 5051 1580 5115 iure
1645 5049 1799 5114 belli
1865 5050 1989 5115 sibi
2035 5051 2174 5116 ausi
2220 5059 2441 5115 essent
2484 5048 2795 5133 polliceri.

856 5135 955 5198 Ac
1020 5154 1178 5199 sane
1240 5134 1539 5201 videmus
1596 5136 1809 5201 Deum
1857 5144 2231 5201 nostrorum
2277 5136 2574 5200 hostium
2616 5136 2799 5217 cupi-

2908 671 3086 734 niam
3130 670 3269 734 suis
3307 669 3563 737 viribus
3606 682 3673 736 et
3716 671 4069 753 prudentia
4112 672 4492 756 gloriantur,
4528 684 4584 738 et
4614 678 4747 745 rebus

2907 754 3210 819 omnibus
3276 755 3556 836 inhiant,
3613 758 3692 822 fit
3735 768 3808 821 ut
3849 778 3971 823 sua
4011 777 4129 838 spe
4173 756 4491 839 excidant,
4543 759 4661 826 110111
4690 775 4750 828 te-

2907 861 3086 905 mere
3163 842 3296 908 huc
3381 841 3536 908 illuc
3624 843 3940 908 feruntur.
4029 843 4210 910 Hinc
4292 847 4567 926 ipsorum
4625 849 4752 915 exitii

2907 945 3134 991 causa:
3191 935 3375 991 tanto
3432 927 3644 1011 magis
3706 927 4034 995 horrenda
4085 939 4152 994 et
4203 929 4535 1013 stupenda,
4582 945 4752 1014 quantu

2903 1013 3121 1076 maior
3163 1014 3423 1078 illorum
3469 1015 3569 1078 ira
3611 1024 3679 1078 et
3721 1015 3923 1082 animi
3957 1015 4197 1081 ferocia
4230 1017 4373 1081 fuit.
4461 1016 4577 1082 Nos
4603 1017 4756 1101 itaque

2909 1107 3284 1164 nostrorum
3344 1099 3632 1164 hostium
3675 1099 3840 1165 iram
3888 1110 3956 1167 et
3998 1102 4344 1166 avaritiam
4385 1102 4756 1186 inexplebilem

2908 1194 2974 1247 et
3049 1183 3526 1267 implacabilem
3608 1187 3941 1253 intuentes
4003 1197 4454 1270 exspectemus
4511 1189 4754 1271 patienter

2909 1266 3065 1333 dum
3121 1270 3306 1337 Deus
3359 1272 3502 1353 ipse
3555 1292 3824 1337 manum
3885 1271 4250 1338 admoveat.
4337 1274 4504 1340 Nam
4543 1275 4760 1339 futurum

2908 1365 3012 1418 est
3088 1366 3162 1420 ut
3221 1356 3436 1422 rabies
3502 1367 3569 1422 et
3632 1359 3941 1424 immanis
4008 1359 4193 1424 furor
4250 1360 4614 1442 praecipites
4663 1359 4762 1425 illut

2907 1449 3063 1540 agat
3097 1451 3415 1524 tanquam
3453 1441 3798 1526 dupliciter
3832 1445 4078 1510 ebrios:
4125 1456 4194 1509 et
4225 1455 4336 1509 tan
4383 1465 4532 1510 uam
4550 1455 4764 1510 amentes

2907 1547 2976 1589 10
3013 1532 3284 1609 quaevis
3323 1530 3701 1613 praecipitia
3744 1531 4066 1608 coniiciat,
4111 1551 4199 1595 ex
4242 1532 4350 1614 qui
4399 1550 4473 1596 ns
4511 1552 4763 1613 0110011110

2909 1624 3280 1697 emergant:
3363 1614 3559 1679 modo
3639 1624 3861 1681 tamen
3945 1616 4210 1681 divinae
4287 1616 4553 1682 bonitati
4616 1617 4766 1682 10011111

2909 1695 3158 1796 demus,
3233 1699 3317 1764 ad
3382 1720 3663 1784 eumque
3728 1700 3798 1766 in
3864 1701 4169 1768 omnibus
4234 1702 4551 1786 angustiis
4606 1703 4766 1767 0011111·

2910 1804 3184 1866 giemus.

3083 1871 3406 1955 Deinceps
3482 1873 3778 1956 sequitur
3855 1873 4032 1939 cives
4108 1872 4256 1938 illos
4335 1873 4527 1939 labes
4584 1870 4772 1939 Gulad

2911 1955 3183 2021 nuncios
3238 1956 3319 2020 ad
3380 1957 3647 2024 Saulem
3708 1960 3964 2025 misisse
4022 1961 4090 2024 in
4151 1958 4402 2040 Gabaa,
4462 1959 4694 2023 namin
4723 1977 4775 2021 et

2907 2052 3382 2107 commoratum
3467 2044 3672 2112 fuisse
3760 2046 4060 2128 superius
4137 2045 4529 2110 audivimus.
4608 2043 4774 2125 Neque

2913 2146 3067 2225 aero
3115 2138 3370 2193 tantum
3416 2149 3492 2193 eo
3538 2132 3817 2197 nuncios
3861 2132 4116 2197 misisse
4159 2132 4241 2196 ad
4287 2130 4625 2215 petendum
4645 2127 4774 2193 auxi·

2907 2213 3072 2276 hum
3133 2214 3280 2278 illos
3341 2216 3697 2281 verisimile
3741 2223 3863 2294 est,
3909 2217 4024 2283 sed
4069 2219 4316 2301 passim
4361 2217 4436 2281 in
4481 2217 4776 2281 universam

2907 2297 3358 2364 Israelitarum
3405 2302 3760 2385 regionem.
3851 2303 4256 2370 Nominatim
4301 2323 4464 2368 vero
4503 2302 4616 2368 loci
4644 2299 4776 2364 istim

2907 2383 3142 2449 Gabaa
3199 2387 3275 2450 fit
3329 2389 3592 2466 mentio,
3655 2391 3825 2473 quod
3887 2390 3959 2453 in
4003 2409 4083 2454 00
4128 2387 4292 2456 Saul
4337 2397 4691 2460 moraretur,
4738 2395 4780 2447 et

2907 2491 2994 2567 ⁰¹.
3073 2492 3158 2570 ‘eo
3248 2474 3574 2554 profectae
3652 2477 3786 2540 sint
3864 2477 4088 2558 copiae
4152 2473 4530 2540 auxiliares.
4607 2471 4778 2553 Itaque

2905 2576 3088 2620 1111001
3148 2559 3372 2624 0110011
3418 2558 3499 2623 ad
3545 2561 3792 2625 tribum
3837 2561 4211 2627 Beniamini
4255 2569 4580 2627 venerunt
4613 2558 4673 2622 in
4707 2576 4781 2638 pa·

2907 2663 3062 2726 gum
3122 2643 3306 2710 illum
3364 2644 3616 2728 Gabaa,
3673 2647 3744 2711 in
3804 2667 3930 2730 quo
3991 2646 4158 2713 Saul
4217 2667 4338 2712 rex
4379 2666 4588 2728 nuper
4624 2643 4780 2723 desig·

2909 2741 3121 2808 natus,
3178 2729 3289 2794 sed
3349 2750 3482 2795 000
3543 2732 3686 2796 0100
3731 2734 4090 2799 multorum
4134 2733 4592 2799 intercessione
4627 2747 4782 2794 mon-

2910 2815 3121 2878 batur.
3209 2815 3308 2880 Ac
3366 2837 3523 2882 sane
3579 2817 3765 2883 nulla
3813 2821 3882 2883 in
3940 2840 4018 2883 eo
4073 2831 4212 2883 tum
4267 2817 4620 2902 apparebat
4655 2823 4783 2878 auto-

2910 2902 3072 2998 ritas
3111 2903 3309 2984 regia,
3358 2903 3672 2986 pergebat
3713 2906 3888 2969 enim
3932 2906 4004 2970 in
4050 2905 4222 2970 vitae
4255 2904 4498 2986 prioris
4529 2901 4785 2976 instituto,

2907 2995 3218 3052 rusticam
3286 2988 3494 3054 vitam
3563 3009 3767 3072 agens
3829 3000 3902 3054 =et
3965 2990 4340 3075 pecuarius:
4411 3011 4577 3073 quae
4627 2984 4787 3066 regine

2903 3070 3212 3155 dignitati
3295 3094 3422 3137 non
3516 3075 3929 3157 respondent.
4036 3076 4142 3140 Ita
4216 3076 4515 3140 videmus
4582 3071 4786 3138 Saulem

2909 3158 3059 3222 licet
3101 3180 3142 3222 a
3178 3159 3322 3223 Deo
3353 3158 3629 3224 electum
3667 3182 3888 3245 regem
3925 3170 3994 3227 et
4029 3161 4472 3246 designatum,
4513 3169 4578 3224 et
4609 3172 4787 3237 magno

2907 3244 3223 3308 comitatu
3271 3245 3536 3311 domum
3583 3245 3955 3326 deductum,
4015 3258 4233 3312 tamen
4278 3248 4345 3311 in
4393 3246 4690 3330 pristinae
4721 3239 4786 3300 Vi·

2910 3339 3017 3391 tae
3101 3330 3475 3396 conditione
3562 3352 3980 3414 permanere:
4073 3333 4336 3398 volebat
4417 3332 4591 3398 00101
4653 3327 4790 3391 illum

2911 3414 3095 3480 Deus
3167 3416 3369 3480 veluti
3427 3437 3545 3499 per
3603 3419 3846 3501 gradus
3904 3420 3974 3483 in
4031 3419 4512 3502 possessionem
4565 3409 4787 3479 111110αῆ
4875 3483 4876 3492 ¹

2911 3501 3206 3566 mittere:
3251 3501 3779 3585 quandoquidem
3823 3506 3951 3570 iam
3998 3515 4150 3570 ante
4191 3505 4590 3587 dignitatem
4627 3497 4790 3581 regim

2906 3588 3243 3667 potestatis
3320 3597 3398 3651 ut
3461 3589 3801 3671 oportebat
3867 3591 4050 3655 Deus
4113 3590 4568 3656 stabiliverat:
4641 3597 4786 3667 quum

2907 3673 3220 3737 latentem
3275 3672 3495 3755 ipsum
3552 3674 3727 3739 inter
3772 3676 4242 3759 impedimenta
4287 3675 4676 3759 produxerat
4704 3665 4790 3732 mi·

2903 3758 3218 3837 rabiliter,
3265 3772 3341 3823 ut
3377 3761 3571 3825 facile
3606 3762 3840 3845 quivis,
3887 3782 4021 3826 non
4060 3763 4404 3828 hominum
4441 3759 4680 3832 studiis.
4712 3749 4792 3816 ⁵⁰⁶

2906 3846 3028 3909 Dei
3092 3857 3261 3909 nutu
3319 3846 3599 3911 electum
3660 3847 3862 3911 fuisse
3923 3847 4192 3913 Saulem
4255 3859 4324 3913 et
4365 3866 4594 3931 regem
4632 3837 4792 3920 desig·

2904 3940 3136 3995 natum
3181 3929 3514 3997 iudicaret.
3604 3933 3855 3999 Verum
3903 3935 4080 3999 enim
4127 3954 4281 4000 vero
4323 3932 4650 3997 sentiebat
4677 3945 4794 3991 non·

2905 4015 3061 4081 dum
3105 4016 3333 4082 adesse
3379 4029 3636 4101 tempus
3680 4040 3806 4101 quo
3852 4018 4260 4088 dominatum
4305 4020 4646 4101 acciperet,
4679 4009 4792 4105 eti?

2901 4102 3137 4167 solium
3195 4103 3452 4185 regium
3512 4105 3924 4188 eveheretur,
3993 4126 4070 4171 ac
4121 4107 4243 4171 sibi
4286 4106 4353 4170 in
4401 4104 4604 4169 talem
4642 4099 4796 4180 digm·

2906 4199 3107 4252 tatem
3153 4199 3378 4254 evecto
3421 4188 3679 4256 debitus
3726 4191 3934 4257 honos
3972 4191 4380 4257 redderetur.
4473 4188 4654 4270 Quae
4681 4197 4795 4246 ⁸²11!⁰

2904 4274 2984 4339 ad
3042 4276 3352 4339 maiorem
3400 4274 3623 4342 Saulis
3663 4277 3927 4342 laudem
3970 4276 4240 4344 faciunt.
4329 4277 4527 4354 Nam,
4572 4274 4796 4340 obeam,

2904 4379 3103 4443 quam
3149 4360 3389 4426 multos
3447 4362 3643 4428 hodie
3710 4362 3936 4430 videas
3996 4362 4270 4429 honesta
4326 4362 4550 4445 speeie
4603 4351 4796 4422 modes·

2907 4447 3064 4509 tiam
3143 4447 3454 4511 simulare
3523 4449 3678 4513 dum
3753 4448 3837 4513 ad
3882 4449 4167 4531 aliquem
4211 4448 4516 4533 gradum,
4575 4465 4692 4510 non
4727 4457 4799 4503 re·

2905 4532 3051 4616 giae
3109 4533 3380 4615 inquam
3442 4542 3555 4598 aut
3598 4536 3948 4618 primariae
3997 4535 4356 4617 potestatis,
4419 4532 4538 4600 sed
4580 4528 4680 4594 vel
4711 4521 4796 4589 mi·

2905 4619 3121 4682 nimae
3180 4618 3516 4702 dignitatis
3573 4620 3930 4705 adspirant,
3995 4622 4108 4703 qui
4167 4619 4280 4686 ubi
4344 4621 4574 4702 aliqua
4611 4612 4704 4680 vel
4734 4609 4800 4674 le·

2906 4704 3177 4769 vissima
3251 4706 3427 4770 illius
3506 4707 3998 4789 consequendae
4064 4727 4226 4772 aura
4289 4707 4556 4780 afflarit,
4629 4696 4800 4767 statim

2906 4792 3084 4855 vitae
3132 4791 3572 4856 conditionem
3605 4794 3906 4876 principe
3941 4792 4210 4877 dignam
4244 4793 4721 4876 ingrediantur:
4753 4788 4800 4875 οξ

2901 4876 3130 4942 multis
3217 4877 3608 4943 satellitibus
3684 4879 3910 4961 stipati
3982 4878 4262 4945 honores
4328 4878 4448 4943 tali
4518 4873 4800 4942 comitum

2904 4965 3368 5028 convenientes
3413 4964 3741 5041 affectent,
3809 4973 3879 5028 et
3944 4965 4382 5048 amplissimas
4451 4962 4667 5026 domos
4721 4972 4802 5017 61·

2902 5059 3182 5130 struant,
3221 5068 3295 5113 ac
3331 5050 3549 5113 omnia
3583 5050 3994 5133 principibus
4018 5049 4217 5135 digna
4240 5048 4524 5134 gerant?
4557 5042 4803 5122 Denique

2905 5136 3262 5200 maximam
3330 5135 3670 5200 hominum
3742 5145 4000 5219 partem
4069 5137 4190 5202 hoc
4255 5135 4575 5201 stultitiae
4625 5124 4800 5194 morbo

852 5220 1042 5284 ditati
1101 5221 1195 5285 ita
1251 5221 1477 5287 laxare
1522 5220 1832 5303 habenas,
1897 5233 1972 5288 ut
2017 5230 2239 5288 tamen
2283 5221 2409 5287 sibi
2450 5222 2615 5304 ipsis
2660 5221 2797 5286 suis
2905 5221 3198 5290 laborare
3253 5221 3711 5304 conspicimus,
3772 5234 3848 5287 ut
3906 5223 3966 5288 01
4021 5243 4062 5288 a
4122 5222 4270 5288 Deo
4311 5221 4394 5288 ad
4441 5219 4686 5302 aliquos
4723 5210 4802 5276 ho·
