5059 6059
319 351 457 422 329

320 546 530 614 Anna
586 561 817 628 preces
873 540 958 608 ad
1000 540 1218 607 Deum
1266 539 1457 622 fudit,
1522 545 1721 623 atque
1765 538 2115 606 exauditus
2158 545 2279 622 est,

318 632 513 698 Deus
555 629 652 695 ita
694 649 769 695 se
812 628 966 695 huic
1009 628 1131 693 toti
1176 647 1477 710 praeesse
1523 626 1784 711 negotio
1828 636 2138 692 testatum
2185 627 2280 691 fe·

321 719 439 785 cit.
531 715 828 781 ministri
874 736 1030 780 vero
1079 713 1398 779 hodierno
1443 712 1547 777 die
1583 712 1863 778 salutem
1901 711 2279 778 bominibus

323 802 833 879 annunciantes,
900 801 1060 885 ipsis
1103 799 1366 883 quidem
1435 796 1844 876 benedicunt,
1909 805 1977 863 at
2018 820 2148 864 non
2195 818 2282 864 ex

322 889 447 956 illo
507 901 732 954 vetere
792 887 946 952 ritu.
1036 886 1118 951 In
1180 884 1449 951 Christo
1504 887 1682 949 enim
1725 883 2014 949 Domino
2059 895 2283 950 nostro

322 976 696 1059 figurarum
743 972 1007 1038 illarum
1051 971 1605 1054 complementum
1652 971 1849 1036 fuisse
1894 989 2085 1035 nemo
2132 991 2283 1035 nes·

322 1065 450 1130 eit:
521 1060 691 1143 quod
739 1081 809 1125 re
874 1058 1020 1142 ipsa
1064 1057 1404 1141 discipulis
1449 1056 1531 1122 ad
1573 1056 1788 1123 coelos
1844 1056 2283 1122 adscensurus

320 1146 720 1214 benedicens
795 1144 1291 1210 demonstravit.
1382 1142 1603 1224 Quare
1668 1143 1725 1208 si
1793 1142 1911 1208 filii
1976 1140 2109 1207 Dei
2169 1162 2283 1207 ore

322 1231 796 1312 benedicimur,
839 1232 933 1296 ita
977 1229 1343 1296 satisfaciat
1383 1229 1549 1294 illud
1596 1226 1800 1304 nobis,
1861 1248 1945 1294 ne
1986 1239 2283 1293 nostram

320 1340 477 1386 cum
568 1316 715 1383 Deo
803 1316 1396 1384 reconciliationem
1477 1316 1547 1380 in
1613 1315 1886 1379 dubium
1954 1335 2283 1393 vocemus,

325 1404 509 1488 quod
567 1404 795 1469 irritae
851 1422 1191 1485 nunquam
1238 1401 1377 1466 eius
1421 1421 1648 1485 preces
1690 1402 1968 1481 futurae,
2029 1400 2146 1467 sed
2190 1401 2282 1465 ef-

323 1492 581 1556 fectum
671 1509 868 1554 suum
959 1487 1300 1553 habiturae
1385 1490 1539 1555 sint.
1629 1487 1979 1571 Evangelii
2060 1496 2282 1552 tamen

324 1589 603 1642 utamur
669 1574 1169 1659 praedicatione,
1244 1570 1769 1656 quandoquidem
1830 1594 1947 1656 per
1999 1593 2143 1638 eam
2203 1571 2285 1636 de

329 1662 590 1729 Christi
635 1662 1009 1744 praesentia
1042 1660 1352 1726 certiores
1388 1661 1602 1736 fimus,
1649 1679 1852 1741 eaque
1890 1679 2019 1723 non
2056 1659 2283 1741 otiosa,

326 1748 450 1814 sed
498 1769 663 1832 quae
708 1767 825 1831 pro
871 1747 1059 1813 nobis
1096 1766 1318 1829 preces
1354 1747 1609 1826 offerat,
1653 1757 1849 1827 atque
1884 1745 2046 1809 adeo
2082 1745 2282 1810 sacri-

326 1835 559 1901 ficium
623 1834 788 1899 illud
854 1833 1141 1909 unicum,
1209 1850 1339 1914 quo
1403 1830 1606 1897 semel
1670 1830 1837 1895 iram
1896 1831 2100 1914 patris
2143 1830 2282 1914 pla-

326 1922 532 2001 cavit,
594 1929 668 1986 ut
734 1919 922 1985 istius
988 1918 1474 1984 intercessionis
1537 1919 1642 1983 vis
1707 1925 1882 1983 esset
1947 1929 2278 2000 perpetua.

326 2006 527 2076 Adde
570 2005 721 2071 fidei
766 2006 1235 2084 infirmitatem,
1280 2004 1387 2070 cui
1430 2001 1870 2071 sublevandae
1917 2002 2283 2069 necessaria

328 2105 439 2160 est
486 2091 835 2175 Evangelii
882 2091 1295 2174 praedicatio.

513 2177 767 2244 Samuel
848 2175 1153 2259 deinceps
1227 2177 1496 2242 crevisse
1558 2194 1768 2241 coram
1830 2173 2108 2239 Domino
2173 2173 2281 2239 vel

328 2264 622 2330 Domino
687 2267 1085 2342 moratur,
1156 2262 1325 2346 quod
1353 2283 1360 2289 ·
1393 2261 1566 2327 idem
1637 2272 1737 2326 est
1796 2281 1870 2327 ac
1929 2261 1984 2326 si
2029 2260 2283 2325 dicatur

322 2350 551 2416 Deum
587 2349 920 2416 Samuelis
958 2348 1395 2413 ministerium
1420 2347 1737 2425 laudasse,
1775 2366 1851 2412 ac
1871 2346 2279 2423 secundasse,

320 2447 401 2503 ut
465 2437 536 2502 in
594 2434 720 2501 Dei
781 2434 960 2501 cultu
1018 2443 1084 2499 et
1130 2433 1494 2500 ministerio
1539 2433 1996 2499 institueretur
2041 2442 2107 2497 et
2150 2432 2281 2498 for-

321 2533 642 2589 maretur.
746 2522 918 2587 Nam
979 2520 1103 2587 etsi
1159 2524 1343 2605 prius
1409 2519 1625 2586 dictus
1688 2520 1776 2583 sit
1838 2518 1984 2583 Deo
2051 2518 2277 2583 minis·

322 2619 581 2686 trasse,
642 2617 709 2673 et
752 2609 821 2672 in
868 2608 1014 2674 eius
1058 2617 1426 2690 conspectu,
1473 2605 1554 2670 de
1598 2605 2010 2670 institutione
2041 2605 2112 2668 in
2148 2602 2280 2668 Dei

322 2695 515 2764 cultu
559 2704 629 2760 et
664 2694 1029 2760 ministerio
1065 2702 1167 2758 est
1201 2691 1722 2771 intelligendum,
1770 2701 1835 2754 et
1871 2691 2073 2756 futuri
2108 2701 2279 2755 tem·

319 2782 509 2867 poris
553 2779 876 2846 rationem
925 2781 1137 2845 habet.
1223 2779 1494 2844 Iuvenis
1539 2778 1663 2843 iste
1697 2779 1765 2841 in
1802 2776 2017 2842 locum
2054 2797 2277 2842 eorum

320 2869 438 2953 qui
501 2865 674 2933 tanti
732 2866 1023 2932 muneris
1078 2865 1324 2930 honore
1380 2885 1522 2930 sese
1566 2862 1871 2947 indignos
1915 2861 2281 2929 reddebant

322 2974 664 3020 successor
718 2952 1140 3018 sufficiendus
1185 2951 1668 3036 designabatur.
1755 2949 1927 3014 Nam
1975 2948 2280 3031 deinceps

322 3040 437 3106 Eli
483 3040 740 3105 dicetur
783 3040 1017 3104 aetatis
1061 3049 1409 3121 provectae
1454 3036 1676 3113 fuisse,
1721 3055 2115 3118 suorumque
2150 3034 2277 3100 fili-

320 3147 516 3192 orum
564 3124 812 3209 flagitia
846 3125 1222 3190 rescivisse:
1271 3144 1423 3188 nam
1461 3133 1615 3187 ante
1651 3121 1896 3187 dictum
1935 3133 2054 3198 est,
2100 3122 2278 3205 ipsos

320 3211 689 3294 fraudibus,
745 3211 995 3294 rapinis
1036 3210 1401 3293 indulsisse,
1460 3207 1604 3273 Deo
1649 3207 1895 3274 dicatas
1940 3227 2168 3274 carues
2207 3206 2275 3272 vi

322 3318 409 3364 ex
475 3297 893 3363 offerentium
959 3297 1264 3363 manibus
1327 3296 1638 3378 rapuisse,
1720 3294 1922 3359 immo
1989 3316 2073 3359 ex
2136 3294 2279 3377 ipso

324 3384 566 3465 aheno,
631 3383 960 3448 latronum
1017 3384 1247 3463 instar,
1303 3381 1685 3458 extraxisse,
1748 3390 1823 3445 ut
1878 3377 2005 3444 Dei
2061 3400 2277 3446 sacer-

325 3470 581 3536 dotium
659 3470 730 3534 in
795 3468 1017 3552 populi
1084 3477 1529 3551 contemptum
1595 3468 1870 3531 venerit.
1982 3465 2278 3534 Gravius

320 3557 579 3623 crimen
617 3565 997 3633 accesserat,
1048 3555 1292 3620 violato
1331 3553 1722 3636 sanctuario,
1774 3560 2133 3635 stuproque
2184 3552 2278 3617 fe·

320 3642 527 3708 minis
563 3662 731 3725 quae
767 3639 1055 3706 Domino
1092 3640 1409 3708 sacrificia
1447 3639 1683 3704 offerre
1719 3637 2039 3722 parabant
2072 3638 2274 3704 illato.

318 3728 478 3794 Vox
547 3729 725 3794 enim
794 3747 923 3810 qua
988 3748 1147 3793 usus
1206 3736 1308 3792 est
1363 3735 1606 3803 auctor,
1674 3744 1906 3808 cogere
1947 3724 2277 3808 significat

322 3835 826 3897 nonnunquam,
885 3824 953 3878 et
994 3812 1075 3878 de
1129 3810 1436 3896 quolibet,
1503 3812 1640 3876 sive
1683 3809 1916 3875 bellico
1959 3810 2103 3876 sive
2147 3810 2276 3875 alio

323 3900 563 3983 quovis
607 3899 975 3964 ministerio
1022 3899 1281 3964 dicitur.
1369 3898 1578 3962 Porro
1625 3916 1746 3961 sua
1789 3895 2140 3979 peculiaria
2182 3896 2275 3962 fe-

320 3985 529 4051 minis
568 3986 769 4052 fuisse
811 3986 1147 4065 sacrificia,
1192 3993 1351 4068 puta
1397 3983 1754 4067 puerperis,
1801 3983 1961 4047 satis
2004 4004 2089 4048 ex
2133 3982 2277 4067 lege

314 4083 560 4138 notum
606 4080 741 4137 est:
785 4072 898 4138 scd
945 4082 1012 4137 et
1054 4072 1120 4136 in
1169 4091 1294 4135 usu
1338 4082 1483 4136 erat
1525 4081 1598 4133 ut
1641 4068 1788 4152 piae
1833 4068 2151 4151 quaedam
2191 4071 2280 4134 fe-

317 4160 552 4223 minae
577 4156 662 4222 ad
689 4158 930 4223 ostium
963 4157 1229 4223 tentorii
1260 4164 1624 4222 conventus
1654 4176 1802 4220 cum
1835 4153 2137 4237 precibus
2159 4175 2276 4220 ex-

314 4245 666 4312 cubarent.
721 4241 1286 4324 Quemadmodum
1333 4242 1507 4307 enim
1534 4241 1806 4306 Levitae
1835 4240 2279 4306 sortiebantur

312 4331 505 4395 inter
546 4350 618 4395 se
664 4330 870 4395 noctis
913 4330 1193 4414 vigilias,
1238 4350 1322 4395 ne
1369 4347 1647 4394 vacuum
1692 4346 1979 4408 unquam
2017 4326 2145 4391 Dei
2182 4337 2279 4392 ta-

312 4414 760 4482 bernaculum
817 4415 1249 4499 reperiretur:
1309 4415 1404 4480 sic
1456 4421 1524 4478 et
1581 4412 1890 4478 mulieres
1934 4413 2276 4495 quaedam,

312 4501 550 4569 Deum
599 4512 978 4585 precaturas
1023 4501 1404 4587 vigilabant,
1463 4497 1633 4583 quod
1679 4519 1764 4565 ex
1806 4519 2027 4564 sacrae
2072 4502 2276 4583 scrip·

314 4596 518 4655 turae
564 4586 723 4654 locis
766 4587 1104 4654 nonnullis
1147 4598 1249 4653 est
1291 4586 1731 4669 conspicuum.
1822 4584 1971 4666 Quo
2007 4586 2276 4669 gravius

312 4674 453 4740 fuit
496 4673 654 4740 Heli
699 4673 984 4740 filiorum
1029 4674 1370 4757 flagitium,
1417 4692 1579 4755 quos
1621 4690 1820 4754 quum
1864 4672 2010 4736 istis
2046 4672 2277 4736 mulie-

310 4762 509 4827 ribus
574 4762 879 4844 exemplo
924 4759 1393 4826 sanctimoniae
1437 4756 1824 4841 pietatisque
1867 4758 2121 4840 praeire
2164 4757 2275 4823 de-

312 4855 503 4914 ceret
544 4846 620 4910 in
665 4847 967 4929 precibus
1012 4844 1092 4911 ad
1131 4846 1351 4911 Deum
1387 4840 1758 4920 fundendis,
1808 4865 1887 4907 ne
1924 4865 1995 4908 se
2033 4844 2277 4909 frustra

312 4931 643 5000 excubias
708 4934 919 5017 egisse
987 4932 1056 4997 in
1125 4931 1498 4998 sanctuario
1565 4926 2071 5007 arbitrarentur,
2160 4928 2275 4997 sed

310 5021 548 5104 potius
610 5038 683 5085 se
745 5017 1100 5085 faciliorem
1151 5019 1324 5083 viam
1374 5022 1598 5082 nactas
1641 5013 1881 5079 scirent
1924 5036 2054 5097 qua
2096 5018 2276 5084 curis

313 5105 631 5173 omnibus
691 5114 765 5169 et
820 5102 1261 5171 sollicitudine
1323 5121 1564 5167 vacuae
1622 5099 1748 5165 Dei
1797 5101 1999 5166 cultui
2044 5103 2276 5184 purius

311 5199 663 5271 vacarent,
737 5211 899 5274 quos
958 5211 1161 5275 quum
1220 5188 1480 5254 easdem
1538 5206 1702 5252 sana
1757 5186 1920 5272 legis
1979 5185 2277 5254 doctrina

313 5280 581 5366 erigere
650 5283 719 5342 et
783 5278 1171 5344 confirmare
1229 5274 1503 5352 deceret,
1570 5279 1790 5338 tamen
1847 5294 1979 5341 non
2035 5274 2275 5358 puduit

1696 347 1799 415 IN
1840 349 1897 415 Ῑ.
1943 348 2122 416 LIB.
2171 346 2576 419 SAMUEL.
2623 349 2825 418 OAP.
2868 351 2960 417 11.

4203 353 4342 422 330

2381 551 2685 626 stuprum
2739 538 2973 607 iisdem
3025 539 3290 606 inferre.
3380 538 3443 605 Ο
3498 540 3734 626 scelus,
3794 562 3834 606 o
3877 542 4169 610 immane
4211 546 4333 610 fla-

2381 630 2620 715 gitium
2662 634 2862 711 atque
2904 625 3399 694 detestandum!
3457 625 3680 709 Atque
3724 626 3869 693 illos
3914 627 4175 711 quidem
4220 630 4332 698 Eli

2382 715 2623 780 dicitur
2680 711 3079 797 obiurgasse,
3138 723 3205 777 et
3261 711 3332 778 in
3380 712 3622 794 vulgus
3665 713 3987 798 flagitium
4032 715 4333 798 ipsorum

2382 798 2768 884 evulgatum
2791 819 2934 864 esse
2957 797 3353 864 declarasse:
3401 797 3722 882 longeque
3747 800 3939 865 aliter
3957 802 4331 869 faciendum

2382 886 2543 971 ipsis
2586 884 2939 951 dictitasse.
3027 885 3329 967 Denique
3371 883 3701 951 addidisse
3736 885 3891 951 Heli
3929 885 4090 953 haec
4125 889 4332 955 verba

2383 983 2818 1037 memoratur:
2869 969 2950 1037 Si
2980 969 3332 1051 peccaverit
3371 972 3475 1036 vir
3516 972 3586 1036 in
3629 970 3940 1060 vinumr),
3974 974 4234 1055 placari
4270 973 4332 1041 ei

2371 1063 2579 1141 potest
2634 1057 2846 1123 Deus:
2903 1056 3027 1134 vel,
3083 1054 3391 1122 iudicabit
3429 1056 3616 1123 illum
3655 1058 3867 1123 iuda.
3957 1058 4109 1125 Vox
4149 1061 4329 1126 enim

2384 1145 2668 1210 hebraea
2728 1152 2864 1207 tam
2923 1140 3002 1206 de
3062 1141 3204 1207 Deo
3245 1163 3444 1225 quam
3490 1143 3568 1209 de
3612 1142 3935 1210 iudicibus
3978 1153 4045 1210 et
4087 1146 4329 1231 guber·

2383 1228 2723 1296 nator-ibus
2765 1227 3078 1311 explicari
3127 1238 3359 1310 potest,
3418 1230 3532 1311 qui
3576 1228 3704 1295 Dei
3749 1230 3949 1313 legati
3991 1232 4330 1298 multoties

2383 1317 2454 1382 in
2500 1313 2844 1400 scripturis
2888 1326 3389 1397 nuncupantur:
3449 1322 3518 1381 et
3563 1312 3769 1382 altera
3823 1318 3976 1382 item
4041 1336 4175 1382 vox
4213 1320 4330 1383 he-

2385 1404 2580 1469 braea
2641 1421 3108 1483 nonnunquam
3168 1420 3286 1483 pro
3339 1398 3644 1480 iudicare,
3695 1423 4163 1487 nonnunquam
4211 1421 4332 1489 pro

2386 1488 2638 1573 precari
2682 1497 3072 1569 usurpatur:
3119 1498 3192 1550 ut
3234 1485 3340 1551 vel
3379 1486 3483 1551 hic
3519 1487 3754 1553 horum
3796 1488 4147 1554 verborum
4182 1512 4327 1558 esse

2385 1575 2593 1659 possit
2635 1591 2898 1639 sensus:
2957 1570 3281 1638 Iudicabit
3324 1572 3540 1652 iudex,
3599 1574 3654 1639 si
3697 1575 3844 1656 quis
3888 1574 4195 1641 iniuriam
4240 1576 4329 1641 al·

2386 1662 2509 1727 teri
2575 1659 2906 1725 intulerit:
2987 1659 3172 1741 quasi
3240 1655 3430 1738 dicat,
3497 1667 3998 1726 controvertunt
4060 1660 4328 1745 quidem

2385 1749 2563 1812 inter
2619 1767 2760 1811 sese
2818 1745 3120 1811 homines
3178 1743 3258 1810 de
3318 1745 3565 1810 mutuis
3621 1745 3905 1825 iniuriis,
3970 1746 4083 1814 sed
4132 1748 4335 1815 iudex

2385 1832 2652 1899 tandem
2720 1830 2799 1897 de
2842 1831 3305 1897 controversiis
3350 1829 3482 1897 fert
3525 1833 3937 1898 sententiam.
4029 1832 4155 1900 Vel
4200 1835 4331 1918 hic,

2384 1920 2439 1984 si
2484 1916 2797 2003 precandi
2839 1917 3384 2016 significationem
3430 1918 3859 1983 retineamus:
3904 1920 3958 1984 si
3994 1920 4141 2003 quis
4173 1941 4328 2004 pro-

2382 2004 2634 2070 ximum
2694 2002 2954 2068 iniuriis
3010 2014 3126 2068 aut
3168 2003 3579 2069 contumeliis
3624 2003 3934 2085 affecerit,
3995 2026 4186 2088 posse
4230 2009 4328 2072 iu-

2383 2091 2560 2157 dices
2602 2088 2983 2173 suppliciter
3027 2088 3378 2172 deprecari,
3433 2089 3546 2172 qui
3592 2088 3673 2155 de
3715 2109 3928 2173 poena
3968 2093 4329 2176 remittant,

2380 2186 2448 2244 et
2512 2177 2726 2242 lenius
2792 2195 2942 2241 cum
3009 2175 3149 2258 ipso
3214 2183 3432 2260 agant.
3521 2173 3615 2241 At
3674 2197 3805 2240 non
3865 2176 4137 2243 eandem
4184 2199 4328 2246 esse

2380 2264 2790 2348 peccantium
2894 2260 3213 2326 adversus
3306 2259 3526 2326 Deum
3627 2261 3970 2329 rationem.
4074 2263 4327 2345 Quam-

2380 2370 2639 2433 cunque
2729 2365 2885 2416 vero
2962 2345 3200 2412 horum
3279 2346 3888 2431 interpretationem
3953 2371 4328 2433 sequamur,

2382 2436 2604 2502 nullus
2670 2441 2772 2500 est
2834 2433 2907 2497 in
2973 2454 3044 2498 re
3110 2433 3256 2516 ipsa
3319 2432 3700 2500 obscuritati
3768 2433 4059 2519 reliquus
4123 2436 4325 2504 locus.

2382 2523 2554 2588 Nam
2590 2519 2781 2586 laesis
2826 2518 3144 2603 proximis
3188 2518 3496 2585 satisfieri
3539 2518 3802 2603 quidem
3847 2519 4329 2604 quadamtenus

2381 2615 2618 2692 potest,
2679 2625 3031 2687 rerumque
3090 2605 3194 2671 vel
3237 2605 3432 2686 furto,
3495 2604 3604 2672 vel
3651 2606 3798 2671 dolo
3843 2619 3909 2673 et
3951 2607 4182 2674 fraude
4225 2610 4328 2673 in-

2386 2706 2824 2760 terversarum
2869 2692 3124 2757 iactura
3168 2692 3597 2775 compensari,
3643 2690 3760 2756 sed
3801 2692 3873 2756 in
3915 2692 4046 2758 Dei
4089 2695 4324 2763 maies-

2384 2789 2585 2845 tatem
2645 2786 2980 2862 peccatum
3025 2775 3404 2858 admissum,
3471 2778 3618 2861 quis
3680 2798 3970 2861 unquam
4026 2799 4329 2864 compen-

2382 2867 2512 2932 sari
2592 2886 2783 2950 posse
2847 2883 2934 2928 ne
2997 2862 3128 2928 levi
3190 2862 3450 2946 quidem
3516 2863 3841 2947 opinione,
3929 2864 4328 2932 arbitretur?

2381 2953 2585 3019 Hunc
2641 2972 2797 3035 ergo
2842 2970 2982 3014 esse
3024 2949 3374 3015 verborum
3419 2949 3577 3015 Heli
3622 2969 3890 3015 sensum
3934 2952 4094 3017 satis
4138 2973 4330 3036 aper—

2384 3048 2520 3105 tum
2570 3046 2688 3104 est.
2776 3036 3079 3119 Agnosco
3122 3033 3383 3119 quidem
3427 3046 3494 3100 et
3530 3034 3759 3101 lubens
3781 3036 3988 3101 fateor
4010 3038 4329 3121 proximis

2381 3124 2604 3191 illatas
2665 3122 2959 3201 iniurias,
3025 3120 3224 3187 etiam
3290 3122 3360 3186 in
3426 3121 3644 3187 Deum
3690 3121 3882 3187 ferri:
3956 3123 4102 3206 quis
4146 3127 4323 3190 enim

2383 3211 2642 3277 nescius
2700 3218 2803 3274 est
2845 3208 3427 3291 transgressionem
3476 3207 3802 3273 secundae
3845 3209 4109 3275 tabulae
4154 3209 4325 3278 divi-

2381 3318 2503 3362 nae
2562 3294 2746 3380 legis,
2806 3313 2950 3360 esse
3008 3294 3243 3376 prioris
3288 3293 3548 3359 tabulae
3592 3295 4201 3379 transgressionem,
4258 3302 4328 3363 et

2380 3383 2647 3449 divinae
2702 3378 2992 3447 iustitiae
3037 3379 3510 3445 violationem?
3577 3377 3828 3444 Verum
3876 3390 4101 3446 tamen
4143 3401 4327 3466 mag-

2379 3490 2532 3534 nam
2589 3467 2660 3534 in
2720 3466 2824 3532 his
2885 3485 3027 3532 esse
3072 3464 3508 3531 differentiam
3555 3467 3886 3531 neminem
3929 3476 4327 3551 negaturum

2379 3555 2678 3631 arbitror,
2715 3553 2774 3618 si
2808 3551 2956 3636 quis
2990 3560 3169 3618 recta
3202 3551 3273 3617 in
3308 3550 3530 3616 Deum
3567 3552 4030 3619 contumeliose
4052 3552 4324 3619 feratur.

2379 3650 2497 3706 aut
2554 3641 2610 3705 si
2663 3639 2751 3706 sit
2806 3640 2875 3703 iu
2931 3637 3231 3702 homines
3290 3637 3589 3703 iniurius.
3685 3638 3865 3723 Ergo
3911 3661 3950 3704 a
3998 3660 4034 3705 e
4079 3660 4326 3723 expen-

2379 3726 2612 3792 damus
2649 3745 2817 3809 quae
2853 3722 2935 3789 de
2968 3723 3124 3789 Heli
3161 3720 3492 3801 dicuntur,
3538 3722 3870 3790 audivisse
3904 3726 3950 3789 il
3981 3746 4095 3790 um
4131 3719 4326 3809 quae-

2377 3833 2634 3897 cuuque
2688 3810 2807 3876 filii
2867 3810 2969 3875 sui
3030 3811 3148 3874 toti
3207 3809 3437 3874 Israeli
3490 3809 3835 3889 faciebant,
3903 3811 4017 3877 sed
4062 3833 4102 3876 a
4147 3810 4324 3896 quo?

2379 3918 2618 3981 nempe
2661 3896 2860 3962 totius
2908 3895 3127 3980 populi
3166 3896 3433 3962 vocibus
3468 3904 3535 3961 et
3568 3896 4010 3980 querimoniis.
4078 3897 4161 3963 In
4241 3917 4326 3962 uo

2377 3984 2654 4069 insignis
2711 3983 2853 4048 eius
2908 3989 3184 4065 apparet
3228 3981 3630 4066 negligentia
3672 3982 4111 4067 socordiaque.
4256 4005 4327 4048 c·

2379 4071 2489 4136 nio
2545 4067 2809 4154 quidem
2866 4067 3056 4153 gravi
3112 4069 3445 4134 confectus
3489 4068 3745 4146 dicitur,
3792 4089 3920 4151 qua
3963 4089 4122 4136 voce
4166 4089 4326 4153 qua-

2380 4157 2728 4221 damtenus
2773 4154 3094 4219 minuitur
3137 4154 3278 4218 eius
3322 4161 3661 4235 peccatum
3707 4155 3894 4238 quasi
3940 4175 4100 4240 prae
4142 4155 4325 4221 senio

2378 4242 2633 4309 inutilis
2693 4248 2758 4307 et
2801 4242 3063 4324 ineptus
3110 4238 3192 4304 ad
3238 4260 3495 4305 sacrum
3543 4240 3831 4306 officium
3877 4241 4080 4306 foret:
4139 4242 4328 4307 cuius

2380 4330 2579 4394 etiam
2635 4326 2838 4394 animi
2883 4328 3078 4391 vires.
3097 4325 3360 4408 penitus
3404 4324 3827 4393 labefactatae
3870 4325 4327 4406 concidissent,

2377 4413 2495 4482 sed
2555 4435 2688 4479 non
2747 4412 3034 4477 arbit-ror
3077 4411 3243 4477 senii
3288 4410 3413 4477 hoc
3459 4411 3595 4478 loco
3640 4412 4038 4477 mentionem
4080 4413 4320 4477 factam

2376 4504 2445 4567 in
2505 4500 2846 4582 honorem,
2913 4498 3099 4581 quasi
3154 4496 3341 4562 Deus
3395 4517 3545 4564 eum
3604 4498 3686 4564 ad
3744 4498 3915 4565 hanc
3959 4519 4168 4582 usque
4210 4518 4327 4565 ae-

2377 4595 2606 4668 tatem,
2663 4607 2782 4651 suo
2838 4584 3042 4651 cultui
3087 4584 3500 4661 servientem,
3561 4584 4023 4667 promovisset:
4081 4591 4157 4649 ut
4201 4583 4327 4649 ho-

2377 4683 2566 4740 nesta
2632 4691 2836 4754 usque
2901 4670 3100 4736 fuerit
3162 4669 3289 4753 ipsi
3356 4678 3716 4754 vegetaque
3760 4680 4090 4736 senectus:
4157 4670 4326 4753 quin

2376 4769 2605 4827 contra
2649 4779 2690 4823 a
2734 4764 2963 4822 sancto
3009 4754 3246 4840 spiritu
3292 4776 3615 4821 summam
3660 4757 3799 4820 eius
3845 4754 4206 4820 socordiam
4251 4762 4319 4821 et

2375 4846 2696 4911 incuriam
2743 4841 2972 4921 notari,
3018 4843 3130 4925 qui
3174 4841 3406 4908 domus
3447 4861 3524 4907 ac
3569 4840 3856 4906 familiae
3899 4861 4123 4906 curam
4169 4862 4324 4926 qua·

2378 4932 2505 4997 lem
2543 4951 2694 4995 eum
2742 4928 3009 4995 decebat
3051 4948 3184 4993 non
3229 4929 3526 5012 gesserit.
3616 4927 3900 5009 Quinam
3949 4929 4145 5009 enim,
4211 4927 4327 4994 ob-

2377 5039 2579 5098 scero,
2613 5015 2858 5081 factum
2896 5025 2969 5080 ut
3004 5012 3234 5080 domus
3270 5014 3413 5079 eius
3447 5015 3517 5079 in
3556 5012 3931 5097 speluncam
3970 5012 4324 5094 latronum,

2377 5115 2443 5171 et
2508 5104 2575 5168 in
2643 5099 3012 5185 profanum,
3081 5121 3156 5167 ac
3218 5101 3476 5165 foedum
3518 5099 3802 5166 lustrum
3846 5119 4042 5166 versa
4084 5101 4191 5181 sit,
4255 5100 4326 5165 in

2551 5290 2611 5360 *)
2642 5292 2780 5363 leae:
2816 5291 2875 5345 in
2911 5290 3105 5345 virum.
