5059 6059
740 327 872 396 459

740 538 884 585 esse
929 515 1056 581 Dei
1114 514 1380 580 Israelis
1433 513 1783 579 adversum
1843 534 1915 578 se
1975 534 2294 596 suumque
2340 513 2684 594 Dagonem

739 624 1031 670 manum.
1118 603 1361 666 Annon
1421 599 1626 683 igitur
1683 608 1989 682 poterant
2030 602 2264 665 merito
2310 599 2683 665 Gethenses

740 691 1048 774 cogitare,
1092 705 1352 769 semper
1387 706 1605 750 arcam
1641 685 1821 749 illam
1861 687 1994 750 vim
2031 707 2217 751 suam
2260 695 2683 765 retenturam,

743 775 1058 842 adversus
1101 793 1212 837 eos
1257 771 1367 854 qui
1413 772 1799 856 religionem
1822 772 2269 837 Israelitarum
2305 772 2684 852 cultumque

738 861 884 925 Deo
941 859 1233 923 debitum
1292 857 1597 939 amplecti
1670 856 2093 922 recusarent?
2196 856 2419 939 Quare
2468 856 2684 922 alieno

737 946 886 1013 illos
950 945 1240 1028 periculo
1304 964 1534 1026 sapere
1597 944 1967 1027 oportebat:
2041 943 2154 1009 sed
2221 964 2445 1008 eorum
2512 941 2683 1006 oculi

739 1040 995 1098 tantum
1039 1029 1368 1114 perstricti
1414 1040 1588 1107 sunt,
1634 1038 1700 1094 et
1743 1030 1931 1111 quasi
1977 1050 2091 1112 per
2135 1040 2560 1095 transennam
2606 1049 2685 1092 ea

737 1118 1018 1184 strictim
1053 1127 1469 1198 aspexerunt,
1515 1114 1595 1180 de
1637 1116 1869 1197 quibus
1913 1116 2084 1181 serio
2127 1116 2413 1199 cogitare
2451 1113 2685 1179 debue-

737 1215 926 1270 rant:
972 1211 1169 1285 atque
1213 1203 1431 1266 nescio
1477 1221 1674 1284 quam
1720 1221 2096 1283 prosperam
2143 1202 2472 1265 fortunam
2518 1201 2681 1264 ima-

738 1291 1070 1376 ginantur,
1115 1308 1463 1371 rerumque
1507 1307 1878 1353 successum
1922 1287 2046 1352 sibi
2091 1286 2358 1370 suisque
2404 1286 2680 1369 posteris

740 1388 1002 1460 partum
1071 1372 1495 1449 arbitrantur,
1562 1374 1619 1437 si
1685 1373 1862 1436 intra
1927 1392 2078 1438 suos
2137 1385 2404 1455 penates
2461 1390 2679 1436 arcam

738 1462 922 1527 illam
981 1458 1260 1525 foederis
1322 1460 1705 1541 receperint.
1808 1458 1946 1524 Nos
2017 1479 2167 1524 vero
2226 1458 2464 1541 quibus
2519 1456 2681 1521 haec

740 1547 1041 1629 exempla
1084 1556 1561 1630 proponuntur,
1627 1555 1883 1627 oportet
1926 1553 2211 1609 attentos
2254 1565 2394 1609 0000
2437 1544 2508 1607 in
2551 1542 2680 1608 Dei

739 1633 983 1700 iudicia
1025 1652 1195 1715 quae
1240 1632 1743 1713 circumquaque
1792 1630 2243 1712 conspicimus,
2308 1651 2391 1694 ne
2445 1628 2682 1694 stultos

738 1720 1073 1785 imitemur
1117 1719 1228 1799 qui
1275 1718 1402 1782 nisi
1445 1717 1583 1782 ictu
1628 1737 1758 1780 non
1804 1716 2085 1798 sapiunt,
2142 1736 2217 1781 ac
2278 1714 2548 1799 proinde
2596 1735 2681 1778 ne

744 1804 997 1872 tamdiu
1042 1816 1497 1887 exspectemus
1541 1803 1745 1866 donec
1767 1802 1952 1866 Deus
1980 1802 2116 1883 ipse
2151 1801 2374 1866 feriat:
2420 1800 2535 1866 sed
2572 1800 2681 1865 ubi

738 1891 980 1958 furoris
1029 1889 1236 1974 ipsius
1291 1888 1395 1954 vel
1455 1886 1739 1954 scintilla
1795 1886 2106 1969 illuxerit,
2173 1887 2242 1951 in
2303 1885 2680 1968 exemplum

736 1987 1039 2043 nostrum
1117 1985 1185 2039 et
1251 1973 1779 2039 emendationem
1844 1993 1987 2037 eam
2055 1993 2472 2056 usurpemus.
2583 1969 2679 2037 Ac

735 2061 1007 2148 proinde
1073 2061 1379 2143 sciamus,
1441 2060 1585 2124 Deo
1650 2060 1752 2124 vel
1813 2059 2145 2123 nationem
2213 2060 2517 2142 aliquam,
2577 2058 2681 2123 vel

682 2155 697 2168 ‘
737 2148 1049 2234 populum
1090 2147 1469 2229 castigante,
1530 2166 1652 2210 nos
1705 2143 1951 2209 erudiri
1994 2153 2063 2208 et
2111 2146 2402 2219 excitari,
2463 2153 2540 2207 ut
2582 2144 2681 2227 ip-

739 2237 879 2301 sius
922 2232 1181 2300 iudiciis
1217 2243 1473 2296 mature
1517 2251 1956 2309 occurramus,
2003 2240 2072 2295 et
2117 2252 2243 2295 000
2288 2230 2501 2294 inulta
2547 2231 2682 2294 fore

739 2331 972 2386 nostra
1036 2332 1303 2401 peccata
1357 2316 1490 2381 nisi
1546 2317 2015 2400 poenitentiam
2075 2317 2400 2399 egerimus
2458 2326 2682 2380 tenea·

736 2427 907 2472 mus.
963 2406 1062 2469 Ac
1096 2405 1155 2469 si
1198 2403 1571 2469 Getbenses
1614 2423 1815 2484 prava
1859 2402 2223 2466 imitatione
2267 2401 2447 2484 sequi
2493 2400 2680 2467 volu·

735 2492 1015 2570 erimus,
1089 2490 1200 2573 qui
1261 2509 1378 2553 sua
1435 2489 1810 2571 arrogantia
1869 2487 2015 2553 Deo
2075 2487 2342 2554 Israelis
2399 2485 2680 2551 illudere

733 2576 1107 2653 voluerunt,
1166 2575 1290 2640 etsi
1348 2574 1562 2640 verbis
1622 2574 1883 2656 quidem
1929 2573 1994 2638 id
2044 2595 2172 2638 000
2218 2574 2680 2655 expresserint,

734 2683 895 2735 sane
940 2670 1163 2727 nostro
1201 2660 1486 2743 periculo
1521 2659 1675 2743 quid
1711 2662 1797 2725 sit
1834 2661 1902 2724 in
1929 2658 2054 2723 Dei
2092 2680 2359 2724 manum
2395 2658 2682 2725 incidere

735 2747 1170 2832 experiemur.
1234 2745 1619 2829 Ubicunque
1664 2766 1818 2811 vero
1861 2765 2013 2813 arca
2054 2745 2171 2810 illa
2214 2740 2490 2810 fo‘edcris
2534 2746 2679 2821 fuit,

734 2834 979 2901 ibidem
1045 2842 1111 2897 et
1154 2831 1281 2896 Dei
1350 2853 1618 2897 manum
1685 2830 1966 2896 adfuisse
2030 2840 2279 2897 certum
2340 2840 2459 2896 est.
2549 2829 2681 2895 Per

734 2940 1007 2986 manum
1052 2939 1206 2986 vero
1242 2917 1370 2983 Dei
1417 2920 1730 2986 virtutem
1775 2918 1916 2982 eius
1961 2925 2028 2981 et
2070 2916 2429 2999 potentiam
2473 2916 2679 2999 signi·

732 3005 934 3084 ficari,
969 3026 1055 3069 ex
1090 3004 1293 3070 sacris
1328 3003 1557 3079 literis,
1593 3003 1664 3067 in
1701 3003 1935 3086 quibus
1969 3003 2343 3085 frequenter
2377 3004 2681 3082 occurrit,

733 3092 1155 3175 conspicuum
1201 3099 1320 3155 est.
1410 3090 1620 3155 Porro
1665 3110 1901 3154 manus
1944 3088 2058 3153 illa
2101 3088 2229 3152 Dei
2291 3087 2683 3171 gravissima

733 3179 801 3244 in
827 3178 1202 3244 Getbenses
1245 3174 1565 3255 incubuit,
1609 3187 1675 3240 et
1718 3174 2042 3240 similibus
2080 3174 2307 3257 poenis
2340 3195 2490 3241 cum
2515 3176 2682 3239 Azo-

732 3264 1070 3340 tiensibus,
1098 3271 1256 3343 puta
1275 3262 1566 3327 verubus
1601 3270 1716 3324 aut
1751 3259 2354 3326 haemorrhoidibus
2390 3259 2680 3343 percussi

734 3359 908 3416 sunt.
998 3347 1189 3414 Unde
1245 3368 1441 3430 quam
1498 3346 1952 3429 imprudentes
2009 3346 2078 3410 in
2124 3346 2251 3410 Dei
2297 3365 2451 3410 arca
2502 3346 2681 3409 intra

648 3443 655 3450 “
730 3436 907 3502 lares
963 3453 1117 3500 suos
1175 3431 1546 3516 recipienda
1600 3432 1861 3510 fuerint,
1908 3453 1980 3497 re
2019 3433 2164 3515 ipsa
2205 3443 2363 3496 sunt
2404 3433 2678 3515 experti,

736 3519 1254 3606 quandoquidem
1300 3519 1426 3584 fide
1464 3529 1531 3583 et
1568 3519 1975 3602 poenitentia
2009 3539 2142 3582 non
2182 3515 2680 3583 revertebantur

733 3607 816 3672 ad
855 3608 1091 3688 ipsum.
1180 3605 1359 3670 Hinc
1403 3626 1557 3671 vero
1601 3605 2045 3688 conspicuum,
2091 3612 2158 3669 et
2200 3613 2450 3668 attente
2494 3604 2682 3670 nobis

735 3690 1303 3768 considerandum,
1365 3712 1559 3775 quam
1608 3711 1761 3756 vere
1805 3689 2124 3773 propheta
2166 3690 2477 3756 cecinerit
2520 3688 2679 3753 duo·

732 3777 861 3842 bus
904 3776 1078 3854 locis,
1126 3777 1354 3842 Iehova
1397 3780 1638 3860 reynat,
1696 3776 1956 3841 exsultet
1995 3780 2183 3860 terra,
2228 3776 2536 3841 laetentur
2581 3794 2680 3839 re-

731 3863 949 3948 yiones
972 3861 1325 3943 plurimae:
1360 3862 1593 3927 Iehova
1624 3867 1855 3945 reynat,
1889 3867 2395 3927 commoveantur
2417 3861 2647 3942 populi
2663 3886 2682 3925 .-

732 3947 1023 4013 insidens
1084 3947 1453 4013 Cherubinis
1506 3952 1740 4031 refluat,
1801 3953 1971 4014 nutet
2026 3952 2214 4013 terra.
2304 3946 2386 4011 In
2446 3947 2681 4029 quibus

731 4043 958 4099 tamen
994 4033 1172 4110 locis,
1212 4034 1530 4116 quaedam
1567 4035 1739 4098 inter
1773 4054 1843 4098 se
1879 4032 2183 4099 videntur
2219 4032 2430 4114 prima
2467 4035 2681 4097 fronte

731 4140 1139 4203 repugnare:
1182 4129 1338 4184 sunt
1381 4120 1554 4184 enim
1600 4119 1965 4183 contraria:
2013 4117 2368 4184 Exsultare
2403 4126 2471 4183 et
2505 4139 2680 4183 com·

732 4205 983 4271 moveri
1029 4225 1104 4270 ac
1148 4216 1417 4270 nutare:
1466 4226 1696 4273 verum
1742 4204 2013 4287 pulchre
2057 4204 2230 4269 inter
2272 4224 2343 4270 00
2378 4204 2492 4268 illa
2529 4226 2684 4270 con-

733 4292 1031 4369 veniunt,
1108 4300 1302 4371 prout
1378 4292 1561 4358 varie
1640 4291 1939 4355 homines
2017 4290 2284 4355 affectos
2356 4289 2676 4356 videmus.

732 4377 907 4443 Nam
963 4377 1020 4441 si
1067 4375 1247 4442 Deus
1304 4377 1398 4442 ita
1439 4386 1689 4459 regnet,
1734 4386 1810 4441 ut
1863 4377 2002 4442 eius
2044 4397 2322 4458 regnum
2368 4397 2678 4459 agnosca-

732 4483 902 4541 mus,
967 4462 1390 4545 debitumque
1452 4464 1577 4546 ipsi
1644 4462 1960 4527 honorem
2024 4460 2397 4544 reddamus,
2464 4483 2540 4528 ac
2608 4483 2678 4528 re

732 4548 880 4634 ipsa
925 4556 1242 4613 testemur
1287 4570 1406 4614 nos
1448 4548 1519 4612 in
1565 4548 1771 4630 ipsius
1816 4548 2055 4631 populo
2091 4548 2341 4612 censeri
2379 4547 2567 4622 velle,
2613 4558 2679 4612 et

731 4655 888 4720 rege
932 4634 1046 4699 illo
1093 4635 1395 4720 gaudere,
1456 4643 1597 4699 tum
1656 4654 1814 4698 sane
1874 4654 2114 4719 magna
2159 4632 2345 4697 nobis
2387 4631 2677 4698 laetitiae

731 4719 1011 4786 materia
1067 4720 1284 4785 oblata
1349 4729 1465 4785 est.
1554 4719 1855 4803 Namque
1902 4720 2084 4785 Deus
2149 4740 2284 4783 non
2353 4727 2483 4782 tam
2553 4720 2675 4784 sibi

731 4827 929 4890 quam
966 4815 1230 4872 nostrae
1267 4806 1463 4872 saluti
1500 4815 1751 4890 regnat.
1822 4806 1970 4871 Etsi
2005 4813 2256 4870 certum
2294 4819 2412 4881 est,
2460 4804 2674 4869 Deum

732 4904 887 4957 ante
931 4893 1151 4957 omnia
1196 4914 1356 4959 suae
1413 4892 1660 4976 gloriae
1718 4892 2100 4969 studiosum,
2160 4910 2352 4973 quam
2404 4912 2443 4956 a
2487 4890 2676 4956 nobis

729 4978 926 5042 rebus
992 4981 1296 5046 omnibus
1360 4978 1672 5062 anteponi
1738 4987 1804 5043 et
1870 4979 2184 5042 cariorem
2251 4997 2393 5041 esse
2472 4976 2670 5043 iubet.

731 5060 959 5142 Quum
1006 5085 1160 5129 vero
1204 5067 1486 5148 peccatis
1523 5065 1767 5130 nostris
1807 5064 1946 5129 eius
1980 5063 2149 5127 iram
2185 5063 2253 5126 in
2292 5083 2408 5126 000
2446 5083 2675 5145 provo·

730 5168 976 5225 camus,
1022 5161 1088 5215 et
1111 5173 1151 5216 a
1174 5150 1498 5217 mandatis
1533 5152 1738 5234 ipsius
1772 5150 2136 5217 recedimus
2178 5151 2669 5225 contumaciter,

728 5242 870 5298 tum
909 5255 1066 5301 sane
1108 5258 1241 5302 non
1284 5237 1548 5321 quidem
1582 5238 1677 5302 ita
1710 5244 1947 5323 regnat
1980 5244 2054 5301 ut
2089 5234 2512 5315 exsultemus,
2554 5234 2670 5300 sed

2430 324 2845 392 HOMILIA
2888 324 3045 393 XX.

4601 326 4720 392 460

2787 514 3004 597 potius
3057 521 3132 579 ut
3174 521 3533 580 tremamus
3576 520 3645 578 et
3687 514 4074 581 horreamus
4114 514 4189 580 in
4230 514 4412 581 illius
4455 535 4722 581 manum

2787 601 3092 667 incidere.
3182 599 3404 682 Quare
3461 600 3666 683 igitur
3710 600 3892 665 Deus
3949 602 4127 666 inter
4182 600 4487 667 homines
4539 622 4726 667 suum

2790 707 3066 770 regnum
3112 687 3325 769 erigit,
3373 686 3498 751 nisi
3543 695 3620 751 ut
3663 694 3897 770 regnet
3938 695 4005 752 et
4048 687 4421 753 dominetur
4463 686 4535 753 in
4580 708 4726 755 nos-

2788 783 2960 837 trum
3007 771 3420 840 commodum
3481 782 3547 835 et
3589 770 3962 851 utilitatem,
4021 793 4107 837 ne
4165 773 4485 838 nimirum
4531 774 4725 839 male-

2787 856 2946 923 dicti
3004 859 3072 922 in
3130 871 3476 923 aeternum
3532 857 3925 940 pereamus?
4011 858 4185 924 Nam
4243 860 4384 925 eins
4439 858 4560 942 qui
4608 860 4728 924 im-

2787 946 2968 1028 perio
3011 945 3218 1027 ipsius
3259 965 3401 1009 sese
3443 942 3850 1027 subduxerit,
3899 963 4062 1009 saue
4105 945 4547 1011 miserrimam
4593 965 4730 1011 esse

2785 1030 3221 1095 conditionem
3266 1029 3562 1094 omnium
3608 1039 3975 1112 temporum
4022 1043 4449 1096 monumenta
4490 1039 4733 1096 testan-

2787 1127 2915 1182 tur.
3002 1117 3234 1199 Itaque
3281 1116 3421 1180 Deo
3464 1136 3596 1179 non
3640 1126 3960 1199 regnante
4003 1136 4206 1199 super
4248 1137 4385 1195 nos,
4431 1126 4501 1181 et
4541 1117 4730 1183 nobis

2785 1200 3070 1267 debitam
3115 1203 3212 1267 illi
3256 1201 3689 1267 obedientiam
3738 1221 3870 1266 non
3915 1199 4359 1278 reddentibus,
4413 1200 4576 1286 quid
4625 1223 4734 1267 su-

2784 1297 3004 1371 perest
3066 1287 3196 1353 nisi
3259 1298 3476 1352 metus
3543 1286 4019 1352 horrendarum
4078 1309 4435 1371 poenarum
4492 1287 4735 1372 quibm

2784 1387 3202 1439 contumaces
3259 1372 3802 1444 contunduntur?
3889 1373 4138 1439 Contra
4195 1395 4351 1440 vero
4409 1385 4740 1458 regnante

2789 1459 2951 1534 Deo.
3018 1471 3084 1524 et
3140 1458 3330 1525 nobis
3388 1459 3469 1523 ab
3527 1459 3705 1524 illius
3749 1468 3914 1523 nutu
3959 1458 4413 1541 pendentibus,
4478 1470 4742 1544 quanta

2786 1545 3077 1610 laetitiae
3121 1545 3396 1610 materia
3441 1545 3631 1610 nobis
3675 1543 3758 1609 ab
3824 1545 4100 1627 ipsomet
4174 1545 4498 1611 offertur?
4589 1546 4742 1612 Nae

2786 1641 2971 1696 tanta
3035 1652 3229 1714 quam
3297 1630 3597 1696 sensibus
3662 1630 3920 1713 assequi
3980 1650 4114 1695 non
4174 1631 4530 1697 valeamus.
4639 1633 4744 1698 At

2786 1726 2961 1782 terra
3005 1731 3240 1782 nutare
3283 1715 3539 1782 dicitur.
3627 1716 3896 1798 Nempe,
3941 1715 4115 1800 quod
4160 1718 4271 1799 qui
4309 1717 4451 1782 Deo
4495 1717 4748 1783 subiici

2788 1804 3034 1881 nolunt,
3082 1824 3204 1869 nec
3246 1824 3317 1867 00
3353 1800 3436 1867 ad
3476 1803 3617 1867 eius
3651 1801 4033 1884 obsequium
4072 1823 4478 1885 componere,
4524 1823 4746 1887 quum

2787 1890 3193 1954 maiestatem
3237 1888 3446 1971 ipsius
3489 1888 3800 1967 sentiunt,
3857 1888 4092 1952 merito
4146 1889 4611 1956 cohorrescant
4676 1897 4750 1955 et

2787 1985 3099 2058 tanquam
3141 1975 3419 2040 iudicem
3468 1983 3788 2051 metuant,
3834 1993 4032 2056 quem
4075 1982 4155 2038 ut
4198 1986 4452 2058 patrem
4494 1976 4749 2054 colere,

2785 2073 2852 2127 et
2896 2061 2977 2125 ad
3023 2061 3406 2143 obsequium
3451 2063 3591 2125 eius
3634 2080 3707 2125 se
3741 2079 4133 2142 componere
4177 2060 4550 2125 noluerunt.
4625 2063 4750 2126 En

2785 2168 2902 2212 cur
2961 2160 3279 2230 regnante
3326 2147 3487 2225 Deo,
3553 2155 3796 2210 terram
3856 2155 4151 2228 oporteat
4204 2147 4606 2212 commoveri
4677 2157 4754 2211 et

2788 2244 3102 2297 tremere:
3161 2231 3516 2296 incredulis
3558 2231 3685 2296 Dei
3731 2232 4139 2298 clementiam
4185 2253 4320 2296 non
4370 2253 4754 2316 agnoscen-

2788 2318 2983 2393 tibus,
3050 2339 3178 2401 qua
3234 2319 3356 2382 sibi
3403 2318 3548 2382 illos
3591 2317 3955 2396 conciliare,
4000 2326 4068 2382 et
4110 2317 4181 2381 in
4222 2336 4405 2383 suam
4450 2318 4755 2385 tutelam

2786 2405 3074 2486 recipere
3118 2416 3386 2487 paratus
3445 2413 3564 2478 est,
3629 2412 3856 2468 contra
3916 2424 4069 2469 vero
4113 2402 4348 2468 laetari
4390 2412 4455 2468 et
4497 2405 4756 2470 exsul-

2787 2499 2930 2555 tare
2973 2510 3085 2555 eos
3129 2489 3241 2572 qui
3286 2490 3689 2554 maiestatem
3732 2488 4021 2553 divinam
4082 2499 4486 2570 reverentur,
4539 2492 4758 2574 eique

2785 2596 2930 2641 sese
2972 2589 3207 2659 sponte
3252 2575 3623 2640 subiiciunt.
3700 2574 3921 2653 Quare
3963 2595 4164 2657 quum
4212 2575 4319 2642 hic
4358 2576 4758 2644 Getbenaea

2786 2662 3088 2727 dicantur
3145 2661 3414 2726 tandem
3471 2682 3589 2726 suo
3646 2659 3935 2743 periculo
3992 2662 4272 2727 sensisse
4329 2683 4370 2726 a
4423 2682 4494 2727 se
4547 2662 4756 2729 intra

2786 2769 2971 2813 suam
3040 2748 3268 2813 urbem
3327 2767 3542 2811 arcam
3600 2746 3783 2810 illam
3846 2746 3970 2810 Dei
4034 2761 4378 2829 receptam,
4441 2748 4762 2816 sciamus

2786 2856 2917 2899 non
2978 2832 3107 2898 alia
3167 2834 3423 2898 ratione
3467 2833 3884 2896 securitatem
3929 2840 3995 2895 et
4038 2834 4242 2897 animi
4286 2833 4756 2915 tranquillita-

2785 2928 2919 2984 tem
2965 2941 3085 2985 nos
3130 2918 3370 2984 habere
3414 2939 3621 3001 posse,
3675 2918 3855 2982 omni
3902 2918 4107 3000 posito
4167 2927 4367 2996 metu,
4425 2940 4630 3003 quam
4685 2921 4755 2987 si

2787 3005 3008 3070 Deum
3065 3016 3138 3070 ut
3190 3016 3595 3069 servatorem
3654 3015 3952 3067 nostrum
4020 3023 4470 3085 agnoscamus,
4535 3008 4756 3074 cuins

2784 3091 3155 3173 praesentia
3199 3089 3384 3154 nobis
3430 3091 3653 3154 futura
3695 3091 3780 3154 sit
3823 3089 4148 3166 salutaris,
4198 3090 4390 3154 modo
4432 3092 4528 3156 sic
4566 3112 4755 3159 eum

2784 3178 2959 3242 intra
3024 3198 3146 3241 nos
3204 3175 3650 3254 admittamus,
3717 3185 3791 3239 ut
3848 3185 4028 3238 totus
4084 3197 4208 3240 nos
4257 3176 4396 3241 eius
4452 3177 4754 3244 arbitrio

2786 3262 3259 3345 permittamus,
3304 3271 3372 3325 et
3415 3261 3476 3325 ei
3521 3283 3605 3325 ex
3647 3261 3865 3325 animo
3908 3259 4293 3326 serviamus.
4381 3262 4590 3328 Porro
4647 3266 4754 3330 fa-

2783 3359 2925 3414 teor
2966 3369 3098 3413 000
3143 3368 3400 3430 semper
3434 3350 3500 3411 in
3541 3347 3664 3413 boc
3698 3346 3945 3411 mundo
3978 3358 4408 3426 contumaces,
4466 3349 4751 3433 Deique

2782 3434 3100 3518 patientia
3142 3434 3484 3499 abutentes
3527 3444 3593 3497 et
3637 3434 3779 3496 eius
3824 3432 4100 3515 gloriam
4145 3433 4564 3500 obscurantes
4608 3456 4751 3519 pro

2783 3521 3038 3585 viribus
3081 3520 3236 3596 suis,
3295 3519 3518 3601 poenis
3574 3517 3933 3582 manifestis
3977 3519 4166 3597 affici,
4224 3540 4454 3585 verum
4499 3533 4750 3588 tamen

2783 3606 2982 3671 altius
3026 3607 3262 3670 animis
3308 3605 3550 3670 nostris
3595 3603 3768 3669 istud
3828 3603 4254 3688 infigendum,
4309 3625 4520 3670 seram
4576 3609 4750 3689 qui-

2784 3692 2933 3756 dem
2991 3712 3131 3756 esse
3178 3691 3301 3755 Dei
3367 3689 3740 3765 vindictam,
3807 3689 3919 3754 sed
3987 3709 4184 3771 quam
4252 3702 4475 3755 tamen
4541 3693 4751 3759 nullo

2786 3791 3147 3861 temporum
3194 3776 3621 3859 quantumvis
3656 3774 3851 3859 longe
3886 3775 4071 3858 lapsu
4108 3784 4525 3842 contumaces
4557 3780 4752 3846 effu-

2784 3865 2988 3947 giant,
3035 3872 3262 3945 utpote
3305 3883 3498 3945 quam
3551 3862 3877 3944 gravitate
3925 3881 4280 3944 poenarum
4333 3873 4750 3945 compenset,

2785 3971 2859 4015 ac
2905 3947 3176 4031 proinde
3221 3969 3494 4029 poenam
3542 3947 3789 4012 differri
3852 3967 3981 4010 non
4028 3948 4291 4025 auferri,
4363 3948 4753 4017 secundum

2784 4054 3093 4101 arcanum
3133 4034 3260 4097 Dei
3301 4033 3680 4098 consilium:
3727 4053 3937 4114 neque
3981 4033 4155 4097 enim
4201 4035 4271 4098 in
4318 4033 4441 4100 hoc
4476 4036 4748 4102 mundo

2783 4122 3065 4204 perfecto
3088 4120 3214 4183 Dei
3261 4119 3500 4184 iudicia
3543 4131 3946 4195 exercentur,
3992 4119 4102 4183 sed
4142 4139 4365 4184 eorum
4402 4120 4750 4204 quaedam

2783 4206 3061 4272 subinde
3114 4205 3303 4270 nobis
3361 4204 3662 4288 exempla
3705 4219 3770 4268 et
3813 4205 4181 4269 testimonia
4225 4208 4499 4289 proponi
4542 4210 4748 4273 suffi-

2782 4295 2890 4373 cit,
2957 4314 3038 4356 ex
3106 4293 3339 4374 quibus
3405 4291 3588 4356 illam
3645 4291 3944 4354 ultimam
4008 4290 4370 4356 vindictam
4431 4305 4748 4361 metuere

2783 4379 3124 4457 discamus,
3190 4388 3349 4443 tunc
3416 4379 3734 4447 futuram.
3810 4396 4011 4458 quum
4081 4377 4322 4441 vindex
4390 4388 4461 4443 et
4523 4379 4746 4446 iudex

2780 4465 3074 4528 omnium
3121 4464 3305 4527 Iesus
3351 4463 3659 4528 Christus
3701 4461 4030 4526 Dominus
4089 4473 4308 4527 noster
4360 4465 4744 4548 apparebit.

2780 4548 3217 4631 Quamobrem
3248 4550 3429 4614 Deus
3475 4549 3624 4612 licet
3668 4548 3747 4612 ad
3796 4559 4053 4630 tempus
4095 4549 4424 4632 improbos
4467 4550 4744 4633 tolete&

2779 4647 2844 4700 et
2889 4635 3068 4702 velut
3111 4634 3192 4699 ad
3237 4635 3499 4699 illorum
3545 4634 3796 4718 flagitia
3832 4634 4199 4717 conniveat,
4244 4657 4410 4718 quos
4446 4658 4576 4701 non
4619 4660 4748 4704 re-

2781 4733 2972 4804 pente
3012 4721 3358 4800 ulciscitur,
3404 4742 3537 4785 nou
3582 4720 3725 4785 ideo
3770 4730 3990 4783 tamen
4036 4721 4375 4801 condonat,
4436 4735 4550 4787 aut
4587 4745 4748 4791 me-

2777 4809 3052 4871 moriam
3077 4807 3361 4889 deponit,
3387 4807 3543 4888 quin
3572 4806 3835 4872 tandem
3858 4809 4304 4872 severissimas
4345 4829 4588 4892 poenas
4631 4832 4746 4877 re·-

2776 4906 3019 4976 poscat‚
3059 4913 3133 4957 ac
3170 4892 3530 4957 mercedem
3556 4913 3748 4974 quam
3773 4902 3928 4956 sunt
3951 4892 4167 4956 meriti
4192 4895 4522 4976 persolvat
4542 4897 4744 4978 ipsis,

2777 4992 2847 5042 ut
2871 4978 3055 5044 docet
3089 4978 3437 5061 apostolus,
3472 5000 3704 5061 nempe
3741 4978 3996 5061 qualem
4022 4978 4455 5046 Sodomorum
4492 4983 4742 5050 0090-

2775 5065 3081 5129 morrhae
3101 5064 3351 5128 incolae
3375 5074 3527 5129 sunt
3548 5066 3943 5146 consequuti,
3971 5076 4128 5145 puta
4150 5065 4391 5148 ignem.
4433 5090 4561 5133 non
4586 5091 4748 5136 ma-

2775 5150 3065 5215 terialem
3102 5151 3288 5214 illum
3327 5161 3582 5214 tantum
3619 5171 3747 5233 quo
3781 5162 4102 5215 crematae
4137 5165 4293 5216 sunt
4327 5153 4480 5219 illae
4505 5156 4736 5232 urbes,

2773 5236 2890 5302 sed
2924 5248 3286 5315 aeteruum,
3332 5235 3632 5302 omnibus
3656 5236 3785 5301 Dei
3820 5239 4378 5321 contemptoribus
4422 5242 4496 5306 in
4530 5241 4738 5308 illum
