5059 6059
288 240 407 305 621
1550 243 1650 308 IN
1695 243 1749 310 Ι.
1797 243 1978 309 LIB.
2029 242 2431 310 SAMUEL.
2477 241 2676 309 OAP.
2722 243 3026 310 XXVII.
4158 245 4287 311 622

291 429 649 495 adversarii
730 435 794 492 et
875 428 1095 494 hostes
1176 430 1597 497 infensissimi
1665 431 1931 498 fuerant
1994 432 2239 497 amicos

290 515 502 591 faciat,
560 513 676 597 qui
734 513 930 579 rebus
990 513 1284 579 adversis
1330 517 1647 582 auxilium
1694 519 1941 583 ferant:
2000 516 2240 583 idcirco

291 621 477 684 saepe
549 598 724 682 apud
796 599 1151 682 prophetas
1207 600 1536 668 Dominus
1593 602 1909 687 populum
1968 604 2237 681 solatur,

292 687 508 753 dicens
589 705 662 749 so
726 684 1092 763 facturum,
1176 698 1246 750 ut
1311 689 1592 769 gratiam
1660 688 2004 753 inveniant
2066 686 2238 771 apud

291 773 509 837 hostes
558 780 627 835 et
690 770 1073 853 peregrinas
1142 773 1460 849 nationes,
1530 781 1602 839 ut
1667 773 1916 840 indicet
1974 793 2065 851 se,
2128 772 2237 838 ubi

290 856 712 940 castigaverit
749 875 923 935 suos,
969 857 1023 919 si
1070 874 1217 920 cum
1266 879 1422 922 vera
1465 860 1868 943 poenitentia
1912 870 1979 923 et
2021 859 2236 923 humi·

288 944 470 1008 litate
506 941 589 1006 ad
625 941 840 1023 ipsum
887 941 1322 1023 confugerint,
1371 945 1759 1027 veniamque
1783 944 2107 1028 deprecati
2136 966 2235 1009 ro·

287 1029 606 1113 gaverint,
671 1036 746 1090 ut
805 1024 1185 1092 vulneribus
1230 1029 1569 1094 medeatur
1611 1051 1777 1113 quae
1811 1031 2089 1114 ipsemet
2135 1032 2236 1094 in-

286 1115 476 1191 flixit,
536 1134 608 1177 se
667 1110 1058 1176 effecturum
1102 1124 1177 1176 ut
1220 1114 1653 1181 crudelissimi
1700 1116 1923 1182 hostes
1958 1136 2234 1199 quorum

288 1198 592 1265 dentibus
643 1196 911 1261 iamiam
962 1196 1252 1263 laniandi
1320 1200 1717 1266 videbantur
1774 1211 1841 1266 et
1898 1200 2234 1286 unguibus

287 1283 714 1366 discerpendi,
761 1290 1029 1363 repente
1061 1287 1336 1349 mutatis
1368 1285 1626 1366 animis,
1673 1288 1916 1352 nostris
1951 1307 2229 1351 commo·

286 1369 390 1436 dis
444 1367 772 1445 studeant,
833 1377 900 1431 et
955 1389 1215 1435 summa
1260 1391 1380 1435 nos
1423 1371 1834 1436 humanitate
1878 1372 2231 1454 excipiant.

284 1455 638 1522 Caeterum
683 1471 817 1516 non
864 1450 1134 1518 dubium
1184 1467 1281 1520 est
1326 1457 1485 1539 quin
1530 1480 1729 1542 quum
1778 1456 1982 1523 Achis
2027 1456 2231 1522 Davi·

285 1541 434 1607 dem
508 1537 681 1622 apud
753 1559 823 1604 se
890 1539 1134 1621 recepit
1192 1539 1543 1624 diligenter
1599 1544 1666 1607 in
1727 1543 1896 1608 facta
1954 1540 2234 1607 Davidis

282 1626 663 1710 inspexerit,
707 1631 772 1687 et
793 1621 962 1688 fidos
987 1624 1286 1691 homines
1308 1627 1609 1693 habuerit
1654 1628 1764 1711 qui
1810 1630 1984 1695 facta
2028 1627 2233 1693 dicta-

282 1733 407 1796 que
451 1709 658 1795 ipsius
702 1708 1142 1791 explorarent.
1233 1711 1465 1796 Neque
1516 1714 1692 1779 enim
1737 1715 1862 1779 etsi
1903 1711 2234 1779 Davidem

280 1813 417 1862 tam
474 1793 852 1861 humaniter
910 1808 1257 1877 exceperat
1314 1798 1575 1864 efficere
1632 1799 1845 1882 potuit
1902 1799 2059 1882 quin
2107 1798 2233 1882 ipsi

281 1877 763 1968 quodammodo
810 1878 1152 1961 diffideret,
1211 1885 1335 1948 etsi
1382 1884 1676 1968 speravit
1718 1904 2022 1950 successu
2066 1894 2235 1949 tem-

275 1968 456 2053 poris
516 1962 847 2029 Davidem
913 1967 984 2029 in
1052 1969 1333 2051 gratiam
1402 1982 1767 2052 receptum,
1833 1969 2042 2035 fidum
2110 1969 2234 2054 ipsi

276 2073 546 2121 servum
584 2052 902 2114 futurum.
948 2051 1056 2116 Ex
1095 2072 1226 2135 quo
1272 2065 1545 2139 apparet
1588 2056 1879 2120 animum
1929 2055 2232 2121 consilia-

275 2141 526 2205 riorum
550 2135 759 2218 ipsius
781 2148 975 2218 atque
999 2136 1157 2203 adeo
1180 2140 1378 2205 etiam
1404 2140 1632 2224 populi
1657 2162 1695 2205 a
1717 2139 1863 2206 Deo
1887 2142 2232 2208 inflexum.

272 2225 506 2308 Neque
562 2222 739 2287 enim
799 2219 1070 2286 dubium
1128 2240 1227 2288 est
1286 2226 1445 2307 quin
1498 2249 1582 2290 ex
1627 2226 1766 2309 ipsa
1808 2226 2000 2309 plebe
2043 2224 2234 2291 multi

270 2308 525 2392 iniquis
581 2305 788 2373 oculis
845 2306 1170 2373 Davidem
1228 2310 1660 2390 intuerentur,
1721 2321 1790 2376 et
1848 2313 2231 2376 memoriam

270 2396 662 2462 refricarent
718 2411 1052 2457 caesorum
1116 2417 1156 2458 a
1194 2394 1461 2461 Davide
1522 2396 1623 2462 vel
1683 2397 2065 2477 amicorum,
2126 2396 2231 2462 vel

268 2494 723 2565 cognatorum,
792 2477 894 2541 vel
954 2478 1286 2545 affinium:
1356 2502 1431 2547 ac
1499 2481 1772 2565 proinde
1830 2503 2089 2547 sumere
2150 2482 2230 2546 de

266 2569 292 2633 i
378 2587 417 2631 o
476 2562 873 2659 vindictam,
948 2574 1017 2629 et
1073 2565 1276 2630 semel
1329 2566 1546 2649 ipsum
1607 2567 1837 2633 tollere
1894 2577 2227 2652 cuperent.

345 2652 527 2717 'vina
598 2648 805 2730 igitur
860 2650 1274 2730 providentia
1328 2652 1650 2717 Davidem
1712 2653 1913 2731 texit,
1973 2653 2230 2736 fuitque

264 2738 402 2822 ipsi
468 2734 741 2819 clypeus
801 2734 1119 2801 adversus
1182 2737 1346 2804 istos
1412 2736 1733 2820 insultus,
1801 2750 1875 2803 ut
1919 2738 2040 2804 sub
2086 2741 2228 2804 eius

265 2823 509 2890 umbra
550 2828 735 2885 tutus
779 2827 968 2885 esset.

442 2905 777 2986 Deinceps
831 2907 1131 2987 sequitur
1174 2907 1502 2974 Davidem
1560 2928 1828 2992 rogasse
1884 2930 2106 2993 regem
2151 2917 2231 2977 ut

262 2991 660 3060 concederet
720 2989 847 3073 ipsi
901 2990 1187 3075 aliquam
1248 2994 1479 3060 urbem
1524 2995 1596 3058 in
1639 3014 1769 3078 qua
1814 3001 1994 3060 tutus
2040 2994 2227 3060 habi·

261 3089 461 3156 taret,
516 3076 621 3141 his
679 3076 930 3142 verbis:
993 3076 1071 3143 Su·
1126 3078 1338 3144 inveni
1389 3080 1667 3163 qratiam
1718 3081 1791 3144 in
1834 3079 2032 3145 oculis
2072 3081 2223 3162 cuia,

258 3165 453 3231 detur
509 3160 669 3227 mihi
728 3160 898 3227 locus
953 3164 1026 3228 in
1083 3184 1215 3229 una
1272 3165 1528 3230 urbium
1578 3166 1856 3249 reyionis
1896 3164 2111 3242 huius,
2153 3173 2223 3231 ut

259 3250 545 3316 habitem
585 3246 698 3311 ibi.
773 3245 908 3312 Gur
951 3250 1119 3313 enim
1155 3255 1363 3315 manet
1407 3270 1624 3315 servus
1667 3255 1818 3316 tuus
1861 3252 1932 3316 in
1975 3252 2223 3318 civitate

254 3336 441 3419 nqis
483 3331 729 3398 tecum?
788 3330 1047 3411 Quibus
1086 3333 1301 3400 verbis
1324 3335 1540 3401 David
1586 3337 1931 3419 propositis
1977 3337 2224 3403 incom-

258 3419 483 3487 modis
527 3438 749 3501 regem
780 3417 1294 3485 philistaeorum
1337 3422 1614 3487 flectens
1659 3423 1896 3487 nititur
1939 3421 2022 3486 ad
2060 3423 2224 3506 peti-

256 3506 517 3573 tionem
573 3502 705 3586 ipsi
759 3503 1018 3570 facilius
1060 3506 1573 3572 concedendam:
1636 3528 1825 3591 reges
1869 3508 2045 3573 enim
2092 3508 2225 3590 ple-

251 3611 544 3673 rumque
601 3588 739 3652 suis
794 3589 1153 3656 commodis
1211 3599 1279 3656 et
1342 3592 1547 3674 quieti
1613 3593 1900 3658 student.
2009 3592 2226 3659 Docet

251 3676 477 3761 igitur
520 3672 743 3739 David
803 3696 930 3739 non
976 3697 1118 3741 esse
1162 3695 1247 3741 ex
1291 3677 1468 3760 regis
1514 3677 1799 3743 utilitate
1843 3679 1901 3743 si
1945 3678 2014 3742 in
2063 3677 2224 3747 urbe

252 3762 453 3846 regia
486 3758 755 3836 habitet,
800 3771 869 3825 et
903 3770 1240 3843 praeterea
1282 3761 1456 3845 quod
1479 3763 1705 3829 multis
1747 3764 2028 3847 stipatus
2051 3777 2225 3829 esset

250 3845 592 3914 militibus
615 3845 759 3909 fieri
785 3867 916 3910 nou
963 3868 1148 3929 posse
1194 3848 1353 3931 quin
1398 3869 1520 3913 rex
1562 3848 1820 3931 aliquod
1844 3851 2219 3914 ·incommo·

250 3933 431 3999 dum
495 3952 582 3996 ex
648 3951 724 3994 eo
791 3933 1180 4015 perciperet.
1279 3934 1502 4015 Atque
1563 3937 1891 4017 speciosae
1950 3935 2223 4000 fuerunt

249 4022 434 4085 istae
456 4013 736 4081 Davidis
771 4016 1094 4083 rationes:
1140 4018 1261 4084 etsi
1298 4019 1568 4084 minime
1603 4019 1875 4085 dubium
1911 4028 2013 4085 est
2058 4020 2218 4102 quin

248 4105 467 4187 longe
489 4101 657 4166 alius
678 4101 880 4167 fuerit
902 4103 1109 4185 ipsius
1144 4124 1380 4186 scopus
1423 4104 1971 4186 quemadmodum
2017 4107 2218 4171 etiam

248 4188 473 4255 fidem
522 4187 672 4251 facit
729 4197 1025 4254 eventus.
1094 4189 1486 4254 Dissimulat
1500 4191 1732 4273 dgitur
1775 4189 1949 4273 apud
1993 4212 2218 4275 regem

250 4272 477 4341 Achis
542 4271 716 4355 quod
755 4273 936 4338 intus
979 4274 1259 4352 fovebat,
1327 4286 1394 4339 et
1459 4282 1682 4341 tamen
1739 4275 1906 4340 nihil
1965 4275 2218 4359 profert

246 4356 445 4444 quod
484 4378 617 4422 uon
656 4357 799 4425 veri
835 4359 1116 4442 speciem
1163 4360 1454 4438 haberet,
1501 4371 1568 4425 et
1610 4362 1771 4445 quin
1812 4361 2002 4428 facile
2047 4374 2221 4428 esset

247 4446 638 4511 discernere
675 4464 761 4507 an
806 4444 1199 4510 mentiretur
1240 4455 1309 4510 et
1351 4447 1565 4511 sciens
1610 4446 1897 4529 prudens
1943 4446 2217 4513 falleret.

252 4529 601 4615 Speciosis
621 4529 826 4612 igitur
848 4531 1210 4596 rationibus
1240 4531 1625 4614 petitionem
1668 4553 1853 4597 suam
1900 4532 2214 4599 adornat:

245 4615 381 4683 sed
442 4635 608 4697 quae
671 4630 889 4679 tamen
950 4615 1072 4680 fuit
1116 4617 1324 4699 ipsius
1367 4616 1598 4681 mens?
1647 4639 1883 4700 nempe
1926 4620 2218 4701 speravit

248 4701 558 4786 primum
603 4721 674 4765 se
717 4700 799 4764 ab
841 4700 1198 4766 incredulis
1241 4713 1619 4785 separatum
1663 4702 1920 4769 facilius
1963 4705 2217 4769 sincero

244 4787 404 4852 Dei
445 4785 652 4850 cultui
699 4797 1106 4865 vacaturum,
1152 4786 1587 4871 daturumque
1631 4809 1895 4871 operam
1940 4811 2025 4854 ne
2071 4800 2215 4853 tan·

242 4891 465 4957 quam
523 4870 836 4953 profanus
895 4871 1172 4953 audiret,
1228 4874 1417 4956 quasi
1470 4874 1798 4957 cognitam
1852 4875 1925 4939 in
1969 4874 2216 4939 Iudaea

242 4957 653 5039 religionem
674 4964 1143 5023 contemneret.
1190 4958 1448 5023 Deinde
1471 4959 1593 5024 sibi
1634 4960 1829 5023 etiam
1874 4960 2214 5024 meliorem

242 5041 673 5110 occasionem
694 5041 987 5108 oblatum
1023 5043 1104 5107 iri
1140 5042 1439 5109 hostibus
1482 5044 1706 5127 populi
1726 5042 1856 5109 Dei
1901 5044 2214 5110 damnum

241 5125 612 5204 inferendi,
667 5135 731 5191 et
788 5129 926 5212 regi
972 5128 1179 5195 Achis
1264 5131 1406 5194 sine
1449 5130 1695 5195 iniuria
1738 5142 1958 5196 tamen
1998 5129 2214 5195 Israe-

2341 429 2613 495 litarum
2806 428 3115 497 tificandi.
3207 429 3554 495 Hactenus
3619 427 3829 512 igitur
3885 426 4103 493 David
4161 428 4288 513 ipsi

2344 516 2646 581 nonnihil
2720 516 3075 583 'ssimulatz
3112 525 3332 581 tamen
3368 535 3499 579 nou
3535 528 3635 580 est
3677 513 4011 592 mentitus,
4058 534 4287 597 quem·

2341 599 2688 667 admodum
2750 602 2944 686 paulo
2989 610 3136 684 post
3180 600 3444 665 mentiri
3489 602 3704 683 ipsum
3751 598 4110 677 audiemus,
4170 601 4288 666 sed

2340 686 2408 751 in
2476 689 2847 771 praesentia
2915 687 3159 771 aliquid
3227 685 3694 762 dissimulavit,
3776 696 3844 748 et
3907 684 4079 766 quod
4145 690 4288 751 veri

2339 774 2621 856 speciem
2670 772 2970 855 habebat,
3034 772 3397 856 proposuit,
3465 770 3720 835 etiamsi
3784 769 3961 834 aliud
4021 779 4287 853 pectore

2340 859 2702 924 occultarit.
2793 857 2866 924 Si
2921 859 3070 943 quis
3126 858 3333 942 igitur
3389 870 3666 939 quaerat
3720 854 4053 920 Davidine
4109 857 4286 921 istud

2340 943 2614 1024 licuerit,
2674 944 3143 1028 respondemus
3197 964 3327 1008 non
3383 963 3642 1007 omnem
3692 939 4286 1007 dissimulationem

2338 1051 2597 1113 semper
2647 1050 2789 1096 esse
2835 1030 3133 1095 vitiosam
3182 1038 3252 1094 et
3292 1025 3875 1094 condemnandam.
3964 1025 4287 1092 Dissimu-

2338 1114 2476 1179 lare
2517 1116 2690 1180 enim
2737 1128 2838 1181 est
2883 1127 3133 1198 partem
3179 1113 3439 1180 consilii
3483 1114 3689 1178 nostri
3738 1120 3979 1195 tegere.
4057 1111 4286 1195 Neque

2337 1201 2510 1265 enim
2542 1212 2844 1267 tenemur
2867 1201 3163 1266 hostibus
3200 1198 3441 1265 nostris
3479 1198 3698 1263 omnia
3741 1195 4013 1262 consilia
4056 1209 4285 1264 nostra

2336 1286 2722 1371 patefacere,
2765 1288 2896 1352 imo
2944 1309 3027 1351 ne
3071 1285 3385 1351 fratribus
3428 1284 3689 1368 quidem
3737 1302 3997 1365 semper
4040 1284 4283 1367 cogita-

2338 1372 2548 1438 tiones
2587 1373 2957 1455 patefacere
2995 1374 3307 1455 cogimur,
3354 1371 3467 1435 sed
3505 1378 3762 1435 tantum
3806 1388 3957 1434 cum
4001 1368 4285 1435 candore

2337 1469 2404 1521 et
2448 1458 2827 1541 integritate
2872 1478 3022 1523 cum
3066 1456 3384 1541 proximis
3418 1453 3813 1521 conversari.
3883 1451 3995 1519 Sic
4029 1454 4284 1520 Paulus

2336 1542 2562 1609 fideles
2599 1542 3003 1619 exhortatur,
3051 1552 3127 1608 ut
3162 1563 3307 1607 cum
3355 1543 3733 1625 integritate
3778 1547 3846 1603 et
3888 1540 4092 1603 animi
4113 1559 4282 1613 ‚can-

2337 1627 2494 1694 dore
2538 1630 2715 1694 inter
2758 1628 3058 1694 homines
3099 1629 3346 1695 vivant.
3391 1626 3624 1710 Itaque
3670 1624 4105 1690 dissimulatio
4150 1646 4283 1690 non

2335 1736 2596 1797 semper
2653 1724 2755 1780 est
2813 1714 2882 1777 in
2929 1714 3111 1795 vitio,
3172 1714 3283 1779 sed
3329 1734 3532 1797 quum
3577 1713 3673 1776 ita
3715 1709 4165 1775 dissimulatur
4206 1722 4286 1775 ut

2338 1800 2572 1865 falsum
2622 1799 2894 1878 dicatur,
2941 1809 3096 1865 tuno
3143 1799 3576 1864 dissimulatio
3626 1797 3743 1861 illa
3791 1795 4026 1861 vitiosa
4069 1808 4172 1861 est
4214 1805 4285 1861 et

2336 1906 2592 1950 merum
2641 1885 3070 1950 mendacium.
3137 1884 3462 1950 Davidem
3508 1883 3713 1965 igitur
3758 1880 4283 1947 dissimulantem

2337 1969 2511 2056 apud
2587 1991 2810 2054 regem
2872 1970 3076 2035 Achis
3144 1991 3336 2035 suum
3405 1968 3756 2035 consilium
3811 1965 4283 2050 respondemus

2338 2078 2469 2121 non
2526 2076 2847 2139 peccasse,
2909 2077 3029 2122 nec
3073 2055 3421 2122 offendisse
3469 2054 3709 2138 Deum,
3767 2064 4102 2135 praeterea
4142 2052 4283 2116 lau-

2336 2140 2626 2207 dandum
2673 2143 2815 2207 eius
2857 2143 3200 2208 consilium
3245 2140 3555 2206 discimus
3598 2160 3726 2222 quo
3762 2137 4086 2221 praevidit
4119 2138 4281 2204 Phi-

2335 2227 2716 2292 listaeorum
2774 2224 3122 2293 adversum
3183 2249 3254 2293 se
3313 2226 3461 2291 odia
3520 2239 3587 2290 et
3645 2244 3987 2289 murmura
4029 2224 4087 2288 si
4130 2244 4284 2289 cum

2335 2313 2473 2378 suis
2551 2312 2869 2378 militibus
2949 2325 3017 2376 et
3100 2312 3348 2378 familia
3427 2310 3672 2376 diutius
3735 2311 3807 2373 in
3873 2308 4035 2373 urbe
4102 2309 4284 2392 regia

2333 2398 2728 2487 mansisset„
2764 2411 2832 2463 et
2889 2405 3226 2479 praeterea
3286 2399 3421 2462 fore
3471 2406 3543 2461 ut
3586 2394 3915 2461 Davidem
3965 2394 4046 2458 ad
4093 2414 4284 2461 suam

2335 2482 2720 2568 religionem
2775 2482 3227 2563 sollicitarent,
3286 2495 3352 2547 et
3392 2501 3624 2567 cogere
3662 2480 3908 2546 vellent
3952 2500 4148 2564 aegre
4192 2482 4284 2545 fe-

2334 2580 2554 2636 rentes
2612 2575 2984 2651 separatam
3038 2570 3059 2633 i
3109 2589 3256 2636 sum
3314 2588 3354 2632 a
3411 2585 3536 2632 sua·
3588 2567 3971 2651 religionem
4017 2564 4283 2632 habere.

2335 2653 2525 2734 Quae
2584 2655 2806 2719 omnia
2863 2656 3052 2737 provi
3098 2674 3246 2734 ens,
3322 2662 3389 2718 et
3448 2662 3523 2717 ut
3577 2651 3949 2716 libertatem
4011 2650 4284 2716 haberet

2333 2760 2476 2805 sese
2520 2760 2759 2823 purum
2812 2739 2891 2804 ab
2937 2737 3362 2805 idololatricis
3404 2737 3983 2821 superstitionibus
4027 2748 4095 2799 et
4136 2738 4282 2818 pol-

2330 2824 2693 2891 lutionibus
2714 2825 3165 2904 conservandi,
3211 2822 3483 2890 seorsim
3523 2820 3862 2887 habitandi
3903 2819 4281 2888 facultatem

2330 2911 2450 2977 sibi
2511 2909 2779 2977 concedi
2836 2910 3223 2994 postulavit:
3283 2908 3406 2976 etsi
3465 2929 3602 2971 non
3661 2907 3933 2970 dubium
3977 2918 4075 2971 est
4119 2907 4280 2988 quin

2329 3018 2400 3062 se
2443 2996 2671 3062 multis
2716 2995 3021 3079 periculis
3066 2997 3391 3063 obiiceret.
3458 2993 3689 3077 Neque
3734 2990 3911 3056 enim
3957 2999 4092 3056 tam
4137 3001 4280 3058 erat

2329 3081 2586 3148 consilii
2649 3089 2715 3146 et
2773 3082 3045 3147 rationis
3103 3102 3338 3165 expers
3397 3080 3554 3164 quin
3615 3076 4032 3160 praevideret
4082 3097 4153 3142 se
4207 3078 4279 3141 in

2328 3188 2532 3250 parvo
2589 3165 2824 3251 oppido
2880 3166 3069 3234 facile
3114 3166 3197 3233 ab
3241 3166 3538 3231 hostibus
3582 3163 3886 3245 intercipi
3928 3183 4153 3246 posse:
4210 3172 4279 3229 et

2326 3254 2381 3318 si
2406 3251 2758 3319 Philistaei
2782 3251 3097 3318 adversus
3144 3273 3214 3317 se
3259 3250 3637 3333 conspirent
3681 3249 3977 3333 ipsorum
4017 3247 4278 3314 iniuriis

2327 3339 2695 3420 expositum
2721 3338 2876 3414 fore,
2920 3348 2987 3401 et
3030 3339 3101 3402 in
3146 3337 3309 3403 urbe
3354 3336 3650 3402 clausum
3697 3331 4056 3417 effugiendi
4100 3334 4278 3399 viam

2326 3423 2576 3488 nullam
2621 3422 3032 3488 habiturum:
3078 3443 3154 3489 ac
3187 3420 3462 3508 proinde
3510 3420 3715 3486 vitam
3760 3439 3950 3483 suam
3994 3418 4276 3502 singulis

2327 3509 2678 3574 momentis
2736 3528 3130 3592 magnopere
3188 3505 3569 3592 periclitari.
3657 3504 3913 3569 Verum
3955 3502 4277 3588 quidquid

2326 3593 2579 3659 accidat
2622 3594 2946 3676 superatis
2989 3594 3133 3660 istis
3178 3590 3670 3658 difficultatibus
3714 3589 3974 3655 mavult
4017 3588 4123 3655 his
4165 3611 4279 3674 pe-

2325 3679 2555 3746 riculis
2614 3687 2681 3744 et
2734 3678 3163 3755 incommodis
3223 3678 3462 3744 habene
3509 3676 3879 3741 libertatem
3925 3673 4070 3739 Deo
4112 3697 4278 3759 pure

2326 3775 2388 3829 et
2412 3766 2665 3831 sincere
2700 3763 3053 3848 serviendi,
3098 3774 3166 3831 et
3208 3786 3279 3833 se
3323 3782 3564 3846 purum
3586 3761 3667 3826 ab
3690 3760 4117 3827 idololatricis
4137 3763 4274 3846 pol·

2325 3850 2688 3916 lutionibus
2747 3850 3197 3917 conservandi.
3287 3849 3592 3932 Denique
3649 3846 4011 3931 prudenter
4056 3847 4275 3912 David

2324 3935 2547 4001 odium
2609 3956 2800 4000 omne
2860 3936 3146 4000 hostium
3208 3936 3464 4013 vitavit,
3522 3942 3588 3998 et
3650 3933 4085 4016 suspicionem
4133 3953 4275 3995 am—

2324 4020 2589 4086 bitionis
2658 4022 2844 4104 quasi
2912 4018 3251 4104 dignitatis
3311 4020 3596 4104 aliquem
3653 4017 3930 4103 gradum
3993 4015 4273 4082 ambiret

2321 4115 2671 4173 contentus
2716 4105 2921 4171 vitam
2966 4106 3242 4173 obscuro
3286 4107 3429 4172 loco
3476 4105 3714 4171 ducere
3756 4112 3825 4166 et
3870 4101 4058 4166 tueri.
4120 4102 4272 4168 Rex

2321 4193 2525 4276 igitur
2549 4190 2753 4257 Achis
2776 4190 2955 4256 dedit
2977 4190 3037 4254 ei
3063 4189 3340 4277 Siceleg.
3387 4192 3497 4256 Ex
3543 4211 3671 4273 quo
3715 4197 3986 4271 apparet
4031 4188 4270 4253 iterum

2322 4278 2678 4361 impulsum
2738 4298 2777 4342 a
2821 4275 2967 4341 Deo
3025 4274 3250 4361 regem
3299 4286 3484 4343 motu
3527 4296 3660 4341 non
3704 4272 4066 4338 ordinario:
4113 4294 4270 4339 nam

2320 4369 2573 4429 certum
2631 4370 2728 4427 est
2774 4374 3189 4428 excaecatum
3250 4384 3290 4429 a
3333 4363 3478 4428 Deo
3536 4380 3755 4444 regem
3802 4356 4010 4423 Achis
4064 4378 4268 4441 quum

2318 4448 2496 4515 hosti
2552 4446 2801 4513 Davidi
2873 4447 3224 4514 finitimam
3290 4450 3521 4514 urbem
3578 4442 3859 4509 Iudaeae
3916 4445 4264 4510 concessit:

2320 4553 2476 4598 nam
2535 4534 2593 4598 si
2645 4542 3020 4616 suspectum
3077 4535 3291 4616 ipsum
3351 4532 3660 4608 habebat,
3718 4550 3921 4613 quare
3980 4530 4050 4594 in
4105 4528 4268 4596 urbe

2319 4618 2602 4683 finitima
2643 4617 2927 4684 Iudaeae
2983 4638 3062 4683 ac
3117 4641 3247 4684 non
3306 4620 3522 4702 potius
3581 4617 3646 4680 in
3706 4613 3924 4680 medio
3981 4615 4268 4698 regionis

2319 4725 2470 4769 eum
2531 4702 2904 4784 collocabat,
2965 4718 3039 4769 ut
3097 4705 3310 4770 omnis
3368 4704 3428 4768 ei
3473 4702 3748 4768 nocendi
3798 4706 4088 4784 potestas
4132 4701 4268 4766 adi·

2319 4787 2656 4854 meretur?
2737 4787 2870 4855 Sed
2933 4809 3066 4855 nou
3113 4787 3380 4855 dubium
3426 4794 3527 4853 est
3569 4789 3729 4870 quin
3774 4785 4054 4854 avaritia
4096 4788 4272 4871 regis

2318 4872 2525 4940 this
2548 4895 2697 4939 eum
2722 4873 3059 4958 impulerit
3080 4882 3149 4940 et
3180 4875 3519 4941 incautum
3555 4872 3909 4961 deceperit,
3953 4881 4028 4934 ut
4062 4871 4275 4935 solent

2317 4961 2529 5059 pisces
2551 4958 2830 5043 praedae
2853 4959 3189 5024 inhiantes
3225 4958 3420 5026 hamo
3469 4959 3705 5044 decipi.
3753 4965 3932 5035 Nam
3951 4953 4277 5019 Davidem

2315 5066 2390 5110 in
2458 5044 2618 5111 urbe
2682 5044 2967 5111 finitima
3030 5045 3351 5111 collocans
3368 5095 3385 5126 ,
3463 5045 3898 5131 existimavit
3960 5037 4290 5122 Perpetuis

2317 5129 2850 5213 praedationibus
2908 5142 2975 5196 et
3030 5130 3510 5197 incursionibus
3553 5128 3936 5229 Davidem
3976 5126 4045 5187 'm
4083 5122 4306 5182 hostes
