5059 6059
284 232 393 298 517

283 431 433 496 rent,
476 440 670 504 quam
716 419 890 485 ferre
925 419 1303 486 nullomodo
1348 435 1642 503 possunt,
1672 418 1801 488 sed
1847 421 2199 505 ringuutur

286 518 344 573 et
382 506 582 572 veluti
629 505 933 574 dentibus
992 505 1370 572 infr-cudent
1430 505 1743 572 adversus
1786 506 1912 571 Dei
1961 506 2198 572 verita-

283 599 421 659 tem.
463 591 1030 673 Quemadmodum
1070 593 1180 677 qui
1210 591 1416 658 oeulis
1459 591 1759 658 laborant
1793 592 1950 657 solis
1985 591 2200 674 splen-

281 679 483 744 dorem
509 678 678 742 ferre
704 699 832 743 uon
859 691 1151 761 possunt,
1179 679 1367 743 cuius
1391 678 1591 744 radiis
1616 690 1928 763 tanquam
1959 675 2199 741 aculeis

281 774 657 849 punguntur
699 773 767 829 et
809 765 1254 829 stimulantur,
1291 763 1536 828 Eadem
1572 765 1863 829 omnium
1899 761 2201 828 incredu-

276 850 472 916 lorum
520 862 619 914 est
663 852 847 926 ratic,
907 869 1184 933 quorum
1228 849 1624 915 conscientia
1678 850 2092 933 corruptione
2135 854 2203 912 et

278 934 606 1019 putredine
665 935 1054 1017 suffocatur,
1121 934 1380 1024 diabolo,
1429 936 1609 1018 ipsos
1672 936 1874 1001 etiam
1939 935 2202 1017 penitus

277 1030 689 1088 excaecante:
749 1020 909 1085 adeo
956 1033 1028 1085 ut
1086 1020 1144 1087 si
1201 1019 1459 1104 quando
1502 1019 2079 1104 reprehendantur,
2139 1028 2205 1084 et

276 1116 575 1191 tauquam
618 1105 957 1170 flammula
1001 1105 1082 1171 ad
1120 1107 1343 1172 vivum
1382 1127 1586 1190 usque
1631 1108 1867 1171 iniecta
1911 1125 2205 1191 pungan-

277 1202 395 1270 tur,
436 1212 565 1256 nou
604 1201 823 1257 tamen
860 1193 1244 1257 afficiantur.
1292 1192 1485 1258 Hauc
1516 1191 1597 1257 ob
1621 1213 1886 1260 causam
1921 1185 2202 1274 improbi

275 1298 490 1344 omnes
547 1278 846 1343 homines
906 1289 972 1342 et
1015 1278 1276 1343 divinae
1322 1279 1680 1343 maiestatis
1725 1287 2203 1360 contemptores

275 1366 564 1431 veritatis
586 1363 1028 1448 coguitionem
1047 1364 1340 1447 fugiunt:
1367 1384 1562 1447 quam
1587 1375 1805 1428 tamen
1829 1363 1933 1428 vel
1960 1363 2203 1428 invitos

273 1453 434 1516 scire
467 1462 536 1513 et
579 1469 969 1533 cognoscere
999 1449 1181 1531 ipsos
1214 1461 1487 1531 oportet.
1537 1447 1668 1515 Sed
1692 1449 1959 1515 obsecro
1989 1448 2204 1530 qualis

274 1538 395 1602 ista
406 1536 690 1618 cognitio
706 1534 738 1597 ’ἲ
774 1555 1008 1618 nempe
1026 1534 1281 1617 qualem
1300 1535 1619 1618 propheta
1636 1536 1863 1600 Esaias
1879 1534 2202 1612 describit,

273 1634 344 1687 ut
354 1620 796 1705 cognoscendo
808 1640 938 1684 non
952 1633 1432 1704 cognoscant,et
1447 1619 1723 1686 videndo
1739 1619 1900 1684 nihil
1919 1618 2202 1686 videant.

437 1707 614 1771 'Palis
659 1707 785 1771 fuit
827 1706 941 1770 illa
983 1705 1269 1789 cognitio
1295 1704 1515 1772 Saulis
1559 1717 1627 1771 et
1662 1707 1937 1772 scientia
1970 1704 2052 1770 de
2075 1725 2205 1789 qua

273 1794 580 1876 loquitur,
620 1793 736 1874 qui
771 1801 1114 1874 postquam
1155 1792 1364 1856 modis
1387 1792 1689 1857 omnibus
1727 1792 2020 1857 divinam
2055 1812 2201 1873 pro-

271 1879 640 1944 missionem
672 1876 920 1943 Davidi
968 1898 1085 1960 per
1108 1874 1485 1943 Samuelem
1530 1877 1765 1942 factam
1811 1876 2205 1943 labefactare

271 1974 338 2030 et
392 1963 811 2047 exstinguere
853 1972 1125 2028 conatus
1168 1971 1285 2043 est,
1328 1963 1761 2029 nihilominus
1799 1965 1922 2029 Dei
1967 1962 2206 2028 iudicio

271 2063 540 2135 urgetur
582 2064 650 2114 et
668 2050 1098 2131 convincitur,
1142 2048 1302 2114 adeo
1339 2061 1414 2113 ut
1437 2049 1541 2114 vel
1586 2050 1871 2114 invitum
1909 2058 2208 2130 oporteat

270 2136 413 2202 Deo
451 2136 784 2200 veritatem
832 2136 1139 2213 tribuere,
1197 2144 1264 2198 et
1307 2144 1693 2218 potestatem
1740 2156 1893 2200 suas
1939 2135 2210 2217 promis-

273 2221 485 2288 siones
526 2219 863 2304 implendi,
922 2241 1124 2303 quum
1169 2221 1261 2284 ait
1303 2241 1372 2285 se
1416 2220 1583 2287 scire
1625 2220 1797 2304 quod
1842 2220 2208 2287 certissime

271 2305 488 2372 David
546 2314 939 2388 regnaturus
988 2306 1093 2371 sit.
1163 2306 1413 2389 Nempe
1477 2306 1666 2372 illum
1725 2305 1854 2372 Dei
1897 2306 2206 2372 voluutas

270 2392 772 2477 constringebat,
807 2397 875 2456 et
911 2392 1344 2457 conscientiae
1366 2392 1651 2458 stimulis
1675 2392 1878 2474 ipsius
1900 2391 2205 2475 superbia

270 2492 338 2544 et
382 2478 556 2543 virus
603 2477 1046 2559 superabatur,
1108 2487 1180 2541 ut
1222 2477 1367 2542 Deo
1412 2478 1860 2543 testimonium
1907 2476 2204 2543 veritatis

269 2563 585 2629 redderet.
640 2562 834 2628 Unde
875 2571 1149 2646 apparet
1191 2564 1493 2646 profanos
1536 2573 1602 2628 et
1645 2562 2011 2629 incredulos
2053 2570 2208 2646 post

269 2652 596 2734 cognitam
643 2648 995 2714 voluntatis
1038 2648 1303 2713 divinae
1349 2649 1692 2714 veritatem
1737 2649 2022 2714 stimulis
2061 2649 2202 2733 qui-

269 2735 543 2801 busdam
586 2735 828 2819 urgeri,
885 2746 951 2798 et
1007 2735 1285 2817 quadam
1347 2735 1613 2800 tristitia
1648 2735 1850 2801 affici:
1912 2733 2026 2800 sed
2071 2756 2199 2799 non

265 2829 487 2886 tamen
526 2821 593 2885 in
652 2840 730 2884 ea
772 2820 1226 2902 conquiescere
1279 2841 1476 2904 quam
1519 2830 1746 2887 contra
1790 2842 1905 2904 pro
1947 2819 2202 2885 viribus

266 2909 491 2990 fugere
535 2915 859 2970 conantur
918 2916 984 2970 et
1029 2905 1364 2972 suffocare.
1455 2907 1552 2973 Ac
1597 2907 1872 2989 proinde
1926 2906 2074 2971 licet
2118 2904 2202 2970 ad

268 3007 526 3075 tempus
586 2991 849 3056 divinae
909 2992 1203 3057 veritatis
1272 2999 1340 3056 et
1391 2994 1720 3074 potentiae
1778 2991 2202 3057 meditatione

264 3087 831 3145 commoveantur:
888 3097 1019 3140 non
1080 3088 1300 3141 tamen
1343 3077 1415 3141 in
1460 3098 1537 3141 ea
1587 3087 2025 3161 perseverant,
2087 3076 2201 3142 sed

261 3166 497 3229 incerti
542 3183 799 3246 semper
841 3162 969 3228 huc
994 3175 1059 3227 et
1102 3163 1258 3227 illuc
1281 3163 1602 3242 feruntur,
1649 3174 1716 3228 et
1750 3165 1983 3247 quovis
2008 3173 2204 3228 vento

261 3253 636 3333 agitantur,
728 3268 942 3331 neque
1024 3250 1195 3314 enim
1273 3249 1435 3314 satis
1506 3251 1699 3315 firma
1776 3249 2204 3314 fundamenta

257 3337 592 3413 iecerunt,
662 3355 872 3417 neque
931 3333 1119 3400 vivas
1173 3332 1427 3400 radices
1485 3344 1778 3418 egerunt.
1867 3333 2061 3416 Quod
2120 3332 2205 3398 ad

253 3420 487 3487 fideles
544 3429 767 3484 autem
828 3421 1066 3485 attinet
1124 3441 1253 3484 nou
1310 3442 1388 3485 ea
1442 3421 1836 3503 perfectione
1894 3441 2059 3504 quae
2118 3417 2202 3484 ad

251 3509 549 3591 ipsorum
610 3505 888 3570 salutem
959 3513 1117 3570 sunt
1170 3508 1540 3578 necessaria
1595 3518 1998 3590 cognoscunt
2041 3507 2201 3589 quin

250 3592 487 3658 multis
531 3611 788 3673 semper
833 3590 1350 3656 dubitationibus
1386 3600 1453 3656 et
1482 3593 1810 3676 scrupulis
1848 3593 2202 3676 agitentur,

250 3678 376 3746 sed
419 3679 511 3742 ita
555 3687 792 3755 tamen,
854 3685 927 3741 ut
970 3677 1039 3741 in
1086 3676 1328 3754 mediis,
1367 3677 1499 3743 illis
1546 3677 1852 3744 fluctibus
1898 3678 2081 3742 Deus
2119 3679 2202 3742 ad

254 3762 499 3832 salutis
542 3775 803 3846 portum
856 3769 1100 3828 rectam
1160 3764 1457 3827 semitam
1518 3763 1650 3828 illis
1698 3763 2018 3829 ostendat.
2103 3765 2203 3827 Ac

253 3849 555 3936 proinde,
599 3848 752 3914 licet
795 3849 1021 3913 multis
1044 3847 1536 3914 difficultatibus
1580 3859 1647 3913 et
1682 3846 2202 3915 dubitationibus

256 3937 617 4018 agitentur,
680 3942 897 3999 tamen
943 3935 1241 3999 veritatis
1287 3934 1546 4000 divinae
1592 3944 1844 4000 tantam
1880 3935 2202 4018 cognitio-

249 4041 418 4088 nem
462 4020 709 4085 habent
751 4030 997 4103 quanta
1040 4019 1197 4103 ipsis
1234 4041 1399 4103 opus
1442 4028 1543 4085 est
1577 4020 1658 4085 ad
1703 4021 1983 4086 salutem
2027 4040 2202 4085 asee-

253 4106 615 4192 quendam,
658 4108 730 4169 in
774 4126 902 4188 qua
947 4103 1219 4187 proinde
1253 4108 1738 4189 conquiescunt,
1782 4115 1847 4170 et
1883 4105 1965 4170 ad
2004 4125 2199 4189 quam

249 4192 480 4278 magia
524 4211 600 4257 ac
644 4192 852 4275 magis
892 4191 1402 4270 conformantur,
1458 4212 1879 4275 quaeeunque
1938 4191 2202 4256 tandem

251 4280 585 4363 ingruant
635 4277 1048 4358 tentationes,
1108 4276 1268 4343 adeo
1304 4285 1381 4342 ut
1424 4278 1821 4362 pedetentim
1864 4276 1947 4342 ad
1984 4276 2204 4341 Deum

250 4364 595 4441 accedant,
643 4372 708 4427 et
749 4363 819 4426 in
865 4363 1221 4429 voluntatis
1261 4364 1466 4446 ipsius
1501 4364 1872 4448 cognitione
1915 4361 2204 4447 quotidie

250 4450 628 4536 proficiant,
693 4468 892 4531 seque
949 4450 1244 4532 cognitae
1290 4450 1408 4515 Dei
1470 4450 1735 4515 veritati
1780 4460 2007 4532 sponte
2051 4448 2204 4513 sub-

248 4538 509 4613 iiciant,
568 4543 635 4599 et
692 4534 1061 4600 divinarum
1105 4535 1605 4618 promissionum
1665 4535 2085 4619 aequitatem,
2139 4544 2207 4599 et

248 4624 609 4689 veritatem
655 4620 1113 4686 confiteantur.
1163 4621 1432 4686 Accedit
1475 4620 1556 4684 ad
1602 4622 1943 4706 superiora
1984 4621 2204 4686 omnia

247 4708 518 4774 invicta
556 4709 944 4786 constantia,
991 4727 1156 4791 quae
1177 4705 1466 4772 hostium
1489 4706 1773 4772 insultus
1789 4717 1854 4771 et
1876 4708 2204 4773 cruciatus

248 4792 592 4878 quoslibet
634 4793 912 4876 frangat,
959 4800 1034 4857 ut
1076 4793 1310 4856 armati
1355 4793 1562 4857 sancti
1601 4792 1728 4857 Dei
1771 4793 2045 4876 spriritu
2090 4792 2202 4876 ad·

247 4899 502 4946 versus
581 4899 1000 4962 quascunque
1082 4879 1479 4942 tentationes
1564 4879 1794 4944 invicti
1875 4887 2203 4958 maneant,

243 4966 526 5032 etiamsi
571 4964 818 5031 multae
852 4984 921 5028 se
958 4964 1115 5047 ipsis
1152 4964 1620 5047 desperationis
1643 4963 2011 5030 occasiones
2045 4965 2204 5029 offe-

241 5061 436 5118 rant.
487 5051 674 5116 Licet
711 5052 886 5115 enim
928 5050 1118 5116 istius
1144 5050 1318 5114 modi
1343 5050 1626 5114 insultus
1661 5049 2032 5133 gravissimi
2069 5050 2206 5115 sint

1569 231 1664 297 IN
1711 230 1767 298 L
1813 230 1994 299 LIB.
2040 228 2444 298 SAMUEL.
2487 230 2687 299 OAP.
2731 232 2958 300 XXV.

4124 232 4255 300 518

2299 428 2443 485 tum
2490 440 2622 485 non
2681 418 3069 500 illusorium,
3129 419 3245 486 sed
3290 420 3723 490 irrevocabile
3766 442 3908 489 esse
3950 420 4250 506 persuasi

2300 514 2475 583 sunt,
2520 515 2723 589 quum
2747 506 2840 570 ait
2860 526 2931 572 se
2952 507 3089 571 fore
3131 505 3394 572 fidelem
3439 508 3508 570 in
3546 507 3764 590 ipsum
3809 508 4248 594 sperantibus,

2302 613 2377 658 ac
2422 589 2696 674 proinde
2749 592 2806 657 si
2862 611 2991 675 qua
3044 591 3432 657 infirmitate
3489 592 3785 658 humana
3825 594 4249 678 peccaverint

2301 677 2368 741 in
2408 676 2778 742 istiusmodi
2813 675 3153 761 agonibus,
3197 677 3514 743 adversus
3552 700 3625 744 se
3668 679 3844 762 ipsos
3877 680 4075 763 primi
4097 699 4250 745 sen-

2302 762 2581 828 tentiam
2640 762 2883 844 ferunt,
2948 770 3017 826 et
3081 762 3408 829 humanae
3463 773 3741 830 naturae
3799 765 4250 830 infirmitatem

2303 859 2751 932 agnoscentes,
2798 849 2867 913 in
2909 847 3087 913 verbi
3135 848 3347 914 divini
3384 848 3779 915 certitudine
3808 859 4251 935 perseverant,

2304 933 2559 1017 sibique
2604 955 2939 1018 nunquam
3001 934 3334 1019 patientur
3382 934 3565 1000 illam
3614 935 3695 1001 de
3741 935 3867 1002 Dei
3913 936 4254 1003 voluntate

2304 1016 2763 1085 certitudinem
2807 1019 2992 1105 eripi.
3028 1019 3179 1085 Hoc
3221 1020 3363 1102 ipsa
3398 1021 3810 1103 experientia
3845 1022 4041 1088 hodie
4075 1043 4254 1089 com-

2304 1114 2562 1190 pertum
2621 1105 2938 1172 habemus
3010 1107 3078 1170 in
3140 1107 3344 1172 variis
3398 1105 3531 1171 illis
3597 1107 4136 1175 altercationibus
4188 1114 4256 1173 et

2305 1189 2855 1274 disputationibus
2891 1212 3040 1257 cum
3077 1188 3471 1258 adversariis
3508 1193 3851 1274 evangelii,
3895 1195 4254 1277 puritatem

2304 1297 2499 1359 quam
2548 1279 2934 1358 profitemur
2975 1296 3354 1361 oppugnare
3399 1279 3806 1357 conantibus,
3868 1280 3979 1362 qui
4028 1279 4259 1345 vident

2304 1382 2571 1428 causam
2615 1371 2905 1427 nostram
2951 1364 3192 1429 iustam
3237 1384 3379 1429 esse
3445 1373 3514 1428 et
3558 1385 3688 1429 non
3734 1364 3959 1430 invehi
3997 1385 4037 1431 a
4065 1365 4256 1431 nobis

2306 1447 2671 1515 doctrinam
2708 1447 2993 1531 aliquam
3015 1469 3226 1531 nuper
3261 1448 3341 1513 ab
3379 1412 3754 1515 bominibus
3778 1451 4253 1535 excogitatam=

2305 1531 2421 1599 sed
2465 1554 2547 1599 ex
2593 1534 2796 1599 sacris
2844 1533 3052 1599 literis
3086 1533 3412 1615 haustam,
3454 1544 3523 1600 et
3558 1536 3823 1619 propria
3858 1536 4257 1603 couscientia

2306 1619 2803 1698 convincuntur,
2864 1619 3027 1685 nihil
3088 1641 3125 1684 a
3172 1621 3358 1685 uobis
3415 1630 3606 1687 extra
3652 1621 3779 1687 Dei
3825 1620 4097 1689 verbum
4145 1623 4261 1689 ad-

2303 1705 2483 1771 ferri.
2586 1703 2720 1770 Sed
2787 1725 2919 1770 non
2986 1704 3134 1770 ideo
3201 1715 3419 1771 tamen
3505 1705 3843 1773 doctrinae
3910 1712 4259 1776 veritatem

2307 1798 2711 1875 cognoscunt
2753 1798 2820 1856 et
2862 1790 3273 1875 intelligunt,
3330 1793 3443 1875 qui
3489 1794 3749 1877 magnis
3812 1792 4100 1859 tenebris
4143 1815 4257 1860 ex-

2307 1885 2672 1954 caecantur,
2730 1886 2796 1940 et
2839 1897 2879 1940 a
2922 1874 3179 1942 diabolo
3223 1876 3317 1944 sic
3364 1878 3792 1955 fascinantur,
3854 1886 3929 1944 ιιι
3963 1879 4109 1946 sine
4150 1903 4263 1946 ra-

2307 1963 2488 2027 tione
2532 1974 2598 2026 et
2640 1961 2879 2027 iudicio
2915 1982 3106 2028 suam
3134 1983 3399 2029 causam
3446 1973 3671 2048 agant,
3710 1965 4262 2047 quemadmodum

2308 2067 2503 2131 saepe
2575 2047 2876 2113 videmus
2945 2047 3263 2114 fanaticos
3329 2049 3627 2116 homines
3691 2050 3943 2115 ratione
4001 2049 4263 2134 quidem

2309 2134 2531 2215 aliqua
2568 2149 3043 2215 nonnunquam
3067 2135 3164 2198 uti
3192 2145 3265 2199 et
3302 2134 3468 2199 bene
3505 2136 3932 2219 compositam
3969 2145 4262 2203 mentem

2308 2218 2568 2298 habere,
2613 2217 2728 2284 sed
2771 2227 3027 2284 tantum
3066 2218 3149 2285 ad
3187 2231 3619 2305 momentum,
3664 2220 3835 2304 quod
3880 2221 4264 2305 perturbata

2307 2304 2740 2389 intelligentia
2781 2305 3007 2370 statim
3057 2304 3351 2388 ipsorum
3404 2307 3588 2371 furor
3643 2317 3711 2371 et
3755 2308 4040 2373 amentia
4084 2308 4261 2375 dete·

2310 2400 2568 2475 gantur,
2614 2401 2679 2454 et
2723 2389 2817 2455 ita
2859 2389 3131 2455 redeant
3169 2390 3251 2454 ad
3295 2390 3649 2475 pristinum
3695 2399 3964 2472 statum,
4017 2393 4129 2476 qui
4178 2393 4261 2460 ad

2308 2486 2569 2559 tempus
2598 2496 2751 2543 cum
2794 2477 3044 2540 ratione
3089 2486 3156 2540 et
3200 2476 3525 2561 sapientia
3560 2498 3790 2560 gerere
3837 2478 4058 2543 omnia
4080 2479 4261 2544 vide-

2306 2562 2571 2628 bantur.
2615 2561 2775 2627 ·‘Sic
2815 2562 3084 2644 inquam
3130 2560 3256 2626 Dei
3301 2574 3786 2645 contemptores
3832 2564 3961 2629 Dei
3997 2563 4261 2647 quidem

2308 2647 2605 2714 veritatis
2661 2646 2948 2731 aliquam
3016 2647 3256 2713 habere
3328 2649 3774 2733 cognitionem
3839 2649 4259 2732 videbuntur,

2307 2731 2423 2800 sed
2466 2733 2611 2798 sine
2655 2732 3101 2809 fundamento,
3144 2732 3316 2816 quod
3362 2734 3432 2798 in
3478 2754 3554 2798 ea
3601 2756 3731 2800 non
3779 2735 4258 2818 conquiescant,

2307 2819 2422 2885 sed
2486 2819 2719 2885 incerti
2784 2839 3043 2901 semper
3105 2820 3460 2898 fluctuent,
3536 2828 3603 2884 et
3671 2819 3863 2885 modo
3930 2822 3997 2885 in
4065 2821 4277 2900 hanc,-

2306 2903 2499 2970 modo
2545 2905 2614 2970 in
2660 2905 2841 2970 illam
2886 2915 3138 2988 partem
3174 2905 3486 2971 ferantur.
3535 2904 4013 2970 Verumtamen
4054 2915 4127 2971 ut
4160 2908 4260 2971 in-

2306 2989 2711 3057 excusabiles
2735 3010 2950 3056 coram
2975 2988 3106 3056 Dei
3138 2990 3379 3055 iudicio
3418 2988 3803 3069 reddantur,
3848 2992 4029 3057 Deus
4052 2990 4256 3059 efficit

2306 3086 2384 3142 ut
2418 3076 2522 3142 vel
2566 3076 2762 3142 inviti
2807 3087 3199 3161 cognoscant
3255 3075 3615 3141 doctrinam
3677 3096 3872 3158 quam
3918 3078 4257 3161 sequimur

2307 3183 2543 3245 puram
2587 3182 2731 3227 esse
2776 3162 2903 3226 Dei
2949 3163 3310 3240 veritatem,
3369 3162 3491 3227 etsi
3552 3160 3907 3227 adhaerere
3952 3164 4255 3248 cognitae

2306 3246 2406 3313 illi
2429 3249 2695 3313 veritati
2732 3247 2967 3327 nolint,
3012 3248 3125 3313 sed
3163 3257 3392 3312 contra
3426 3247 3647 3313 furore
3681 3248 3914 3331 perciti
3938 3247 4254 3316 adversus

2305 3333 2486 3399 illam
2534 3335 2847 3399 ferantur.
2938 3332 3384 3398 Nihilominus
3443 3341 3662 3398 tamen
3706 3353 3942 3400 causae
3986 3346 4253 3401 nostrae

2305 3421 2665 3486 bonitatem
2731 3418 2877 3486 illos
2936 3429 3194 3503 oportet
3252 3418 3356 3484 vel
3427 3419 3673 3484 invitos
3738 3419 4035 3486 confiteri
4099 3420 4255 3488 licet

2307 3505 2624 3571 adversus
2664 3504 2939 3570 eandem
2974 3507 3288 3581 saeviant,
3333 3511 3401 3569 et
3434 3514 3664 3588 sponte
3687 3504 3896 3570 eidem
3922 3507 4250 3574 resistant.

2305 3591 2573 3656 Interea
2614 3611 2771 3658 vero
2828 3596 3086 3656 tantum
3145 3591 3331 3655 abest
3389 3602 3466 3654 ut
3509 3589 3590 3655 ad
3635 3610 3776 3655 eam
3819 3591 4251 3658 reverendam

2307 3676 2738 3755 adducantur,
2783 3686 2858 3742 ut
2881 3688 3110 3742 contra
3131 3677 3366 3761 quovis
3392 3685 3587 3741 vento
3611 3675 4044 3760 abripiantur,
4089 3678 4250 3745 adeo

2307 3770 2385 3827 ut
2425 3785 2541 3847 per
2582 3762 2933 3828 intervalla
2960 3760 3153 3827 modo
3189 3762 3257 3827 in
3293 3762 3483 3841 hanc,
3530 3761 3720 3827 modo
3767 3764 3834 3827 in
3880 3763 4061 3828 illam
4099 3784 4250 3848 par·

2305 3857 2440 3913 tem
2485 3848 2820 3923 inclinent,
2861 3859 2927 3914 et
2969 3846 3159 3913 modo
3198 3849 3538 3913 veritatem
3588 3847 3879 3924 laudent,
3924 3848 4120 3915 modo
4165 3851 4248 3916 ad

2304 3933 2831 4000 incredulitatem
2875 3934 3179 3999 redeant:
3240 3932 3497 3999 diabolo
3542 3934 3926 4017 praesertim
3963 3935 4109 4001 illos
4152 3935 4249 4001 ita

2306 4020 2707 4105 fascinante,
2776 4028 2850 4085 ut
2918 4020 3018 4085 vel
3086 4020 3168 4085 ad
3234 4019 3641 4085 levissimum
3711 4021 3918 4104 ipsius
3983 4022 4246 4104 signum

2306 4105 2679 4189 triumphos
2736 4113 2938 4189 agant
2985 4113 3138 4171 ante
3191 4106 3558 4182 victoriam,
3619 4126 3817 4188 seque
3870 4106 3939 4171 vi
4000 4126 4123 4171 sua
4179 4115 4249 4173 et

2306 4192 2684 4275 arrogantia
2738 4191 3041 4257 facillime
3106 4211 3357 4256 sacram
3431 4193 3822 4274 scripturam
3882 4212 4247 4276 puramque

2304 4277 2688 4364 religionem
2712 4297 3135 4361 oppressuros
3157 4275 3579 4356 arbitrentur,
3618 4298 3785 4360 quae
3806 4278 4027 4343 omnia
4049 4279 4248 4346 nimis

2305 4364 2682 4445 quotidiana
2745 4362 3145 4446 experientia
3190 4364 3548 4429 confirmat.
3637 4362 3775 4428 Nos
3820 4383 3976 4428 vero
4013 4373 4242 4431 contra

2306 4449 2633 4515 discamus
2675 4448 2745 4513 in
2771 4448 2908 4514 dies
2950 4449 3021 4513 in
3044 4469 3202 4515 vera
3244 4449 3520 4516 scientia
3552 4449 3865 4531 proficere
3902 4456 3978 4514 ut
4010 4449 4078 4514 in
4112 4449 4243 4517 Dei

2305 4536 2644 4601 voluntate
2700 4542 2834 4599 tam
2895 4535 3062 4600 altas
3120 4534 3374 4601 radices
3431 4554 3739 4618 agamus,
3811 4555 3897 4600 ne
3952 4556 4239 4619 unquam

2307 4621 2457 4687 ullis
2501 4620 3000 4705 tempestatibus
3043 4620 3359 4685 eradicari
3405 4620 3746 4702 possimus.
3806 4620 4035 4703 Neque
4080 4641 4239 4688 vero

2306 4708 2573 4795 (fatcor)
2596 4728 2672 4772 ea
2715 4728 2856 4772 esse
2898 4706 3062 4772 fides
3104 4714 3333 4771 nostra
3376 4713 3589 4788 potest
3633 4715 3705 4770 ut
3748 4705 3827 4769 ad
3874 4706 4236 4790 angelicam

2305 4796 2759 4877 perfectionem
2802 4792 3162 4877 perveniat,
3207 4811 3448 4873 easque
3484 4802 3637 4874 agat
3678 4791 3944 4873 radices,
3988 4803 4061 4857 ιιι
4106 4814 4237 4859 non

2303 4880 2587 4962 amplius
2622 4879 2870 4943 auxilio
2893 4877 3113 4943 divino
3136 4900 3261 4961 quo
3288 4877 3667 4942 roboremur
3708 4876 4013 4961 indigeat.
4062 4878 4237 4944 Nam

2303 4975 2531 5031 contra
2574 4974 2825 5029 tantam
2869 4985 3008 5029 esse
3052 4972 3337 5029 nostram
3392 4963 3843 5030 infirmitatem
3897 4964 4239 5030 fatendum

2304 5061 2421 5127 est,
2480 5060 2557 5115 ut
2601 5051 2725 5115 nisi
2785 5051 2990 5134 ipsius
3033 5049 3300 5114 virtute'
3330 5050 3481 5116 freti
3540 5049 3820 5122 subinde
3863 5051 4243 5129 titubemus,

237 5157 329 5204 ac
355 5157 569 5222 paene
591 5135 1045 5214 intolerabiles,
1094 5135 1517 5200 nihilominus
1558 5143 1781 5201 tamen
1819 5136 1944 5200 Dei
1980 5132 2202 5201 decre-
2305 5147 2372 5201 et
2416 5146 2724 5219 tanquam
2771 5136 2969 5201 morti
3012 5135 3294 5218 proximi
3341 5135 3742 5207 vacillemus.
3830 5136 3971 5217 Sed
4012 5134 4248 5197 nibilo-

3740 5248 3861 5321 Q·
