5059 6059
319 256 442 324 685

320 443 609 513 dicemus
652 446 908 525 fortem,
952 450 1018 513 et
1056 445 1251 514 talem
1294 446 1633 515 victoriam
1671 469 1804 514 non
1839 448 1983 514 sine
2016 446 2262 512 virtute

319 552 504 616 posse
547 534 931 615 comparari.

484 617 738 684 Eadem
803 630 906 683 est
970 618 1139 685 ratio
1202 638 1428 684 eorum
1493 640 1663 703 qnae
1727 620 1837 685 hic
1881 619 1962 685 de
2004 617 2262 684 Davide

318 716 692 771 narrantur.
780 704 953 770 Nam
1013 703 1143 769 Dei
1186 705 1459 789 spiritus
1504 706 1691 771 nobis
1735 707 1877 772 eius
1906 725 2015 771 ,ex
2075 718 2261 787 parte

316 789 636 872 lacrymas
679 800 748 854 et
782 792 1066 873 gemitus
1106 790 1434 875 proponit,
1495 803 1567 856 ut
1621 792 1926 857 ostendat
1966 811 2114 856 eum
2161 790 2262 855 in-

318 876 612 943 firmitati
658 875 863 941 fuisse
904 874 1281 954 obnoxium,
1326 888 1395 942 et
1430 878 1739 943 humanis
1773 878 2078 944 omnibus
2113 897 2263 959 pas-

315 960 643 1027 sionibus:
702 983 786 1026 ex
823 960 1034 1027 altera
1076 982 1234 1027 vero
1294 973 1479 1044 parte
1538 962 1696 1028 dicit
1752 962 2079 1029 Davidem
2119 983 2261 1028 sese

314 1047 807 1113 confirmavisse
861 1048 932 1112 in
979 1045 1228 1114 Iehova
1274 1048 1416 1114 Deo
1474 1070 1614 1129 suo,
1670 1058 1737 1115 et
1793 1070 1925 1114 non
1982 1047 2257 1132 despon-

315 1131 489 1198 disse
547 1133 877 1214 animum,
942 1132 1055 1199 sed
1114 1135 1183 1198 in
1243 1134 1549 1199 maximis
1601 1136 1738 1201 suis
1797 1135 2123 1219 angustiis
2176 1133 2261 1199 ad

312 1217 531 1284 Deum
592 1220 984 1302 confugisse,
1047 1232 1512 1301 agnoscentem
1575 1221 1641 1285 in
1703 1222 1847 1287 Deo
1903 1221 2041 1287 solo
2087 1222 2260 1286 vires

313 1325 467 1371 suas
511 1325 654 1371 esse
698 1306 980 1388 positas:
1024 1304 1574 1387 quemadmodum
1617 1328 1740 1372 nos
1783 1308 1923 1391 ipse
1967 1308 2036 1372 in
2072 1305 2258 1372 Psal-

313 1390 441 1456 mis
482 1410 678 1473 saepe
723 1389 927 1457 docet.
994 1391 1160 1459 Eius
1203 1391 1404 1475 igitur
1448 1391 1822 1477 exemplum
1866 1390 2259 1458 imitandum

315 1476 501 1542 nobis
539 1476 928 1560 proponitur
968 1497 1162 1560 quem
1218 1477 1550 1542 hominem
1596 1480 1796 1545 fuisse
1840 1499 2081 1562 negare
2125 1499 2258 1543 non

312 1583 658 1646 possumus
694 1560 881 1628 nobis
917 1564 985 1626 in
1008 1561 1311 1629 omnibus
1334 1563 1647 1629 similem:
1696 1563 2013 1647 siquidem
2049 1564 2259 1648 ipsius

311 1648 765 1714 infirmitatem
811 1648 1249 1732 conspicimus
1292 1647 1404 1732 qui
1441 1650 1863 1715 vehementer
1895 1658 2260 1716 commotus

309 1744 430 1812 est,
488 1754 691 1817 quum
738 1733 978 1799 damna
1018 1755 1138 1799 sua
1183 1734 1349 1799 vidit
1393 1743 1461 1800 et
1503 1735 1575 1800 in
1620 1738 1902 1820 gemitus
1937 1747 2007 1802 et
2050 1735 2261 1821 lacry-

308 1840 455 1885 mas
512 1819 762 1885 effusus
818 1830 938 1886 est.
1026 1819 1111 1885 In
1169 1819 1280 1884 illo
1336 1820 1540 1905 igitur
1581 1822 2017 1904 conspicimus
2071 1822 2258 1906 quid-

308 1905 468 1988 quid
515 1926 636 1971 nos
681 1906 763 1971 ad
830 1904 1353 1989 desperationem
1411 1918 1479 1971 et
1531 1906 1846 1974 adversus
1888 1906 2109 1974 Deum
2154 1929 2260 1974 re-

306 1991 661 2058 bellionem
707 2001 923 2073 potest
965 1991 1307 2059 adducere.
1393 1991 1520 2057 Illa
1563 1993 1830 2077 inquam
1876 1993 1949 2060 in
1993 1992 2257 2061 Davide

302 2086 467 2144 sunt
524 2078 898 2160 conspicua,
956 2077 1192 2160 quibus
1247 2078 1550 2144 omnibus
1607 2081 1887 2145 occurrit
1940 2100 2144 2162 quum
2187 2100 2258 2146 se

303 2164 381 2229 in
423 2161 714 2228 Domino
772 2164 918 2229 Deo
974 2164 1405 2229 confirmavit.
1487 2164 1624 2230 Nos
1668 2166 1888 2249 itaque
1932 2165 2259 2232 discamus

303 2247 724 2333 passionibus
769 2259 836 2316 et
879 2249 1221 2316 affectibus
1279 2249 1587 2315 humanis
1629 2271 1752 2317 nos
1796 2251 2257 2318 vehementius

302 2333 712 2419 agitantibus
757 2346 827 2400 et
869 2334 1285 2419 aegritudine
1320 2335 1390 2400 in
1435 2337 1673 2402 animis
1708 2339 1953 2403 nostris
1998 2339 2260 2421 penitus

303 2420 644 2499 haerente,
690 2431 758 2487 et
800 2419 995 2486 rebus
1031 2422 1127 2486 ita
1169 2422 1538 2488 constitutis
1582 2434 1657 2487 ut
1702 2420 2034 2507 deplorata
2079 2423 2260 2490 salus

300 2506 677 2585 videantur,
737 2513 807 2572 et
849 2506 1104 2572 nullum
1150 2515 1464 2590 appareat
1504 2507 1574 2573 in
1631 2510 1874 2575 nostris
1917 2510 2113 2576 malis
2156 2529 2257 2575 re-

302 2592 622 2670 medium,
681 2591 761 2658 ad
808 2592 1028 2657 Deum
1087 2592 1466 2677 confugere,
1524 2593 1593 2658 in
1643 2615 1773 2678 quo
1832 2616 1969 2660 uno
2006 2608 2259 2662 certum

306 2688 416 2744 est
457 2698 582 2743 nos
625 2677 942 2761 quidquid
987 2677 1180 2744 nobis
1224 2680 1624 2745 contrarium
1670 2690 1773 2746 est
1813 2696 2257 2765 superaturos.

307 2763 508 2845 Quod
555 2784 713 2829 vero
748 2762 966 2829 David
1012 2765 1079 2829 in
1129 2765 1271 2831 Deo
1315 2767 1737 2831 confirmasse
1780 2787 1852 2832 se
1886 2767 2145 2847 dicitur,
2182 2788 2260 2833 co

305 2848 681 2916 ostenditur
724 2870 875 2915 eum
921 2849 1301 2933 fragilitatis
1345 2871 1504 2916 suae
1552 2851 1715 2917 bene
1774 2855 2112 2919 conscium
2173 2853 2256 2920 ad

305 2935 676 3001 remedium
722 2936 1114 3020 confugisse.
1160 2935 1385 3016 Quare
1428 2936 1486 3001 si
1529 2944 1853 3019 patientes
1882 2958 2026 3004 esse
2065 2940 2263 3005 volu·

304 3043 478 3100 mus,
538 3021 594 3087 si
652 3040 882 3087 omnes
942 3021 1326 3087 afflictiones
1383 3042 1420 3086 a
1474 3021 1623 3088 Deo
1681 3022 1869 3090 nobis
1931 3025 2260 3093 immissas

305 3128 625 3189 superare
679 3109 1013 3190 cupimus,
1080 3106 1411 3191 fugiamus
1465 3129 1729 3174 omnem
1794 3113 2260 3197 arrogantiam,

303 3204 381 3261 et
435 3194 702 3257 inanem
762 3192 844 3256 de
903 3194 1089 3259 nobis
1146 3194 1541 3275 opinionem,
1603 3216 1769 3277 quae
1826 3198 2258 3280 pervicaciam

305 3290 384 3346 et
425 3278 930 3345 obstinationem
997 3278 1066 3343 in
1124 3279 1312 3345 nobis
1367 3281 1603 3346 foveat.
1692 3279 2022 3362 Quamdiu
2082 3286 2258 3349 enim

304 3365 597 3450 propriis
640 3365 881 3430 nostris
927 3364 1177 3430 viribus
1235 3366 1381 3430 freti
1428 3386 1725 3451 pugnare
1766 3369 1838 3432 in
1884 3368 2006 3434 hoc
2049 3382 2255 3436 certa·

288 3452 488 3525 ‚mine
548 3450 986 3527 voluerimus,
1042 3451 1263 3516 Deum
1320 3450 1589 3517 tandem
1647 3454 2013 3520 istiusmodi
2078 3475 2257 3521 arro-

306 3536 605 3621 gantiam
630 3536 1138 3613 vindicaturum,
1184 3557 1428 3617 nosque
1462 3537 1535 3601 in
1572 3559 1894 3604 summam
1930 3542 2254 3607 confusio·

307 3642 469 3688 nem
512 3622 955 3691 immissurum
981 3633 1234 3687 certum
1273 3633 1394 3702 est,
1438 3633 1507 3688 et
1548 3636 1865 3707 perpetua
1898 3627 2258 3712 ignominia

309 3708 723 3775 obruturum.
783 3707 930 3773 Hoc
971 3709 1175 3791 igitur
1216 3722 1635 3790 praeceptum
1680 3710 1850 3776 altas
1894 3713 2141 3780 radices
2184 3715 2255 3779 in

312 3796 557 3859 nost-ris
601 3794 932 3858 mentibus
978 3794 1229 3857 utinam
1257 3807 1427 3876 agat,
1473 3807 1549 3859 ut
1591 3797 2098 3881 quotiescunque
2143 3821 2254 3864 va-

306 3879 430 3945 riis
472 3878 952 3946 calamitatibus
1009 3899 1412 3957 exercemur,
1459 3900 1889 3964 agnoscamus
1923 3883 2139 3949 nullas
2183 3888 2253 3951 in

312 3965 507 4030 nobis
564 3985 707 4031 esse
774 3964 859 4029 ad
921 3965 1356 4030 resistendum
1419 3967 1625 4047 vires,
1682 3988 1927 4051 nosque
1982 3974 2254 4037 omnino

308 4052 601 4133 impares
645 4070 790 4115 esse
832 4051 976 4116 istis
1022 4051 1508 4129 tentationibus,
1564 4065 1633 4116 et
1676 4063 1934 4121 nostrae
1975 4056 2254 4122 infirmi-

308 4137 472 4202 tatis
519 4135 706 4200 nobis
749 4137 991 4203 conscii
1049 4135 1131 4200 ad
1177 4135 1395 4201 Deum
1453 4138 1855 4217 accedamus,
1915 4164 1956 4208 a
2012 4163 2139 4225 quo
2183 4145 2255 4209 in

308 4224 444 4289 isto
465 4222 821 4288 certamine
855 4222 1161 4288 iuvemur
1182 4233 1248 4287 et
1284 4222 1735 4290 sublevemur:
1775 4227 1844 4290 in
1882 4225 1993 4292 illo
2017 4229 2256 4311 quippe

310 4308 453 4375 solo
497 4312 782 4390 positum
827 4319 929 4373 est
963 4328 1159 4371 omne
1216 4318 1510 4373 nostrum
1557 4310 1773 4377 robur.
1863 4312 2257 4395 Quicunque

310 4413 478 4461 vero
519 4394 799 4476 propriis
843 4395 944 4458 sui
987 4395 1193 4477 ipsius
1238 4393 1487 4460 viribus
1529 4394 1679 4461 fidit
1721 4411 1789 4462 et
1829 4418 1900 4464 se
1943 4402 2101 4466 satis
2139 4420 2252 4465 na·

307 4490 468 4546 tura
512 4481 841 4544 munitum
899 4478 978 4545 ad
1033 4480 1474 4545 resistendum
1533 4482 1882 4562 existimat,
1940 4506 2254 4569 quaerere

304 4587 349 4632 a
398 4564 541 4631 Deo
598 4565 916 4631 auxilium
977 4576 1045 4631 et
1100 4567 1168 4630 in
1211 4566 1354 4648 ipso
1410 4569 1785 4633 confirmari
1828 4590 1958 4635 non
2003 4582 2249 4656 potest:

306 4661 549 4719 contra
592 4652 705 4732 qui
749 4672 820 4716 se
863 4671 1143 4717 vacuum
1191 4652 1450 4730 fatetur,
1495 4655 1610 4736 qui
1645 4674 1804 4720 suae
1846 4657 2250 4724 infirmitatis

305 4737 440 4804 sibi
484 4738 781 4802 conscius
825 4751 942 4815 est,
1001 4745 1070 4802 et
1111 4739 1221 4819 qui
1265 4759 1417 4803 vere
1459 4740 1541 4803 ad
1587 4739 1884 4805 divinum
1929 4744 2245 4809 auxilium

306 4822 630 4906 confugit,
677 4823 818 4887 sine
862 4822 1056 4889 dubio
1091 4822 1313 4887 Deum
1357 4824 1812 4891 auxiliatorem
1857 4833 2250 4911 experietur,

306 4909 431 4993 qui
493 4928 830 4991 nunquam
888 4931 999 4975 eos
1058 4908 1455 4991 derelinquit
1512 4912 1627 4994 qui
1689 4932 1833 4978 sese
1887 4914 2009 4997 ipsi
2048 4916 2250 4981 subii-

304 4996 504 5062 ciunt
537 5006 603 5058 et
638 4994 923 5060 debitam
946 4994 1205 5060 laudem
1231 4996 1618 5075 attribuunt,
1664 5017 1943 5081 eumque
1962 5003 2253 5066 omnium

306 5091 618 5147 autorem
661 5078 981 5146 bonorum
1026 5102 1168 5147 esse
1214 5082 1623 5181 profitentur.
1707 5083 1960 5151 Idcirco
2004 5086 2256 5153 Paulus

306 5165 658 5250 inquiens:
738 5166 878 5251 Ego
929 5187 1194 5249 possum
1253 5187 1496 5246 emuna,
1577 5169 1915 5237 videretur
1979 5173 2256 5238 nimium
2304 5240 2323 5261 ‚

1613 257 1711 324 IN
1757 258 1814 324 1.
1864 257 2040 325 LIB.
2088 254 2493 324 SAMUEL.
2536 253 2739 322 OAP.
2783 256 3013 323 XXX.

4174 256 4304 325 686

2366 444 2587 510 efferri
2631 452 2701 511 et
2743 445 2825 511 de
2881 468 2951 512 se
3009 466 3444 529 praesumere.
3500 445 3614 511 sed
3660 466 3864 529 quum
3910 445 4150 526 adiicit,
4181 466 4304 528 per

2364 529 2714 597 Dominum
2747 536 3029 598 nostrum
3067 532 3290 607 ‚Iesum
3314 531 3631 598 Christum
3666 533 3778 613 qui
3811 552 3912 597 me
3933 532 4300 613 corroborat,

2364 618 2525 683 satis
2583 617 2872 682 ostendit
2931 638 3002 684 se
3059 639 3190 683 non
3235 618 3641 695 insolescere,
3704 639 3820 684 nec
3872 620 4055 684 inani
4098 621 4301 683 iacta-

2365 702 2548 767 tione
2591 703 2831 788 efferri‚
2874 703 2987 769 sed
3024 725 3220 788 quam
3256 714 3595 787 acceperat
3627 705 3905 787 gratiam
3931 724 4301 789 agnoscere,

2364 788 2541 872 quod
2583 787 2767 854 Deus
2811 789 2995 855 illum
3056 798 3373 873 quantum
3431 810 3597 873 opus
3641 790 3838 854 fuerit
3895 790 3965 854 in
4010 788 4298 854 Domino

2363 886 2590 940 nostro
2631 873 2786 941 Iesu
2811 873 3084 941 Ohristo
3125 876 3574 943 corroborarit.
3620 875 3853 960 Magni
3898 886 4116 941 autem
4162 895 4300 941 mo-

2363 960 2569 1025 menti
2613 982 2743 1026 vox
2788 961 2904 1027 illa
2947 982 3116 1045 quae
3174 962 3496 1039 adiicitur,
3555 959 3691 1027 Deo
3741 982 3890 1028 suo:
3947 983 4079 1027 non
4122 963 4301 1027 enim

2365 1046 2489 1110 hoc
2544 1046 2684 1112 loco
2741 1066 3153 1130 supervacua
3193 1056 3316 1115 est.
3405 1049 3572 1114 Nam
3618 1049 3739 1113 etsi
3786 1049 3973 1114 Deus
4030 1049 4187 1113 satis
4229 1048 4299 1113 iu

2364 1132 2698 1197 sevitium
2744 1131 2959 1209 habet,
3005 1153 3133 1198 non
3183 1144 3404 1199 tamen
3449 1154 3606 1218 erga
3642 1133 3964 1215 quoslibet
4003 1134 4301 1198 homines

2363 1237 2477 1282 eas
2535 1238 2794 1301 semper
2850 1217 3193 1304 depromit.
3281 1217 3502 1300 Quam
3563 1219 3808 1285 multos
3853 1221 4028 1285 enim
4074 1219 4301 1285 videas

2362 1303 2635 1369 miseros
2680 1304 2975 1371 homines
3032 1305 3512 1372 calamitatibus
3568 1304 3834 1370 obrutos
3890 1316 3958 1371 et
4001 1305 4304 1390 despera-

2366 1386 2636 1465 bundos,
2682 1392 2792 1473 qui
2837 1392 3083 1456 nullam
3110 1392 3616 1458 consolationem
3657 1390 4067 1474 passionibus
4111 1412 4299 1473 prae·

2361 1475 2664 1558 occupati
2718 1476 3090 1559 recipiunt?
3149 1478 3254 1543 Ex
3314 1498 3444 1561 quo
3502 1488 3772 1561 apparet
3829 1477 4118 1542 divinam
4167 1478 4301 1541 vir-

2362 1567 2571 1625 tutem
2619 1582 2747 1626 non
2793 1583 3096 1629 exserere
3137 1584 3209 1629 se
3252 1584 3409 1648 erga
3452 1584 3681 1633 omues
3727 1564 4038 1629 homines.
4120 1561 4301 1644 Quid

2361 1647 2460 1710 ita
2502 1646 2711 1713 vero?
2758 1668 2992 1732 nempe
3035 1669 3167 1715 non
3213 1670 3440 1715 omnes
3481 1650 3563 1715 ad
3600 1650 3813 1733 ipsum
3864 1661 4173 1732 tanquam
4218 1648 4300 1713 ad

2362 1730 2580 1796 Deum
2626 1753 2818 1799 suum
2862 1735 3265 1819 confugiunt.
3310 1737 3403 1801 Et
3444 1735 3567 1801 hoc
3611 1737 3958 1801 discrimen
3994 1744 4096 1801 est
4129 1735 4303 1800 inter

2360 1815 2588 1884 fideles
2630 1829 2699 1884 et
2740 1820 3124 1887 incredulos.
3194 1821 3366 1887 Nam
3412 1822 3535 1887 etsi
3579 1823 3833 1904 profani
3878 1830 3946 1886 et
3987 1819 4303 1886 mundani

2364 1902 2667 1969 homines
2686 1904 2813 1971 Dei
2829 1927 3058 1973 nomen
3076 1907 3448 1989 frequenter
3461 1917 3821 1985 assumunt,
3845 1917 3911 1973 et
3924 1908 3993 1972 in
4010 1908 4305 1974 afflictio-

2362 1988 2560 2054 nibus
2583 2000 2846 2072 vocant,
2891 2001 3089 2076 atque
3133 1993 3214 2059 ab
3260 1995 3400 2077 ipso
3437 1995 3724 2059 fatentur
3758 2015 3952 2058 omne
3985 1993 4302 2059 auxilium

2362 2075 2627 2153 venire,
2693 2086 2760 2142 et
2817 2097 2889 2143 se
2945 2090 3259 2162 cuperent
3313 2080 3394 2145 ab
3451 2079 3563 2145 illo
3620 2079 3690 2143 in
3752 2080 3950 2145 rebus
4007 2079 4304 2145 adversis

2363 2161 2681 2237 adiuvari,
2727 2183 2861 2228 non
2902 2175 3126 2230 tamen
3159 2165 3244 2232 ad
3288 2167 3308 2229 i
3356 2187 3501 2231 sum
3525 2165 3909 2241 confugiunt
3946 2185 4025 2231 ea
4058 2164 4304 2231 fiducia

2362 2267 2532 2330 quae
2586 2247 2743 2314 facit
2798 2260 2874 2314 ut
2929 2250 3158 2318 fideles
3213 2271 3255 2315 a
3379 2253 3601 2318 omino
3656 2251 4129 2319 exaudiantur:
4186 2250 4303 2317 sed

2363 2344 2609 2399 temere
2664 2334 2967 2400 feruntur
3021 2337 3169 2403 sine
3225 2358 3383 2404 vera
3449 2338 3657 2421 ipsius
3711 2338 4114 2420 cognitione,
4172 2337 4302 2402 nisi

2361 2418 2638 2484 confusa
2678 2432 2745 2485 et
2789 2422 3119 2505 perplexa.
3167 2424 3304 2490 Nos
3340 2444 3495 2489 vero
3529 2432 3758 2490 contra
3793 2423 4119 2490 discamus
4140 2423 4303 2489 coeli

2361 2523 2437 2570 ac
2481 2513 2700 2570 terrae
2742 2518 3100 2574 creatorem
3159 2529 3280 2593 pro
3322 2509 3466 2576 Deo
3527 2519 3748 2575 nostro
3808 2508 4070 2587 habere,
4128 2510 4183 2575 si
4228 2510 4302 2581 in

2362 2590 2560 2656 rebus
2600 2592 2899 2675 angustis
2941 2594 3241 2677 cupimus
3295 2595 3379 2660 ab
3431 2598 3571 2679 ipso
3612 2595 3910 2661 exaudiri
3956 2604 4024 2662 et
4067 2596 4301 2663 iuvari.

2360 2676 2536 2742 Nam
2579 2674 2740 2744 haec
2781 2679 2951 2744 ratio
2995 2679 3102 2746 hic
3143 2680 3463 2758 adiicitur,
3519 2699 3641 2747 cur
3682 2681 3898 2747 David
3946 2701 3986 2745 a
4030 2682 4174 2747 Deo
4215 2685 4304 2747 sit

2362 2762 2729 2842 exauditus,
2786 2774 2852 2829 et
2895 2785 3030 2831 non
3087 2786 3320 2850 passus
3373 2768 3460 2833 sit
3507 2767 3719 2848 ipsum
3769 2767 3947 2832 vinci
3989 2767 4070 2832 ab
4114 2768 4301 2833 infir·

2361 2849 2592 2913 mitate
2637 2870 2849 2933 neque
2893 2852 3239 2918 tentationi
3287 2853 3725 2932 succumbere,
3768 2852 3941 2935 qnod
3988 2853 4300 2918 nimirum

2360 2932 2579 2999 Deum
2625 2938 2898 3019 agnovit
2939 2957 3083 3004 esse
3126 2957 3316 3004 suum
3361 2947 3783 3004 servatorem.
3871 2938 4097 3021 Neque
4141 2959 4304 3004 vero

2360 3018 2586 3085 David
2639 3032 2886 3088 temere
2944 3022 3116 3090 hanc
3173 3023 3540 3108 opinionem
3601 3025 3922 3107 concepit.
3982 3024 4095 3089 sed
4144 3046 4303 3091 vera

2363 3104 2492 3171 fide
2544 3106 2753 3173 factas
2810 3107 2935 3175 sibi
2992 3129 3032 3175 a
3096 3108 3382 3176 Domino
3441 3110 3906 3194 promissiones
3956 3109 4304 3193 amplexus

2360 3200 2481 3257 est.
2524 3191 2712 3273 Quas
2754 3195 3217 3276 promissiones
3251 3195 3442 3262 hodie
3464 3195 3646 3262 Deus
3688 3198 3886 3263 etiam
3926 3206 3993 3261 et
4035 3196 4299 3278 quidem

2358 3277 2555 3362 longe
2620 3279 3047 3347 excellentius
3111 3282 3419 3364 patefacit
3484 3285 3551 3347 in
3627 3282 3759 3347 filio
3823 3304 3942 3347 suo
4008 3280 4304 3350 Domino

2359 3376 2588 3429 nostro
2625 3365 2776 3430 Iesu
2801 3365 3088 3445 Christo,
3133 3368 3201 3433 in
3225 3389 3354 3450 quo
3375 3369 3431 3433 si
3455 3376 3708 3453 patrem
3745 3369 3960 3451 ipsum
3985 3388 4296 3452 agnosca·

2358 3470 2509 3516 mus
2551 3458 2618 3515 et
2657 3450 3064 3530 invocemus,
3119 3474 3191 3519 se
3251 3463 3508 3520 nostrae
3565 3454 3797 3519 salutis
3841 3474 4064 3520 curam
4112 3454 4302 3521 habi·

2357 3547 2608 3619 turum,
2649 3547 2718 3601 et
2758 3538 2825 3601 in
2874 3538 3165 3604 filiorum
3211 3560 3484 3606 numero
3530 3540 3905 3605 habiturum
3938 3541 4298 3624 pollicetur.

2358 3621 2507 3688 Hoc
2552 3623 2757 3705 igitur
2799 3623 2934 3689 alta
2970 3633 3192 3690 mente
3226 3627 3582 3708 repositum
3627 3647 3984 3703 servemus,
4031 3624 4157 3692 Dei
4185 3648 4297 3693 ve·

2358 3708 2621 3773 ritatem
2665 3709 3141 3776 immutabilem
3187 3732 3347 3787 esse,
3391 3720 3456 3777 et
3477 3711 3693 3777 Deum
3730 3713 4109 3778 invocantes
4143 3734 4301 3779 vera

2355 3793 2485 3859 fide
2530 3814 2605 3859 re
2649 3796 2795 3877 ipsa
2861 3808 3250 3878 experturos
3317 3799 3531 3880 ipsum
3597 3820 3739 3864 esse
3805 3820 4036 3865 verum
4081 3800 4297 3864 Deum

2357 3893 2659 3945 nostrum
2702 3890 2769 3945 et
2811 3892 3089 3964 patrem.

2529 3965 2881 4034 Caeterum
2940 3966 3246 4033 adiicitur
3286 3967 3616 4034 Davidem
3671 3990 3809 4035 non
3851 3978 4107 4035 tantum
4151 3991 4298 4053 per·

2356 4053 2662 4120 territum
2704 4050 2945 4117 damno
2988 4051 3159 4136 quod
3198 4073 3425 4136 passus
3468 4066 3610 4121 erat
3652 4056 4078 4123 vehementer
4120 4054 4298 4121 labo-

2358 4158 2555 4215 rasse,
2586 4135 2700 4202 sed
2725 4139 2920 4203 etiam
2952 4139 3438 4204 multitudinem
3470 4161 3634 4222 quae
3662 4143 3873 4224 ipsum
3907 4140 4304 4223 sequebatur

2357 4225 2439 4291 de
2481 4223 2833 4306 lapidando
2884 4226 3024 4308 ipso
3067 4226 3412 4309 cogitasse,
3467 4229 3573 4308 qui
3633 4226 3759 4291 fuit
3801 4226 4142 4291 infortunii
4187 4249 4299 4294 cu·

2360 4310 2602 4375 mulus.
2715 4310 2855 4375 Nae
2921 4309 3172 4377 duabus
3236 4311 3622 4395 coniugibus
3686 4314 3821 4377 suis
3886 4312 4164 4389 amissis,
4233 4322 4301 4379 et

2359 4407 2696 4480 praeterea
2748 4397 2941 4462 etiam
3004 4397 3165 4462 urbe
3206 4397 3354 4475 illa,
3430 4417 3628 4480 quam
3693 4408 4032 4480 acceperat
4089 4400 4300 4481 patria

2354 4480 2637 4549 extorris
2679 4480 2762 4546 ab
2805 4481 3011 4548 this
3056 4504 3209 4567 rege
3245 4483 3746 4548 Philistaeorum
3789 4484 4001 4550 solatii
4046 4498 4113 4549 et
4155 4505 4302 4567 per-

2354 4568 2517 4652 fugii
2578 4564 2830 4648 locum,
2888 4567 3204 4650 privatus,
3263 4580 3330 4634 et
3374 4568 3707 4633 hominum
3750 4570 4057 4653 opinione
4103 4572 4297 4638 rebus

2355 4650 2660 4720 omnibus
2701 4651 3071 4734 destitutus,
3114 4656 3271 4720 satis
3314 4653 3632 4719 malorum
3680 4676 3910 4737 passus
3951 4665 4134 4721 erat:
4186 4655 4301 4722 sed

2355 4758 2559 4823 quum
2603 4750 2940 4821 praeterea
2983 4740 3334 4805 multitudo
3394 4740 3509 4803 illa
3550 4760 3717 4822 quae
3762 4754 4038 4825 sequuta
4082 4744 4301 4827 ipsum

2355 4828 2569 4893 fuerat
2610 4822 2927 4891 adversus
2970 4845 3122 4891 eum
3156 4826 3518 4907 conspirat,
3573 4827 3841 4892 minime
3886 4826 4153 4893 dubium
4199 4838 4302 4894 est

2357 4912 2515 4994 quin
2584 4911 2871 4977 maxime
2935 4911 3351 4996 perturbatus
3406 4912 3527 4992 sit,
3588 4920 3655 4976 et
3712 4912 3781 4977 in
3825 4916 4145 4980 maximas
4186 4938 4301 4982 an-

2357 4996 2610 5081 gustias
2651 4996 2976 5063 redactus.
3034 4996 3203 5061 Nam
3232 4998 3451 5061 miseri
3480 4997 3586 5062 isti
3627 4997 3921 5065 homines
3963 5021 4300 5085 nunquam

2359 5084 2440 5148 ab
2468 5103 2546 5148 eo
2571 5079 2961 5159 defecerant,
3005 5101 3217 5165 neque
3248 5081 3562 5149 adversus
3587 5083 3613 5147 i
3696 5105 3801 5149 um
3835 5087 4300 5169 conspirarant,

2360 5165 2673 5251 quamdiu
2719 5170 2788 5232 in
2833 5166 3105 5233 saltibus
3149 5176 3216 5233 et
3257 5168 3580 5252 speluncis
3715 5171 4087 5239 bitaverant
4129 5174 4304 5240 inter
