5059 6059
766 329 891 398 331

750 539 882 605 quo
927 516 1055 586 Dei
1101 516 1404 582 maiestas
1448 513 1835 598 gravissime
1880 511 2196 595 laedatur,
2239 514 2514 580 consciis
2559 536 2700 581 om·

756 607 956 671 nibus
999 603 1136 669 solo
1178 622 1332 667 vero
1376 601 1534 666 Heli
1578 600 1967 685 ignorante?
2016 600 2241 682 Quare
2278 601 2549 667 minime
2584 600 2703 665 du-

758 691 939 757 bium
1006 689 1163 773 quin
1209 687 1477 769 spiritus
1520 696 1785 753 sanctus
1830 686 2299 770 negligentiam
2345 688 2483 751 eius
2524 686 2705 768 supi-

763 798 913 842 nam
959 775 1066 840 hic
1112 773 1484 858 redarguat,
1531 794 1741 856 neque
1788 771 1854 837 id
1897 773 2241 838 immerito,
2327 772 2500 837 Nam
2546 793 2706 838 suae

758 883 1078 947 quemque
1141 858 1429 925 familiae
1500 870 1753 942 patrem
1820 867 2122 940 oportere
2179 878 2403 923 curam
2465 857 2705 923 habere

759 951 925 1016 ratio
990 948 1133 1032 ipsa
1199 944 1418 1023 dictat,
1488 954 1554 1009 et
1607 946 1747 1029 ipse
1805 944 1988 1010 Deus
2048 944 2386 1028 efflagitat.
2475 943 2706 1025 Quare

760 1034 1058 1118 singulos
1085 1034 1152 1097 in
1183 1030 1470 1097 familiae
1501 1030 1621 1096 sibi
1655 1031 2039 1096 commissae
2070 1050 2291 1096 curam
2321 1030 2705 1095 incumbere

759 1141 1022 1187 necesse
1066 1127 1186 1197 est,
1233 1138 1308 1183 ac
1353 1118 1495 1182 Deo
1540 1116 1662 1180 sibi
1711 1117 2029 1182 rationem
2075 1114 2154 1179 de
2205 1116 2551 1182 commissa
2611 1117 2704 1180 fa·

761 1205 946 1272 milia
1002 1202 1400 1271 reddendam
1458 1202 1656 1270 scire:
1719 1202 2012 1287 pat-ribus
2056 1209 2236 1285 puta,
2303 1200 2383 1266 de
2441 1200 2702 1267 liberis:

763 1292 1047 1358 dominis
1092 1311 1167 1357 ac
1211 1289 1403 1368 heris,
1451 1287 1530 1354 de
1575 1288 1868 1353 famulis:
1928 1308 2208 1370 namque
2255 1287 2438 1351 Deus
2484 1287 2580 1352 ita
2627 1287 2705 1351 li-

761 1379 954 1444 beros
1013 1398 1086 1443 88
1139 1376 1421 1448 famulos
1480 1374 1775 1457 patribus
1833 1382 1947 1439 aut
1993 1374 2169 1439 heris
2228 1374 2568 1455 permittit,
2632 1381 2706 1439 ut

762 1465 866 1530 ius
909 1484 1102 1529 suum
1149 1461 1576 1527 nihilominus
1620 1461 1691 1525 in
1736 1459 1992 1524 eosdem
2026 1468 2288 1525 sartum
2335 1470 2705 1542 tectumque

762 1550 954 1618 velit:
1002 1569 1201 1631 quare
1246 1549 1301 1613 si
1346 1567 1541 1631 quam
1587 1546 1972 1631 dignitatem
2018 1545 2234 1629 adepti
2280 1553 2455 1624 sunt,
2498 1555 2613 1610 aut
2648 1544 2707 1610 si

761 1656 955 1720 quam
1001 1643 1411 1718 potestatem,
1459 1633 1554 1698 sic
1597 1653 1739 1697 eam
1781 1640 2039 1697 tuentor
2083 1630 2325 1714 nequid
2372 1629 2451 1696 de
2486 1630 2705 1696 debito

760 1722 904 1788 Deo
961 1722 1209 1786 honore
1268 1716 1553 1785 decedat.
1644 1717 1831 1799 Quae
1901 1739 2105 1800 quum
2165 1716 2442 1800 singulis
2500 1717 2705 1799 patri·

763 1808 885 1888 bus
943 1806 1225 1871 familias
1283 1826 1442 1872 cura
1500 1803 1854 1883 incumbat,
1910 1812 2218 1886 quantam
2277 1824 2502 1868 eorum
2563 1824 2706 1869 esse

763 1894 1050 1959 dicemus
1111 1901 1409 1976 oportere
1463 1911 1628 1973 quos
1674 1890 1855 1954 Deus
1914 1889 1994 1955 ad
2054 1888 2437 1971 populorum
2484 1890 2707 1954 evexit

760 1978 1224 2065 gubernacula,
1289 1979 1361 2042 in
1426 1977 1605 2043 vitiis
1664 1975 1887 2059 populi
1945 1976 2344 2058 corrigendis
2402 1985 2469 2039 et
2528 1996 2706 2040 com-

759 2063 1166 2151 primendis?
1258 2063 1510 2129 Idcirco
1555 2062 1802 2127 Paulus
1861 2061 1940 2126 de
1994 2073 2328 2145 pastorum
2375 2060 2707 2127 disserens

762 2152 1109 2229 electione,
1167 2150 1279 2233 881
1336 2148 1646 2216 888188188
1705 2149 1873 2214 bene
1927 2147 2250 2231 praesint,
2316 2148 2488 2212 inter
2548 2147 2708 2212 alias

763 2237 1041 2304 virtutes
1100 2235 1221 2301 has
1266 2243 1626 2311 enumerat,
1688 2245 1759 2298 ut
1819 2234 2037 2298 domui
2095 2254 2252 2298 suae
2308 2232 2474 2298 bene
2520 2254 2707 2316 prae·

765 2326 916 2404 sint,
975 2335 1049 2387 ut
1099 2321 1336 2386 liberos
1392 2322 1460 2384 in
1512 2318 1908 2386 subiectione
1952 2339 2103 2384 cum
2146 2319 2322 2384 omui
2367 2319 2708 2386 honestate

763 2411 1163 2476 contineant.
1233 2406 1424 2482 Nam,
1470 2406 1579 2484 ait,
1626 2406 1684 2472 si
1726 2407 1870 2489 quis
1915 2405 2214 2488 propriae
2259 2404 2479 2469 domui
2527 2427 2711 2488 prae-

765 2515 908 2560 esse
970 2494 1198 2569 nescit,
1250 2492 1574 2576 quomodo
1633 2491 1969 2558 ecclesiam
2032 2491 2152 2555 Dei
2206 2490 2506 2557 curabit?
2597 2491 2706 2556 En

767 2602 925 2647 vero
970 2579 1180 2663 qualis
1223 2577 1330 2643 hic
1354 2578 1531 2658 Heli,
1575 2599 1765 2661 quem
1813 2599 2018 2661 quum
2064 2588 2130 2641 et
2173 2576 2474 2641 sacerdos
2512 2588 2707 2661 esset,

766 2674 835 2733 et
875 2666 992 2731 filii
1021 2665 1142 2730 Dei
1188 2666 1537 2749 imaginem
1582 2665 1874 2745 referret,
1918 2671 2229 2746 tanquam
2256 2662 2382 2726 Dei
2417 2663 2705 2747 legatum

767 2752 1104 2837 oportebat
1161 2751 1231 2816 in
1281 2751 1584 2816 omnibus
1627 2749 2093 2817 controversiis
2138 2756 2205 2813 et
2246 2749 2442 2814 rebus
2488 2749 2706 2814 dubiis

764 2858 1073 2921 responsa
1108 2836 1283 2917 dare,
1331 2836 1560 2921 qualis,
1605 2838 1893 2921 inquam,
1939 2843 2128 2920 pater
2162 2835 2462 2916 familias,
2507 2856 2706 2918 quam

765 2924 1063 3010 diligens,
1121 2944 1317 3006 quam
1376 2944 1665 3003 severus,
1723 2924 1906 2990 cuius
1956 2921 2074 2986 filii
2121 2942 2197 2987 eo
2241 2921 2707 3004 impudentiae,

765 3032 840 3077 eo
897 3009 1281 3094 profligatae
1342 3009 1515 3074 vitae
1572 3008 1999 3087 devenerunt,
2054 3017 2132 3072 ut
2190 3006 2326 3071 sint
2383 3006 2566 3091 vulgi
2611 3007 2705 3072 fa-

762 3097 936 3176 bula,
982 3097 1069 3161 sit
1112 3105 1334 3161 tamen
1377 3095 1519 3178 ipse
1554 3096 1733 3161 80188
1769 3095 2027 3161 8888188
2061 3114 2286 3158 eorum
2323 3113 2490 3176 quae
2527 3092 2704 3159 domi

765 3204 805 3248 a
860 3183 1014 3247 filiis
1071 3182 1433 3265 profligat-is
1488 3180 1858 3263 geruntur?
1949 3179 2214 3244 Etenim
2265 3199 2398 3244 non
2443 3177 2525 3243 ab
2570 3199 2706 3244 uno

765 3267 868 3333 vel
929 3267 1134 3334 altero
1192 3267 1272 3333 de
1314 3268 1640 3351 flagitiosa
1696 3268 1984 3351 ipsorum
2031 3265 2173 3332 vita
2214 3265 2450 3331 certior
2491 3264 2707 3331 factus

765 3353 1020 3435 dicitur,
1088 3353 1202 3420 sed
1263 3353 1343 3418 ab
1405 3354 1711 3420 universo
1767 3350 2049 3419 Israele:
2111 3351 2265 3434 quin
2328 3358 2396 3416 et
2449 3351 2590 3433 ipse
2633 3372 2706 3416 se

764 3440 976 3524 ipsum
1019 3438 1281 3518 iudicat,
1328 3460 1529 3522 quum
1576 3440 1669 3505 ait
1710 3461 1843 3504 non
1886 3459 2094 3503 unum
2140 3444 2256 3501 aut
2299 3436 2578 3502 alterum
2627 3436 2707 3503 de

762 3525 944 3610 ipsis,
999 3524 1114 3590 sed
1158 3536 1224 3590 et
1266 3526 1531 3590 infimae
1574 3547 1659 3591 ex
1704 3526 1892 3608 plebe
1927 3533 1996 3589 et
2036 3544 2328 3590 summae
2365 3522 2706 3606 dignitatis

762 3612 944 3677 viros
987 3611 1195 3694 queri:
1243 3620 1439 3694 atque
1482 3611 1630 3680 ideo
1673 3633 1808 3677 non
1852 3629 2113 3695 paucos,
2167 3608 2282 3674 sed
2328 3611 2705 3674 universam

761 3696 1019 3780 plebem
1056 3718 1239 3763 sacra
1294 3707 1734 3777 contemnere,
1807 3697 2185 3779 religionem
2245 3693 2419 3778 apud
2474 3714 2706 3760 omnes

761 3782 1091 3862 vilescere,
1154 3795 1640 3849 sacrosanctum
1708 3782 1980 3847 Domini
2046 3778 2483 3846 sacerdotium
2551 3802 2702 3846 con-

759 3875 1086 3950 temptum
1146 3868 1375 3949 iacere,
1434 3869 1686 3952 sibique
1743 3867 1825 3933 ad
1885 3867 2212 3951 quaelibet
2265 3866 2516 3950 flagitia
2564 3867 2703 3931 sin·

809 3954 955 4019 ulos
1009 3953 1299 4019 habenas
1357 3954 1600 4021 laxare.
1699 3955 1881 4021 Hinc
1928 3954 2147 4037 itaque
2193 3951 2491 4018 discunto
2536 3972 2704 4034 quos

785 4040 1029 4105 amiliis
1077 4038 1258 4106 Deus
1317 4041 1647 4125 praefecit,
1712 4041 1783 4105 in
1836 4041 2010 4105 hanc
2069 4038 2421 4122 diligenter
2476 4059 2702 4105 curam

757 4126 1161 4203 incumbere,
1204 4132 1279 4191 ut
1308 4126 1661 4209 religionis,
1687 4126 1860 4209 pacis
1883 4147 1958 4194 ac
1982 4123 2110 4191 Dei
2133 4124 2389 4190 timoris
2411 4124 2702 4190 studium

756 4212 829 4277 in
885 4211 968 4277 iis
1013 4212 1250 4295 vigeat,
1306 4213 1583 4278 maritus
1626 4214 1848 4280 uxoris
1890 4233 2135 4290 curam,
2195 4221 2261 4275 et
2304 4222 2578 4293 uterque
2623 4211 2702 4273 li-

755 4296 1070 4364 berorum
1126 4297 1430 4377 habeant,
1488 4299 1816 4381 totiusque
1875 4299 2146 4382 insuper
2202 4297 2524 4361 familiae:
2585 4317 2702 4361 no·

758 4383 1063 4449 minatim
1110 4404 1265 4449 vero
1309 4384 1423 4467 qui
1465 4383 1549 4449 ad
1584 4383 2032 4469 gubernacula
2066 4381 2700 4467 rerumpublicarum

758 4467 1009 4548 sedent,
1056 4478 1463 4553 agnoscunto
1501 4491 1571 4535 se
1614 4472 1684 4535 in
1730 4469 1902 4537 hanc
1922 4490 1961 4534 8
1989 4470 2273 4534 Domino
2311 4468 2703 4552 dignitatem

757 4567 1021 4624 evectos
1084 4565 1158 4620 ut
1223 4575 1375 4621 eum
1433 4555 1668 4633 colant,
1737 4566 1803 4621 et
1860 4577 1942 4623 ex
2001 4556 2220 4621 animo
2267 4566 2700 4620 venerentur:

759 4662 960 4724 quare
1018 4640 1190 4708 hanc
1243 4641 1369 4708 sibi
1428 4642 1807 4725 impositam
1850 4641 2256 4726 provinciam
2301 4641 2576 4718 sciunto,
2630 4651 2704 4706 ut

758 4728 828 4791 in
863 4728 1217 4813 flagitiosos
1252 4728 1802 4810 animadvertant,
1858 4737 1925 4794 et
1961 4727 2212 4793 nullam
2255 4726 2454 4794 ullius
2489 4725 2702 4810 digni-

759 4814 928 4890 tatis,
995 4815 1581 4897 consanguinitatis
1646 4823 1761 4880 aut
1827 4813 2319 4880 necessitudinis
2378 4811 2702 4877 rationem

756 4897 1057 4964 habeant.
1147 4899 1439 4981 Quinam
1496 4899 1674 4965 enim
1728 4901 1796 4965 in
1857 4901 2019 4966 alios
2079 4898 2700 4977 animadverterent,

755 4985 815 5050 si
857 4985 995 5050 suis
1038 4983 1501 5070 indulgerent?
1589 4986 1836 5053 Annon
1895 4987 2006 5052 alii
2068 4987 2299 5051 merito
2343 5004 2700 5066 conquere-

756 5081 984 5135 rentur
1029 5072 1149 5137 sibi
1194 5073 1337 5137 fieri
1382 5071 1711 5152 iniuriam,
1757 5072 1931 5156 quod
1975 5093 2046 5137 se
2090 5071 2283 5157 longe
2327 5070 2698 5137 sceleratio·

754 5155 937 5221 ribus
983 5157 1318 5239 parceret?
1408 5157 1914 5226 Observandum
1974 5158 2098 5225 hoc
2156 5157 2296 5223 loco
2341 5168 2699 5240 praeterea,

755 5263 888 5307 non
936 5241 1125 5308 modo
1170 5246 1602 5313 assentientes
1647 5246 1913 5331 flagitiis
1961 5266 2104 5312 reos
2147 5265 2365 5312 coram
2415 5244 2698 5310 Domino

2467 322 2884 393 HOMILIA
2928 325 3052 392 lx.

4599 329 4697 397 332

2807 514 3053 600 peragi,
3098 515 3212 581 sed
3257 514 3456 580 etiam
3502 514 3611 600 qui
3655 514 3725 579 in
3763 514 3844 580 iis
3868 512 4215 597 puniendis
4236 516 4698 602 negligentiores

2805 603 3068 676 fuerint,
3114 602 3299 684 quasi
3342 602 3410 666 in
3454 602 3925 684 flagitiosorum
3965 602 4210 666 scelera
4248 605 4703 675 consensissent.

2809 688 3219 752 Nominatim
3265 709 3420 752 vero
3465 687 3811 770 primariae
3857 687 4198 771 dignitatis
4243 689 4387 766 viri,
4446 694 4497 755 si
4537 713 4701 774 quum

2808 795 3005 857 penes
3046 774 3221 855 ipsos
3265 775 3352 838 sit
3394 771 3780 839 occurrendi
3824 774 4012 838 malis
4060 785 4364 857 potestas,
4416 778 4702 860 segniores

2809 873 3023 925 tamen
3088 860 3209 924 hac
3269 861 3338 924 in
3401 881 3470 924 re
3529 880 3670 924 sese
3730 860 4191 941 praestiterint,
4242 861 4382 925 Deo
4425 864 4704 930 rationem

2808 967 2878 1011 se
2923 944 3288 1010 reddituros
3331 945 3682 1028 cogitante,
3738 959 3800 1009 et
3848 946 3928 1009 ab
3972 946 4134 1027 ipso.
4193 945 4342 1013 licet
4390 946 4491 1013 hic
4521 948 4705 1015 homi-

2809 1053 2968 1096 num
2997 1031 3236 1096 iudicia
3260 1030 3629 1114 effugerint,
3676 1030 3939 1096 tandem
3974 1031 4518 1099 condemnandos.
4559 1035 4706 1116 Quin

2809 1126 2875 1183 et
2941 1118 3064 1183 hoc
3137 1115 3383 1182 iudices
3461 1127 3531 1181 et
3607 1118 4078 1199 gubernatores
4157 1116 4706 1200 animadvertam),

2811 1203 2982 1268 hanc
3039 1204 3524 1269 exeusationem
3585 1202 3949 1268 Dominum
4008 1225 4138 1268 non
4196 1215 4617 1287 accepturum,
4664 1208 4709 1273 si

2811 1289 3136 1353 neminem
3185 1303 3509 1371 questum,
3570 1288 3624 1352 si
3670 1288 3926 1352 nullum
3972 1300 4434 1368 accusatorem,
4485 1303 4590 1356 aut
4627 1294 4711 1358 de-

2809 1376 3080 1441 latorem
3137 1375 3339 1439 fuisse
3396 1385 3797 1456 praetexant.
3889 1373 4176 1455 Quinam
4224 1378 4398 1441 enim
4444 1379 4711 1462 ignoran-

2809 1462 2968 1527 tiam
3016 1472 3494 1544 praetexerent,
3539 1460 3594 1524 si
3640 1460 3901 1543 publica
3936 1472 4093 1525 sunt
4135 1463 4408 1545 flagitia,
4451 1484 4605 1547 quae
4640 1465 4711 1528 la-

2809 1559 2946 1612 tere
2989 1549 3170 1630 ipsos
3214 1545 3701 1629 nequiverunt?
3792 1547 3931 1610 Nae
3994 1547 4206 1612 inanis
4253 1559 4355 1613 888
4397 1551 4710 1630 excusatio,

2810 1634 2936 1699 nisi
2998 1632 3401 1716 diligentiam
3462 1654 3648 1697 suam
3711 1632 3775 1695 in
3823 1634 4220 1715 flagitiorum
4269 1634 4597 1699 autoribus
4635 1636 4711 1700 18·

2807 1719 3158 1802 quii-endis,
3203 1718 3597 1802 castigandis
3642 1728 3836 1800 atque
3878 1719 4252 1784 coercendis
4298 1730 4593 1786 testatam
4642 1721 4712 1784 18-

2808 1807 3036 1871 eerint.
3124 1805 3351 1887 Neque
3398 1826 3552 1870 vero
3598 1804 3768 1869 solos
3809 1826 3914 1868 ma
3967 1809 4235 1870 istratus
4280 1817 4349 1870 et
4407 1807 4715 1891 primariae

2808 1890 3149 1975 dignitatis
3195 1893 3367 1956 viros
3413 1891 3573 1956 haec
3616 1912 3792 1968 cura,
3838 1913 3908 1955 se
3998 1903 4065 1955 et
4110 1892 4406 1976 singulos
4444 1913 4553 1975 pro
4587 1914 4715 1958 suae

2809 1998 3131 2060 quemque
3199 1977 3557 2042 vocationis
3622 1977 3874 2040 ratione
3941 1978 4174 2060 tangit.
4277 1977 4501 2059 Quare
4557 1982 4716 2065 agite,

2809 2064 3056 2146 singuli
3122 2063 3422 2129 certatim
3492 2061 3868 2144 diligentem
3937 2084 4255 2129 navemus
4322 2086 4601 2148 operam,
4661 2064 4717 2128 in

2810 2150 3165 2215 sceleribus
3202 2163 3266 2214 et
3299 2149 3565 2231 flagitiis
3589 2146 3982 2222 coercendis,
4020 2169 4373 2215 caveamus
4410 2151 4718 2234 diligenter

2811 2257 2894 2300 ne
2938 2235 3020 2302 ad
3066 2237 3168 2301 vel
3216 2236 3557 2299 minimum
3604 2235 3924 2317 flagitium
3972 2237 4434 2316 caecutiamus,
4475 2236 4582 2301 sed
4617 2236 4717 2300 ini·

2811 2322 2919 2387 tiis
2956 2322 3116 2405 ipsis
3151 2333 3408 2386 mature
3439 2339 3886 2385 occurramus:
3932 2320 4149 2403 lapsos
4185 2324 4362 2405 ipsos
4398 2323 4586 2386 etiam
4617 2321 4717 2385 eri·

2811 2428 3076 2493 gamus:
3122 2430 3224 2484 ne,
3287 2407 3774 2493 hypocritarum
3814 2407 4039 2488 instar,
4078 2408 4351 2489 pulchre
4389 2426 4509 2473 nos
4543 2408 4716 2473 officio

2812 2495 3152 2559 defunctos
3198 2493 3613 2568 arbitremur,
3660 2492 3712 2556 si
3760 2492 3839 2557 de
3884 2491 3986 2556 his
4033 2507 4148 2557 aut
4191 2494 4322 2557 illis
4361 2495 4716 2559 seutentiam

2813 2581 3175 2663 tulerimus,
3221 2590 3339 2644 aut
3371 2580 3439 2643 in
3474 2578 3651 2643 hunc
3688 2591 3803 2642 aut
3842 2577 4022 2643 illum
4061 2580 4716 2645 animadverterimus:

2812 2667 2924 2731 sed
2971 2668 3109 2734 sive
3152 2668 3223 2730 in
3268 2664 3453 2730 nobis
3496 2666 3633 2729 sive
3679 2664 3745 2728 in
3792 2664 3936 2728 aliis
3981 2666 4212 2731 vitium
4259 2676 4373 2730 aut
4420 2677 4718 2749 peccatum

2811 2753 3115 2829 haeserit,
3162 2750 3601 2816 emendemus.
3692 2751 3901 2815 Porro
3950 2752 4160 2834 prima
4207 2753 4426 2816 fronte
4471 2750 4720 2816 intuenti

2810 2839 2968 2905 Heli
3010 2836 3543 2918 increpationem,
3605 2857 3733 2900 808
3795 2837 3963 2900 male
4008 2838 4272 2902 functus
4318 2839 4531 2903 officio
4576 2837 4720 2902 vide·

2813 2936 2978 3005 atur,
3023 2926 3118 2990 ita
3161 2923 3398 2987 liberos
3441 2923 3816 3005 corripiens.
3908 2922 4077 2986 Nam
4123 2935 4391 2990 autores
4435 2925 4573 2989 illos
4605 2941 4719 2987 esse

2813 3012 3048 3094 populo
3099 3006 3434 3074 violandae
3479 3008 3642 3091 legis
3678 3008 3948 3072 Domini
3994 3009 4415 3074 criminatur:
4463 3024 4719 3076 autorem

2811 3097 2988 3162 enim
3033 3094 3414 3161 offendiculi
3460 3115 3643 3158 reum
3695 3115 3836 3159 8888
3874 3096 4167 3159 omnium
4207 3116 4377 3178 quae
4413 3117 4530 3163 888
4562 3095 4718 3178 88188

2812 3184 2980 3248 fiunt
3014 3185 3093 3247 ab
3130 3182 3273 3248 81118
3320 3193 3726 3264 peccatorum
3773 3190 3965 3243 extra
4010 3179 4278 3245 dubium
4326 3193 4448 3248 888.
4506 3181 4718 3247 Idcirco

2811 3269 3139 3334 Dominus
3207 3278 3428 3332 noster
3472 3267 3656 3331 Iesus
3715 3266 4023 3331 Christus
4083 3288 4318 3349 graves
4388 3268 4449 3333 ei
4514 3285 4720 3350 808888

2811 3354 3183 3433 denunciat,
3228 3354 3339 3436 qui
3386 3353 3652 3435 reliquis
3688 3352 4080 3417 offendiculo
4123 3355 4338 3430 fuerit,
4387 3374 4585 3436 quum
4618 3354 4721 3418 ait:

2810 3440 3124 3523 Quisquis
3183 3438 3527 3504 offenderit
3585 3438 3872 3521 aliquem
3932 3459 4014 3502 ex
4075 3440 4294 3520 parvis
4343 3440 4489 3506 istis
4530 3437 4720 3521 quiin

2808 3549 2914 3592 me
2935 3526 3227 3605 credunt,
3274 3524 3675 3608 praestiterit
3718 3525 3777 3588 ei
3825 3533 3902 3589 ut
3944 3524 4393 3606 suspendatur
4425 3525 4588 3590 mola
4618 3525 4720 3588 asi-

2811 3613 2995 3678 naria
3059 3613 3125 3677 in
3193 3611 3358 3678 collo
3424 3611 3597 3686 eius,
3666 3632 3740 3675 ac
3804 3612 4227 3693 demergatur
4302 3612 4376 3676 in
4436 3608 4718 3696 profundo

2808 3699 3027 3764 maris.
3096 3698 3238 3764 Nae
3282 3697 3532 3762 homini
3577 3695 3676 3760 illi
3720 3698 3924 3762 satius
3968 3696 4141 3760 foret
4178 3718 4519 3780 nunquam
4553 3695 4720 3763 88881.

2808 3784 3248 3866 Quamobrem
3315 3783 3763 3866 increpantem
3833 3782 3990 3847 Heli
4058 3803 4212 3848 suos
4288 3783 4531 3848 liberos
4610 3794 4721 3847 tm

2808 3870 2991 3935 duris
3035 3869 3272 3944 verbis,
3332 3869 3476 3951 quis
3536 3868 3772 3933 merito
3831 3869 4015 3951 quasi
4078 3889 4307 3951 parum
4368 3871 4562 3935 offleii
4611 3888 4722 3933 me·

2806 3977 3055 4021 morem
3100 3954 3585 4038 reprehendat?
3659 3956 3746 4020 At
3789 3955 4159 4038 increpasse
4196 3977 4330 4019 808
4370 3955 4719 4022 sufficiebat

2806 4041 3023 4123 Quam
3070 4043 3306 4107 multos
3351 4042 3524 4106 enim
3573 4040 3795 4105 videas
3842 4040 4024 4106 duris
4068 4040 4330 4123 quidem
4383 4053 4451 4106 et
4507 4039 4718 4123 asperis

2805 4127 3021 4194 verbis
3074 4128 3422 4194 malefacta
3482 4126 3976 4208 reprehendere,
4036 4147 4204 4209 quae
4259 4136 4483 4194 tamen
4535 4129 4720 4210 impu·

2805 4214 2944 4279 nita
2987 4214 3377 4296 relinquant,
3421 4221 3496 4278 ut
3541 4212 3654 4277 illa
3699 4213 3913 4293 potius
3957 4212 4244 4277 adulatio
4278 4213 4368 4278 sit
4411 4235 4598 4297 quam
4637 4213 4718 4275 in·

2803 4299 3140 4384 crepatio?
3230 4298 3402 4364 Nam
3465 4297 3543 4362 ad
3607 4298 3978 4364 huiusmodi
4039 4299 4517 4381 increpationes
4561 4298 4718 4381 flagi·

2808 4386 2956 4450 tiosi
3013 4385 3314 4450 homines
3372 4383 3858 4450 obduruerunt:
3915 4393 3983 4448 et
4040 4406 4236 4467 saepe
4285 4384 4599 4451 iudicibus
4639 4383 4717 4447 vi·

2808 4469 2962 4537 deas
3005 4492 3155 4537 cum
3199 4470 3569 4536 istiusmodi
3615 4470 3987 4536 hominibus
4032 4470 4305 4553 pulchre
4364 4471 4716 4537 convenire:

2807 4578 2970 4639 quos
3005 4566 3224 4622 tamen
3251 4556 3467 4638 palam
3498 4558 3665 4621 tueri
3713 4578 3842 4622 non
3890 4554 4196 4634 audeant,
4242 4557 4360 4622 sed
4406 4557 4717 4623 accersitos

2807 4641 3035 4708 durius
3078 4643 3432 4724 increpent,
3479 4664 3562 4707 ne
3606 4644 3771 4707 forte
3816 4655 3877 4707 et
3923 4643 4048 4726 ipsi
4093 4644 4159 4707 in
4209 4642 4482 4709 aliorum
4527 4661 4716 4726 repre·

2806 4727 3190 4794 hensionem
3237 4731 3525 4794 veniant.
3617 4731 3723 4792 An
3772 4750 3920 4804 non,
3965 4728 4284 4812 inquient,
4331 4749 4586 4794 summe
4623 4728 4716 4792 fla·

2805 4816 3077 4897 gitiosus
3100 4836 3189 4890 88,
3235 4824 3302 4879 88
3323 4812 3721 4880 sceleratus?
3768 4815 3922 4897 quid
3952 4816 4067 4879 tibi
4094 4817 4389 4880 futurum
4416 4816 4641 4881 misero
4669 4810 4715 4876 si

2801 4902 3121 4984 flagitium
3146 4899 3556 4967 innotescat?
3622 4899 3854 4982 Apage
3896 4900 4068 4966 hinc.
4130 4900 4237 4964 En
4283 4903 4516 4983 quibus
4548 4916 4715 4980 saepe

2802 4986 3358 5069 increpationibus
3434 4985 3624 5050 multi
3705 4986 3948 5051 iudices
4028 4986 4361 5067 improbos
4439 4993 4713 5061 terreant,

2802 5094 2962 5155 quas
3008 5095 3164 5138 sane
3210 5076 3423 5155 potius
3468 5070 3786 5137 malorum
3835 5073 4206 5149 illecebras,
4264 5093 4458 5155 quam
4495 5088 4714 5136 correc-

2803 5160 3010 5225 tiones
3056 5161 3286 5224 merito
3331 5157 3594 5232 dixeris,
3657 5179 3855 5241 quum
3903 5160 4170 5242 impune
4208 5178 4278 5223 se
4326 5181 4446 5224 sua
4493 5153 4714 5242 flagitia

2803 5244 3049 5312 laturos
3102 5244 3380 5330 improbi
3438 5254 3726 5330 sperent.
3829 5243 4273 5326 Quamobrem
4326 5245 4589 5311 minime
4625 5240 4712 5310 vi·
