5059 6059
734 326 865 393 439

742 518 924 584 tuuis
968 516 1164 583 certis
1207 522 1275 581 et
1314 513 1503 580 bonis
1543 512 1813 594 fruatur,
1858 520 1925 578 et
1962 534 2094 579 uon
2128 520 2499 596 paupertas,
2544 535 2675 580 non

741 605 1026 681 morbus,
1100 601 1281 668 nulla
1342 600 1694 678 calamitas,
1766 598 1932 664 nihil
1991 597 2268 682 denique
2325 599 2677 666 adversum

743 699 1004 775 urgeat,
1059 695 1279 753 tamen
1336 686 1462 752 Dei
1506 686 1776 770 gloriam
1823 685 2125 751 omnibus
2169 685 2363 753 rebus
2407 694 2677 770 antepo-

746 776 1047 855 nendam,
1106 782 1175 839 et
1230 772 1506 840 eandem
1565 771 1828 836 initium
1886 791 2027 836 esse
2070 780 2371 855 oportere
2415 782 2676 838 nostrae

745 862 1028 927 laetitiae
1073 861 1371 937 sciamus,
1438 867 1514 922 ut
1557 857 1842 940 loquitur
1882 859 1953 921 in
1998 857 2283 924 Psalmis
2327 858 2675 941 propheta:

742 960 818 1014 ιιι
881 956 1197 1012 testemur
1254 967 1350 1024 eo,
1409 964 1545 1023 nos,
1599 945 1742 1009 Deo
1803 942 1954 1009 licet
1994 944 2214 1008 omnia
2257 944 2506 1009 affatim
2553 945 2679 1009 lar·

740 1033 982 1120 gieute,
1071 1041 1293 1096 tamen
1381 1030 1812 1094 conscientiae
1890 1029 2310 1112 quisbusdam
2391 1030 2677 1096 stimulis

739 1119 974 1204 premi,
1033 1116 1269 1201 quibus
1313 1115 1528 1181 omnis
1571 1115 1821 1180 laetitia
1865 1115 2153 1192 tollatur,
2214 1116 2342 1180 nisi
2389 1115 2514 1181 Dei
2559 1136 2678 1182 no-

738 1226 894 1271 men
946 1204 1364 1289 glorificetur,
1426 1208 1495 1266 et
1549 1201 1821 1267 ecclesia
1853 1201 2058 1284 ipsius
2105 1202 2350 1280 floreat,
2409 1210 2483 1266 ut
2523 1202 2678 1267 inde

737 1291 927 1357 nobis
969 1291 1196 1356 laetari
1243 1289 1448 1353 liceat.
1536 1285 1798 1352 Videtis
1842 1286 2049 1370 igitur
2093 1307 2290 1370 quam
2334 1308 2465 1352 non
2510 1288 2674 1353 levi-

741 1386 844 1443 ter
897 1378 1028 1442 ista
1082 1372 1557 1459 praetereunda
1613 1372 1809 1438 fuerit
1852 1372 2361 1453 circumstantia,
2420 1395 2504 1438 ex
2544 1393 2677 1456 qua

740 1462 1086 1529 didicimus
1157 1461 1330 1526 hano
1399 1458 1738 1524 mulierem
1799 1480 1930 1523 non
1989 1458 2301 1524 adiecisse
2359 1460 2672 1536 animum,

740 1548 823 1614 ad
882 1570 959 1614 ea
1015 1569 1178 1631 quae
1223 1546 1301 1611 de
1344 1554 1502 1609 nato
1545 1565 1726 1610 mare
1770 1546 1893 1627 ipsi
1937 1545 2407 1612 referebantur.
2496 1544 2672 1626 Quid

739 1633 878 1700 ita?
939 1633 1129 1715 Quod
1183 1654 1369 1698 mens
1410 1629 1617 1713 ipsius
1659 1638 2132 1714 praeoccupata
2174 1629 2565 1715 cogitatione
2608 1638 2676 1697 et

738 1720 1006 1787 tristitia
1064 1719 1145 1785 de
1203 1718 1329 1785 Dei
1382 1716 1594 1800 gloria
1650 1726 1720 1780 et
1763 1735 1925 1799 pura
1967 1715 2284 1800 religione
2327 1716 2407 1780 ab
2451 1716 2675 1799 impiis

736 1805 1232 1884 contemnenda,
1269 1802 1433 1869 nihil
1473 1801 1650 1869 aliud
1676 1801 2037 1867 humanum
2064 1802 2417 1868 admiserit.
2466 1803 2673 1868 Porro

734 1894 836 1960 bis
895 1892 1130 1958 dicitur
1187 1889 1523 1974 repetiisse
1567 1887 1714 1953 illas
1756 1908 1981 1953 voces:
2050 1888 2425 1971 Emigravit
2465 1888 2674 1972 gloria

732 1978 865 2044 Dei
900 1979 982 2045 ab
1016 1977 1283 2053 Israele,
1328 1974 1593 2056 filioque
1630 1993 1869 2038 nomen
1893 1973 2200 2056 chabod,
2245 1972 2314 2037 id
2350 1980 2484 2039 est:
2521 1974 2673 2039 Non

736 2065 961 2151 gloria,
1002 2061 1407 2147 imposuisse.
1499 2059 1690 2141 Quod
1725 2081 1884 2125 sane
1919 2059 2419 2125 observandum.
2502 2059 2674 2125 Nam

735 2153 807 2218 in
859 2152 982 2216 bac
1039 2148 1320 2214 nominis
1364 2147 1773 2231 impositione
1817 2146 2266 2228 conspicimus,
2323 2144 2493 2210 hanc
2532 2166 2677 2210 mu-

736 2237 965 2303 lierem
1007 2235 1265 2319 proprio
1309 2233 1616 2317 sanguini
1661 2252 1797 2297 uon
1840 2232 2224 2314 pepercisse,
2268 2231 2428 2315 quin
2468 2231 2675 2296 veluti

734 2332 961 2389 notam
1007 2320 1327 2405 quandam
1373 2319 1470 2384 illi
1503 2320 1812 2395 inureret,
1858 2327 1932 2382 ut
1966 2339 2049 2382 ex
2088 2319 2354 2382 nomine
2393 2316 2675 2400 populus

736 2409 807 2475 in
879 2416 1216 2490 posterum
1289 2405 1411 2471 sibi
1468 2405 1541 2470 in
1597 2402 1975 2469 memoriam
2036 2403 2328 2469 inustum
2392 2401 2672 2468 dedecus

738 2501 1096 2569 revocaret,
1142 2498 1210 2557 et
1252 2491 1403 2557 inde
1446 2489 1830 2556 erudiretur.
1917 2489 2070 2553 Vox
2113 2489 2290 2554 enim
2328 2487 2446 2552 illa
2478 2487 2670 2553 Icha-

734 2578 888 2659 bod,
931 2577 1000 2643 id
1028 2585 1158 2643 est:
1205 2577 1355 2642 Nou
1400 2577 1628 2661 gloria,
1670 2574 1950 2642 dedecus
1991 2584 2057 2639 et
2097 2574 2441 2639 infamiam
2482 2574 2556 2639 in
2599 2595 2670 2639 se

737 2663 1069 2749 quandam
1133 2664 1439 2729 continet.
1526 2663 1617 2728 Et
1658 2669 1882 2726 tamen
1927 2681 1966 2725 a
2007 2669 2219 2725 matre
2262 2660 2445 2726 cuius
2488 2669 2669 2725 teue-

735 2753 943 2818 riores
987 2757 1173 2815 erant
1215 2749 1505 2826 affectus,
1549 2745 1757 2813 solent
1791 2747 1967 2811 enim
2002 2753 2289 2811 matrum
2328 2747 2394 2809 in
2431 2744 2670 2811 liberos

736 2857 933 2923 quam
977 2845 1241 2920 patrum
1286 2856 1430 2901 esse
1473 2832 1925 2917 propensiores
1967 2840 2033 2898 et
2077 2831 2438 2897 teneriores
2481 2832 2671 2897 affec-

737 2932 863 3003 tus,
929 2941 1173 2987 nomen
1230 2919 1389 2985 illud
1446 2920 1571 2986 fuit
1627 2919 2029 3003 impositum,
2087 2925 2154 2983 et
2212 2915 2474 3001 quidem
2519 2936 2669 2982 cum

780 3007 1018 3075 uadam
1074 3006 1383 3072 infamiae
1435 3015 1588 3071 nota
1646 3004 2083 3083 coniunctum,
2152 3010 2229 3067 ut
2271 3002 2382 3086 qui
2426 3021 2668 3068 nomeu

734 3095 899 3161 ilud
936 3091 1282 3170 audierint,
1320 3090 1445 3159 sibi
1481 3092 1552 3155 in
1590 3092 1968 3156 memoriam
2002 3098 2313 3155 revocent
2346 3109 2670 3155 summam

736 3181 1172 3250 calamitatem
1217 3187 1286 3242 et
1328 3177 1668 3243 infamiam
1711 3196 1842 3259 qua
1883 3173 2221 3241 Israelitae
2257 3176 2376 3241 sub
2412 3183 2670 3257 tempus

737 3266 1101 3333 nativitatis
1171 3262 1376 3347 ipsius
1441 3263 1658 3328 affecti
1723 3262 2006 3327 fueraut.
2093 3260 2316 3342 Quare
2375 3261 2429 3326 si
2485 3269 2672 3325 tanta

735 3351 1049 3420 fortitudo
1106 3357 1172 3415 et
1228 3347 1737 3434 magnanimitas
1793 3348 1862 3412 iu
1905 3345 2184 3412 muliere
2227 3355 2328 3412 est.
2369 3347 2670 3429 insignis,

738 3459 934 3524 quam
975 3435 1238 3502 tandem
1275 3435 1754 3502 excusationem
1792 3433 2054 3499 allaturi
2091 3452 2318 3497 sumus
2353 3433 2434 3498 de
2468 3432 2673 3497 rebus

736 3524 1012 3590 terrenis
1068 3531 1135 3588 et
1177 3521 1452 3604 privatis
1494 3519 1777 3606 negotiis
1818 3519 2132 3584 maiorem
2175 3538 2370 3599 quam
2416 3518 2496 3584 de
2542 3517 2672 3582 Dei

737 3611 982 3675 honore
1060 3618 1128 3673 et
1192 3607 1400 3691 gloria
1464 3626 1688 3673 curam
1751 3602 2085 3682 babentes,
2166 3623 2363 3687 quam
2429 3613 2669 3682 tamen,

736 3704 1001 3762 sanctae
1059 3692 1354 3759 mulieris
1398 3691 1593 3757 huius
1638 3690 2015 3774 exemplum
2056 3699 2369 3774 sequutos
2412 3699 2673 3772 oportet

737 3802 859 3846 nos
894 3780 1089 3846 rebus
1126 3778 1425 3844 omnibus
1460 3778 1657 3844 etiam
1694 3775 2183 3859 pretiosissimis
2218 3774 2668 3861 anteponere?

737 3866 983 3934 Sedulo
1027 3884 1185 3930 sane
1229 3874 1385 3929 sunt
1428 3865 1556 3929 ista
1600 3862 1787 3929 nobis
1831 3861 2237 3944 pensitanda,
2306 3871 2378 3927 ut
2422 3862 2476 3927 si
2520 3860 2673 3926 hac-

739 3963 934 4019 tenus
979 3951 1313 4033 segniores
1356 3950 1427 4014 in
1470 3949 1683 4015 officio
1728 3961 1954 4014 nostro
1997 3946 2292 4014 faciendo
2336 3948 2670 4026 fuerimus,

735 4038 987 4125 pudore
1043 4034 1515 4112 suffundamur,
1575 4044 1644 4101 et
1697 4054 1917 4101 coram
1975 4041 2240 4116 potente
2299 4033 2423 4098 Dei
2468 4054 2670 4099 mauu

738 4125 947 4211 magis
1000 4143 1074 4189 ac
1115 4120 1324 4205 magis
1368 4121 1767 4201 deiiciamur,
1823 4127 1891 4185 et
1932 4119 2148 4186 studio
2191 4119 2671 4204 promovendae

735 4212 943 4296 ipsius
1022 4207 1268 4292 gloriae
1345 4206 1556 4292 magis
1631 4205 1993 4272 ardeamus.
2084 4204 2254 4271 Nam
2335 4205 2450 4288 qui
2512 4224 2672 4290 erga

737 4295 1123 4381 sanguinem
1170 4313 1365 4358 suum
1408 4293 1502 4358 sic
1545 4292 1762 4359 affecti
1805 4298 1981 4371 suut,
2022 4290 2260 4357 liberos
2295 4299 2473 4374 puta,
2519 4310 2670 4375 cog-

735 4390 946 4460 natos,
1001 4380 1249 4459 affines,
1292 4379 1708 4456 necessarios,
1752 4384 1828 4442 ut
1871 4377 1997 4441 Dei
2039 4398 2281 4443 nomen
2325 4377 2560 4442 malint
2599 4379 2669 4443 in

736 4476 1178 4550 contemptum
1238 4464 1467 4531 venire
1523 4484 1717 4547 quam
1762 4462 1893 4528 illis
1937 4462 2223 4547 aliquam
2267 4462 2672 4548 ignominiae

736 4565 963 4621 notam
1016 4551 1209 4631 inuri,
1265 4571 1423 4617 sane
1481 4550 1699 4632 palam
1757 4557 2099 4628 testantur,
2157 4570 2228 4616 se
2288 4570 2499 4633 neque
2544 4549 2671 4616 Dei

736 4642 973 4708 timore
1037 4657 1250 4721 neque
1315 4656 1535 4701 amore
1600 4635 1731 4702 ullo
1798 4634 2018 4719 tangi:
2083 4641 2151 4700 et
2208 4641 2429 4701 tamen
2473 4655 2669 4718 quam

737 4746 1103 4808 commune,
1161 4722 1447 4801 obsecro,
1488 4719 1766 4788 vitium?
1812 4719 2055 4803 Ecquis
2093 4722 2271 4787 enim
2306 4741 2444 4784 non
2488 4719 2674 4786 videt

736 4834 858 4880 nos
899 4814 953 4879 si
997 4810 1126 4876 Dei
1162 4830 1400 4875 nomeu
1437 4806 1847 4875 coutumeliis
1881 4806 2186 4872 affectum
2222 4808 2326 4886 sit,
2370 4813 2437 4872 et
2468 4807 2670 4872 offen-

738 4899 956 4967 dicula
996 4896 1207 4964 multa
1248 4895 1635 4979 irrepserint
1678 4893 1758 4959 ab
1802 4892 1887 4956 iis
1928 4893 2040 4975 qui
2076 4893 2267 4959 nobis
2300 4892 2484 4958 nulla
2517 4912 2672 4959 con·

739 4985 1178 5070 sanguinitate
1256 4981 1461 5047 iuncti
1527 4986 1704 5061 sunt,
1782 4997 2022 5062 magno
2084 4979 2350 5064 quidem
2417 4977 2673 5045 fervere

736 5073 892 5148 zelo,
953 5080 1018 5134 et
1061 5089 1314 5134 summo
1360 5066 1592 5132 ardore
1633 5085 1877 5149 poenas
1917 5063 1997 5129 ab
2042 5063 2274 5131 iisdem
2316 5083 2670 5148 reposcere,

738 5156 911 5241 quod
973 5156 1101 5221 Dei
1146 5155 1419 5238 gloriam
1467 5154 1561 5217 ita
1604 5149 1933 5217 contemni
1975 5170 2108 5216 non
2152 5148 2522 5235 patiamur?
2579 5149 2674 5216 At

736 5245 794 5310 si
840 5262 968 5328 qua
1010 5239 1454 5307 intercesserit
1508 5233 1936 5314 necessitudo,
1980 5246 2096 5302 aut
2138 5237 2193 5303 si
2238 5256 2365 5320 qua
2405 5235 2672 5303 aliunde

2379 323 2791 392 HOMILIA
2835 324 3097 391 XVIII.

4596 321 4717 386 440

2780 513 3276 595 commendatio,
3345 534 3568 579 nonne
3639 511 3900 580 sceleris
3968 510 4265 578 advocati
4331 519 4401 577 et
4455 510 4716 595 patroni

2777 603 2973 666 fimus
3017 610 3092 665 ut
3151 597 3468 668 adversus
3526 600 3743 684 ipsum
3788 598 4010 663 Deum
4053 599 4431 665 coniurasse
4497 597 4717 664 videa-

2775 707 2960 751 mur:
3004 686 3233 751 multis
3276 685 3432 753 hino
3474 685 3628 751 inde
3671 685 4162 762 cursitantibus,
4208 694 4277 749 et
4310 684 4493 748 hunc
4527 692 4716 766 atque

2777 773 2964 838 illum
3009 771 3489 855 prementibus,
3545 771 3702 838 huic
3744 769 3988 854 aliquid
4034 772 4101 834 in
4147 790 4376 835 aurem
4418 770 4717 835 insusur-

2777 857 3125 924 rantibus?
3194 857 3498 941 Denique
3556 858 3723 924 tales
3764 877 4010 933 sumus,
4066 867 4142 921 ut
4184 877 4378 940 saepe
4421 859 4538 938 qui
4583 876 4715 919 ma-

2777 946 2957 1008 xime
3003 942 3362 1010 Christiani
3408 943 3616 1009 videri
3664 944 3912 1021 volunt,
3955 941 4103 1007 Deo
4147 954 4366 1008 tamen
4413 941 4716 1007 resistere

2777 1052 2910 1095 non
2956 1030 3277 1108 desinant,
3322 1030 3493 1113 quod
3537 1030 3663 1096 sibi
3705 1029 4025 1113 sauguine
4066 1039 4183 1093 aut
4226 1028 4444 1111 aliqua
4491 1048 4715 1094 neces·

2777 1114 3060 1181 situdine
3117 1116 3358 1182 iunctis
3408 1117 3802 1199 patrocinari
3849 1115 4096 1181 volunt.
4188 1118 4405 1197 Atque
4445 1113 4521 1177 hi
4565 1127 4717 1179 sunt

2777 1200 2971 1267 hodie
3024 1221 3255 1280 mores,
3314 1200 3477 1267 haec
3519 1210 3831 1285 tempora.
3919 1199 4167 1265 Veniat
4210 1221 4368 1285 ergo
4411 1198 4606 1265 uobis
4648 1202 4713 1263 iu

2777 1297 3084 1365 mentem,
3129 1290 3183 1353 si
3230 1286 3543 1353 adversus
3580 1285 3945 1354 istiusmodi
3984 1285 4284 1351 homines
4320 1284 4712 1351 sententiam

2776 1373 2948 1438 ferre
2992 1373 3307 1454 volumus,
3352 1385 3618 1440 sanctae
3663 1373 3856 1439 huius
3899 1373 4192 1438 mulieris
4236 1372 4504 1451 factum,
4550 1392 4712 1455 quae

2775 1459 2911 1524 filio
2968 1479 3103 1524 uon
3160 1460 3466 1543 pepercit,
3525 1461 3682 1544 quin
3727 1459 3790 1525 ei
3834 1468 4056 1524 notam
4100 1459 4412 1537 inureret,
4457 1467 4527 1522 et
4570 1467 4708 1522 tan-

2774 1566 2968 1627 quam
3027 1545 3094 1609 in
3141 1545 3400 1610 theatro
3444 1545 3787 1611 collocaret
3830 1545 3912 1610 ab
3954 1545 4256 1611 omnibus
4300 1544 4713 1617 intuendum,

2776 1638 2854 1696 ut
2910 1652 2993 1696 ex
3036 1651 3111 1696 eo
3155 1631 3435 1714 populus
3481 1631 3758 1697 disceret
3802 1630 3958 1714 quid
4004 1631 4091 1694 sit
4135 1629 4451 1696 adversus
4498 1632 4716 1696 Deum

2774 1736 3059 1799 peccare,
3103 1726 3171 1781 et
3213 1716 3353 1782 eius
3397 1718 3674 1802 gloriam
3720 1715 4000 1782 ludibrio
4036 1715 4295 1782 habere.
4385 1716 4720 1799 Deinceps

2775 1813 3143 1885 sequuntur
3199 1804 3402 1868 verba
3454 1802 3585 1882 illa,
3625 1803 3755 1870 Dei
3797 1802 4075 1885 qloriam
4109 1803 4449 1886 emiyrasse
4492 1802 4575 1868 ab
4619 1802 4716 1866 Is-

2773 1888 2971 1954 raele:
3000 1894 3339 1971 propterea
3382 1890 3546 1971 quod
3579 1895 3763 1971 capta
3797 1894 3956 1955 esset
3993 1909 4146 1955 arca
4180 1888 4330 1955 Dei.
4418 1887 4714 1967 Quinam

2774 1996 2932 2040 vero
2993 1973 3116 2038 Dei
3185 1974 3391 2058 gloria
3454 1984 3643 2058 capta
3699 1995 3851 2040 arca
3919 1973 4349 2058 emigrasset?
4439 1974 4715 2059 Nempe,

2776 2070 2851 2125 ut
2892 2060 3086 2126 rudes
3130 2068 3288 2126 suut
3330 2068 3397 2125 et
3431 2061 3673 2126 infirmi
3710 2060 4028 2137 homines,
4077 2062 4261 2126 Deus
4295 2059 4510 2126 voluit
4545 2060 4716 2126 hanc

2775 2166 2995 2211 arcam
3040 2146 3319 2211 foederis
3363 2167 3503 2212 esse
3537 2146 3609 2210 in
3646 2147 3885 2230 populo
3922 2158 4231 2230 tanquam
4271 2148 4491 2212 vivam
4528 2166 4713 2212 suam

2774 2233 3159 2315 imaginem:
3199 2240 3275 2295 ut
3310 2231 3433 2298 hao
3469 2233 3721 2297 ratione
3757 2233 4034 2315 populus
4058 2242 4457 2316 agnosceret,
4496 2233 4714 2297 Deum

2775 2338 2977 2383 uuum
3024 2338 3183 2395 esse,
3230 2317 3310 2382 de
3354 2319 3540 2384 cuius
3574 2318 3944 2401 praesentia
3978 2320 4290 2384 certiores
4323 2318 4421 2382 ita
4457 2318 4714 2398 flerent,

2775 2423 2850 2468 ac
2913 2401 3184 2486 proinde
3248 2402 3329 2468 ad
3391 2425 3583 2487 quam
3650 2425 3784 2469 non
3850 2417 4022 2470 esset
4086 2403 4332 2470 arduus
4391 2424 4713 2480 accessus,

2773 2489 2886 2555 sed
2947 2489 3288 2555 familiaris
3346 2497 3413 2555 et
3468 2490 3699 2556 facilis.
3791 2491 4011 2573 Atqui,
4056 2489 4284 2568 fateor,
4333 2489 4714 2572 hypocritae

2771 2576 2839 2641 in
2900 2575 3426 2659 superstitionem
3464 2576 3532 2640 id
3579 2585 4057 2656 converterant,
4115 2583 4191 2639 ut
4234 2583 4430 2641 autea
4466 2575 4714 2641 dictum

2772 2668 2890 2740 est,
2947 2669 3018 2726 et
3058 2662 3244 2743 signo
3287 2670 3559 2727 externo
3603 2661 3882 2727 nimium
3925 2660 4304 2740 haerebant,
4355 2672 4431 2727 ut
4475 2662 4714 2744 procli-

2773 2748 2988 2813 viores
3056 2756 3215 2812 suut
3282 2746 3582 2813 homines
3637 2749 3707 2813 in
3766 2767 3888 2812 sua
3943 2756 4334 2813 commenta.
4423 2748 4714 2813 Verum·

2774 2840 2994 2898 tamen
3061 2854 3193 2898 non
3259 2833 3404 2899 siue
3469 2834 3720 2899 ratione
3779 2833 4020 2900 mulier
4077 2836 4203 2899 ista
4260 2833 4453 2918 dixit,
4518 2847 4714 2917 capta

2773 2938 2925 2986 arca
3010 2917 3142 2983 Dei
3233 2919 3509 3005 gloriam
3589 2919 3941 3004 emigrasse
4017 2919 4099 2985 ab
4177 2919 4445 2986 Israele.
4535 2919 4710 2984 Nam

2772 3004 2950 3070 Psal.
3009 3004 3097 3069 24
3138 3014 3416 3070 vocatur
3457 3025 3610 3071 arca
3643 3006 3775 3083 illa,
3825 3006 4008 3071 Deus
4051 3005 4335 3089 gloriae:
4394 3004 4567 3088 quod
4611 3006 4711 3071 vi-

2773 3089 3003 3154 delicet
3046 3110 3231 3155 suam
3276 3090 3798 3157 benevolentiam
3843 3090 3965 3156 hoc
4007 3093 4195 3175 signo
4232 3092 4416 3157 Deus
4449 3111 4711 3175 reprae—

2772 3184 3079 3255 sentaret,
3139 3176 3323 3259 quasi
3378 3178 3694 3260 populum
3752 3196 3944 3243 suum
4000 3178 4126 3242 alis
4168 3186 4235 3242 et
4277 3176 4529 3243 umbris
4573 3181 4715 3243 suis

2774 3269 3044 3346 tegeret.
3128 3263 3353 3344 Atque
3431 3261 3560 3329 huc
3625 3263 3738 3327 illa
3802 3263 4090 3330 Phineos
4156 3284 4325 3329 uxor
4388 3264 4720 3349 respexit:

2773 3348 2944 3432 quod
3003 3347 3181 3412 euim
3240 3348 3793 3415 animadverteret
3850 3347 3978 3413 Dei
4022 3351 4431 3416 maiestatem
4477 3352 4546 3415 in
4592 3349 4719 3417 hoo

2770 3434 3011 3517 populo
3075 3434 3489 3517 conspicuam
3555 3455 3697 3501 esse
3765 3435 3953 3518 signo
4009 3435 4124 3501 illo
4181 3455 4372 3502 arcae
4414 3435 4714 3513 foederis,

2772 3519 2941 3584 dixit
2983 3519 3108 3585 Dei
3145 3519 3421 3604 gloriam
3458 3521 3887 3605 emigravisse
3922 3521 4004 3587 ab
4038 3521 4304 3588 Israele.
4393 3521 4497 3587 Ao
4528 3541 4708 3599 sane,

2770 3612 2848 3670 ut
2899 3605 3198 3690 superius
3253 3606 3675 3688 ostendimus,
3738 3609 3922 3674 Deus
3979 3609 4073 3673 ita
4116 3607 4428 3692 populum
4473 3607 4713 3691 punire

2771 3690 3005 3772 voluit,
3050 3699 3119 3756 et
3161 3690 3286 3757 hoo
3329 3693 3518 3776 signo
3561 3693 3778 3776 palam
3823 3694 4088 3777 agnosci
4132 3712 4459 3759 summam
4504 3692 4715 3759 male-

2773 3774 3123 3843 dictionem
3179 3777 3251 3842 in
3307 3778 3498 3843 illum
3554 3777 3950 3858 incumbere,
4011 3799 4216 3862 quum
4262 3800 4484 3845 arcam
4530 3780 4715 3844 illam

2771 3883 2929 3929 suae
2964 3863 3372 3946 praesentiae
3407 3865 3852 3930 testimonium
3887 3865 3959 3930 in
3992 3864 4283 3932 hostium
4317 3873 4717 3949 potestatem

2771 3949 2998 4013 venire
3043 3950 3354 4033 permisit.
3443 3951 3663 4033 Atque
3702 3950 3943 4017 idcirco
3977 3951 4299 4034 propheta
4333 3951 4584 4017 Psalm.
4629 3951 4738 4017 78-

2773 4033 2961 4115 dixit,
3027 4043 3105 4101 ut
3160 4035 3460 4118 superius
3525 4037 3896 4120 expositum
3959 4045 4060 4104 est
4123 4057 4164 4102 a
4227 4036 4433 4118 nobis,
4491 4036 4714 4102 Deum

2772 4120 3117 4186 tradidisse
3174 4122 3246 4185 in
3300 4121 3740 4205 captivitatem
3795 4122 3996 4188 robur
4050 4143 4263 4200 suum,
4321 4133 4393 4188 et
4433 4123 4713 4207 gloriam

2773 4228 2959 4272 suam
3028 4206 3100 4272 in
3171 4227 3442 4272 manum
3504 4207 3731 4274 hostis.
3818 4207 4052 4291 Itaque
4109 4209 4381 4274 minime
4440 4209 4713 4276 dubium

2773 4300 2892 4371 est,
2950 4293 3109 4376 quin
3167 4292 3330 4359 haec
3373 4292 3609 4358 mulier
3649 4294 3719 4359 in
3762 4293 4241 4361 iustitutionem
4287 4315 4480 4363 arcae
4514 4295 4714 4362 huius

2773 4387 3060 4444 mentem
3131 4380 3546 4456 converterit,
3621 4385 3818 4462 atque
3891 4400 4123 4446 verum
4195 4401 4382 4448 arcae
4435 4381 4714 4448 foederis

2774 4484 2967 4531 usum
3047 4466 3427 4549 agnoverit:
3510 4474 3706 4548 atque
3770 4464 4011 4532 idcirco
4074 4469 4365 4534 moriens
4443 4467 4706 4543 dixerit,

2772 4549 3020 4616 nullam
3074 4571 3216 4616 esse
3256 4550 3537 4634 amplius
3579 4550 3647 4615 iu
3693 4550 3940 4618 Israele
3982 4552 4278 4637 gloriam.
4365 4552 4558 4632 Quae
4599 4574 4714 4618 vo·

2773 4658 2881 4703 ces
2919 4657 3080 4703 sane
3117 4635 3353 4721 dignae
3388 4644 3544 4702 sunt
3578 4637 4061 4707 observatione:
4106 4637 4343 4724 quibus
4377 4637 4714 4716 indicavit,

2771 4723 2927 4789 licet
2983 4742 3294 4805 prospere
3366 4724 3589 4789 omnia
3657 4724 4102 4805 succederent,
4176 4745 4252 4791 ao
4308 4722 4441 4788 Dei
4500 4724 4716 4790 cultus

2770 4829 2902 4874 nou
2970 4815 3226 4891 pateret
3289 4807 3576 4874 hostium
3642 4810 3951 4878 conviciis
4016 4818 4084 4877 et
4144 4810 4585 4889 contumeliis,
4647 4819 4717 4875 et

2774 4916 2904 4961 non
2928 4903 3102 4961 esset
3143 4894 3421 4978 populus
3463 4902 3651 4961 tanta
3693 4895 3876 4962 clade
3918 4917 4163 4972 caesus.
4208 4905 4432 4962 tamen
4458 4897 4714 4963 nullam

2774 4980 3056 5066 amplius
3112 5000 3254 5046 esse
3307 4980 3377 5045 in
3431 4979 3680 5048 Israele
3738 4983 4031 5065 gloriam.
4117 4981 4298 5064 Quid
4357 4982 4452 5049 ita
4511 4981 4710 5048 vero?

2775 5066 2967 5148 Quod
3010 5087 3248 5150 nempe
3290 5065 3476 5133 Deus
3518 5067 3587 5133 in
3634 5067 3878 5135 Israele
3923 5090 4055 5133 non
4100 5076 4290 5149 esset,
4358 5070 4469 5153 qui
4514 5088 4556 5133 a
4596 5089 4714 5151 po·

2773 5153 2927 5236 pulo
2985 5151 3372 5237 indignatus
3425 5155 3814 5221 recessisset.
3900 5155 4145 5221 Merito
4187 5155 4412 5239 itaque
4445 5154 4711 5241 dignam

2775 5237 3226 5306 observatione
3305 5259 3533 5308 vocem
3599 5238 3756 5306 dixi.
3843 5240 4037 5322 Nam,
4115 5241 4400 5321 obsecro,
4481 5241 4709 5325 quihus
