5059 6059
268 389 369 458 421

269 581 565 679 terrentur,
623 579 692 638 et
748 592 990 655 quaecu
994 593 1168 724 ,2¹¹⁰
1219 572 1482 639 tandem
1542 573 1634 638 sit
1670 573 1960 657 ipsorum
2001 572 2139 656 opi-

268 665 359 729 nio
406 660 521 727 Dei
567 659 927 743 potentiam
969 682 1003 723 r
1065 658 1410 725 ormidant.
1497 658 1751 742 Nempe
1792 660 1874 724 ad
1915 678 2143 724 omnes

267 751 412 816 fama
448 744 757 829 perlatum
801 753 959 822 erat,
1024 765 1220 828 quam
1262 746 1646 828 magnificus
1688 744 2141 811 Israelitarum

266 858 335 902 ex
379 832 661 915 Aegypto
719 829 949 896 fuisset
1003 831 1237 910 exitus,
1290 831 1522 913 quibus
1567 830 1753 896 nulla
1791 831 1893 898 vis
1938 830 2145 895 homi

267 940 415 994 num,
466 921 961 1000 quantacunque
1016 916 1131 981 illa
1181 916 1426 995 fuisset,
1481 916 1784 982 resistere
1829 916 2142 1016 potuerit:

266 1006 455 1087 Quare
495 1002 617 1067 Dei
658 1001 1027 1085 praesentia
1066 1011 1412 1067 terrentur.
1500 1001 1717 1101 Atque
1760 1002 1969 1086 primo
1999 1000 2143 1084 qui-

265 1093 387 1156 dem
414 1088 648 1154 intuitu
685 1088 860 1153 dicta
897 1086 1103 1153 videri
1140 1094 1408 1169 possent
1439 1087 1567 1153 ista
1599 1088 1667 1153 in
1692 1087 1895 1154 Israel
1898 1087 2141 1151 iterum

264 1173 507 1252 laudem,
568 1192 609 1237 a
673 1172 908 1255 quibus
972 1194 1124 1239 arca
1184 1173 1257 1238 in
1323 1183 1536 1240 castra
1598 1173 1811 1238 fuerat
1853 1172 2140 1238 advecta.

263 1263 407 1361 Nam
457 1260 545 1324 ita
602 1258 899 1324 videmus
940 1257 1070 1324 Dei
1126 1257 1397 1343 gloriam
1441 1259 1523 1324 ab
1562 1259 1847 1325 inimicis
1888 1257 2143 1341 praedi·

263 1347 393 1425 cari,
426 1344 503 1411 ad
543 1345 731 1410 cuius
765 1343 1124 1409 adventum
1158 1344 1377 1410 hostes
1412 1352 1748 1428 tantopere
1784 1352 2145 1410 terrentur.

261 1432 358 1500 sed
403 1437 623 1498 contra
673 1428 756 1494 ad
809 1430 1075 1495 inanem
1116 1430 1406 1513 ipsorum
1446 1429 1758 1495 laetitiam
1804 1437 1870 1495 et
1906 1428 2145 1496 securi-

262 1526 436 1584 tstem
507 1512 987 1598 corripiendam
1058 1514 1231 1580 dicta
1308 1536 1390 1580 ex
1468 1514 1884 1616 sequentibus
1948 1535 2147 1597 appa·

261 1603 481 1670 rebant.
536 1601 630 1666 Et
673 1601 956 1685 primum
998 1599 1257 1683 quidem
1299 1602 1747 1684 superstitiosa
1778 1600 1991 1666 fides
1973 1620 2146 1683 lpse-

259 1709 383 1754 rum
433 1686 752 1771 arguitur,
809 1684 981 1770 quod
1036 1686 1252 1752 Deum
1306 1685 1457 1753 huic
1497 1706 1685 1753 arcae
1726 1687 1848 1753 sibi
1890 1687 2149 1769 fingunt

255 1774 575 1873 alligatum.
671 1708 925 1838 Deinde
992 1773 1274 1856 superba
1337 1773 1727 1856 arrogantia,
1799 1771 1968 1856 quod
2023 1769 2149 1837 sibi

256 1858 445 1926 deberi
484 1857 811 1923 auxilium
851 1860 918 1922 in
963 1857 1157 1924 rebus
1188 1859 1485 1942 angustis
1519 1857 1931 1942 persuadent,
1975 1855 2148 1941 quod

257 1955 377 2011 erat
429 1943 585 2009 olim
651 1943 812 2027 ipsis
876 1941 1064 2009 Deus
1127 1944 1484 2026 pollicitus:
1549 1964 1760 2027 neque
1803 1952 2022 2008 tamen
2063 1941 2148 2008 ad

255 2028 657 2097 conditionem
723 2028 1039 2100 adiectam
1096 2027 1463 2095 attendunt.
1550 2029 1728 2095 Hinc
1782 2035 1999 2094 tamen
2041 2028 2148 2093 ob·

254 2115 641 2196 servandum,
674 2113 1020 2215 improbos,
1058 2115 1183 2180 etsi
1226 2114 1487 2182 divinae
1531 2115 1887 2180 maiestatis
1922 2134 2148 2214 appre-

252 2202 610 2267 hensionem
654 2199 932 2267 abiicere
973 2220 1016 2265 a
1049 2220 1119 2266 se
1153 2210 1491 2278 conantur,
1535 2208 1613 2266 ut
1644 2202 1935 2266 securius
1970 2199 2147 2266 vitiis

248 2286 628 2372 indulgeant,
686 2296 909 2356 tamen
965 2286 1399 2368 praesentiam
1458 2306 1643 2352 suam
1701 2285 1988 2352 Domino
2034 2283 2146 2349 de-

250 2373 529 2453 clarante,
599 2371 1055 2456 perterrendos
1116 2382 1183 2437 et
1245 2372 1621 2438 confusione
1672 2370 2144 2455 opprimendos.

253 2458 439 2524 'Pestis
489 2467 633 2524 esto
681 2456 1085 2556 saeculorum
1128 2458 1420 2522 omnium
1463 2457 1886 2539 exponentia.
1971 2457 2146 2522 Nam

254 2552 313 2607 ut
348 2542 465 2609 Dei
506 2544 821 2609 virtutem
855 2541 1241 2608 immensam
1275 2544 1672 2623 omittamus,
1713 2543 1992 2627 ipsamet
2026 2542 2145 2606 ini-

252 2629 436 2710 quitas
475 2628 853 2714 depravatis
894 2641 962 2694 et
994 2627 1324 2694 dissolutis
1360 2627 1728 2694 hominibus
1761 2630 1991 2693 terrori
2028 2635 2144 2692 est.

253 2713 490 2780 Certum
554 2716 736 2782 enim
801 2723 904 2780 est
964 2713 1141 2797 apud
1204 2714 1381 2798 ipsos
1441 2733 1728 2798 paganos
1789 2713 2146 2797 flagitiosos

252 2798 535 2879 homiues,
606 2810 779 2886 puta
833 2807 1239 2879 scortatores,
1295 2798 1495 2878 fures,
1555 2799 1861 2880 latrones,
1918 2807 2146 2865 contu-

251 2885 519 2953 meliosus
572 2897 649 2952 et
703 2883 1063 2952 istiusmodi
1118 2884 1459 2951 hominum
1502 2905 1711 2970 genus
1752 2883 1835 2950 ad
1878 2904 2147 2950 suorum

248 2970 536 3038 idolorum
592 2992 837 3038 nomen
876 2972 1074 3036 etiam
1117 2970 1559 3071 obstupuisse.
1624 2978 1691 3036 et
1731 2970 1972 3037 idcireo
2014 2991 2146 3035 me-

249 3058 486 3123 moriam
538 3056 814 3124 deorum
855 3055 1135 3139 sepelire
1175 3065 1242 3122 et
1283 3078 1370 3123 ex
1411 3056 1646 3123 animis
1689 3058 1827 3122 suis
1868 3055 2149 3123 evellere

247 3151 485 3209 conatos
521 3143 748 3210 fuisse.
834 3142 1255 3225 Papistarum
1299 3140 1526 3208 eadem
1571 3140 1765 3207 bodie
1817 3143 1987 3207 ratio
2028 3149 2147 3207 est.

248 3224 393 3293 Nam
444 3229 569 3295 etsi
624 3228 823 3312 quale
865 3229 950 3293 sit
994 3227 1166 3310 quod
1211 3226 1483 3293 adorant
1525 3248 1768 3293 numen
1808 3227 2146 3311 ignorant.

248 3324 435 3379 nmen
490 3335 701 3398 quum
754 3311 1044 3379 stimulis
1095 3313 1531 3378 conscientiae
1574 3313 1963 3393 excitantur,
2020 3311 2149 3377 Dei

249 3417 476 3481 nomen,
514 3401 575 3465 si
622 3400 771 3465 fleri
814 3405 1051 3483 posset,
1096 3420 1133 3464 e
1175 3398 1371 3466 terris
1412 3397 1741 3464 sublatum
1775 3398 2038 3476 vellent,
2082 3405 2150 3463 et

246 3483 429 3550 modis
489 3484 801 3552 omnibus
843 3482 912 3549 id
954 3485 1211 3550 efficere
1251 3493 1586 3584 conantur.
1672 3484 1831 3549 'Pale
1872 3482 2151 3569 flagitio-

246 3587 439 3635 sorum
496 3571 799 3637 omnium
859 3569 1203 3635 hominum
1266 3569 1602 3653 ingenium
1659 3576 1781 3653 est,
1854 3571 1967 3653 qui
2022 3568 2150 3634 Dei

251 3662 675 3740 mtsmptum
736 3654 941 3722 veluti
994 3655 1321 3739 iurarunt,
1386 3653 1469 3720 ad
1526 3654 1713 3721 cuius
1755 3656 2151 3720 mentionem

248 3739 710 3837 ephori-escunt,
752 3750 821 3806 et
863 3739 1168 3807 dentibus
1208 3738 1530 3806 frendent.
1614 3740 1826 3807 Porro
1872 3741 1981 3805 hic
2013 3761 2153 3823 spe·

250 3822 475 3891 cialiter
554 3826 1108 3894 considerandum
1195 3826 1590 3892 Philistaeos
1675 3845 1811 3892 non
1898 3834 2151 3891 tantum

248 3908 433 3976 fuisse
478 3913 606 3979 Dei
670 3913 936 3978 nomine
992 3913 1389 3994 perterritos,
1447 3910 1562 3978 sed
1606 3912 1821 3977 Deum
1865 3911 2152 3993 Israelis,

249 4014 423 4076 quem
472 3999 665 4083 prius
718 4019 852 4064 non
906 3995 1039 4063 alio
1094 4018 1290 4081 quam
1346 3998 1585 4081 spectri
1625 3997 1766 4063 loco
1806 3996 2153 4079 habebant,

245 4080 652 4151 manenter
693 4083 1027 4150 metuisse.

246 4180 461 4250 serant,
520 4181 589 4237 et
650 4170 846 4236 cuius
909 4169 1155 4237 cultum
1220 4166 1574 4234 abominati
1636 4169 1916 4250 fuerant,
1979 4190 2152 4237 nuno

245 4271 465 4406 ‘iffi
486 4255 1702 4408 Pfflmmmssfflssffimmssffi‘ffi
1737 4219 1983 4406 ‘2⁶0ssss
2012 4256 2153 4424 ⁰23

244 4419 358 4489 Dei
410 4428 685 4493 veritati
722 4426 1146 4506 minutantur,
1204 4435 1269 4492 et
1310 4427 1841 4509 superstitionum
1886 4446 2152 4492 suarum

244 4519 305 4572 et
331 4510 759 4580 idolomaniae
794 4512 985 4577 1ιιιο
965 4514 1256 4577 immersi
1290 4518 1467 4591 sunt,
1502 4520 1603 4577 est
1635 4512 1950 4578 conditio.
1997 4533 2153 4577 nam

240 4590 419 4662 ludus
468 4598 637 4681 ipsis
693 4604 795 4664 est
834 4617 994 4664 vera
1036 4597 1283 4682 religio.
1369 4595 1485 4664 Sic
1525 4598 1815 4681 papistas
1859 4595 2152 4663 videmus

242 4677 421 4748 bodie
493 4682 767 4766 quidem
828 4692 1214 4765 arroganter
1275 4681 1590 4749 adversus
1654 4682 1871 4749 Deum
1932 4683 2151 4749 insur-

242 4775 458 4847 gentes
498 4769 693 4852 blasp
693 4769 919 4835 hamas
960 4790 1148 4835 voces
1182 4766 1391 4846 edere,
1435 4789 1554 4834 nos
1587 4767 1950 4834 maledictis
1985 4768 2153 4834 lace·

240 4872 393 4932 rare,
456 4854 788 4939 evangelii
852 4853 1208 4921 doctrinam
1266 4853 1644 4937 depravare,
1704 4863 1772 4918 et
1826 4874 2151 4938 nugarum

241 4934 439 5004 instar
487 4939 765 5006 habere.
815 4948 903 5040 ‚⁸¹⁵
948 4941 1005 5007 si
1045 4939 1228 5005 Deus
1268 4940 1431 5005 istos
1473 4939 1756 5006 ferarum
1801 4940 2008 5005 instar
2048 4939 2152 5004 in-

240 5022 549 5091 sultantes
593 5026 703 5092 vel
741 5025 1015 5091 minimo
1056 5045 1215 5091 suae
1255 5026 1516 5092 virtutis
1557 5045 1632 5090 ac
1675 5025 1921 5109 gloriae
1962 5025 2152 5109 signo

241 5109 600 5195 perculerit,
643 5119 715 5178 et
750 5111 856 5178 vel
897 5110 1122 5179 invitis
1162 5111 1383 5176 oculos
1422 5112 1769 5194 aperuerit,
1812 5121 1954 5176 tum
1998 5131 2155 5177 sane

240 5194 549 5262 malitiam
606 5196 793 5263 illam
849 5207 915 5263 et
955 5197 1399 5281 arrogantiam
1441 5196 1589 5263 illos
1631 5197 1969 5282 deponere,
2027 5216 2155 5280 qua

240 5279 416 5359 prius
434 5281 747 5349 inebriati
767 5286 1146 5369 turgebant·
1186 5289 1342 5350 tunc
1361 5282 1515 5352 illos
1530 5283 1856 5368 trepidare
1877 5290 2152 5368 oportet,

1110 4082 1334 4163 Quare
1377 4103 1569 4166 quem
1606 4092 1798 4148 antea
1828 4093 2152 4167 contemp-

1562 385 1663 451 ΙΝ
1704 387 1759 454 Ῑ.
1804 384 1983 454 ΙιΙΒ.
2029 384 2427 453 SAMUEL.
2474 380 2650 450 OAP
2715 380 2838 446 IV.

4037 384 4167 455 422

2290 592 2447 636 uum
2510 570 2697 636 Deus
2758 589 2975 635 coram
3039 592 3158 637 suo
3221 571 3534 638 tribunali
3589 569 3761 639 diem
3813 572 3944 639 illis
3987 572 4166 642 dicit.

2244 592 2358 725 gie
2401 655 2643 721 dicitur
2682 655 2754 720 in
2795 655 3076 721 Psalmis
3119 658 3301 723 Deus
3343 657 3716 724 incredulos
3755 659 4170 743 compellare,

2243 742 2462 808 Deum
2526 742 2859 808 viventem
2922 744 3208 823 metuite,
3277 751 3346 808 et
3406 764 3622 809 coram
3688 765 3763 810 eo
3826 746 4167 829 trepidate.

2245 828 2563 911 Equidem
2622 847 2899 907 agnosco
2953 848 3141 911 saepe
3184 829 3253 892 in
3298 830 3500 895 sacris
3544 830 3625 896 ad
3668 829 3887 897 Deum
3933 832 4170 897 timen-

2246 914 2402 979 dum
2444 913 2719 980 excitari
2763 933 2872 979 eos
2914 914 3145 995 quibus
3180 913 3448 981 cultus
3428 916 3632 997 ipsius
3665 915 3841 982 cordi
3875 927 4007 983 est:
4051 917 4167 984 sed

2244 998 2544 1083 pluribus
2599 998 2757 1065 locis
2814 999 3202 1064 nominatim
3259 1000 3727 1101 compellantur
3780 1002 4053 1069 rebelles
4096 1011 4168 1069 et

2245 1093 2730 1168 contemptores
2799 1083 3058 1151 divinae
3115 1086 3493 1164 maiestatis,
3563 1088 3800 1169 quibus
3854 1087 4169 1155 horrendi

2244 1170 2468 1236 iudicii
2554 1189 2798 1254 poenae
2890 1170 3190 1236 omnibus
3264 1171 3576 1238 adversus
3654 1173 3870 1239 Deum
3951 1175 4168 1239 insur-

2248 1254 2572 1341 gentibus,
2616 1266 2684 1321 et
2724 1256 3032 1340 giganteo
3074 1276 3254 1321 more
3300 1255 3540 1322 bellum
3582 1259 4014 1327 inferentibus
4055 1258 4169 1326 de-

2246 1344 2654 1421 nuntiantur,
2697 1343 2832 1407 fore
2875 1341 3180 1406 nimirum
3218 1351 3293 1406 ut
3334 1345 3740 1425 praesentiae
3781 1365 3938 1411 suae
3981 1344 4169 1411 testi-

2247 1428 2469 1494 monia
2489 1436 2771 1506 exserat,
2804 1426 3037 1510 quibus
3064 1427 3342 1511 perculsi
3365 1430 3434 1493 in
3457 1437 3787 1512 stuporem
3811 1439 4174 1512 vertantur,

2248 1524 2314 1580 et
2393 1512 2690 1579 funditus
2755 1476 3104 1578 intereant.
3192 1513 3329 1579 Nos
3390 1535 3545 1581 vero
3607 1513 3769 1581 haec
3830 1515 4170 1584 audientes

2250 1607 2504 1699 oportet
2569 1618 2782 1679 nosse,
2846 1620 2979 1663 non
3043 1598 3341 1665 sufficere
3404 1599 3487 1665 ad
3552 1601 3830 1667 salutem
3887 1601 4014 1685 aliq
4018 1623 4172 1668 uam

2248 1684 2518 1750 virtutis
2575 1683 2832 1750 divinae
2875 1684 3330 1768 cognitionem,
3394 1706 3523 1768 qua
3563 1687 4012 1769 percellamur,
4055 1685 4172 1754 sed

2245 1778 2543 1854 oportere
2627 1769 2932 1836 accedere
3017 1768 3454 1836 voluntarium
3538 1772 3941 1856 obsequium,
4041 1793 4170 1856 quo

2247 1856 2429 1921 omni
2483 1876 2633 1922 cum
2685 1855 3052 1921 reverentia
3095 1856 3454 1938 timoreque
3495 1878 3843 1941 sequamur
3883 1858 3949 1924 id
3993 1857 4168 1941 qued

2246 1942 2391 2007 Deo
2455 1941 2709 2023 placere
2772 1961 2856 2006 ex
2918 1941 3125 2023 ipsius
3191 1938 3388 2007 verbo
3444 1941 3893 2010 didicerimus.
3958 1966 4042 2010 ne
4097 1944 4172 2009 ιιι

2245 2035 2578 2111 potentem
2658 2026 2785 2092 Dei
2851 2047 3121 2091 manum
3184 2025 3566 2094 incidamus.
3654 2029 3823 2094 Nam
3888 2037 4176 2097 terrores

2245 2112 2341 2177 illi
2385 2112 2622 2195 quibus
2658 2111 2973 2177 inereduli
3017 2112 3500 2196 obstupescunt,
3547 2113 3792 2181 nullam
3837 2116 3972 2182 vim
4014 2123 4176 2182 sunt

2245 2198 2560 2264 adversus
2604 2197 2827 2263 fideles
2870 2197 3182 2264 habituri.
3207 2133 3359 2263 pEt
3403 2165 3663 2299 quidem
3701 2199 4039 2281 increduli,
4081 2200 4170 2267 si·

2245 2284 2380 2350 euti
2433 2282 2738 2367 deinceps
2781 2284 2985 2348 visuri
3029 2305 3273 2361 sumus,
3335 2284 3494 2351 adeo
3538 2286 3740 2352 animi
3783 2287 4174 2369 impotentes

2245 2377 2417 2449 sunt,
2478 2376 2557 2433 ut
2619 2368 3030 2451 blasphemas
3087 2370 3156 2435 ιιι
3214 2335 3432 2435 D’eum
3474 2391 3666 2438 voces
3708 2379 4035 2452 evomant,
4100 2380 4172 2438 et

2247 2463 2558 2538 tanquam
2600 2455 2838 2520 efferae
2886 2454 3138 2521 belluae
3194 2456 3266 2520 ιιι
3318 2456 3536 2539 ipsum
3590 2457 3970 2557 insurgant.
4034 2464 4176 2523 tam

2246 2560 2436 2608 caeca
2492 2546 2595 2606 est
2637 2560 2822 2605 mens
2864 2539 3222 2607 hominnm.
3311 2540 3534 2622 Quare
3576 2542 3658 2608 ad
3703 2542 3829 2607 Dei
3873 2543 4174 2608 timorem

2248 2626 2509 2694 accedat
2574 2627 2830 2709 oportet
2868 2625 3159 2691 studium
3202 2626 3328 2709 ipm
3372 2648 3456 2692 ex
3497 2648 3657 2694 vera
3697 2629 3968 2729 spiritus
4009 2630 4177 2694 cari-

2204 2747 2205 2750 *
2245 2721 2383 2778 tate
2421 2711 2815 2795 obsequendi
2857 2720 2927 2776 et
2967 2721 3197 2795 sponte
3241 2713 3491 2795 potenti
3531 2716 3757 2778 manui
3799 2713 4007 2797 ipsius
4055 2734 4174 2780 nos

2249 2796 2653 2864 subiiciendi.
2739 2796 2837 2862 At
2901 2817 3080 2877 vero,
3149 2797 3403 2878 fratres,
3475 2807 3754 2881 quantos
3821 2819 3966 2865 esse
4017 2820 4174 2865 cou-

2248 2882 2560 2950 scientiae
2633 2891 2917 2948 terrores
2979 2883 3254 2948 istorum
3320 2848 3732 2960 arbitramur,
3809 2883 3922 2966 qui
3978 2882 4174 2950 bodie

2249 2968 2434 3036 velut
2489 2976 2714 3052 aperte
2768 2967 2914 3033 Deo
2951 2967 3193 3034 bellum
3236 2968 3551 3049 indicunt,
3610 2969 3910 3035 veritatis
3949 2969 4174 3053 cogni·

2249 3053 2497 3120 tionem
2541 3075 2700 3137 prae
2741 3074 2812 3120 se
2846 3053 3150 3135 serentes,
3193 3061 3264 3119 et
3294 3053 3639 3137 papisticus
3660 3053 4174 3120 abominationes

2250 3140 2630 3216 retinentes,
2687 3147 2753 3203 et
2807 3159 2929 3222 pro
2983 3138 3229 3206 viribus
3272 3138 3720 3205 defendentes:
3777 3139 4031 3222 quibus,
4073 3140 4175 3205 in-

2251 3224 2650 3385 {samninus
2670 3223 2950 3376 stiaulis
2965 3225 3207 3374 tagitari
3230 3224 3657 3324 conscientiae
3679 3223 4178 3390 etxiistimemus?

2251 3330 2783 3546 Ρὲῗὶαβιῗιῖιῗιῃοῖ,
2856 3330 2979 3495 egi
3038 3331 3362 3546 ἐξεαῗιῗὶιῐὲ
3410 3331 3710 3479 ῗοῗιῗῖιῗ
3745 3331 4178 3584 gissigiuffi

2252 3503 2292 3548 s
2336 3501 2413 3547 eo
2491 3502 2535 3546 u
2638 3501 2830 3563 saepe
2901 3481 2973 3545 ιιι
3198 3503 3308 3547 era
3362 3482 3509 3546 onis
3571 3502 3765 3549 voces
3828 3503 4010 3548 erum

2252 3565 2650 3633 istiusmodi.
2710 3567 2853 3631 Vae
2895 3566 3061 3631 mihi
3082 3502 3375 3633 etiipiserol
3434 3566 3648 3645 Eheu,
3707 3567 3862 3650 quid
3907 3589 4011 3633 me
4052 3569 4176 3633 mi-

2251 3674 2397 3720 sero
2440 3651 2598 3718 fiet?
2645 3650 2870 3733 Quare
2909 3652 3076 3734 ipsis
3115 3652 3197 3717 de
3239 3650 3426 3718 nobis
3465 3652 4019 3736 triumphantibus
4062 3660 4179 3719 aut

2253 3739 2337 3805 de
2391 3738 2622 3805 salutis
2673 3735 2967 3803 doctrina
3010 3736 3499 3805 detrahentibus
3542 3756 3670 3803 non
3714 3750 3816 3804 est
3857 3739 4032 3823 quod
4073 3740 4178 3805 in·

2252 3824 2610 3891 videamus.
2698 3822 3097 3888 Sardonium
3135 3824 3311 3889 enim
3345 3824 3553 3890 risum
3594 3822 3827 3902 rident,
3871 3834 3942 3889 et
3974 3846 4179 3908 quan·

2252 3910 2502 3976 tumvis
2558 3908 2988 3987 dissimulent,
3045 3918 3266 3974 tamen
3325 3909 3584 3977 acribus
3626 3930 3667 3974 a
3709 3910 3853 3975 Deo
3895 3910 4178 3977 stimulis

2251 3995 2399 4061 illos
2441 3994 2760 4062 lancinari
2797 4004 3048 4061 certum
3092 4002 3212 4074 est,
3267 4015 3474 4078 quum
3516 3994 3599 4060 ad
3641 3994 4023 4079 obsequium
4066 3996 4174 4063 vel

2251 4081 2445 4148 inviti
2499 4089 2841 4165 coguntur.
2930 4080 3196 4147 Similes
3252 4101 3411 4146 sane
3469 4089 3622 4147 sunt
3675 4081 4048 4148 facinorosis
4090 4080 4174 4146 ad

2252 4176 2529 4233 mortem
2610 4161 2954 4251 damnatis,
3038 4176 3108 4231 et
3184 4166 3380 4232 arctis
3442 4166 3860 4250 compedibus
3923 4167 4176 4247 vinctis,

2296 4252 2487 4319 uibus
2550 4252 2767 4335 aliqua
2810 4260 3104 4336 superest
3160 4251 3374 4318 adhuc
3413 4249 3605 4330 lucta,
3671 4252 3785 4319 sed
3827 4273 3990 4336 qnos
4031 4261 4176 4316 tan-

2254 4274 2402 4405 gem
2460 4274 2931 4404 deficientibusp
2960 4338 3106 4403 illos
3163 4338 3412 4405 viribus
3465 4336 3694 4404 cedere
3733 4337 3870 4403 fato
3913 4356 4176 4403 neeesse

2253 4432 2372 4491 est.
2459 4423 2640 4489 'l'alis
2682 4444 2907 4489 eorum
2952 4423 3065 4507 qui
3100 4423 3420 4490 adversus
3451 4422 3670 4488 Deum
3703 4444 3849 4489 sese
3896 4424 4175 4488 efferunt

2252 4511 2488 4576 exitus.
2575 4507 2804 4593 Longe
2849 4529 3007 4610 ergo
3050 4508 3382 4575 dissimilis
3423 4518 3525 4578 est
3564 4509 4000 4592 improborum
4039 4527 4174 4572 me·

2253 4603 2361 4661 tus
2418 4593 2711 4660 fidelium
2765 4595 3016 4661 timori.
3083 4615 3286 4678 quum
3342 4595 3438 4660 illi
3498 4603 3868 4660 terreantur
3910 4592 4174 4678 quidem

2250 4689 2722 4761 momentaneo,
2763 4680 2878 4746 sed
2922 4702 3058 4746 non
3103 4691 3322 4746 tamen
3378 4680 3461 4746 ad
3507 4678 3842 4745 meliorem
3889 4689 4178 4745 mentem

2250 4768 2556 4833 redeant.
2602 4766 2858 4832 bivero
2902 4767 2995 4834 sio
3038 4773 3358 4845 metuant,
3401 4773 3469 4831 et
3510 4765 3591 4831 ad
3635 4764 3895 4830 divinae
3937 4764 4175 4830 maies-

2249 4854 2404 4918 tatis
2459 4853 2773 4918 intuitum
2830 4853 3365 4929 contremiscant,
3446 4858 3523 4915 ut
3576 4851 3649 4914 in
3705 4871 3777 4915 se
3832 4852 4006 4933 ipsos

2250 4938 2573 5004 scendunt
2614 4949 2680 5003 et
2723 4960 2793 5004 se
2835 4939 3058 5021 quales
3101 4939 3232 5004 sint
3274 4935 3471 5020 probe
3514 4935 3871 5019 explorent,
3916 4956 3991 5001 ac
4021 4956 4178 5019 sup-

2252 5023 2452 5125 plices
2504 5024 2655 5089 facti
2713 5023 2934 5089 Deum
2992 5024 3438 5106 deprecentur,
3503 5030 3568 5084 et
3611 5019 3794 5085 velut
3836 5022 3917 5088 ad
3960 5041 4179 5108 genua

2254 5108 2460 5192 ipsius
2502 5110 2830 5192 provoluti
2873 5110 3151 5194 gratiam
3195 5108 3335 5173 eius
3377 5106 3742 5189 implorent,
3799 5122 3867 5172 et
3907 5129 4051 5175 sese
4092 5106 4180 5173 ad

2254 5204 2686 5279 spontaneum
2734 5195 3106 5278 obsequium
3138 5200 3549 5275 componant.
3592 5192 3824 5275 Itaque
3846 5205 4180 5261 terrentur

2255 5281 2517 5366 quidem
2558 5301 3029 5365 nonnunquam
3070 5276 3412 5357 increduli,
3468 5285 3536 5344 et
3577 5277 3663 5344 ad
3705 5277 3963 5350 divinas
4004 5302 4184 5350 com·-

3676 5382 3780 5438 ᾗ*

4068 4849 4318 4915 (ιο-Δ
