5059 6059
853 299 983 364 459

854 506 1010 571 gere
1054 505 1184 551 non
1226 491 1466 569 posset,
1509 482 1664 566 quid
1711 485 1951 550 factum
1998 495 2097 549 est
2142 491 2216 548 ut
2257 481 2616 569 fugientem
2665 507 2791 551 non
2842 488 2848 510 ¹

854 573 947 638 sit
1001 568 1431 654 insequutus?
1491 569 1680 636 facile
1735 571 1909 634 enim
1969 580 2112 636 erat
2167 568 2510 635 hominum
2557 571 2794 637 iudicio

855 655 1182 724 Davidem
1242 655 1674 738 undequaque
1733 658 2050 735 clausum,
2111 664 2178 719 et
2219 664 2536 738 tanquam
2582 658 2653 721 in
2699 657 2796 722 la-

851 763 1049 828 queos
1107 742 1466 807 coniectum
1528 740 1967 824 intercipere?
2059 738 2192 807 Sed
2237 741 2535 806 videmus
2581 742 2798 808 Deum

850 828 1063 898 veluti
1122 827 1192 892 in
1239 847 1433 893 nares
1477 824 1699 893 Saulis
1742 828 1981 893 iniecta
2023 826 2227 892 fibula
2272 826 2538 894 duxisse
2583 829 2796 911 ipsum

852 924 920 982 et
962 913 1074 982 vel
1116 913 1400 979 invitum
1444 934 1485 978 a
1525 913 1861 996 proposito
1905 913 2262 978 reduxisse.
2329 912 2552 994 Quare
2591 913 2797 979 Davi·

853 1002 955 1068 dis
1022 999 1179 1067 licet
1242 998 1627 1082 patientiam
1695 1000 1876 1065 Deus
1926 998 2313 1081 exercuerit,
2375 1020 2578 1081 quum
2640 1000 2799 1066 urbe

850 1088 1078 1171 fugere
1153 1096 1414 1151 coactus
1470 1093 1600 1161 est,
1677 1094 1744 1150 et
1803 1084 2114 1168 profugus
2168 1084 2355 1150 velut
2410 1087 2476 1149 in
2540 1099 2798 1169 apertas

851 1173 990 1256 lupi
1045 1172 1263 1237 fauces
1322 1190 1393 1236 se
1447 1171 1782 1250 coniicere,
1846 1170 2030 1236 Deus
2073 1179 2293 1234 tamon
2339 1171 2432 1236 sic
2478 1171 2797 1237 afflictum

851 1258 1279 1324 vehementer
1343 1256 1700 1334 recreavit,
1766 1278 1915 1324 cum
1984 1257 2127 1320 eius
2193 1256 2500 1322 misertus
2567 1267 2668 1321 est
2731 1266 2798 1322 et

855 1344 1076 1412 Saulis
1132 1344 1450 1426 impetum
1500 1342 1709 1427 fregit,
1767 1343 1879 1426 qui
1926 1343 2262 1407 hominum
2308 1341 2547 1408 iudicio
2591 1343 2796 1408 Davi-

856 1432 1002 1496 dem
1068 1427 1405 1494 videbatur
1462 1428 1768 1493 facillime
1823 1429 1891 1492 in
1951 1447 2104 1492 suos
2142 1429 2400 1510 laqueos
2444 1426 2799 1495 induturus

854 1519 912 1582 si
979 1514 1060 1581 ab
1123 1514 1377 1597 incepto
1446 1534 1565 1578 suo
1631 1534 1765 1578 non
1834 1513 2208 1580 destitisset.
2319 1513 2561 1579 Nullus
2625 1515 2797 1579 enim

857 1599 1098 1667 Davidi
1161 1609 1343 1665 tutus
1406 1598 1584 1665 locus
1643 1597 1726 1663 ad
1787 1600 2008 1684 fugam
2070 1597 2431 1678 videbatur,
2487 1610 2557 1665 et
2617 1602 2799 1681 urbe,

858 1689 1148 1754 incertus
1180 1706 1309 1768 quo
1346 1686 1488 1765 iret,
1554 1684 1935 1769 profugerat
1977 1685 2164 1766 inops
2208 1685 2478 1766 consilii,
2531 1693 2597 1750 et
2642 1687 2800 1770 quid

855 1782 1078 1857 ageret
1122 1772 1428 1847 incertus,
1489 1768 1650 1837 Saul
1693 1781 1911 1836 autem
1957 1791 2104 1836 cum
2150 1771 2464 1835 instructo
2509 1772 2801 1838 exercitu

855 1855 1182 1925 Davidem
1239 1857 1641 1939 insequutus,
1699 1876 1818 1938 per
1877 1855 2098 1941 sylvas
2156 1862 2224 1920 et
2280 1857 2420 1922 loco
2481 1859 2633 1923 avia
2675 1858 2799 1924 im·

855 1943 1074 2010 missis
1130 1942 1445 2008 adversus
1502 1943 1716 2025 ipsum
1770 1941 2085 2006 militibus
2128 1955 2439 2024 tanquam
2486 1945 2802 2010 venaticis

855 2029 1125 2096 canibus
1159 2029 1274 2111 qui
1308 2029 1483 2093 ferae
1521 2027 1797 2113 vestigia
1831 2037 2226 2111 premerent,
2260 2028 2495 2111 quibus
2532 2030 2802 2097 canibus

856 2128 923 2180 et
987 2115 1144 2179 feris
1211 2114 1434 2179 bestiis
1504 2112 1665 2180 Saul
1730 2134 1865 2178 non
1929 2112 2266 2197 indigebat
2331 2113 2413 2178 ad
2476 2114 2797 2180 Davidem

855 2201 1094 2267 misere
1140 2199 1542 2282 laniandum,
1587 2198 1891 2264 facillime
1934 2200 2148 2282 ipsum
2191 2200 2640 2283 oppressisset.
2706 2201 2805 2269 Ac

855 2287 1242 2371 plerumque
1276 2286 1353 2349 fit
1389 2295 1462 2349 ut
1501 2285 1694 2350 aulici
1729 2285 1836 2350 isti
1881 2286 2074 2362 servi,
2120 2286 2402 2369 gratiam
2449 2294 2517 2352 et
2559 2289 2801 2354 autori-

859 2381 1064 2437 tatem
1108 2370 1393 2453 aliqua‘m
1437 2381 1777 2456 venantes,
1836 2371 1960 2435 etsi
2003 2383 2546 2453 momentaneam,
2590 2375 2803 2439 omnis

858 2457 1294 2524 humanitatis
1354 2455 1845 2536 obliviscantur,
1905 2463 1972 2520 et
2016 2467 2325 2540 tanquam
2368 2457 2608 2524 clausis
2652 2478 2802 2525 ocu-

859 2542 977 2624 lis,
1053 2542 1125 2606 in
1191 2562 1453 2607 omnem
1514 2541 1963 2609 crudelitatem
2028 2544 2418 2627 praecipites
2482 2544 2797 2623 ferantur,

859 2630 1047 2696 cuius
1108 2629 1361 2693 utinam
1421 2649 1504 2693 ne
1563 2636 1663 2692 tot
1705 2628 2006 2711 exempla
2049 2628 2119 2692 in
2164 2649 2394 2713 regum
2439 2649 2513 2696 ac
2556 2631 2802 2713 princi·

859 2735 1021 2800 pum
1078 2714 1246 2779 aulis
1304 2712 1592 2796 quotidie
1648 2724 2092 2780 cernerentur.
2182 2713 2623 2796 Quamobrem
2669 2738 2800 2782 non

857 2799 1092 2867 leviter
1154 2799 1264 2865 hic
1328 2799 1876 2883 praetereundum
1938 2798 2234 2865 divinum
2296 2800 2615 2866 auxilium
2672 2823 2802 2886 quo

857 2884 1243 2952 miraculose
1286 2884 1507 2951 David
1553 2883 1776 2952 Saulis
1818 2906 2058 2951 manus
2102 2886 2355 2971 effugit,
2411 2895 2476 2952 et
2520 2888 2641 2954 hoc
2687 2910 2800 2953 ex-

858 2970 1073 3055 emplo
1117 2970 1204 3036 D.
1250 2971 1443 3036 Pauli
1498 2969 1859 3037 doctrinam
1917 2973 2128 3055 magis
2171 2993 2248 3038 ac
2291 2973 2502 3057 magis
2546 2983 2803 3057 oportet

858 3056 1253 3137 confirmari,
1310 3077 1546 3140 nempe
1589 3056 1811 3122 Deum
1860 3077 2003 3123 esse
2045 3056 2304 3124 fidelem
2350 3068 2415 3124 et
2460 3080 2799 3142 nunquam

856 3143 1335 3229 permissurum
1393 3142 1620 3209 fideles
1680 3144 1854 3209 ultra
1909 3143 2083 3209 vires
2142 3165 2295 3211 suas
2353 3146 2629 3224 tentari,
2687 3145 2801 3211 sed

856 3228 1158 3295 omnibus
1209 3229 1498 3313 ipsorum
1544 3229 2003 3294 afflictionibus
2053 3239 2122 3294 et
2164 3231 2505 3314 angustiis,
2550 3231 2802 3298 felicem

859 3317 1112 3381 exitum
1172 3314 1502 3380 daturum.
1604 3315 1861 3394 Altina,
1914 3314 2204 3399 inquam,
2266 3316 2505 3382 animis
2565 3318 2803 3384 nostris

859 3400 1197 3485 infigenda
1256 3400 1554 3467 doctrina
1611 3401 1740 3464 ista
1781 3410 1901 3479 est,
1965 3412 2032 3465 et
2072 3401 2143 3464 in
2188 3401 2448 3469 Davide
2491 3412 2805 3486 tanquam

861 3486 933 3550 in
991 3487 1254 3569 speculo
1310 3484 1815 3569 contemplanda
1857 3487 2325 3570 promissorum
2368 3487 2497 3552 Dei
2543 3489 2806 3568 veritas,

859 3593 932 3637 re
968 3572 1109 3654 ipsa
1145 3571 1654 3637 demonstrantis
1691 3593 1781 3652 se,
1825 3571 1977 3637 licet
2011 3573 2080 3636 in
2117 3572 2430 3655 quasdam
2468 3576 2806 3658 angustias

860 3669 926 3722 et
962 3656 1378 3723 difficultates
1413 3679 1532 3723 nos
1576 3658 1894 3735 coniiciat,
1944 3679 2026 3724 ex
2070 3658 2305 3741 quibus
2353 3660 2569 3725 nullus
2614 3659 2807 3726 detur

863 3742 1084 3808 exitus
1167 3742 1507 3808 hominum
1570 3743 1917 3826 opinione,
1999 3743 2434 3810 nihilominus
2497 3745 2808 3812 adiuvare

863 3848 1019 3893 suos
1078 3838 1370 3910 tempore
1413 3840 1800 3912 opportune,
1862 3850 1938 3896 ac
1983 3829 2254 3912 proinde
2297 3832 2693 3912 sperandum
2737 3832 2805 3896 in

863 3916 1024 3997 ipse,
1084 3914 1449 3996 quicunque
1507 3915 1773 3979 tandem
1816 3934 2003 3981 casus
2046 3916 2439 4000 ingruerint,
2486 3928 2553 3982 et
2595 3918 2807 3982 omnis

862 4000 931 4066 in
990 3999 1134 4083 ipso
1190 3997 1426 4065 fiducia
1485 3998 1891 4076 collocanda,
1966 4001 2102 4065 fore
2160 4012 2234 4065 ut
2294 4024 2413 4068 nos
2472 4024 2808 4085 nunquam

862 4086 1139 4163 deserat,
1182 4084 1296 4151 sed
1334 4086 1402 4150 in
1448 4086 1722 4151 summis
1767 4085 2258 4154 difficultatibus
2305 4088 2588 4154 adiuvet.
2655 4088 2809 4153 Dis-

861 4170 1140 4239 cendum
1180 4171 1463 4254 denique
1484 4173 1702 4236 Deum
1737 4192 1928 4255 saepe
1965 4175 2343 4254 permittere
2380 4184 2452 4239 ut
2486 4175 2555 4238 in
2593 4175 2810 4240 istius·

861 4256 1040 4322 modi
1064 4256 1484 4323 difficultates
1520 4257 1900 4338 incidamus,
1943 4278 2071 4341 quo
2110 4259 2433 4324 discamus
2471 4260 2553 4324 ad
2591 4261 2807 4344 ipsum

863 4343 1244 4427 confugere,
1300 4354 1365 4408 et
1426 4344 1567 4408 eius
1627 4342 1976 4410 invocandi
2036 4345 2347 4410 maiorem
2403 4347 2806 4411 occasionem

864 4427 1259 4513 habeamus,
1327 4449 1409 4492 ex
1476 4428 1665 4495 cuius
1729 4429 2143 4511 providentia
2205 4439 2272 4495 et
2335 4431 2623 4497 bonitate
2689 4453 2808 4498 nos

863 4513 1148 4597 pendere
1206 4515 1679 4598 cognoscimus.
1768 4513 1882 4580 Sic
1936 4523 2123 4597 pater
2180 4525 2406 4581 noster
2448 4516 2808 4599 Abraham,

865 4599 1382 4683 quotiescunque
1439 4601 1505 4664 in
1563 4620 1854 4665 summas
1911 4600 2248 4683 angustias
2305 4601 2554 4682 incidit,
2614 4615 2682 4668 et
2739 4604 2808 4667 in

865 4686 1255 4750 immensam
1313 4685 1752 4751 tentationum
1814 4685 2121 4769 abyssum
2177 4686 2523 4754 immersus
2567 4697 2683 4768 est,
2728 4687 2810 4753 ad

867 4769 1084 4835 Deum
1160 4772 1427 4837 unicum
1489 4771 1801 4856 perfugit.
1904 4772 1992 4836 Et
2049 4774 2438 4839 nominatim
2493 4774 2715 4840 iussus
2772 4794 2811 4838 a

866 4854 1012 4920 Deo
1067 4856 1275 4922 filium
1333 4878 1526 4923 suum
1583 4858 1851 4923 unicum
1911 4858 2213 4924 Isaacum
2269 4860 2669 4939 interficere,
2743 4869 2812 4925 et

869 4942 1201 5008 victimam
1254 4941 1325 5008 in
1386 4941 1836 5009 holocaustum
1892 4945 2146 5022 offerre,
2203 4945 2398 5012 valde
2440 4946 2810 5028 obstupuit:

868 5026 988 5092 sed
1064 5036 1285 5094 tamen
1366 5028 1664 5112 exemplo
1741 5050 1860 5095 suo
1926 5029 2151 5095 docuit
2176 5081 2190 5105 ,
2270 5030 2440 5114 qnod
2505 5033 2809 5097 solatium

869 5114 1113 5180 nostris
1147 5114 1449 5180 omnibus
1484 5115 1673 5181 malis
1715 5125 1782 5181 et
1825 5114 2318 5181 difficultatibus
2362 5116 2807 5198 quaerendum

864 5200 967 5281 sit,
1004 5221 1203 5284 quum
1240 5201 1366 5266 ait:
1412 5200 1731 5267 Dominus
1754 5201 2132 5283 providebit.
2197 5201 2394 5283 Quod
2430 5201 2512 5267 ad
2536 5201 2806 5268 Saulem

2420 293 2553 361 ΗΟ
2564 294 2831 360 MILIA
2877 294 3283 363 LXXXIII.
4651 301 4731 366 460

2898 485 3156 566 attinet,
3215 505 3419 568 quare
3468 506 3597 550 non
3657 484 3901 550 oblitus
3943 494 4047 552 est
4087 484 4397 563 malitiae,
4443 491 4512 550 et
4545 506 4629 551 cur
4653 507 4737 554 non

2897 570 3232 637 meliorem
3311 581 3598 636 mentem
3679 568 3937 635 induit?
4047 571 4220 636 Nam
4300 569 4587 654 quamdiu
4632 573 4739 638 vixit

2896 656 3222 722 Davidem
3301 665 3734 740 persequutus
3808 666 3925 735 est,
4006 670 4071 722 et
4150 654 4231 721 ad
4306 667 4566 722 mortem
4618 678 4741 741 qute-

2897 743 3071 808 sivit.
3161 741 3602 823 Quamobrem
3650 740 3916 808 Saulem
3963 755 4233 825 apparet
4273 762 4407 807 non
4456 741 4637 826 aliqua
4664 743 4743 809 hu·

2897 829 3235 907 manitate‚
3280 849 3488 909 neque
3524 838 3822 910 respectu
3859 827 4078 910 aliquo
4104 828 4379 893 Davidis
4424 827 4636 894 victum
4666 829 4748 895 iter

2899 913 3256 998 abrupisse,
3312 914 3427 979 sed
3486 935 3526 979 a
3568 911 3713 978 Deo
3773 927 4196 991 coarctatum,
4252 923 4321 979 et
4376 913 4565 979 veluti
4614 915 4747 980 fibula

2899 998 3166 1066 naribus
3209 999 3451 1065 iniecta
3501 997 3850 1065 deductum
3913 1001 4122 1064 instar
4167 1001 4477 1082 ferarum,
4518 1020 4653 1082 quae
4681 1022 4748 1066 cs·

2900 1087 3039 1152 veis
3098 1085 3390 1150 inclusae
3434 1105 3768 1167 nunquam
3818 1095 4119 1151 naturam
4161 1106 4350 1152 suam
4396 1095 4643 1164 mutant,
4679 1085 4750 1151 sed

2900 1171 3146 1236 rabiem
3217 1170 3604 1254 despumant
3627 1219 3643 1248 ,
3723 1171 3847 1236 etsi
3915 1181 4135 1235 tamen
4199 1169 4537 1237 conclusae
4590 1192 4752 1237 nocere

2901 1265 3244 1340 nequeant.
3333 1256 3448 1323 Sic
3492 1256 3675 1321 Deus
3716 1254 3988 1321 Saulem
4050 1256 4251 1323 veluti
4300 1267 4514 1321 oestro
4552 1255 4755 1321 satam

2899 1342 3253 1425 impulsum
3294 1341 3722 1426 compescuit:
3768 1351 3835 1408 et
3868 1342 4023 1409 licet
4056 1342 4275 1407 furore
4312 1350 4521 1406 totum
4553 1343 4755 1407 fremen-

2903 1438 3031 1494 tem
3070 1429 3165 1493 ita
3206 1428 3517 1507 cohibuit,
3561 1438 3636 1492 ut
3677 1448 3749 1492 se
3792 1441 4062 1494 movere
4105 1440 4322 1492 tamen
4368 1449 4503 1492 non
4535 1429 4759 1511 potuerit,

2902 1514 3075 1596 quod
3135 1513 3451 1578 furiosum
3497 1513 3826 1578 homiuem
3874 1515 3942 1580 vi
3986 1534 4104 1580 sua
4146 1513 4460 1578 interiore
4500 1527 4759 1579 coerceret

2901 1600 3034 1665 Hic
3089 1599 3468 1674 notandum,
3529 1599 3820 1665 rationes
3879 1599 4120 1664 multas
4167 1598 4384 1664 Deum
4450 1599 4658 1664 habere
4689 1621 4764 1665 nce

2902 1683 3229 1761 servandi,
3287 1695 3353 1749 et
3407 1706 3488 1748 ex
3543 1684 3829 1750 hostium
3890 1685 4191 1750 manibus
4250 1684 4594 1768 eripiendi,
4652 1684 4763 1768 quod

2903 1770 3207 1853 deinceps
3266 1769 3560 1852 pluribus
3621 1768 4020 1837 videbimus:
4079 1770 4190 1836 sed
4248 1770 4434 1836 istud
4477 1771 4767 1853 exemplum

2901 1858 2970 1922 in
2996 1856 3366 1940 praesentia
3402 1855 3594 1921 debet
3627 1855 3948 1936 sufficere,
3986 1878 4071 1922 ex
4107 1877 4234 1939 quo
4269 1855 4593 1934 discimus,
4612 1856 4767 1921 Deum

2905 1963 3098 2027 saepe
3152 1942 3536 2027 permittere
3581 1953 3652 2006 ut
3699 1941 3919 2008 hostes
3963 1942 4275 2007 adversus
4318 1963 4445 2007 nos
4487 1963 4640 2007 vana
4670 1963 4769 2008 cou-

2906 2028 3053 2094 silia
3086 2029 3331 2108 ineant,
3376 2039 3444 2093 et
3478 2028 3764 2094 rationes
3799 2036 4122 2110 quaerant
4142 2027 4378 2110 quibus
4416 2050 4532 2093 nos
4551 2025 4775 2093 funditus

2905 2113 3344 2198 pessumdent,
3392 2126 3459 2179 et
3491 2115 3562 2178 in
3599 2114 3906 2179 ultimum
3951 2114 4224 2178 exitium
4270 2114 4624 2190 coniiciaut,
4662 2133 4774 2196 quae

2905 2211 3122 2266 tamen
3198 2200 3420 2265 omnia
3478 2200 3661 2265 Deus
3731 2198 4004 2282 dissipat
4062 2209 4390 2265 momento
4453 2210 4517 2264 et
4567 2198 4777 2264 nubibus

2904 2286 3091 2350 irrita
3149 2284 3366 2351 donat.
3456 2289 3675 2369 Atque
3733 2284 3953 2352 hostes
4011 2285 4272 2368 quidem
4318 2284 4529 2363 Deus,
4582 2285 4630 2349 si
4665 2283 4773 2356 vult

2905 2372 3254 2436 immutare
3311 2381 3544 2454 potest,
3609 2383 3675 2436 et
3734 2372 3909 2454 ipsos
3964 2370 4154 2454 lupos
4209 2372 4280 2435 in
4340 2392 4549 2455 agnos
4588 2380 4646 2435 et
4676 2390 4778 2434 oves

2907 2455 3393 2523 transformare.
3482 2454 3615 2523 Sed
3678 2478 3810 2521 non
3871 2477 4129 2539 semper
4182 2457 4359 2535 facit,
4423 2456 4588 2540 quod
4639 2455 4779 2520 variis

2905 2542 3114 2609 modis
3172 2563 3295 2607 nos
3350 2541 3463 2606 ille
3521 2562 3709 2608 suam
3764 2543 4262 2608 beneficentiam
4322 2542 4494 2608 velit
4546 2541 4783 2625 experiri.

2904 2628 3077 2694 Nam
3136 2649 3336 2711 quum
3384 2627 3565 2694 Deus
3620 2627 3845 2694 hostes
3901 2639 4154 2694 nostros
4197 2629 4529 2706 immutat,
4573 2628 4782 2711 gratiam

2904 2714 3164 2802 quidem
3239 2724 3306 2779 et
3364 2713 3724 2779 bonitatem
3784 2714 3992 2798 ipsius
4046 2715 4369 2781 sentimus
4430 2713 4784 2798 singularem.

2906 2813 2971 2865 et
3027 2821 3193 2883 quae
3248 2819 3555 2883 magnam
3610 2799 3797 2865 nobis
3854 2800 4170 2865 laetitiam
4228 2801 4474 2866 afferre
4527 2800 4713 2864 debet:
4752 2799 4784 2861 si

2906 2883 3163 2970 quidem
3232 2884 3544 2968 quidquid
3618 2887 3686 2951 in
3753 2888 3922 2952 votis
3974 2885 4216 2952 habere
4274 2906 4614 2970 possemus
4660 2882 4787 2947 nohis
4882 2885 4888 2940 Ι

2908 2971 3245 3055 contingit,
3307 2971 3489 3036 factis
3549 2971 3774 3038 amicis
3816 2972 3898 3037 iis
3943 2972 4056 3054 qui
4102 2992 4220 3038 nos
4265 2983 4471 3038 antea
4514 2989 4789 3055 perseque-

2907 3059 3164 3123 bantur.
3258 3056 3507 3122 Verum
3565 3068 3633 3123 et
3689 3057 3820 3123 alia
3876 3059 4129 3123 ratione
4187 3057 4697 3124 benevolentiam
4730 3055 4787 3135 ip»

2908 3143 3044 3210 sius
3118 3143 3530 3226 experimur,
3605 3152 3683 3208 ut
3736 3151 3803 3208 et
3860 3143 4117 3209 diabolo
4176 3152 4242 3207 et
4296 3143 4605 3209 omnibus
4650 3141 4792 3225 ipsine

2909 3229 3227 3294 ministris
3283 3227 3595 3295 audacter
3654 3228 4061 3309 insultemus,
4122 3238 4188 3294 et
4234 3230 4384 3295 Deo
4447 3228 4682 3313 gratias
4714 3227 4792 3288 im·

2910 3314 3217 3381 mortales
3285 3335 3480 3398 agere
3543 3313 3871 3381 discamus
3929 3335 4010 3379 ex
4071 3315 4312 3392 animo,
4386 3336 4592 3398 quum
4638 3311 4796 3377 hosts

2910 3403 3019 3485 qui
3075 3399 3371 3466 faucibus
3430 3402 3674 3500 apertis
3729 3410 4029 3466 nostrum
4083 3402 4482 3483 sanguinem
4541 3400 4795 3489 sitiebant,

2909 3497 2974 3553 et
3030 3487 3293 3551 iamiam
3353 3487 3662 3551 lamaturi
3721 3506 3840 3553 nos
3887 3485 4295 3565 videbantur,
4343 3488 4448 3552 sic
4493 3485 4725 3552 cohibet
4751 3499 4797 3542 vl

2908 3594 3028 3639 sua
3083 3571 3363 3655 quadam
3419 3593 3676 3651 arcana,
3738 3581 3814 3637 ut
3870 3592 3955 3637 ne
4016 3591 4279 3636 movere
4322 3593 4400 3638 se
4448 3571 4695 3655 quidem
4722 3564 4797 3630 nd·

2910 3680 3140 3725 versus
3201 3679 3319 3723 nos
3374 3659 3652 3742 possint,
3721 3657 3877 3724 licet
3933 3657 4361 3723 vehementer
4422 3663 4722 3741 expetant
4757 3661 4799 3713 et

2908 3755 3248 3812 conentur.
3329 3744 3475 3810 Hoc
3519 3744 3721 3827 igitur
3763 3744 4190 3827 conspicuum
4233 3744 4551 3826 exemplo
4572 3738 4803 3806 Davidis.

2910 3851 3104 3915 quem
3150 3827 3311 3895 Saul
3369 3830 3631 3912 quidem
3692 3830 3990 3913 persequi
4038 3850 4168 3893 non
4216 3828 4499 3909 destitit,
4542 3827 4649 3893 sed
4686 3843 4799 3920 nuu-

2910 3937 3105 3998 quam
3153 3926 3375 3979 tamen
3418 3915 3486 3979 in
3533 3915 3737 3998 ipsius
3781 3935 4015 3980 manus
4059 3914 4284 3981 venire
4324 3915 4526 3981 Dens
4559 3911 4800 3997 permisit

2911 4001 3151 4067 Nullus
3217 4020 3372 4065 vero
3438 4000 3546 4067 hic
3612 4001 3911 4068 fortunae
3976 4000 4157 4067 locus
4222 4011 4343 4066 est.
4466 4000 4531 4065 N
4535 4021 4634 4065 am
4683 3990 4797 4078 quod

2910 4097 3064 4154 ante
3099 4085 3384 4152 diximus
3406 4085 3734 4153 Davidem
3771 4109 3920 4154 cum
3964 4087 4103 4153 suis
4146 4086 4476 4153 militibus
4522 4093 4801 4152 exeuntem

2911 4174 3099 4240 Oeila
3151 4171 3354 4237 fuisse
3402 4181 3710 4255 vagatum
3757 4174 4098 4250 incertum,
4158 4172 4353 4237 debet
4402 4171 4490 4238 de
4530 4170 4799 4236 hominum

2911 4260 3234 4344 opinione
3271 4257 3587 4342 intelligi,
3658 4257 3895 4342 quibus
3954 4258 4175 4324 David
4229 4260 4429 4343 inops
4492 4252 4722 4325 consilii
4762 4259 4801 4315 el

2911 4347 3198 4411 incertus
3257 4346 3481 4427 vagari
3529 4343 3902 4410 videbatur:
3962 4344 4501 4428 quandoquidem
4540 4365 4621 4408 ex
4657 4355 4800 4404 seem

2912 4430 3357 4496 monumentis
3443 4428 3751 4496 discimus
3836 4428 4164 4496 Davidem
4246 4430 4484 4496 omnia
4565 4425 4801 4493 fusium

2913 4536 3258 4599 superasse
3301 4514 3595 4597 pericula
3638 4515 3765 4581 Dei
3808 4516 4123 4581 nimirum
4166 4517 4444 4582 auxilio.
4538 4516 4693 4580 Nam
4726 4509 4801 4572 ho·

2913 4603 3167 4667 minum
3222 4599 3362 4667 vita
3418 4602 3629 4683 posita
3684 4610 3788 4668 est
3840 4603 3907 4667 in
3967 4602 4091 4668 Dei
4150 4622 4394 4667 manu:
4464 4621 4545 4667 ac
4598 4589 4799 4692 proin-<¹e

2913 4697 3165 4754 eertum
3224 4695 3326 4752 est
3382 4708 3466 4752 nc
3525 4687 3832 4770 capillum
3879 4687 4139 4772 quidem
4184 4688 4428 4770 capitis
4474 4689 4617 4753 sine
4654 4686 4801 4766 ipsu

2914 4775 3252 4839 voluntate
3287 4792 3609 4838 casurum.
3677 4772 3904 4856 Neque
3940 4774 4113 4839 enim
4157 4773 4283 4839 ista
4308 4773 4565 4838 Davidi
4609 4775 4797 4834 tantum

2912 4859 3348 4942 conveniunt,
3421 4856 3534 4924 sed
3600 4859 3904 4926 omnibus
3963 4858 4262 4925 fidelibus
4316 4860 4717 4925 scribuntur:
4758 4861 4799 4912 ὅ

2912 4946 3058 5011 istis
3118 4944 3448 5022 docentur,
3507 4944 3654 5009 Deo
3710 4965 3854 5010 sese
3910 4945 4316 5012 committere
4378 4957 4455 5011 et
4511 4943 4589 5008 ad
4642 4941 4793 5022 ipsum

2913 5030 3310 5097 difficillimis
3351 5030 3550 5095 rebus
3592 5032 3962 5116 confugere,
4005 5051 4166 5114 quos
4208 5052 4329 5097 suo
4380 5027 4695 5114 praesidio
4712 5035 4797 5086 tm·

2914 5125 3023 5182 tur
3079 5131 3146 5183 et
3202 5137 3284 5180 ex
3344 5115 3645 5181 omnibus
3707 5117 4012 5201 periculis
4068 5117 4260 5183 eruit.
4348 5118 4459 5183 Ac
4516 5117 4657 5181 lieet
4690 5127 4795 5174 nm·

2912 5221 3249 5286 nunquam
3288 5201 3506 5268 hostes
3540 5202 3836 5269 veritatis
3871 5205 3941 5268 in
3977 5222 4095 5269 nos
4138 5202 4434 5286 aliquam
4481 5209 4793 5287 potestatem
