<?xml version="1.0" encoding="UTF-8"?>
<!DOCTYPE html PUBLIC "-//W3C//DTD XHTML 1.0 Transitional//EN"
    "http://www.w3.org/TR/xhtml1/DTD/xhtml1-transitional.dtd">
<html xmlns="http://www.w3.org/1999/xhtml" xml:lang="en" lang="en">
 <head>
  <title>
</title>
<meta http-equiv="Content-Type" content="text/html;charset=utf-8" />
  <meta name='ocr-system' content='tesseract 3.04.00' />
  <meta name='ocr-capabilities' content='ocr_page ocr_carea ocr_par ocr_line ocrx_word'/>
</head>
<body>
  <div class='ocr_page' id='page_1' title='image "./ioanniscalvinio07unkngoog_0240.png"; bbox 0 0 5059 6059; ppageno 0'>
   <div class='ocr_carea' id='block_1_1' title="bbox 795 319 925 389">
    <p class='ocr_par' dir='ltr' id='par_1_1' title="bbox 795 319 925 389">
     <span class='ocr_line' id='line_1_1' title="bbox 795 319 925 389; baseline 0.008 -1"><span class='ocrx_word' id='word_1_1' title='bbox 795 319 925 389; x_wconf 83' lang='lat'><strong>395</strong></span> 
     </span>
    </p>
   </div>
   <div class='ocr_carea' id='block_1_2' title="bbox 2514 314 3132 384">
    <p class='ocr_par' dir='ltr' id='par_1_2' title="bbox 2514 314 3132 384">
     <span class='ocr_line' id='line_1_2' title="bbox 2514 314 3132 384; baseline 0.003 -2"><span class='ocrx_word' id='word_1_2' title='bbox 2514 314 2929 383; x_wconf 78' lang='lat' dir='ltr'>HOMILIA</span> <span class='ocrx_word' id='word_1_3' title='bbox 2973 317 3132 384; x_wconf 82' lang='lat' dir='ltr'><strong>XV.</strong></span> 
     </span>
    </p>
   </div>
   <div class='ocr_carea' id='block_1_3' title="bbox 4647 318 4748 385">
    <p class='ocr_par' dir='ltr' id='par_1_3' title="bbox 4647 318 4748 385">
     <span class='ocr_line' id='line_1_3' title="bbox 4647 318 4748 385; baseline 0 0"><span class='ocrx_word' id='word_1_4' title='bbox 4647 318 4748 385; x_wconf 80' lang='lat'><strong>396</strong></span> 
     </span>
    </p>
   </div>
   <div class='ocr_carea' id='block_1_4' title="bbox 796 503 4752 588">
    <p class='ocr_par' dir='ltr' id='par_1_4' title="bbox 796 503 4752 588">
     <span class='ocr_line' id='line_1_4' title="bbox 796 503 4752 588; baseline -0.001 -12"><span class='ocrx_word' id='word_1_5' title='bbox 796 511 936 578; x_wconf 81' lang='lat' dir='ltr'><strong>titis</strong></span> <span class='ocrx_word' id='word_1_6' title='bbox 982 508 1250 587; x_wconf 87' lang='lat' dir='ltr'><strong>vicibus,</strong></span> <span class='ocrx_word' id='word_1_7' title='bbox 1317 514 1396 572; x_wconf 92' lang='lat' dir='ltr'><strong>ut</strong></span> <span class='ocrx_word' id='word_1_8' title='bbox 1459 505 1738 574; x_wconf 75' lang='lat' dir='ltr'>subinde</span> <span class='ocrx_word' id='word_1_9' title='bbox 1799 506 2257 573; x_wconf 72' lang='lat' dir='ltr'><strong>recrudescere</strong></span> <span class='ocrx_word' id='word_1_10' title='bbox 2316 505 2595 573; x_wconf 87' lang='lat' dir='ltr'><strong>vulnera</strong></span> <span class='ocrx_word' id='word_1_11' title='bbox 2648 504 2751 570; x_wconf 90' lang='lat' dir='ltr'><strong>vi-</strong></span> <span class='ocrx_word' id='word_1_12' title='bbox 2850 527 3030 572; x_wconf 90' lang='lat' dir='ltr'><strong>mere</strong></span> <span class='ocrx_word' id='word_1_13' title='bbox 3084 505 3292 572; x_wconf 85' lang='lat' dir='ltr'><strong>effuso</strong></span> <span class='ocrx_word' id='word_1_14' title='bbox 3349 504 3719 571; x_wconf 91' lang='lat' dir='ltr'><strong>iuramento</strong></span> <span class='ocrx_word' id='word_1_15' title='bbox 3762 504 3975 572; x_wconf 84' lang='lat' dir='ltr'><strong>securi</strong></span> <span class='ocrx_word' id='word_1_16' title='bbox 4017 512 4259 583; x_wconf 87' lang='lat' dir='ltr'><strong>essent,</strong></span> <span class='ocrx_word' id='word_1_17' title='bbox 4317 503 4430 571; x_wconf 89' lang='lat' dir='ltr'><strong>sed</strong></span> <span class='ocrx_word' id='word_1_18' title='bbox 4464 506 4659 588; x_wconf 86' lang='lat' dir='ltr'><strong>potius</strong></span> <span class='ocrx_word' id='word_1_19' title='bbox 4686 507 4752 575; x_wconf 88' lang='lat' dir='ltr'><strong>de</strong></span> 
     </span>
    </p>
   </div>
   <div class='ocr_carea' id='block_1_5' title="bbox 799 590 2745 678">
    <p class='ocr_par' dir='ltr' id='par_1_5' title="bbox 799 590 2745 678">
     <span class='ocr_line' id='line_1_5' title="bbox 799 590 2745 678; baseline -0.004 -15"><span class='ocrx_word' id='word_1_20' title='bbox 799 597 1103 663; x_wconf 86' lang='lat' dir='ltr'><strong>deantur:</strong></span> <span class='ocrx_word' id='word_1_21' title='bbox 1164 602 1233 659; x_wconf 89' lang='lat' dir='ltr'><strong>et</strong></span> <span class='ocrx_word' id='word_1_22' title='bbox 1289 593 1616 678; x_wconf 73' lang='lat' dir='ltr'><strong>patienter</strong></span> <span class='ocrx_word' id='word_1_23' title='bbox 1668 593 1803 672; x_wconf 85' lang='lat' dir='ltr'><strong>illa,</strong></span> <span class='ocrx_word' id='word_1_24' title='bbox 1862 593 2327 677; x_wconf 89' lang='lat' dir='ltr'><strong>gravissimum</strong></span> <span class='ocrx_word' id='word_1_25' title='bbox 2381 591 2537 657; x_wconf 89' lang='lat' dir='ltr'><strong>licet</strong></span> <span class='ocrx_word' id='word_1_26' title='bbox 2577 590 2745 656; x_wconf 87' lang='lat' dir='ltr'><strong>infe·</strong></span> 
     </span>
    </p>
   </div>
   <div class='ocr_carea' id='block_1_6' title="bbox 2853 591 4753 676">
    <p class='ocr_par' dir='ltr' id='par_1_6' title="bbox 2853 591 4753 676">
     <span class='ocr_line' id='line_1_6' title="bbox 2853 591 4753 676; baseline 0.002 -20"><span class='ocrx_word' id='word_1_27' title='bbox 2853 592 2981 658; x_wconf 89' lang='lat' dir='ltr'><strong>Dei</strong></span> <span class='ocrx_word' id='word_1_28' title='bbox 3023 592 3372 658; x_wconf 87' lang='lat' dir='ltr'><strong>maiestate</strong></span> <span class='ocrx_word' id='word_1_29' title='bbox 3413 592 3583 659; x_wconf 86' lang='lat' dir='ltr'><strong>serio</strong></span> <span class='ocrx_word' id='word_1_30' title='bbox 3626 591 4010 676; x_wconf 86' lang='lat' dir='ltr'><strong>cogitarent,</strong></span> <span class='ocrx_word' id='word_1_31' title='bbox 4068 599 4137 656; x_wconf 89' lang='lat' dir='ltr'><strong>et</strong></span> <span class='ocrx_word' id='word_1_32' title='bbox 4188 612 4324 658; x_wconf 92' lang='lat' dir='ltr'><strong>nou</strong></span> <span class='ocrx_word' id='word_1_33' title='bbox 4380 611 4524 657; x_wconf 89' lang='lat' dir='ltr'><strong>esse</strong></span> <span class='ocrx_word' id='word_1_34' title='bbox 4569 591 4753 660; x_wconf 86' lang='lat' dir='ltr'><strong>lusum</strong></span> 
     </span>
    </p>
   </div>
   <div class='ocr_carea' id='block_1_7' title="bbox 799 675 4755 762">
    <p class='ocr_par' dir='ltr' id='par_1_7' title="bbox 799 675 4755 762">
     <span class='ocr_line' id='line_1_7' title="bbox 799 675 4755 762; baseline -0.001 -13"><span class='ocrx_word' id='word_1_35' title='bbox 799 684 1016 749; x_wconf 90' lang='lat' dir='ltr'><strong>rentia</strong></span> <span class='ocrx_word' id='word_1_36' title='bbox 1061 681 1376 758; x_wconf 88' lang='lat' dir='ltr'><strong>dolorem,</strong></span> <span class='ocrx_word' id='word_1_37' title='bbox 1458 679 1851 762; x_wconf 88' lang='lat' dir='ltr'><strong>toleramus,</strong></span> <span class='ocrx_word' id='word_1_38' title='bbox 1919 678 2093 762; x_wconf 90' lang='lat' dir='ltr'><strong>quod</strong></span> <span class='ocrx_word' id='word_1_39' title='bbox 2136 699 2336 762; x_wconf 92' lang='lat' dir='ltr'><strong>quum</strong></span> <span class='ocrx_word' id='word_1_40' title='bbox 2382 677 2523 743; x_wconf 89' lang='lat' dir='ltr'><strong>vita</strong></span> <span class='ocrx_word' id='word_1_41' title='bbox 2587 675 2751 743; x_wconf 82' lang='lat' dir='ltr'><strong>haec</strong></span> <span class='ocrx_word' id='word_1_42' title='bbox 2851 688 2967 744; x_wconf 93' lang='lat' dir='ltr'><strong>aut</strong></span> <span class='ocrx_word' id='word_1_43' title='bbox 3010 680 3245 757; x_wconf 89' lang='lat' dir='ltr'><strong>iocum,</strong></span> <span class='ocrx_word' id='word_1_44' title='bbox 3305 677 3421 745; x_wconf 86' lang='lat' dir='ltr'><strong>sed</strong></span> <span class='ocrx_word' id='word_1_45' title='bbox 3477 699 3620 744; x_wconf 90' lang='lat' dir='ltr'><strong>rem</strong></span> <span class='ocrx_word' id='word_1_46' title='bbox 3680 678 3920 743; x_wconf 87' lang='lat' dir='ltr'><strong>seriam</strong></span> <span class='ocrx_word' id='word_1_47' title='bbox 3980 686 4048 742; x_wconf 91' lang='lat' dir='ltr'><strong>et</strong></span> <span class='ocrx_word' id='word_1_48' title='bbox 4104 676 4186 743; x_wconf 90' lang='lat' dir='ltr'><strong>de</strong></span> <span class='ocrx_word' id='word_1_49' title='bbox 4237 676 4461 743; x_wconf 87' lang='lat' dir='ltr'><strong>divina</strong></span> <span class='ocrx_word' id='word_1_50' title='bbox 4499 677 4755 746; x_wconf 78' lang='lat' dir='ltr'><strong>vindicta</strong></span> 
     </span>
    </p>
   </div>
   <div class='ocr_carea' id='block_1_8' title="bbox 732 762 2749 4966">
    <p class='ocr_par' dir='ltr' id='par_1_8' title="bbox 795 762 2749 1877">
     <span class='ocr_line' id='line_1_8' title="bbox 797 762 2747 845; baseline -0.003 -11"><span class='ocrx_word' id='word_1_51' title='bbox 797 769 987 835; x_wconf 87' lang='lat' dir='ltr'><strong>nobie</strong></span> <span class='ocrx_word' id='word_1_52' title='bbox 1030 766 1370 834; x_wconf 88' lang='lat' dir='ltr'><strong>carissima</strong></span> <span class='ocrx_word' id='word_1_53' title='bbox 1432 766 1550 845; x_wconf 89' lang='lat' dir='ltr'><strong>sit,</strong></span> <span class='ocrx_word' id='word_1_54' title='bbox 1609 764 1692 830; x_wconf 84' lang='lat' dir='ltr'><strong>ad</strong></span> <span class='ocrx_word' id='word_1_55' title='bbox 1760 766 1901 831; x_wconf 90' lang='lat' dir='ltr'><strong>eius</strong></span> <span class='ocrx_word' id='word_1_56' title='bbox 1941 765 2512 830; x_wconf 86' lang='lat' dir='ltr'><strong>conservationem</strong></span> <span class='ocrx_word' id='word_1_57' title='bbox 2558 762 2747 845; x_wconf 90' lang='lat' dir='ltr'><strong>quid·</strong></span> 
     </span>
     <span class='ocr_line' id='line_1_9' title="bbox 798 849 2748 935; baseline -0.005 -14"><span class='ocrx_word' id='word_1_58' title='bbox 798 855 957 922; x_wconf 88' lang='lat' dir='ltr'><strong>libet</strong></span> <span class='ocrx_word' id='word_1_59' title='bbox 1001 853 1172 920; x_wconf 83' lang='lat' dir='ltr'><strong>ferre</strong></span> <span class='ocrx_word' id='word_1_60' title='bbox 1215 850 1432 935; x_wconf 85' lang='lat' dir='ltr'><strong>parati</strong></span> <span class='ocrx_word' id='word_1_61' title='bbox 1476 852 1720 917; x_wconf 87' lang='lat' dir='ltr'><strong>simus:</strong></span> <span class='ocrx_word' id='word_1_62' title='bbox 1784 851 1881 915; x_wconf 89' lang='lat' dir='ltr'><strong>sic</strong></span> <span class='ocrx_word' id='word_1_63' title='bbox 1943 871 2148 934; x_wconf 91' lang='lat' dir='ltr'><strong>quum</strong></span> <span class='ocrx_word' id='word_1_64' title='bbox 2218 849 2299 915; x_wconf 92' lang='lat' dir='ltr'><strong>de</strong></span> <span class='ocrx_word' id='word_1_65' title='bbox 2364 857 2748 915; x_wconf 86' lang='lat' dir='ltr'><strong>nostrarum</strong></span> 
     </span>
     <span class='ocr_line' id='line_1_10' title="bbox 797 933 2745 1021; baseline -0.003 -16"><span class='ocrx_word' id='word_1_66' title='bbox 797 941 1168 1006; x_wconf 84' lang='lat' dir='ltr'><strong>animarum</strong></span> <span class='ocrx_word' id='word_1_67' title='bbox 1211 938 1426 1003; x_wconf 89' lang='lat' dir='ltr'><strong>salute</strong></span> <span class='ocrx_word' id='word_1_68' title='bbox 1470 937 1711 1021; x_wconf 87' lang='lat' dir='ltr'><strong>agitur,</strong></span> <span class='ocrx_word' id='word_1_69' title='bbox 1758 957 1922 1019; x_wconf 90' lang='lat' dir='ltr'><strong>quos</strong></span> <span class='ocrx_word' id='word_1_70' title='bbox 1964 959 2099 1002; x_wconf 90' lang='lat' dir='ltr'><strong>non</strong></span> <span class='ocrx_word' id='word_1_71' title='bbox 2143 936 2316 1001; x_wconf 82' lang='lat' dir='ltr'><strong>ferre</strong></span> <span class='ocrx_word' id='word_1_72' title='bbox 2350 933 2603 1000; x_wconf 90' lang='lat' dir='ltr'><strong>dolores</strong></span> <span class='ocrx_word' id='word_1_73' title='bbox 2639 933 2745 999; x_wconf 89' lang='lat' dir='ltr'><strong>de-</strong></span> 
     </span>
     <span class='ocr_line' id='line_1_11' title="bbox 798 1020 2745 1106; baseline -0.005 -13"><span class='ocrx_word' id='word_1_74' title='bbox 798 1024 1071 1094; x_wconf 82' lang='lat' dir='ltr'><strong>bemus?</strong></span> <span class='ocrx_word' id='word_1_75' title='bbox 1178 1022 1405 1106; x_wconf 80' lang='lat' dir='ltr'><strong>Quare</strong></span> <span class='ocrx_word' id='word_1_76' title='bbox 1461 1022 1789 1088; x_wconf 87' lang='lat' dir='ltr'><strong>discamus</strong></span> <span class='ocrx_word' id='word_1_77' title='bbox 1842 1043 1965 1088; x_wconf 89' lang='lat' dir='ltr'><strong>nos</strong></span> <span class='ocrx_word' id='word_1_78' title='bbox 2023 1031 2194 1087; x_wconf 90' lang='lat' dir='ltr'><strong>totos</strong></span> <span class='ocrx_word' id='word_1_79' title='bbox 2252 1020 2379 1087; x_wconf 90' lang='lat' dir='ltr'><strong>Dei</strong></span> <span class='ocrx_word' id='word_1_80' title='bbox 2440 1021 2745 1085; x_wconf 90' lang='lat' dir='ltr'><strong>manibus</strong></span> 
     </span>
     <span class='ocr_line' id='line_1_12' title="bbox 795 1106 2747 1197; baseline -0.005 -19"><span class='ocrx_word' id='word_1_81' title='bbox 795 1110 1194 1197; x_wconf 81' lang='lat' dir='ltr'><strong>permittere,</strong></span> <span class='ocrx_word' id='word_1_82' title='bbox 1250 1116 1330 1174; x_wconf 91' lang='lat' dir='ltr'><strong>ut</strong></span> <span class='ocrx_word' id='word_1_83' title='bbox 1370 1109 1656 1174; x_wconf 87' lang='lat' dir='ltr'><strong>vomicas</strong></span> <span class='ocrx_word' id='word_1_84' title='bbox 1700 1116 1958 1175; x_wconf 87' lang='lat' dir='ltr'><strong>nostrae</strong></span> <span class='ocrx_word' id='word_1_85' title='bbox 2013 1108 2285 1191; x_wconf 89' lang='lat' dir='ltr'><strong>aperiat,</strong></span> <span class='ocrx_word' id='word_1_86' title='bbox 2343 1115 2413 1173; x_wconf 89' lang='lat' dir='ltr'><strong>et</strong></span> <span class='ocrx_word' id='word_1_87' title='bbox 2467 1106 2747 1171; x_wconf 91' lang='lat' dir='ltr'><strong>vulnera</strong></span> 
     </span>
     <span class='ocr_line' id='line_1_13' title="bbox 796 1192 2749 1266; baseline -0.006 -1"><span class='ocrx_word' id='word_1_88' title='bbox 796 1206 1004 1266; x_wconf 89' lang='lat' dir='ltr'><strong>sanet.</strong></span> <span class='ocrx_word' id='word_1_89' title='bbox 1108 1199 1209 1262; x_wconf 85' lang='lat' dir='ltr'><strong>Ae</strong></span> <span class='ocrx_word' id='word_1_90' title='bbox 1272 1195 1330 1260; x_wconf 91' lang='lat' dir='ltr'><strong>si</strong></span> <span class='ocrx_word' id='word_1_91' title='bbox 1394 1194 1697 1260; x_wconf 81' lang='lat' dir='ltr'><strong>difficiles</strong></span> <span class='ocrx_word' id='word_1_92' title='bbox 1760 1202 1827 1258; x_wconf 89' lang='lat' dir='ltr'><strong>et</strong></span> <span class='ocrx_word' id='word_1_93' title='bbox 1889 1193 2331 1259; x_wconf 86' lang='lat' dir='ltr'><strong>intolerabiles</strong></span> <span class='ocrx_word' id='word_1_94' title='bbox 2395 1192 2749 1259; x_wconf 89' lang='lat' dir='ltr'><strong>videantur</strong></span> 
     </span>
     <span class='ocr_line' id='line_1_14' title="bbox 797 1279 2743 1363; baseline -0.005 -12"><span class='ocrx_word' id='word_1_95' title='bbox 797 1286 941 1351; x_wconf 90' lang='lat' dir='ltr'><strong>eius</strong></span> <span class='ocrx_word' id='word_1_96' title='bbox 1007 1282 1463 1357; x_wconf 86' lang='lat' dir='ltr'><strong>correctiones,</strong></span> <span class='ocrx_word' id='word_1_97' title='bbox 1527 1279 1609 1344; x_wconf 91' lang='lat' dir='ltr'><strong>ad</strong></span> <span class='ocrx_word' id='word_1_98' title='bbox 1670 1281 1942 1346; x_wconf 90' lang='lat' dir='ltr'><strong>verbum</strong></span> <span class='ocrx_word' id='word_1_99' title='bbox 1999 1279 2204 1363; x_wconf 88' lang='lat' dir='ltr'><strong>ipsius</strong></span> <span class='ocrx_word' id='word_1_100' title='bbox 2269 1279 2743 1362; x_wconf 85' lang='lat' dir='ltr'><strong>confugiamus,</strong></span> 
     </span>
     <span class='ocr_line' id='line_1_15' title="bbox 798 1363 2744 1453; baseline -0.005 -16"><span class='ocrx_word' id='word_1_101' title='bbox 798 1394 885 1437; x_wconf 82' lang='lat' dir='ltr'><strong>ex</strong></span> <span class='ocrx_word' id='word_1_102' title='bbox 940 1389 1068 1453; x_wconf 93' lang='lat' dir='ltr'><strong>quo</strong></span> <span class='ocrx_word' id='word_1_103' title='bbox 1125 1367 1455 1434; x_wconf 87' lang='lat' dir='ltr'><strong>discamus</strong></span> <span class='ocrx_word' id='word_1_104' title='bbox 1512 1366 1842 1448; x_wconf 78' lang='lat' dir='ltr'><strong>patienter</strong></span> <span class='ocrx_word' id='word_1_105' title='bbox 1897 1367 2168 1431; x_wconf 88' lang='lat' dir='ltr'><strong>Domini</strong></span> <span class='ocrx_word' id='word_1_106' title='bbox 2219 1384 2495 1429; x_wconf 91' lang='lat' dir='ltr'><strong>manum</strong></span> <span class='ocrx_word' id='word_1_107' title='bbox 2554 1363 2744 1441; x_wconf 85' lang='lat' dir='ltr'><strong>ferre,</strong></span> 
     </span>
     <span class='ocr_line' id='line_1_16' title="bbox 800 1446 2746 1539; baseline -0.006 -15"><span class='ocrx_word' id='word_1_108' title='bbox 800 1471 1115 1539; x_wconf 89' lang='lat' dir='ltr'><strong>tanquam</strong></span> <span class='ocrx_word' id='word_1_109' title='bbox 1170 1451 1637 1538; x_wconf 80' lang='lat' dir='ltr'><strong>sapientissimi</strong></span> <span class='ocrx_word' id='word_1_110' title='bbox 1693 1451 1947 1532; x_wconf 89' lang='lat' dir='ltr'><strong>medici,</strong></span> <span class='ocrx_word' id='word_1_111' title='bbox 2004 1472 2090 1517; x_wconf 90' lang='lat' dir='ltr'><strong>ne</strong></span> <span class='ocrx_word' id='word_1_112' title='bbox 2146 1451 2314 1517; x_wconf 86' lang='lat' dir='ltr'><strong>forte</strong></span> <span class='ocrx_word' id='word_1_113' title='bbox 2371 1450 2608 1515; x_wconf 84' lang='lat' dir='ltr'><strong>misere</strong></span> <span class='ocrx_word' id='word_1_114' title='bbox 2662 1446 2746 1513; x_wconf 90' lang='lat' dir='ltr'><strong>ab</strong></span> 
     </span>
     <span class='ocr_line' id='line_1_17' title="bbox 797 1535 2745 1627; baseline -0.005 -19"><span class='ocrx_word' id='word_1_115' title='bbox 797 1545 940 1627; x_wconf 88' lang='lat' dir='ltr'><strong>ipso</strong></span> <span class='ocrx_word' id='word_1_116' title='bbox 974 1539 1265 1605; x_wconf 76' lang='lat' dir='ltr'><strong>derelicti</strong></span> <span class='ocrx_word' id='word_1_117' title='bbox 1300 1558 1665 1623; x_wconf 90' lang='lat' dir='ltr'><strong>pereamus.</strong></span> <span class='ocrx_word' id='word_1_118' title='bbox 1722 1538 1815 1602; x_wconf 86' lang='lat' dir='ltr'><strong>Et</strong></span> <span class='ocrx_word' id='word_1_119' title='bbox 1848 1538 2012 1602; x_wconf 88' lang='lat' dir='ltr'><strong>haec</strong></span> <span class='ocrx_word' id='word_1_120' title='bbox 2047 1537 2314 1619; x_wconf 90' lang='lat' dir='ltr'><strong>quidem</strong></span> <span class='ocrx_word' id='word_1_121' title='bbox 2349 1535 2745 1601; x_wconf 89' lang='lat' dir='ltr'><strong>documenta</strong></span> 
     </span>
     <span class='ocr_line' id='line_1_18' title="bbox 798 1622 2744 1707; baseline -0.005 -13"><span class='ocrx_word' id='word_1_122' title='bbox 798 1627 989 1695; x_wconf 88' lang='lat' dir='ltr'><strong>nobis</strong></span> <span class='ocrx_word' id='word_1_123' title='bbox 1032 1626 1188 1692; x_wconf 89' lang='lat' dir='ltr'><strong>Heli</strong></span> <span class='ocrx_word' id='word_1_124' title='bbox 1246 1623 1620 1706; x_wconf 85' lang='lat' dir='ltr'><strong>exemplum</strong></span> <span class='ocrx_word' id='word_1_125' title='bbox 1676 1624 1990 1707; x_wconf 81' lang='lat' dir='ltr'><strong>suggerit,</strong></span> <span class='ocrx_word' id='word_1_126' title='bbox 2060 1623 2173 1706; x_wconf 90' lang='lat' dir='ltr'><strong>qui</strong></span> <span class='ocrx_word' id='word_1_127' title='bbox 2227 1622 2383 1689; x_wconf 89' lang='lat' dir='ltr'><strong>licet</strong></span> <span class='ocrx_word' id='word_1_128' title='bbox 2435 1622 2744 1686; x_wconf 90' lang='lat' dir='ltr'><strong>nuntium</strong></span> 
     </span>
     <span class='ocr_line' id='line_1_19' title="bbox 799 1707 2743 1793; baseline -0.006 -12"><span class='ocrx_word' id='word_1_129' title='bbox 799 1711 1265 1791; x_wconf 89' lang='lat' dir='ltr'><strong>iniucundum,</strong></span> <span class='ocrx_word' id='word_1_130' title='bbox 1331 1719 1495 1793; x_wconf 90' lang='lat' dir='ltr'><strong>puta</strong></span> <span class='ocrx_word' id='word_1_131' title='bbox 1556 1709 1695 1776; x_wconf 89' lang='lat' dir='ltr'><strong>irae</strong></span> <span class='ocrx_word' id='word_1_132' title='bbox 1760 1707 2021 1775; x_wconf 90' lang='lat' dir='ltr'><strong>divinae</strong></span> <span class='ocrx_word' id='word_1_133' title='bbox 2093 1709 2442 1791; x_wconf 84' lang='lat' dir='ltr'><strong>acciperet,</strong></span> <span class='ocrx_word' id='word_1_134' title='bbox 2521 1717 2743 1772; x_wconf 89' lang='lat' dir='ltr'><strong>tamen</strong></span> 
     </span>
     <span class='ocr_line' id='line_1_20' title="bbox 798 1794 2331 1877; baseline -0.006 -10"><span class='ocrx_word' id='word_1_135' title='bbox 798 1800 986 1867; x_wconf 90' lang='lat' dir='ltr'><strong>illum</strong></span> <span class='ocrx_word' id='word_1_136' title='bbox 1031 1819 1072 1864; x_wconf 92' lang='lat' dir='ltr'><strong>a</strong></span> <span class='ocrx_word' id='word_1_137' title='bbox 1116 1796 1427 1864; x_wconf 79' lang='lat' dir='ltr'><strong>Samuele</strong></span> <span class='ocrx_word' id='word_1_138' title='bbox 1469 1794 1594 1860; x_wconf 88' lang='lat' dir='ltr'><strong>sibi</strong></span> <span class='ocrx_word' id='word_1_139' title='bbox 1638 1796 1932 1877; x_wconf 89' lang='lat' dir='ltr'><strong>patefieri</strong></span> <span class='ocrx_word' id='word_1_140' title='bbox 1975 1796 2331 1861; x_wconf 88' lang='lat' dir='ltr'><strong>contendit.</strong></span> 
     </span>
    </p>

    <p class='ocr_par' dir='ltr' id='par_1_9' title="bbox 732 1877 2747 4966">
     <span class='ocr_line' id='line_1_21' title="bbox 972 1877 2745 1962; baseline -0.005 -12"><span class='ocrx_word' id='word_1_141' title='bbox 972 1885 1184 1950; x_wconf 89' lang='lat' dir='ltr'><strong>Porro</strong></span> <span class='ocrx_word' id='word_1_142' title='bbox 1226 1881 1653 1947; x_wconf 90' lang='lat' dir='ltr'><strong>adiurationis</strong></span> <span class='ocrx_word' id='word_1_143' title='bbox 1686 1881 1967 1947; x_wconf 86' lang='lat' dir='ltr'><strong>formula</strong></span> <span class='ocrx_word' id='word_1_144' title='bbox 2009 1879 2142 1945; x_wconf 90' lang='lat' dir='ltr'><strong>illis</strong></span> <span class='ocrx_word' id='word_1_145' title='bbox 2177 1877 2581 1962; x_wconf 88' lang='lat' dir='ltr'><strong>temporibus</strong></span> <span class='ocrx_word' id='word_1_146' title='bbox 2617 1877 2745 1942; x_wconf 90' lang='lat' dir='ltr'><strong>usi-</strong></span> 
     </span>
     <span class='ocr_line' id='line_1_22' title="bbox 799 1964 2746 2048; baseline -0.005 -11"><span class='ocrx_word' id='word_1_147' title='bbox 799 1969 1124 2038; x_wconf 86' lang='lat' dir='ltr'><strong>tatissima</strong></span> <span class='ocrx_word' id='word_1_148' title='bbox 1170 1967 1544 2035; x_wconf 80' lang='lat' dir='ltr'><strong>Samuelem</strong></span> <span class='ocrx_word' id='word_1_149' title='bbox 1602 1964 1810 2048; x_wconf 89' lang='lat' dir='ltr'><strong>adigit</strong></span> <span class='ocrx_word' id='word_1_150' title='bbox 1867 1965 1949 2031; x_wconf 89' lang='lat' dir='ltr'><strong>ad</strong></span> <span class='ocrx_word' id='word_1_151' title='bbox 2006 1967 2355 2032; x_wconf 82' lang='lat' dir='ltr'><strong>veritatem</strong></span> <span class='ocrx_word' id='word_1_152' title='bbox 2400 1965 2524 2029; x_wconf 90' lang='lat' dir='ltr'><strong>sibi</strong></span> <span class='ocrx_word' id='word_1_153' title='bbox 2568 1972 2746 2046; x_wconf 86' lang='lat' dir='ltr'><strong>pate-</strong></span> 
     </span>
     <span class='ocr_line' id='line_1_23' title="bbox 796 2048 2747 2137; baseline -0.006 -13"><span class='ocrx_word' id='word_1_154' title='bbox 796 2055 1179 2132; x_wconf 79' lang='lat' dir='ltr'><strong>faciendam,</strong></span> <span class='ocrx_word' id='word_1_155' title='bbox 1227 2073 1432 2137; x_wconf 90' lang='lat' dir='ltr'><strong>quum</strong></span> <span class='ocrx_word' id='word_1_156' title='bbox 1474 2054 1602 2117; x_wconf 89' lang='lat' dir='ltr'><strong>ait:</strong></span> <span class='ocrx_word' id='word_1_157' title='bbox 1649 2051 1827 2118; x_wconf 82' lang='lat' dir='ltr'><strong>Haeo</strong></span> <span class='ocrx_word' id='word_1_158' title='bbox 1866 2052 2065 2134; x_wconf 73' lang='lat' dir='ltr'><strong>faciat</strong></span> <span class='ocrx_word' id='word_1_159' title='bbox 2106 2052 2222 2117; x_wconf 73' lang='lat' dir='ltr'><strong>tibi</strong></span> <span class='ocrx_word' id='word_1_160' title='bbox 2254 2049 2455 2129; x_wconf 76' lang='lat' dir='ltr'><strong>Deus,</strong></span> <span class='ocrx_word' id='word_1_161' title='bbox 2498 2054 2558 2115; x_wconf 70' lang='lat' dir='ltr'><strong>ei</strong></span> <span class='ocrx_word' id='word_1_162' title='bbox 2598 2048 2747 2114; x_wconf 77' lang='lat' dir='ltr'><strong>haec</strong></span> 
     </span>
     <span class='ocr_line' id='line_1_24' title="bbox 799 2135 2743 2226; baseline -0.007 -16"><span class='ocrx_word' id='word_1_163' title='bbox 799 2144 1017 2226; x_wconf 61' lang='lat' dir='ltr'><strong>addat,</strong></span> <span class='ocrx_word' id='word_1_164' title='bbox 1058 2142 1122 2207; x_wconf 75' lang='lat' dir='ltr'><strong>si</strong></span> <span class='ocrx_word' id='word_1_165' title='bbox 1164 2138 1580 2219; x_wconf 75' lang='lat' dir='ltr'><strong>absconderis,</strong></span> <span class='ocrx_word' id='word_1_166' title='bbox 1626 2144 1748 2203; x_wconf 89' lang='lat' dir='ltr'><strong>etc.</strong></span> <span class='ocrx_word' id='word_1_167' title='bbox 1838 2135 1971 2219; x_wconf 81' lang='lat' dir='ltr'><strong>Qui</strong></span> <span class='ocrx_word' id='word_1_168' title='bbox 2028 2137 2159 2201; x_wconf 87' lang='lat' dir='ltr'><strong>fuit</strong></span> <span class='ocrx_word' id='word_1_169' title='bbox 2203 2137 2594 2202; x_wconf 89' lang='lat' dir='ltr'><strong>Iudaeorum</strong></span> <span class='ocrx_word' id='word_1_170' title='bbox 2642 2135 2743 2198; x_wconf 91' lang='lat' dir='ltr'><strong>iu-</strong></span> 
     </span>
     <span class='ocr_line' id='line_1_25' title="bbox 802 2221 2745 2312; baseline -0.005 -18"><span class='ocrx_word' id='word_1_171' title='bbox 802 2228 993 2295; x_wconf 88' lang='lat' dir='ltr'><strong>randi</strong></span> <span class='ocrx_word' id='word_1_172' title='bbox 1053 2226 1288 2312; x_wconf 77' lang='lat' dir='ltr'><strong>stylus,</strong></span> <span class='ocrx_word' id='word_1_173' title='bbox 1345 2245 1548 2307; x_wconf 91' lang='lat' dir='ltr'><strong>quum</strong></span> <span class='ocrx_word' id='word_1_174' title='bbox 1592 2222 1813 2288; x_wconf 91' lang='lat' dir='ltr'><strong>Deum</strong></span> <span class='ocrx_word' id='word_1_175' title='bbox 1861 2233 1937 2287; x_wconf 90' lang='lat' dir='ltr'><strong>ut</strong></span> <span class='ocrx_word' id='word_1_176' title='bbox 1981 2222 2306 2289; x_wconf 88' lang='lat' dir='ltr'><strong>vindicem</strong></span> <span class='ocrx_word' id='word_1_177' title='bbox 2350 2232 2418 2287; x_wconf 89' lang='lat' dir='ltr'><strong>et</strong></span> <span class='ocrx_word' id='word_1_178' title='bbox 2459 2221 2745 2286; x_wconf 89' lang='lat' dir='ltr'><strong>iudicem</strong></span> 
     </span>
     <span class='ocr_line' id='line_1_26' title="bbox 799 2307 2744 2399; baseline -0.007 -17"><span class='ocrx_word' id='word_1_179' title='bbox 799 2314 1252 2399; x_wconf 81' lang='lat' dir='ltr'><strong>implorarent.</strong></span> <span class='ocrx_word' id='word_1_180' title='bbox 1340 2310 1560 2392; x_wconf 89' lang='lat' dir='ltr'><strong>Atque</strong></span> <span class='ocrx_word' id='word_1_181' title='bbox 1619 2307 1726 2375; x_wconf 91' lang='lat' dir='ltr'><strong>hic</strong></span> <span class='ocrx_word' id='word_1_182' title='bbox 1781 2308 2141 2374; x_wconf 88' lang='lat' dir='ltr'><strong>iuramenti</strong></span> <span class='ocrx_word' id='word_1_183' title='bbox 2184 2309 2381 2375; x_wconf 87' lang='lat' dir='ltr'><strong>etiam</strong></span> <span class='ocrx_word' id='word_1_184' title='bbox 2426 2327 2586 2373; x_wconf 88' lang='lat' dir='ltr'><strong>usus</strong></span> <span class='ocrx_word' id='word_1_185' title='bbox 2626 2317 2744 2385; x_wconf 89' lang='lat' dir='ltr'><strong>est,</strong></span> 
     </span>
     <span class='ocr_line' id='line_1_27' title="bbox 798 2391 2744 2479; baseline -0.006 -13"><span class='ocrx_word' id='word_1_186' title='bbox 798 2402 925 2468; x_wconf 89' lang='lat' dir='ltr'><strong>etsi</strong></span> <span class='ocrx_word' id='word_1_187' title='bbox 968 2417 1104 2464; x_wconf 92' lang='lat' dir='ltr'><strong>non</strong></span> <span class='ocrx_word' id='word_1_188' title='bbox 1147 2416 1406 2479; x_wconf 87' lang='lat' dir='ltr'><strong>semper</strong></span> <span class='ocrx_word' id='word_1_189' title='bbox 1449 2395 1691 2461; x_wconf 89' lang='lat' dir='ltr'><strong>directe</strong></span> <span class='ocrx_word' id='word_1_190' title='bbox 1736 2414 1929 2461; x_wconf 89' lang='lat' dir='ltr'><strong>voces</strong></span> <span class='ocrx_word' id='word_1_191' title='bbox 1970 2394 2141 2472; x_wconf 90' lang='lat' dir='ltr'><strong>illae,</strong></span> <span class='ocrx_word' id='word_1_192' title='bbox 2186 2395 2366 2460; x_wconf 90' lang='lat' dir='ltr'><strong>Deus</strong></span> <span class='ocrx_word' id='word_1_193' title='bbox 2401 2394 2490 2458; x_wconf 87' lang='lat' dir='ltr'><strong>eit</strong></span> <span class='ocrx_word' id='word_1_194' title='bbox 2522 2391 2744 2473; x_wconf 85' lang='lat' dir='ltr'><strong>iudex,</strong></span> 
     </span>
     <span class='ocr_line' id='line_1_28' title="bbox 798 2476 2741 2569; baseline -0.005 -17"><span class='ocrx_word' id='word_1_195' title='bbox 798 2485 1276 2569; x_wconf 86' lang='lat' dir='ltr'><strong>exprimantur,</strong></span> <span class='ocrx_word' id='word_1_196' title='bbox 1320 2501 1485 2565; x_wconf 87' lang='lat' dir='ltr'><strong>quae</strong></span> <span class='ocrx_word' id='word_1_197' title='bbox 1527 2502 1646 2564; x_wconf 92' lang='lat' dir='ltr'><strong>per</strong></span> <span class='ocrx_word' id='word_1_198' title='bbox 1687 2502 1760 2547; x_wconf 90' lang='lat' dir='ltr'><strong>se</strong></span> <span class='ocrx_word' id='word_1_199' title='bbox 1801 2480 1963 2546; x_wconf 87' lang='lat' dir='ltr'><strong>satis</strong></span> <span class='ocrx_word' id='word_1_200' title='bbox 2006 2480 2481 2563; x_wconf 89' lang='lat' dir='ltr'><strong>intelliguntur.</strong></span> <span class='ocrx_word' id='word_1_201' title='bbox 2564 2476 2741 2559; x_wconf 78' lang='lat' dir='ltr'><strong>Quid</strong></span> 
     </span>
     <span class='ocr_line' id='line_1_29' title="bbox 800 2564 2740 2649; baseline -0.006 -10"><span class='ocrx_word' id='word_1_202' title='bbox 800 2575 975 2639; x_wconf 88' lang='lat' dir='ltr'><strong>enim</strong></span> <span class='ocrx_word' id='word_1_203' title='bbox 1032 2566 1210 2636; x_wconf 88' lang='lat' dir='ltr'><strong>aliud</strong></span> <span class='ocrx_word' id='word_1_204' title='bbox 1266 2577 1367 2633; x_wconf 89' lang='lat' dir='ltr'><strong>est</strong></span> <span class='ocrx_word' id='word_1_205' title='bbox 1408 2568 1873 2643; x_wconf 88' lang='lat' dir='ltr'><strong>iuramentum,</strong></span> <span class='ocrx_word' id='word_1_206' title='bbox 1935 2586 2134 2649; x_wconf 89' lang='lat' dir='ltr'><strong>quam</strong></span> <span class='ocrx_word' id='word_1_207' title='bbox 2193 2564 2401 2630; x_wconf 91' lang='lat' dir='ltr'><strong>divini</strong></span> <span class='ocrx_word' id='word_1_208' title='bbox 2454 2564 2740 2628; x_wconf 86' lang='lat' dir='ltr'><strong>nominis</strong></span> 
     </span>
     <span class='ocr_line' id='line_1_30' title="bbox 799 2650 2736 2737; baseline -0.005 -14"><span class='ocrx_word' id='word_1_209' title='bbox 799 2655 1153 2737; x_wconf 71' lang='lat' dir='ltr'><strong>invocatio,</strong></span> <span class='ocrx_word' id='word_1_210' title='bbox 1211 2660 1288 2720; x_wconf 92' lang='lat' dir='ltr'><strong>ut</strong></span> <span class='ocrx_word' id='word_1_211' title='bbox 1342 2652 1425 2718; x_wconf 91' lang='lat' dir='ltr'><strong>de</strong></span> <span class='ocrx_word' id='word_1_212' title='bbox 1468 2652 1749 2718; x_wconf 88' lang='lat' dir='ltr'><strong>veritate</strong></span> <span class='ocrx_word' id='word_1_213' title='bbox 1807 2654 1992 2719; x_wconf 86' lang='lat' dir='ltr'><strong>Deus</strong></span> <span class='ocrx_word' id='word_1_214' title='bbox 2049 2654 2217 2717; x_wconf 82' lang='lat' dir='ltr'><strong>ferat</strong></span> <span class='ocrx_word' id='word_1_215' title='bbox 2270 2650 2736 2727; x_wconf 84' lang='lat' dir='ltr'><strong>testimonium,</strong></span> 
     </span>
     <span class='ocr_line' id='line_1_31' title="bbox 801 2736 2746 2820; baseline -0.006 -11"><span class='ocrx_word' id='word_1_216' title='bbox 801 2753 871 2809; x_wconf 92' lang='lat' dir='ltr'><strong>et</strong></span> <span class='ocrx_word' id='word_1_217' title='bbox 910 2741 1250 2808; x_wconf 81' lang='lat' dir='ltr'><strong>fallentem</strong></span> <span class='ocrx_word' id='word_1_218' title='bbox 1293 2736 1584 2805; x_wconf 82' lang='lat' dir='ltr'><strong>iudicet?</strong></span> <span class='ocrx_word' id='word_1_219' title='bbox 1649 2739 1873 2820; x_wconf 82' lang='lat' dir='ltr'><strong>Quare</strong></span> <span class='ocrx_word' id='word_1_220' title='bbox 1915 2737 2314 2803; x_wconf 68' lang='lat' dir='ltr'><strong>mentienoes</strong></span> <span class='ocrx_word' id='word_1_221' title='bbox 2355 2745 2609 2802; x_wconf 90' lang='lat' dir='ltr'><strong>certum</strong></span> <span class='ocrx_word' id='word_1_222' title='bbox 2645 2743 2746 2798; x_wconf 88' lang='lat' dir='ltr'><strong>est</strong></span> 
     </span>
     <span class='ocr_line' id='line_1_32' title="bbox 804 2820 2746 2903; baseline -0.007 -7"><span class='ocrx_word' id='word_1_223' title='bbox 804 2829 1021 2895; x_wconf 90' lang='lat' dir='ltr'><strong>Deum</strong></span> <span class='ocrx_word' id='word_1_224' title='bbox 1045 2846 1181 2891; x_wconf 90' lang='lat' dir='ltr'><strong>non</strong></span> <span class='ocrx_word' id='word_1_225' title='bbox 1202 2825 1446 2890; x_wconf 87' lang='lat' dir='ltr'><strong>inultos</strong></span> <span class='ocrx_word' id='word_1_226' title='bbox 1468 2823 1912 2903; x_wconf 87' lang='lat' dir='ltr'><strong>dimissurum,</strong></span> <span class='ocrx_word' id='word_1_227' title='bbox 1957 2823 2073 2888; x_wconf 89' lang='lat' dir='ltr'><strong>sed</strong></span> <span class='ocrx_word' id='word_1_228' title='bbox 2118 2824 2369 2888; x_wconf 84' lang='lat' dir='ltr'><strong>illatam</strong></span> <span class='ocrx_word' id='word_1_229' title='bbox 2412 2821 2540 2887; x_wconf 88' lang='lat' dir='ltr'><strong>sibi</strong></span> <span class='ocrx_word' id='word_1_230' title='bbox 2577 2820 2746 2883; x_wconf 85' lang='lat' dir='ltr'><strong>iniu-</strong></span> 
     </span>
     <span class='ocr_line' id='line_1_33' title="bbox 801 2906 2743 2994; baseline -0.006 -14"><span class='ocrx_word' id='word_1_231' title='bbox 801 2914 970 2980; x_wconf 89' lang='lat' dir='ltr'><strong>riam</strong></span> <span class='ocrx_word' id='word_1_232' title='bbox 1035 2912 1117 2978; x_wconf 90' lang='lat' dir='ltr'><strong>ab</strong></span> <span class='ocrx_word' id='word_1_233' title='bbox 1182 2911 1313 2977; x_wconf 90' lang='lat' dir='ltr'><strong>illis</strong></span> <span class='ocrx_word' id='word_1_234' title='bbox 1376 2909 1884 2976; x_wconf 88' lang='lat' dir='ltr'><strong>vindicaturum.</strong></span> <span class='ocrx_word' id='word_1_235' title='bbox 1975 2909 2360 2994; x_wconf 88' lang='lat' dir='ltr'><strong>Blasphemi</strong></span> <span class='ocrx_word' id='word_1_236' title='bbox 2431 2906 2606 2972; x_wconf 88' lang='lat' dir='ltr'><strong>enim</strong></span> <span class='ocrx_word' id='word_1_237' title='bbox 2671 2906 2743 2969; x_wconf 92' lang='lat' dir='ltr'><strong>in</strong></span> 
     </span>
     <span class='ocr_line' id='line_1_34' title="bbox 799 2994 2744 3079; baseline -0.006 -12"><span class='ocrx_word' id='word_1_238' title='bbox 799 3000 1022 3067; x_wconf 88' lang='lat' dir='ltr'><strong>Deum</strong></span> <span class='ocrx_word' id='word_1_239' title='bbox 1064 3007 1238 3076; x_wconf 89' lang='lat' dir='ltr'><strong>sunt,</strong></span> <span class='ocrx_word' id='word_1_240' title='bbox 1285 2997 1398 3079; x_wconf 89' lang='lat' dir='ltr'><strong>qui</strong></span> <span class='ocrx_word' id='word_1_241' title='bbox 1444 3017 1562 3062; x_wconf 89' lang='lat' dir='ltr'><strong>sua</strong></span> <span class='ocrx_word' id='word_1_242' title='bbox 1604 2996 1963 3075; x_wconf 89' lang='lat' dir='ltr'><strong>mendacia,</strong></span> <span class='ocrx_word' id='word_1_243' title='bbox 2008 2994 2448 3079; x_wconf 84' lang='lat' dir='ltr'><strong>blasphemias</strong></span> <span class='ocrx_word' id='word_1_244' title='bbox 2491 3002 2562 3057; x_wconf 89' lang='lat' dir='ltr'><strong>et</strong></span> <span class='ocrx_word' id='word_1_245' title='bbox 2594 3012 2744 3074; x_wconf 91' lang='lat' dir='ltr'><strong>per-</strong></span> 
     </span>
     <span class='ocr_line' id='line_1_35' title="bbox 804 3079 2743 3168; baseline -0.006 -16"><span class='ocrx_word' id='word_1_246' title='bbox 804 3085 974 3152; x_wconf 89' lang='lat' dir='ltr'><strong>iuria</strong></span> <span class='ocrx_word' id='word_1_247' title='bbox 1008 3104 1194 3168; x_wconf 85' lang='lat' dir='ltr'><strong>posse</strong></span> <span class='ocrx_word' id='word_1_248' title='bbox 1230 3082 1420 3146; x_wconf 90' lang='lat' dir='ltr'><strong>illum</strong></span> <span class='ocrx_word' id='word_1_249' title='bbox 1462 3081 1685 3162; x_wconf 89' lang='lat' dir='ltr'><strong>latere,</strong></span> <span class='ocrx_word' id='word_1_250' title='bbox 1729 3081 1834 3148; x_wconf 93' lang='lat' dir='ltr'><strong>vel</strong></span> <span class='ocrx_word' id='word_1_251' title='bbox 1869 3083 1953 3147; x_wconf 89' lang='lat' dir='ltr'><strong>ab</strong></span> <span class='ocrx_word' id='word_1_252' title='bbox 1988 3080 2104 3146; x_wconf 90' lang='lat' dir='ltr'><strong>illo</strong></span> <span class='ocrx_word' id='word_1_253' title='bbox 2138 3079 2441 3165; x_wconf 87' lang='lat' dir='ltr'><strong>tegenda,</strong></span> <span class='ocrx_word' id='word_1_254' title='bbox 2485 3085 2743 3161; x_wconf 88' lang='lat' dir='ltr'><strong>putant.</strong></span> 
     </span>
     <span class='ocr_line' id='line_1_36' title="bbox 732 3166 2743 3238; baseline -0.005 0"><span class='ocrx_word' id='word_1_255' title='bbox 732 3178 738 3184; x_wconf 84' lang='grc'><em>“</em></span> <span class='ocrx_word' id='word_1_256' title='bbox 800 3170 896 3238; x_wconf 86' lang='grc' dir='ltr'><strong>Αι</strong></span> <span class='ocrx_word' id='word_1_257' title='bbox 938 3170 1156 3236; x_wconf 90' lang='lat' dir='ltr'><strong>Deum</strong></span> <span class='ocrx_word' id='word_1_258' title='bbox 1215 3188 1404 3234; x_wconf 88' lang='lat' dir='ltr'><strong>suam</strong></span> <span class='ocrx_word' id='word_1_259' title='bbox 1458 3167 1779 3233; x_wconf 86' lang='lat' dir='ltr'><strong>iustitiam</strong></span> <span class='ocrx_word' id='word_1_260' title='bbox 1823 3166 1982 3233; x_wconf 90' lang='lat' dir='ltr'><strong>olim</strong></span> <span class='ocrx_word' id='word_1_261' title='bbox 2028 3174 2445 3233; x_wconf 76' lang='lat' dir='ltr'><strong>exsarturum</strong></span> <span class='ocrx_word' id='word_1_262' title='bbox 2488 3172 2743 3230; x_wconf 88' lang='lat' dir='ltr'><strong>certum</strong></span> 
     </span>
     <span class='ocr_line' id='line_1_37' title="bbox 800 3249 2746 3337; baseline -0.005 -13"><span class='ocrx_word' id='word_1_263' title='bbox 800 3264 919 3325; x_wconf 87' lang='lat' dir='ltr'><strong>est.</strong></span> <span class='ocrx_word' id='word_1_264' title='bbox 1010 3253 1343 3337; x_wconf 80' lang='lat' dir='ltr'><strong>Quoniam</strong></span> <span class='ocrx_word' id='word_1_265' title='bbox 1386 3274 1548 3318; x_wconf 89' lang='lat' dir='ltr'><strong>vero</strong></span> <span class='ocrx_word' id='word_1_266' title='bbox 1589 3254 1971 3337; x_wconf 88' lang='lat' dir='ltr'><strong>plerumque</strong></span> <span class='ocrx_word' id='word_1_267' title='bbox 2025 3252 2321 3317; x_wconf 90' lang='lat' dir='ltr'><strong>homines</strong></span> <span class='ocrx_word' id='word_1_268' title='bbox 2378 3249 2746 3316; x_wconf 86' lang='lat' dir='ltr'><strong>diffidentia</strong></span> 
     </span>
     <span class='ocr_line' id='line_1_38' title="bbox 798 3337 2743 3428; baseline -0.004 -20"><span class='ocrx_word' id='word_1_269' title='bbox 798 3341 983 3428; x_wconf 87' lang='lat' dir='ltr'><strong>pleni</strong></span> <span class='ocrx_word' id='word_1_270' title='bbox 1024 3349 1201 3422; x_wconf 89' lang='lat' dir='ltr'><strong>sunt,</strong></span> <span class='ocrx_word' id='word_1_271' title='bbox 1245 3349 1324 3404; x_wconf 91' lang='lat' dir='ltr'><strong>ut</strong></span> <span class='ocrx_word' id='word_1_272' title='bbox 1366 3337 1642 3421; x_wconf 88' lang='lat' dir='ltr'><strong>simplici</strong></span> <span class='ocrx_word' id='word_1_273' title='bbox 1688 3359 1988 3405; x_wconf 89' lang='lat' dir='ltr'><strong>sermone</strong></span> <span class='ocrx_word' id='word_1_274' title='bbox 2030 3358 2166 3403; x_wconf 90' lang='lat' dir='ltr'><strong>non</strong></span> <span class='ocrx_word' id='word_1_275' title='bbox 2209 3338 2522 3419; x_wconf 88' lang='lat' dir='ltr'><strong>contenti,</strong></span> <span class='ocrx_word' id='word_1_276' title='bbox 2566 3337 2743 3401; x_wconf 88' lang='lat' dir='ltr'><strong>iura·</strong></span> 
     </span>
     <span class='ocr_line' id='line_1_39' title="bbox 802 3422 2744 3503; baseline -0.005 -8"><span class='ocrx_word' id='word_1_277' title='bbox 802 3435 1024 3496; x_wconf 91' lang='lat' dir='ltr'><strong>mento</strong></span> <span class='ocrx_word' id='word_1_278' title='bbox 1047 3428 1256 3493; x_wconf 90' lang='lat' dir='ltr'><strong>velint</strong></span> <span class='ocrx_word' id='word_1_279' title='bbox 1274 3425 1466 3490; x_wconf 89' lang='lat' dir='ltr'><strong>illum</strong></span> <span class='ocrx_word' id='word_1_280' title='bbox 1487 3425 1881 3503; x_wconf 83' lang='lat' dir='ltr'><strong>confirmari,</strong></span> <span class='ocrx_word' id='word_1_281' title='bbox 1924 3422 2078 3489; x_wconf 90' lang='lat' dir='ltr'><strong>inde</strong></span> <span class='ocrx_word' id='word_1_282' title='bbox 2115 3426 2192 3489; x_wconf 88' lang='lat' dir='ltr'><strong>fit</strong></span> <span class='ocrx_word' id='word_1_283' title='bbox 2224 3430 2300 3487; x_wconf 90' lang='lat' dir='ltr'><strong>ut</strong></span> <span class='ocrx_word' id='word_1_284' title='bbox 2334 3424 2470 3487; x_wconf 84' lang='lat' dir='ltr'><strong>fere</strong></span> <span class='ocrx_word' id='word_1_285' title='bbox 2517 3442 2744 3486; x_wconf 90' lang='lat' dir='ltr'><strong>omnes</strong></span> 
     </span>
     <span class='ocr_line' id='line_1_40' title="bbox 803 3508 2742 3592; baseline -0.004 -13"><span class='ocrx_word' id='word_1_286' title='bbox 803 3513 1100 3579; x_wconf 87' lang='lat' dir='ltr'><strong>adhibito</strong></span> <span class='ocrx_word' id='word_1_287' title='bbox 1122 3522 1371 3578; x_wconf 84' lang='lat' dir='ltr'><strong>temere</strong></span> <span class='ocrx_word' id='word_1_288' title='bbox 1391 3508 1814 3576; x_wconf 87' lang='lat' dir='ltr'><strong>iureiurando</strong></span> <span class='ocrx_word' id='word_1_289' title='bbox 1837 3509 1961 3576; x_wconf 90' lang='lat' dir='ltr'><strong>sibi</strong></span> <span class='ocrx_word' id='word_1_290' title='bbox 1985 3509 2201 3588; x_wconf 91' lang='lat' dir='ltr'><strong>fidem,</strong></span> <span class='ocrx_word' id='word_1_291' title='bbox 2227 3517 2295 3574; x_wconf 87' lang='lat' dir='ltr'><strong>et</strong></span> <span class='ocrx_word' id='word_1_292' title='bbox 2314 3508 2577 3592; x_wconf 90' lang='lat' dir='ltr'><strong>quidem</strong></span> <span class='ocrx_word' id='word_1_293' title='bbox 2597 3527 2742 3588; x_wconf 87' lang='lat' dir='ltr'><strong>epe·</strong></span> 
     </span>
     <span class='ocr_line' id='line_1_41' title="bbox 802 3591 2741 3679; baseline -0.004 -15"><span class='ocrx_word' id='word_1_294' title='bbox 802 3600 977 3666; x_wconf 91' lang='lat' dir='ltr'><strong>cioso</strong></span> <span class='ocrx_word' id='word_1_295' title='bbox 1013 3598 1219 3663; x_wconf 89' lang='lat' dir='ltr'><strong>divini</strong></span> <span class='ocrx_word' id='word_1_296' title='bbox 1254 3596 1541 3662; x_wconf 89' lang='lat' dir='ltr'><strong>nominis</strong></span> <span class='ocrx_word' id='word_1_297' title='bbox 1564 3603 1934 3679; x_wconf 86' lang='lat' dir='ltr'><strong>praetextu,</strong></span> <span class='ocrx_word' id='word_1_298' title='bbox 1980 3595 2193 3662; x_wconf 83' lang='lat' dir='ltr'><strong>facere</strong></span> <span class='ocrx_word' id='word_1_299' title='bbox 2228 3603 2562 3660; x_wconf 90' lang='lat' dir='ltr'><strong>conentur.</strong></span> <span class='ocrx_word' id='word_1_300' title='bbox 2608 3591 2741 3657; x_wconf 86' lang='lat' dir='ltr'><strong>Ve-</strong></span> 
     </span>
     <span class='ocr_line' id='line_1_42' title="bbox 804 3681 2741 3766; baseline -0.004 -16"><span class='ocrx_word' id='word_1_301' title='bbox 804 3705 956 3750; x_wconf 91' lang='lat' dir='ltr'><strong>rum</strong></span> <span class='ocrx_word' id='word_1_302' title='bbox 988 3685 1323 3750; x_wconf 89' lang='lat' dir='ltr'><strong>enimvero</strong></span> <span class='ocrx_word' id='word_1_303' title='bbox 1346 3684 1529 3748; x_wconf 89' lang='lat' dir='ltr'><strong>Deus</strong></span> <span class='ocrx_word' id='word_1_304' title='bbox 1563 3703 1636 3748; x_wconf 88' lang='lat' dir='ltr'><strong>se</strong></span> <span class='ocrx_word' id='word_1_305' title='bbox 1664 3683 1959 3766; x_wconf 90' lang='lat' dir='ltr'><strong>periuros</strong></span> <span class='ocrx_word' id='word_1_306' title='bbox 1985 3702 2117 3746; x_wconf 90' lang='lat' dir='ltr'><strong>non</strong></span> <span class='ocrx_word' id='word_1_307' title='bbox 2140 3681 2384 3746; x_wconf 90' lang='lat' dir='ltr'><strong>inultos</strong></span> <span class='ocrx_word' id='word_1_308' title='bbox 2402 3700 2741 3763; x_wconf 88' lang='lat' dir='ltr'><strong>passurum</strong></span> 
     </span>
     <span class='ocr_line' id='line_1_43' title="bbox 804 3764 2742 3851; baseline -0.003 -16"><span class='ocrx_word' id='word_1_309' title='bbox 804 3789 947 3835; x_wconf 89' lang='lat' dir='ltr'><strong>esse</strong></span> <span class='ocrx_word' id='word_1_310' title='bbox 1011 3777 1309 3835; x_wconf 89' lang='lat' dir='ltr'><strong>testatur.</strong></span> <span class='ocrx_word' id='word_1_311' title='bbox 1398 3768 1584 3832; x_wconf 89' lang='lat' dir='ltr'><strong>Deus</strong></span> <span class='ocrx_word' id='word_1_312' title='bbox 1648 3769 1867 3851; x_wconf 86' lang='lat' dir='ltr'><strong>itaque</strong></span> <span class='ocrx_word' id='word_1_313' title='bbox 1934 3767 2138 3832; x_wconf 90' lang='lat' dir='ltr'><strong>voluit</strong></span> <span class='ocrx_word' id='word_1_314' title='bbox 2193 3766 2264 3831; x_wconf 91' lang='lat' dir='ltr'><strong>in</strong></span> <span class='ocrx_word' id='word_1_315' title='bbox 2318 3766 2445 3831; x_wconf 88' lang='lat' dir='ltr'><strong>isto</strong></span> <span class='ocrx_word' id='word_1_316' title='bbox 2499 3764 2742 3849; x_wconf 88' lang='lat' dir='ltr'><strong>populo</strong></span> 
     </span>
     <span class='ocr_line' id='line_1_44' title="bbox 803 3850 2742 3939; baseline -0.003 -19"><span class='ocrx_word' id='word_1_317' title='bbox 803 3853 1133 3939; x_wconf 88' lang='lat' dir='ltr'><strong>quandam</strong></span> <span class='ocrx_word' id='word_1_318' title='bbox 1166 3875 1308 3920; x_wconf 88' lang='lat' dir='ltr'><strong>esse</strong></span> <span class='ocrx_word' id='word_1_319' title='bbox 1342 3854 1861 3919; x_wconf 89' lang='lat' dir='ltr'><strong>iuramentorum</strong></span> <span class='ocrx_word' id='word_1_320' title='bbox 1895 3853 2215 3936; x_wconf 85' lang='lat' dir='ltr'><strong>regulam,</strong></span> <span class='ocrx_word' id='word_1_321' title='bbox 2250 3858 2328 3917; x_wconf 89' lang='lat' dir='ltr'><strong>ut</strong></span> <span class='ocrx_word' id='word_1_322' title='bbox 2358 3851 2429 3915; x_wconf 87' lang='lat' dir='ltr'><strong>in</strong></span> <span class='ocrx_word' id='word_1_323' title='bbox 2464 3850 2742 3915; x_wconf 89' lang='lat' dir='ltr'><strong>iurando</strong></span> 
     </span>
     <span class='ocr_line' id='line_1_45' title="bbox 800 3935 2744 4025; baseline -0.003 -19"><span class='ocrx_word' id='word_1_324' title='bbox 800 3941 1131 4025; x_wconf 86' lang='lat' dir='ltr'><strong>parciores</strong></span> <span class='ocrx_word' id='word_1_325' title='bbox 1192 3948 1261 4005; x_wconf 92' lang='lat' dir='ltr'><strong>et</strong></span> <span class='ocrx_word' id='word_1_326' title='bbox 1318 3939 1530 4023; x_wconf 87' lang='lat' dir='ltr'><strong>magis</strong></span> <span class='ocrx_word' id='word_1_327' title='bbox 1593 3939 1792 4006; x_wconf 90' lang='lat' dir='ltr'><strong>sobrii</strong></span> <span class='ocrx_word' id='word_1_328' title='bbox 1857 3945 2094 4018; x_wconf 90' lang='lat' dir='ltr'><strong>essent,</strong></span> <span class='ocrx_word' id='word_1_329' title='bbox 2160 3958 2247 4002; x_wconf 91' lang='lat' dir='ltr'><strong>ne</strong></span> <span class='ocrx_word' id='word_1_330' title='bbox 2309 3945 2557 4002; x_wconf 90' lang='lat' dir='ltr'><strong>temere</strong></span> <span class='ocrx_word' id='word_1_331' title='bbox 2613 3935 2744 4002; x_wconf 90' lang='lat' dir='ltr'><strong>Dei</strong></span> 
     </span>
     <span class='ocr_line' id='line_1_46' title="bbox 803 4022 2743 4109; baseline -0.003 -17"><span class='ocrx_word' id='word_1_332' title='bbox 803 4047 1045 4092; x_wconf 89' lang='lat' dir='ltr'><strong>nomen</strong></span> <span class='ocrx_word' id='word_1_333' title='bbox 1086 4044 1205 4108; x_wconf 90' lang='lat' dir='ltr'><strong>per</strong></span> <span class='ocrx_word' id='word_1_334' title='bbox 1244 4025 1539 4109; x_wconf 89' lang='lat' dir='ltr'><strong>ipsorum</strong></span> <span class='ocrx_word' id='word_1_335' title='bbox 1581 4046 1696 4090; x_wconf 88' lang='lat' dir='ltr'><strong>ora</strong></span> <span class='ocrx_word' id='word_1_336' title='bbox 1738 4024 2058 4091; x_wconf 87' lang='lat' dir='ltr'><strong>volitaret.</strong></span> <span class='ocrx_word' id='word_1_337' title='bbox 2146 4023 2327 4089; x_wconf 88' lang='lat' dir='ltr'><strong>Hinc</strong></span> <span class='ocrx_word' id='word_1_338' title='bbox 2369 4031 2527 4088; x_wconf 90' lang='lat' dir='ltr'><strong>sunt</strong></span> <span class='ocrx_word' id='word_1_339' title='bbox 2570 4022 2743 4087; x_wconf 90' lang='lat' dir='ltr'><strong>latae</strong></span> 
     </span>
     <span class='ocr_line' id='line_1_47' title="bbox 802 4108 2743 4193; baseline -0.004 -14"><span class='ocrx_word' id='word_1_340' title='bbox 802 4111 1186 4191; x_wconf 88' lang='lat' dir='ltr'><strong>sententiae,</strong></span> <span class='ocrx_word' id='word_1_341' title='bbox 1254 4110 1491 4193; x_wconf 90' lang='lat' dir='ltr'><strong>quibus</strong></span> <span class='ocrx_word' id='word_1_342' title='bbox 1554 4111 1799 4192; x_wconf 89' lang='lat' dir='ltr'><strong>periuri</strong></span> <span class='ocrx_word' id='word_1_343' title='bbox 1819 4159 1834 4190; x_wconf 90' lang='lat'><strong>,</strong></span> <span class='ocrx_word' id='word_1_344' title='bbox 1915 4117 2178 4193; x_wconf 89' lang='lat' dir='ltr'><strong>propter</strong></span> <span class='ocrx_word' id='word_1_345' title='bbox 2240 4130 2368 4174; x_wconf 91' lang='lat' dir='ltr'><strong>non</strong></span> <span class='ocrx_word' id='word_1_346' title='bbox 2435 4108 2743 4191; x_wconf 88' lang='lat' dir='ltr'><strong>impletas</strong></span> 
     </span>
     <span class='ocr_line' id='line_1_48' title="bbox 800 4194 2744 4282; baseline -0.003 -19"><span class='ocrx_word' id='word_1_347' title='bbox 800 4197 1287 4282; x_wconf 90' lang='lat' dir='ltr'><strong>promissiones,</strong></span> <span class='ocrx_word' id='word_1_348' title='bbox 1352 4196 1551 4260; x_wconf 85' lang='lat' dir='ltr'><strong>etiam</strong></span> <span class='ocrx_word' id='word_1_349' title='bbox 1615 4194 2040 4261; x_wconf 88' lang='lat' dir='ltr'><strong>iureiurando</strong></span> <span class='ocrx_word' id='word_1_350' title='bbox 2103 4194 2391 4260; x_wconf 87' lang='lat' dir='ltr'><strong>sancitas</strong></span> <span class='ocrx_word' id='word_1_351' title='bbox 2455 4195 2744 4278; x_wconf 84' lang='lat' dir='ltr'><strong>graviter</strong></span> 
     </span>
     <span class='ocr_line' id='line_1_49' title="bbox 801 4280 2742 4368; baseline -0.003 -19"><span class='ocrx_word' id='word_1_352' title='bbox 801 4280 1268 4368; x_wconf 88' lang='lat' dir='ltr'><strong>puniebantur.</strong></span> <span class='ocrx_word' id='word_1_353' title='bbox 1335 4280 1466 4348; x_wconf 90' lang='lat' dir='ltr'><strong>Ubi</strong></span> <span class='ocrx_word' id='word_1_354' title='bbox 1506 4302 1663 4348; x_wconf 91' lang='lat' dir='ltr'><strong>vero</strong></span> <span class='ocrx_word' id='word_1_355' title='bbox 1706 4282 2025 4347; x_wconf 88' lang='lat' dir='ltr'><strong>adversus</strong></span> <span class='ocrx_word' id='word_1_356' title='bbox 2067 4283 2511 4346; x_wconf 90' lang='lat' dir='ltr'><strong>iuramentum</strong></span> <span class='ocrx_word' id='word_1_357' title='bbox 2558 4299 2742 4361; x_wconf 86' lang='lat' dir='ltr'><strong>prae·</strong></span> 
     </span>
     <span class='ocr_line' id='line_1_50' title="bbox 802 4364 2741 4434; baseline -0.002 0"><span class='ocrx_word' id='word_1_358' title='bbox 802 4369 1036 4434; x_wconf 91' lang='lat' dir='ltr'><strong>stitum</strong></span> <span class='ocrx_word' id='word_1_359' title='bbox 1080 4367 1163 4433; x_wconf 90' lang='lat' dir='ltr'><strong>ad</strong></span> <span class='ocrx_word' id='word_1_360' title='bbox 1204 4366 1419 4432; x_wconf 89' lang='lat' dir='ltr'><strong>litium</strong></span> <span class='ocrx_word' id='word_1_361' title='bbox 1456 4366 1848 4432; x_wconf 89' lang='lat' dir='ltr'><strong>decisionem</strong></span> <span class='ocrx_word' id='word_1_362' title='bbox 1885 4367 2057 4433; x_wconf 89' lang='lat' dir='ltr'><strong>nihil</strong></span> <span class='ocrx_word' id='word_1_363' title='bbox 2090 4367 2450 4431; x_wconf 86' lang='lat' dir='ltr'><strong>verisimile</strong></span> <span class='ocrx_word' id='word_1_364' title='bbox 2490 4364 2741 4431; x_wconf 87' lang='lat' dir='ltr'><strong>adfere-</strong></span> 
     </span>
     <span class='ocr_line' id='line_1_51' title="bbox 801 4451 2746 4535; baseline -0.003 -14"><span class='ocrx_word' id='word_1_365' title='bbox 801 4454 1014 4535; x_wconf 90' lang='lat' dir='ltr'><strong>batur,</strong></span> <span class='ocrx_word' id='word_1_366' title='bbox 1068 4454 1440 4519; x_wconf 90' lang='lat' dir='ltr'><strong>iuramento</strong></span> <span class='ocrx_word' id='word_1_367' title='bbox 1497 4451 1800 4519; x_wconf 84' lang='lat' dir='ltr'><strong>standum</strong></span> <span class='ocrx_word' id='word_1_368' title='bbox 1860 4461 2018 4529; x_wconf 88' lang='lat' dir='ltr'><strong>erat,</strong></span> <span class='ocrx_word' id='word_1_369' title='bbox 2079 4464 2145 4517; x_wconf 91' lang='lat' dir='ltr'><strong>et</strong></span> <span class='ocrx_word' id='word_1_370' title='bbox 2198 4461 2511 4534; x_wconf 88' lang='lat' dir='ltr'><strong>tanquam</strong></span> <span class='ocrx_word' id='word_1_371' title='bbox 2567 4452 2746 4516; x_wconf 89' lang='lat' dir='ltr'><strong>intra</strong></span> 
     </span>
     <span class='ocr_line' id='line_1_52' title="bbox 799 4535 2742 4623; baseline -0.003 -16"><span class='ocrx_word' id='word_1_372' title='bbox 799 4542 1088 4623; x_wconf 88' lang='lat' dir='ltr'><strong>positum</strong></span> <span class='ocrx_word' id='word_1_373' title='bbox 1130 4539 1405 4604; x_wconf 89' lang='lat' dir='ltr'><strong>limitem</strong></span> <span class='ocrx_word' id='word_1_374' title='bbox 1450 4538 1957 4605; x_wconf 89' lang='lat' dir='ltr'><strong>subsistendum.</strong></span> <span class='ocrx_word' id='word_1_375' title='bbox 2046 4537 2306 4604; x_wconf 88' lang='lat' dir='ltr'><strong>Usitata</strong></span> <span class='ocrx_word' id='word_1_376' title='bbox 2348 4535 2510 4603; x_wconf 89' lang='lat' dir='ltr'><strong>haec</strong></span> <span class='ocrx_word' id='word_1_377' title='bbox 2545 4536 2742 4619; x_wconf 87' lang='lat' dir='ltr'><strong>phra-</strong></span> 
     </span>
     <span class='ocr_line' id='line_1_53' title="bbox 800 4623 2743 4710; baseline -0.003 -16"><span class='ocrx_word' id='word_1_378' title='bbox 800 4628 893 4694; x_wconf 86' lang='lat' dir='ltr'><strong>sis</strong></span> <span class='ocrx_word' id='word_1_379' title='bbox 949 4626 1155 4710; x_wconf 86' lang='lat' dir='ltr'><strong>igitur</strong></span> <span class='ocrx_word' id='word_1_380' title='bbox 1215 4625 1359 4704; x_wconf 79' lang='lat' dir='ltr'><strong>fuit,</strong></span> <span class='ocrx_word' id='word_1_381' title='bbox 1425 4624 1575 4690; x_wconf 74' lang='lat' dir='ltr'><strong>haec</strong></span> <span class='ocrx_word' id='word_1_382' title='bbox 1633 4624 1833 4706; x_wconf 75' lang='lat' dir='ltr'><strong>faciat</strong></span> <span class='ocrx_word' id='word_1_383' title='bbox 1887 4624 2065 4707; x_wconf 77' lang='lat' dir='ltr'><strong>mihi,</strong></span> <span class='ocrx_word' id='word_1_384' title='bbox 2132 4629 2253 4689; x_wconf 89' lang='lat' dir='ltr'><strong>etc.</strong></span> <span class='ocrx_word' id='word_1_385' title='bbox 2299 4631 2376 4687; x_wconf 92' lang='lat' dir='ltr'><strong>ut</strong></span> <span class='ocrx_word' id='word_1_386' title='bbox 2418 4623 2743 4705; x_wconf 83' lang='lat' dir='ltr'><strong>parciores</strong></span> 
     </span>
     <span class='ocr_line' id='line_1_54' title="bbox 803 4709 2737 4786; baseline -0.004 -7"><span class='ocrx_word' id='word_1_387' title='bbox 803 4721 1025 4779; x_wconf 87' lang='lat' dir='ltr'><strong>essent</strong></span> <span class='ocrx_word' id='word_1_388' title='bbox 1079 4710 1164 4776; x_wconf 90' lang='lat' dir='ltr'><strong>ad</strong></span> <span class='ocrx_word' id='word_1_389' title='bbox 1221 4710 1569 4776; x_wconf 86' lang='lat' dir='ltr'><strong>iurandum</strong></span> <span class='ocrx_word' id='word_1_390' title='bbox 1631 4709 1948 4786; x_wconf 87' lang='lat' dir='ltr'><strong>homines,</strong></span> <span class='ocrx_word' id='word_1_391' title='bbox 2005 4730 2124 4775; x_wconf 89' lang='lat' dir='ltr'><strong>sua</strong></span> <span class='ocrx_word' id='word_1_392' title='bbox 2181 4715 2418 4773; x_wconf 88' lang='lat' dir='ltr'><strong>natura</strong></span> <span class='ocrx_word' id='word_1_393' title='bbox 2466 4709 2737 4773; x_wconf 90' lang='lat' dir='ltr'><strong>nimium</strong></span> 
     </span>
     <span class='ocr_line' id='line_1_55' title="bbox 803 4793 2741 4879; baseline -0.003 -16"><span class='ocrx_word' id='word_1_394' title='bbox 803 4797 887 4863; x_wconf 88' lang='lat' dir='ltr'><strong>ad</strong></span> <span class='ocrx_word' id='word_1_395' title='bbox 951 4798 1394 4862; x_wconf 87' lang='lat' dir='ltr'><strong>iuramentum</strong></span> <span class='ocrx_word' id='word_1_396' title='bbox 1461 4795 1800 4879; x_wconf 85' lang='lat' dir='ltr'><strong>proclives.</strong></span> <span class='ocrx_word' id='word_1_397' title='bbox 1911 4793 2097 4860; x_wconf 90' lang='lat' dir='ltr'><strong>Idem</strong></span> <span class='ocrx_word' id='word_1_398' title='bbox 2162 4815 2317 4859; x_wconf 89' lang='lat' dir='ltr'><strong>vero</strong></span> <span class='ocrx_word' id='word_1_399' title='bbox 2382 4802 2484 4860; x_wconf 88' lang='lat' dir='ltr'><strong>est</strong></span> <span class='ocrx_word' id='word_1_400' title='bbox 2546 4814 2622 4859; x_wconf 89' lang='lat' dir='ltr'><strong>ac</strong></span> <span class='ocrx_word' id='word_1_401' title='bbox 2686 4795 2741 4860; x_wconf 86' lang='lat' dir='ltr'><strong>si</strong></span> 
     </span>
     <span class='ocr_line' id='line_1_56' title="bbox 802 4880 2739 4966; baseline -0.002 -18"><span class='ocrx_word' id='word_1_402' title='bbox 802 4894 1197 4966; x_wconf 84' lang='lat' dir='ltr'><strong>precaretur,</strong></span> <span class='ocrx_word' id='word_1_403' title='bbox 1243 4890 1319 4947; x_wconf 87' lang='lat' dir='ltr'><strong>ut</strong></span> <span class='ocrx_word' id='word_1_404' title='bbox 1365 4882 1566 4962; x_wconf 87' lang='lat' dir='ltr'><strong>Deus,</strong></span> <span class='ocrx_word' id='word_1_405' title='bbox 1625 4881 1778 4947; x_wconf 90' lang='lat' dir='ltr'><strong>licet</strong></span> <span class='ocrx_word' id='word_1_406' title='bbox 1836 4900 1969 4945; x_wconf 89' lang='lat' dir='ltr'><strong>non</strong></span> <span class='ocrx_word' id='word_1_407' title='bbox 2024 4880 2238 4963; x_wconf 91' lang='lat' dir='ltr'><strong>primo</strong></span> <span class='ocrx_word' id='word_1_408' title='bbox 2282 4899 2540 4963; x_wconf 91' lang='lat' dir='ltr'><strong>quoque</strong></span> <span class='ocrx_word' id='word_1_409' title='bbox 2581 4890 2739 4945; x_wconf 89' lang='lat' dir='ltr'><strong>tem·</strong></span> 
     </span>
    </p>
   </div>
   <div class='ocr_carea' id='block_1_9' title="bbox 2848 763 4758 1707">
    <p class='ocr_par' dir='ltr' id='par_1_10' title="bbox 2848 763 4758 1707">
     <span class='ocr_line' id='line_1_57' title="bbox 2857 763 4755 849; baseline 0.001 -21"><span class='ocrx_word' id='word_1_410' title='bbox 2857 764 2964 846; x_wconf 79' lang='lat' dir='ltr'><strong>agi</strong></span> <span class='ocrx_word' id='word_1_411' title='bbox 3009 765 3412 849; x_wconf 84' lang='lat' dir='ltr'><strong>cogitarent:</strong></span> <span class='ocrx_word' id='word_1_412' title='bbox 3455 776 3522 830; x_wconf 88' lang='lat' dir='ltr'><strong>et</strong></span> <span class='ocrx_word' id='word_1_413' title='bbox 3564 764 3658 829; x_wconf 91' lang='lat' dir='ltr'><strong>ita</strong></span> <span class='ocrx_word' id='word_1_414' title='bbox 3699 763 4164 843; x_wconf 87' lang='lat' dir='ltr'><strong>retinerentur,</strong></span> <span class='ocrx_word' id='word_1_415' title='bbox 4208 785 4292 829; x_wconf 94' lang='lat' dir='ltr'><strong>ne</strong></span> <span class='ocrx_word' id='word_1_416' title='bbox 4335 771 4576 828; x_wconf 85' lang='lat' dir='ltr'><strong>temere</strong></span> <span class='ocrx_word' id='word_1_417' title='bbox 4605 764 4755 847; x_wconf 83' lang='lat' dir='ltr'><strong>quid·</strong></span> 
     </span>
     <span class='ocr_line' id='line_1_58' title="bbox 2850 848 4756 934; baseline -0.001 -17"><span class='ocrx_word' id='word_1_418' title='bbox 2850 850 2952 917; x_wconf 90' lang='lat' dir='ltr'><strong>vis</strong></span> <span class='ocrx_word' id='word_1_419' title='bbox 3016 848 3436 916; x_wconf 89' lang='lat' dir='ltr'><strong>iureiurando</strong></span> <span class='ocrx_word' id='word_1_420' title='bbox 3502 850 3996 916; x_wconf 88' lang='lat' dir='ltr'><strong>confirmarent.</strong></span> <span class='ocrx_word' id='word_1_421' title='bbox 4110 850 4333 934; x_wconf 87' lang='lat' dir='ltr'><strong>Digna</strong></span> <span class='ocrx_word' id='word_1_422' title='bbox 4407 849 4566 914; x_wconf 86' lang='lat' dir='ltr'><strong>haec</strong></span> <span class='ocrx_word' id='word_1_423' title='bbox 4626 871 4756 917; x_wconf 82' lang='lat' dir='ltr'><strong>sane</strong></span> 
     </span>
     <span class='ocr_line' id='line_1_59' title="bbox 2854 934 4756 1020; baseline -0.001 -19"><span class='ocrx_word' id='word_1_424' title='bbox 2854 942 3009 1001; x_wconf 84' lang='lat' dir='ltr'><strong>sunt</strong></span> <span class='ocrx_word' id='word_1_425' title='bbox 3046 957 3215 1019; x_wconf 86' lang='lat' dir='ltr'><strong>quae</strong></span> <span class='ocrx_word' id='word_1_426' title='bbox 3259 936 3497 1002; x_wconf 90' lang='lat' dir='ltr'><strong>animis</strong></span> <span class='ocrx_word' id='word_1_427' title='bbox 3539 935 3739 1001; x_wconf 88' lang='lat' dir='ltr'><strong>altius</strong></span> <span class='ocrx_word' id='word_1_428' title='bbox 3781 934 4157 1020; x_wconf 86' lang='lat' dir='ltr'><strong>infigamus,</strong></span> <span class='ocrx_word' id='word_1_429' title='bbox 4212 944 4289 1001; x_wconf 92' lang='lat' dir='ltr'><strong>ut</strong></span> <span class='ocrx_word' id='word_1_430' title='bbox 4327 955 4524 1018; x_wconf 88' lang='lat' dir='ltr'><strong>parce</strong></span> <span class='ocrx_word' id='word_1_431' title='bbox 4563 935 4639 1000; x_wconf 83' lang='lat' dir='ltr'><strong>ad</strong></span> <span class='ocrx_word' id='word_1_432' title='bbox 4673 937 4756 1001; x_wconf 90' lang='lat' dir='ltr'><strong>iu·</strong></span> 
     </span>
     <span class='ocr_line' id='line_1_60' title="bbox 2849 1021 4757 1101; baseline -0.001 -14"><span class='ocrx_word' id='word_1_433' title='bbox 2849 1022 3129 1087; x_wconf 89' lang='lat' dir='ltr'><strong>randum</strong></span> <span class='ocrx_word' id='word_1_434' title='bbox 3187 1021 3591 1101; x_wconf 87' lang='lat' dir='ltr'><strong>accedamus,</strong></span> <span class='ocrx_word' id='word_1_435' title='bbox 3672 1042 3757 1087; x_wconf 90' lang='lat' dir='ltr'><strong>ne</strong></span> <span class='ocrx_word' id='word_1_436' title='bbox 3804 1022 3928 1086; x_wconf 90' lang='lat' dir='ltr'><strong>Dei</strong></span> <span class='ocrx_word' id='word_1_437' title='bbox 3988 1041 4228 1087; x_wconf 90' lang='lat' dir='ltr'><strong>nomen</strong></span> <span class='ocrx_word' id='word_1_438' title='bbox 4287 1029 4530 1087; x_wconf 88' lang='lat' dir='ltr'><strong>temere</strong></span> <span class='ocrx_word' id='word_1_439' title='bbox 4584 1032 4645 1086; x_wconf 87' lang='lat' dir='ltr'><strong>et</strong></span> <span class='ocrx_word' id='word_1_440' title='bbox 4676 1023 4757 1086; x_wconf 88' lang='lat' dir='ltr'><strong>in-</strong></span> 
     </span>
     <span class='ocr_line' id='line_1_61' title="bbox 2849 1106 4756 1174; baseline 0.001 -1"><span class='ocrx_word' id='word_1_441' title='bbox 2849 1107 3144 1173; x_wconf 87' lang='lat' dir='ltr'><strong>consulte</strong></span> <span class='ocrx_word' id='word_1_442' title='bbox 3198 1125 3640 1173; x_wconf 89' lang='lat' dir='ltr'><strong>assumamus:</strong></span> <span class='ocrx_word' id='word_1_443' title='bbox 3700 1106 3816 1172; x_wconf 88' lang='lat' dir='ltr'><strong>sed</strong></span> <span class='ocrx_word' id='word_1_444' title='bbox 3868 1109 3926 1174; x_wconf 88' lang='lat' dir='ltr'><strong>si</strong></span> <span class='ocrx_word' id='word_1_445' title='bbox 3983 1108 4241 1173; x_wconf 89' lang='lat' dir='ltr'><strong>iurandi</strong></span> <span class='ocrx_word' id='word_1_446' title='bbox 4291 1107 4634 1173; x_wconf 55' lang='lat' dir='ltr'><strong>neeeffitas</strong></span> <span class='ocrx_word' id='word_1_447' title='bbox 4669 1127 4756 1174; x_wconf 79' lang='lat' dir='ltr'><strong>ac·</strong></span> 
     </span>
     <span class='ocr_line' id='line_1_62' title="bbox 2849 1192 4755 1274; baseline -0.001 -14"><span class='ocrx_word' id='word_1_448' title='bbox 2849 1195 3135 1274; x_wconf 86' lang='lat' dir='ltr'><strong>cesserit,</strong></span> <span class='ocrx_word' id='word_1_449' title='bbox 3190 1214 3338 1260; x_wconf 90' lang='lat' dir='ltr'><strong>cum</strong></span> <span class='ocrx_word' id='word_1_450' title='bbox 3396 1213 3654 1259; x_wconf 90' lang='lat' dir='ltr'><strong>summa</strong></span> <span class='ocrx_word' id='word_1_451' title='bbox 3705 1192 3999 1259; x_wconf 84' lang='lat' dir='ltr'><strong>numinis</strong></span> <span class='ocrx_word' id='word_1_452' title='bbox 4055 1195 4428 1260; x_wconf 89' lang='lat' dir='ltr'><strong>reverentia</strong></span> <span class='ocrx_word' id='word_1_453' title='bbox 4480 1193 4547 1258; x_wconf 94' lang='lat' dir='ltr'><strong>id</strong></span> <span class='ocrx_word' id='word_1_454' title='bbox 4588 1193 4755 1259; x_wconf 77' lang='lat' dir='ltr'><strong>faeia-</strong></span> 
     </span>
     <span class='ocr_line' id='line_1_63' title="bbox 2849 1278 4754 1363; baseline 0.001 -19"><span class='ocrx_word' id='word_1_455' title='bbox 2849 1301 3020 1360; x_wconf 90' lang='lat' dir='ltr'><strong>mus,</strong></span> <span class='ocrx_word' id='word_1_456' title='bbox 3071 1291 3142 1345; x_wconf 88' lang='lat' dir='ltr'><strong>et</strong></span> <span class='ocrx_word' id='word_1_457' title='bbox 3196 1278 3381 1363; x_wconf 90' lang='lat' dir='ltr'><strong>quasi</strong></span> <span class='ocrx_word' id='word_1_458' title='bbox 3424 1299 3642 1345; x_wconf 89' lang='lat' dir='ltr'><strong>coram</strong></span> <span class='ocrx_word' id='word_1_459' title='bbox 3689 1279 3835 1344; x_wconf 88' lang='lat' dir='ltr'><strong>eius</strong></span> <span class='ocrx_word' id='word_1_460' title='bbox 3880 1288 4133 1348; x_wconf 88' lang='lat' dir='ltr'><strong>stantes</strong></span> <span class='ocrx_word' id='word_1_461' title='bbox 4176 1278 4494 1345; x_wconf 87' lang='lat' dir='ltr'><strong>tribunali</strong></span> <span class='ocrx_word' id='word_1_462' title='bbox 4533 1279 4754 1345; x_wconf 84' lang='lat' dir='ltr'><strong>vindic·</strong></span> 
     </span>
     <span class='ocr_line' id='line_1_64' title="bbox 2850 1365 4756 1443; baseline -0.001 -13"><span class='ocrx_word' id='word_1_463' title='bbox 2850 1375 2983 1430; x_wconf 89' lang='lat' dir='ltr'><strong>tam</strong></span> <span class='ocrx_word' id='word_1_464' title='bbox 3049 1367 3189 1430; x_wconf 90' lang='lat' dir='ltr'><strong>eius</strong></span> <span class='ocrx_word' id='word_1_465' title='bbox 3257 1366 3680 1443; x_wconf 86' lang='lat' dir='ltr'><strong>horreamus,</strong></span> <span class='ocrx_word' id='word_1_466' title='bbox 3756 1366 4062 1432; x_wconf 89' lang='lat' dir='ltr'><strong>omnibus</strong></span> <span class='ocrx_word' id='word_1_467' title='bbox 4125 1365 4256 1432; x_wconf 90' lang='lat' dir='ltr'><strong>illis</strong></span> <span class='ocrx_word' id='word_1_468' title='bbox 4320 1366 4756 1442; x_wconf 82' lang='lat' dir='ltr'><strong>imminentem,</strong></span> 
     </span>
     <span class='ocr_line' id='line_1_65' title="bbox 2848 1448 4758 1534; baseline 0 -18"><span class='ocrx_word' id='word_1_469' title='bbox 2848 1453 2958 1534; x_wconf 88' lang='lat' dir='ltr'><strong>qui</strong></span> <span class='ocrx_word' id='word_1_470' title='bbox 3004 1451 3351 1517; x_wconf 86' lang='lat' dir='ltr'><strong>veritatem</strong></span> <span class='ocrx_word' id='word_1_471' title='bbox 3395 1451 3463 1516; x_wconf 92' lang='lat' dir='ltr'><strong>in</strong></span> <span class='ocrx_word' id='word_1_472' title='bbox 3500 1448 3916 1516; x_wconf 88' lang='lat' dir='ltr'><strong>mendacium</strong></span> <span class='ocrx_word' id='word_1_473' title='bbox 3959 1452 4426 1518; x_wconf 88' lang='lat' dir='ltr'><strong>converterint.</strong></span> <span class='ocrx_word' id='word_1_474' title='bbox 4495 1450 4587 1516; x_wconf 83' lang='lat' dir='ltr'><strong>Bt</strong></span> <span class='ocrx_word' id='word_1_475' title='bbox 4624 1450 4758 1516; x_wconf 78' lang='lat' dir='ltr'><strong>haee</strong></span> 
     </span>
     <span class='ocr_line' id='line_1_66' title="bbox 2853 1536 3193 1604; baseline 0 -2"><span class='ocrx_word' id='word_1_476' title='bbox 2853 1536 3193 1604; x_wconf 89' lang='lat' dir='ltr'><strong>hactenus.</strong></span> 
     </span>
     <span class='ocr_line' id='line_1_67' title="bbox 3018 1623 3661 1707; baseline -0.003 -18"><span class='ocrx_word' id='word_1_477' title='bbox 3018 1623 3163 1689; x_wconf 88' lang='lat' dir='ltr'><strong>Iam</strong></span> <span class='ocrx_word' id='word_1_478' title='bbox 3208 1629 3513 1707; x_wconf 86' lang='lat' dir='ltr'><strong>superest</strong></span> <span class='ocrx_word' id='word_1_479' title='bbox 3553 1627 3661 1688; x_wconf 79' lang='lat' dir='ltr'><strong>etc.</strong></span> 
     </span>
    </p>
   </div>
   <div class='ocr_carea' id='block_1_10' title="bbox 3463 1965 4236 2064">
    <p class='ocr_par' dir='ltr' id='par_1_11' title="bbox 3463 1965 4236 2064">
     <span class='ocr_line' id='line_1_68' title="bbox 3463 1965 4236 2064; baseline -0.005 -14"><span class='ocrx_word' id='word_1_480' title='bbox 3463 1965 3961 2050; x_wconf 88' lang='lat' dir='ltr'><strong>HOMILIA</strong></span> <span class='ocrx_word' id='word_1_481' title='bbox 4005 1965 4187 2047; x_wconf 87' lang='lat' dir='ltr'><strong>XV.</strong></span> <span class='ocrx_word' id='word_1_482' title='bbox 4215 2039 4236 2064; x_wconf 78' lang='grc'><em>,</em></span> 
     </span>
    </p>
   </div>
   <div class='ocr_carea' id='block_1_11' title="bbox 2845 2135 4762 2976">
    <p class='ocr_par' dir='ltr' id='par_1_12' title="bbox 2845 2135 4762 2976">
     <span class='ocr_line' id='line_1_69' title="bbox 3023 2135 4762 2218; baseline 0 -16"><span class='ocrx_word' id='word_1_483' title='bbox 3023 2139 3122 2204; x_wconf 85' lang='grc'><strong>18.</strong></span> <span class='ocrx_word' id='word_1_484' title='bbox 3186 2137 3510 2203; x_wconf 73' lang='lat' dir='ltr'><strong>Indicavit</strong></span> <span class='ocrx_word' id='word_1_485' title='bbox 3571 2136 3785 2218; x_wconf 69' lang='lat' dir='ltr'><strong>itaque</strong></span> <span class='ocrx_word' id='word_1_486' title='bbox 3849 2137 3908 2201; x_wconf 77' lang='lat' dir='ltr'><strong>ei</strong></span> <span class='ocrx_word' id='word_1_487' title='bbox 3969 2135 4224 2202; x_wconf 76' lang='lat' dir='ltr'><strong>Samuel</strong></span> <span class='ocrx_word' id='word_1_488' title='bbox 4281 2138 4606 2203; x_wconf 72' lang='lat' dir='ltr'><strong>universos</strong></span> <span class='ocrx_word' id='word_1_489' title='bbox 4659 2157 4762 2202; x_wconf 77' lang='lat' dir='ltr'><strong>ser·</strong></span> 
     </span>
     <span class='ocr_line' id='line_1_70' title="bbox 2846 2221 4760 2305; baseline -0.002 -15"><span class='ocrx_word' id='word_1_490' title='bbox 2846 2245 3076 2305; x_wconf 79' lang='lat' dir='ltr'><strong>mones,</strong></span> <span class='ocrx_word' id='word_1_491' title='bbox 3142 2229 3196 2290; x_wconf 78' lang='lat' dir='ltr'><strong>et</strong></span> <span class='ocrx_word' id='word_1_492' title='bbox 3236 2243 3362 2289; x_wconf 80' lang='lat' dir='ltr'><strong>uon</strong></span> <span class='ocrx_word' id='word_1_493' title='bbox 3427 2222 3744 2289; x_wconf 71' lang='lat' dir='ltr'><strong>abscondit</strong></span> <span class='ocrx_word' id='word_1_494' title='bbox 3805 2221 3885 2288; x_wconf 82' lang='lat' dir='ltr'><strong>ab</strong></span> <span class='ocrx_word' id='word_1_495' title='bbox 3949 2243 4035 2289; x_wconf 83' lang='lat' dir='ltr'><strong>eo.</strong></span> <span class='ocrx_word' id='word_1_496' title='bbox 4143 2222 4230 2287; x_wconf 83' lang='lat' dir='ltr'><strong>Et</strong></span> <span class='ocrx_word' id='word_1_497' title='bbox 4285 2223 4392 2289; x_wconf 63' lang='lat' dir='ltr'><strong>{Ue</strong></span> <span class='ocrx_word' id='word_1_498' title='bbox 4460 2223 4760 2303; x_wconf 68' lang='lat' dir='ltr'><strong>respondit,</strong></span> 
     </span>
     <span class='ocr_line' id='line_1_71' title="bbox 2850 2307 4757 2390; baseline -0.002 -15"><span class='ocrx_word' id='word_1_499' title='bbox 2850 2310 3167 2375; x_wconf 79' lang='lat' dir='ltr'><strong>Dominus</strong></span> <span class='ocrx_word' id='word_1_500' title='bbox 3217 2314 3346 2376; x_wconf 78' lang='lat' dir='ltr'><strong>est.-</strong></span> <span class='ocrx_word' id='word_1_501' title='bbox 3405 2309 3569 2390; x_wconf 74' lang='lat' dir='ltr'><strong>quod</strong></span> <span class='ocrx_word' id='word_1_502' title='bbox 3619 2307 3846 2373; x_wconf 82' lang='lat' dir='ltr'><strong>bonum</strong></span> <span class='ocrx_word' id='word_1_503' title='bbox 3907 2314 3998 2374; x_wconf 71' lang='lat' dir='ltr'><strong>eet</strong></span> <span class='ocrx_word' id='word_1_504' title='bbox 4037 2308 4111 2372; x_wconf 76' lang='lat' dir='ltr'><strong>in</strong></span> <span class='ocrx_word' id='word_1_505' title='bbox 4151 2309 4348 2373; x_wconf 74' lang='lat' dir='ltr'><strong>oculis</strong></span> <span class='ocrx_word' id='word_1_506' title='bbox 4389 2310 4532 2374; x_wconf 69' lang='lat' dir='ltr'><strong>auis</strong></span> <span class='ocrx_word' id='word_1_507' title='bbox 4568 2309 4757 2390; x_wconf 73' lang='lat' dir='ltr'><strong>faciat.</strong></span> 
     </span>
     <span class='ocr_line' id='line_1_72' title="bbox 2851 2392 4757 2473; baseline 0 -13"><span class='ocrx_word' id='word_1_508' title='bbox 2851 2397 2953 2461; x_wconf 86' lang='lat'><strong>19.</strong></span> <span class='ocrx_word' id='word_1_509' title='bbox 3005 2394 3213 2462; x_wconf 78' lang='lat' dir='ltr'><strong>Crevit</strong></span> <span class='ocrx_word' id='word_1_510' title='bbox 3267 2399 3469 2460; x_wconf 69' lang='lat' dir='ltr'><strong>autem</strong></span> <span class='ocrx_word' id='word_1_511' title='bbox 3516 2392 3793 2473; x_wconf 79' lang='lat' dir='ltr'><strong>Samuel,</strong></span> <span class='ocrx_word' id='word_1_512' title='bbox 3852 2400 3910 2459; x_wconf 73' lang='lat' dir='ltr'><strong>et</strong></span> <span class='ocrx_word' id='word_1_513' title='bbox 3950 2394 4272 2460; x_wconf 72' lang='lat' dir='ltr'><strong>Dominus</strong></span> <span class='ocrx_word' id='word_1_514' title='bbox 4325 2400 4467 2460; x_wconf 74' lang='lat' dir='ltr'><strong>erat</strong></span> <span class='ocrx_word' id='word_1_515' title='bbox 4518 2414 4649 2460; x_wconf 71' lang='lat' dir='ltr'><strong>cum</strong></span> <span class='ocrx_word' id='word_1_516' title='bbox 4684 2412 4757 2471; x_wconf 80' lang='lat' dir='ltr'><strong>eo,</strong></span> 
     </span>
     <span class='ocr_line' id='line_1_73' title="bbox 2845 2479 4756 2548; baseline -0.003 0"><span class='ocrx_word' id='word_1_517' title='bbox 2845 2488 2902 2548; x_wconf 80' lang='lat' dir='ltr'><strong>et</strong></span> <span class='ocrx_word' id='word_1_518' title='bbox 2964 2482 3130 2548; x_wconf 75' lang='lat' dir='ltr'><strong>nihil</strong></span> <span class='ocrx_word' id='word_1_519' title='bbox 3192 2481 3410 2547; x_wconf 79' lang='lat' dir='ltr'><strong>cecidit</strong></span> <span class='ocrx_word' id='word_1_520' title='bbox 3463 2500 3540 2545; x_wconf 76' lang='lat' dir='ltr'><strong>ex</strong></span> <span class='ocrx_word' id='word_1_521' title='bbox 3604 2480 3889 2545; x_wconf 74' lang='lat' dir='ltr'><strong>omnibus</strong></span> <span class='ocrx_word' id='word_1_522' title='bbox 3951 2479 4154 2545; x_wconf 74' lang='lat' dir='ltr'><strong>verbis</strong></span> <span class='ocrx_word' id='word_1_523' title='bbox 4211 2481 4351 2546; x_wconf 64' lang='lat' dir='ltr'><strong>eius</strong></span> <span class='ocrx_word' id='word_1_524' title='bbox 4403 2481 4480 2546; x_wconf 73' lang='lat' dir='ltr'><strong>in</strong></span> <span class='ocrx_word' id='word_1_525' title='bbox 4534 2486 4756 2546; x_wconf 62' lang='lat' dir='ltr'><strong>terrant.</strong></span> 
     </span>
     <span class='ocr_line' id='line_1_74' title="bbox 2849 2564 4762 2651; baseline -0.002 -18"><span class='ocrx_word' id='word_1_526' title='bbox 2849 2568 2952 2633; x_wconf 82' lang='lat'><strong>20.</strong></span> <span class='ocrx_word' id='word_1_527' title='bbox 3000 2568 3091 2633; x_wconf 81' lang='lat' dir='ltr'><strong>Et</strong></span> <span class='ocrx_word' id='word_1_528' title='bbox 3141 2566 3420 2651; x_wconf 71' lang='lat' dir='ltr'><strong>coynovit</strong></span> <span class='ocrx_word' id='word_1_529' title='bbox 3468 2566 3806 2631; x_wconf 73' lang='lat' dir='ltr'><strong>universus</strong></span> <span class='ocrx_word' id='word_1_530' title='bbox 3851 2566 4061 2632; x_wconf 56' lang='lat' dir='ltr'><strong>Israel</strong></span> <span class='ocrx_word' id='word_1_531' title='bbox 4103 2586 4147 2631; x_wconf 91' lang='lat' dir='ltr'><strong>a</strong></span> <span class='ocrx_word' id='word_1_532' title='bbox 4187 2566 4346 2633; x_wconf 80' lang='lat' dir='ltr'><strong>Dan</strong></span> <span class='ocrx_word' id='word_1_533' title='bbox 4386 2586 4586 2649; x_wconf 72' lang='lat' dir='ltr'><strong>usque</strong></span> <span class='ocrx_word' id='word_1_534' title='bbox 4621 2564 4762 2631; x_wconf 75' lang='lat' dir='ltr'><strong>Ber·</strong></span> 
     </span>
     <span class='ocr_line' id='line_1_75' title="bbox 2847 2649 4756 2735; baseline -0.002 -16"><span class='ocrx_word' id='word_1_535' title='bbox 2847 2653 3022 2719; x_wconf 73' lang='lat' dir='ltr'><strong>sabee</strong></span> <span class='ocrx_word' id='word_1_536' title='bbox 3036 2704 3052 2734; x_wconf 93' lang='lat'><strong>,</strong></span> <span class='ocrx_word' id='word_1_537' title='bbox 3116 2654 3282 2735; x_wconf 78' lang='lat' dir='ltr'><strong>quod</strong></span> <span class='ocrx_word' id='word_1_538' title='bbox 3341 2651 3552 2732; x_wconf 70' lang='lat' dir='ltr'><strong>fidelis</strong></span> <span class='ocrx_word' id='word_1_539' title='bbox 3610 2649 3869 2716; x_wconf 78' lang='lat' dir='ltr'><strong>Samuel</strong></span> <span class='ocrx_word' id='word_1_540' title='bbox 3923 2651 4231 2733; x_wconf 73' lang='lat' dir='ltr'><strong>propheta</strong></span> <span class='ocrx_word' id='word_1_541' title='bbox 4293 2657 4454 2718; x_wconf 67' lang='lat' dir='ltr'><strong>esset</strong></span> <span class='ocrx_word' id='word_1_542' title='bbox 4505 2651 4756 2719; x_wconf 69' lang='lat' dir='ltr'><strong>Domini.</strong></span> 
     </span>
     <span class='ocr_line' id='line_1_76' title="bbox 2848 2736 4758 2819; baseline -0.001 -16"><span class='ocrx_word' id='word_1_543' title='bbox 2848 2740 2951 2803; x_wconf 82' lang='lat'><strong>21.</strong></span> <span class='ocrx_word' id='word_1_544' title='bbox 2996 2739 3085 2804; x_wconf 78' lang='lat' dir='ltr'><strong>Et</strong></span> <span class='ocrx_word' id='word_1_545' title='bbox 3140 2739 3391 2804; x_wconf 68' lang='lat' dir='ltr'><strong>addidit</strong></span> <span class='ocrx_word' id='word_1_546' title='bbox 3428 2736 3746 2802; x_wconf 68' lang='lat' dir='ltr'><strong>Dominus</strong></span> <span class='ocrx_word' id='word_1_547' title='bbox 3797 2741 3870 2802; x_wconf 74' lang='lat' dir='ltr'><strong>ut</strong></span> <span class='ocrx_word' id='word_1_548' title='bbox 3923 2743 4253 2819; x_wconf 77' lang='lat' dir='ltr'><strong>appareret</strong></span> <span class='ocrx_word' id='word_1_549' title='bbox 4306 2739 4380 2803; x_wconf 74' lang='lat' dir='ltr'><strong>in</strong></span> <span class='ocrx_word' id='word_1_550' title='bbox 4438 2737 4589 2816; x_wconf 69' lang='lat' dir='ltr'><strong>Silo,</strong></span> <span class='ocrx_word' id='word_1_551' title='bbox 4640 2756 4758 2819; x_wconf 75' lang='lat' dir='ltr'><strong>qua-</strong></span> 
     </span>
     <span class='ocr_line' id='line_1_77' title="bbox 2845 2821 4759 2976; baseline 0 -86"><span class='ocrx_word' id='word_1_552' title='bbox 2845 2826 3034 2976; x_wconf 55' lang='lat' dir='ltr'><strong>magu</strong></span> <span class='ocrx_word' id='word_1_553' title='bbox 3062 2825 3366 2975; x_wconf 54' lang='lat' dir='ltr'><strong>revbaelatus</strong></span> <span class='ocrx_word' id='word_1_554' title='bbox 3393 2825 3620 2921; x_wconf 79' lang='lat' dir='ltr'><strong>fuerat</strong></span> <span class='ocrx_word' id='word_1_555' title='bbox 3639 2821 3956 2889; x_wconf 75' lang='lat' dir='ltr'><strong>Dominus</strong></span> <span class='ocrx_word' id='word_1_556' title='bbox 3984 2823 4268 2889; x_wconf 63' lang='lat' dir='ltr'><strong>Samuele·</strong></span> <span class='ocrx_word' id='word_1_557' title='bbox 4308 2825 4382 2889; x_wconf 81' lang='lat' dir='ltr'><strong>in</strong></span> <span class='ocrx_word' id='word_1_558' title='bbox 4408 2822 4565 2902; x_wconf 73' lang='lat' dir='ltr'><strong>Silo,</strong></span> <span class='ocrx_word' id='word_1_559' title='bbox 4607 2824 4759 2890; x_wconf 70' lang='lat' dir='ltr'><strong>iam</strong></span> 
     </span>
     <span class='ocr_line' id='line_1_78' title="bbox 2846 2930 3423 2976; baseline -0.007 0"><span class='ocrx_word' id='word_1_560' title='bbox 2846 2932 2952 2976; x_wconf 82' lang='lat' dir='ltr'><strong>ver</strong></span> <span class='ocrx_word' id='word_1_561' title='bbox 3035 2931 3099 2976; x_wconf 88' lang='lat' dir='ltr'><strong>m</strong></span> <span class='ocrx_word' id='word_1_562' title='bbox 3211 2930 3423 2976; x_wconf 60' lang='lat' dir='ltr'><strong>omma.</strong></span> 
     </span>
    </p>
   </div>
   <div class='ocr_carea' id='block_1_12' title="bbox 2842 3078 4761 4969">
    <p class='ocr_par' dir='ltr' id='par_1_13' title="bbox 2842 3078 4761 4969">
     <span class='ocr_line' id='line_1_79' title="bbox 3020 3078 4761 3147; baseline -0.001 -1"><span class='ocrx_word' id='word_1_563' title='bbox 3020 3082 3258 3147; x_wconf 87' lang='lat' dir='ltr'><strong>Latam</strong></span> <span class='ocrx_word' id='word_1_564' title='bbox 3303 3080 3619 3145; x_wconf 87' lang='lat' dir='ltr'><strong>adversus</strong></span> <span class='ocrx_word' id='word_1_565' title='bbox 3660 3078 3820 3144; x_wconf 90' lang='lat' dir='ltr'><strong>Heli</strong></span> <span class='ocrx_word' id='word_1_566' title='bbox 3862 3079 4128 3144; x_wconf 92' lang='lat' dir='ltr'><strong>domum</strong></span> <span class='ocrx_word' id='word_1_567' title='bbox 4172 3081 4575 3146; x_wconf 89' lang='lat' dir='ltr'><strong>sententiam</strong></span> <span class='ocrx_word' id='word_1_568' title='bbox 4608 3078 4761 3146; x_wconf 88' lang='lat' dir='ltr'><strong>audi·</strong></span> 
     </span>
     <span class='ocr_line' id='line_1_80' title="bbox 2849 3165 4759 3248; baseline -0.002 -14"><span class='ocrx_word' id='word_1_569' title='bbox 2849 3168 3084 3248; x_wconf 80' lang='lat' dir='ltr'><strong>vimus,</strong></span> <span class='ocrx_word' id='word_1_570' title='bbox 3128 3168 3316 3233; x_wconf 87' lang='lat' dir='ltr'><strong>cuius</strong></span> <span class='ocrx_word' id='word_1_571' title='bbox 3359 3176 3595 3232; x_wconf 90' lang='lat' dir='ltr'><strong>testem</strong></span> <span class='ocrx_word' id='word_1_572' title='bbox 3639 3174 3704 3229; x_wconf 92' lang='lat' dir='ltr'><strong>et</strong></span> <span class='ocrx_word' id='word_1_573' title='bbox 3745 3183 4130 3247; x_wconf 89' lang='lat' dir='ltr'><strong>praeconem</strong></span> <span class='ocrx_word' id='word_1_574' title='bbox 4176 3165 4580 3246; x_wconf 83' lang='lat' dir='ltr'><strong>Samuelem,</strong></span> <span class='ocrx_word' id='word_1_575' title='bbox 4633 3166 4759 3230; x_wconf 85' lang='lat' dir='ltr'><strong>lieet</strong></span> 
     </span>
     <span class='ocr_line' id='line_1_81' title="bbox 2850 3250 4760 3336; baseline -0.001 -19"><span class='ocrx_word' id='word_1_576' title='bbox 2850 3253 3062 3318; x_wconf 90' lang='lat' dir='ltr'><strong>adhuc</strong></span> <span class='ocrx_word' id='word_1_577' title='bbox 3104 3273 3401 3336; x_wconf 88' lang='lat' dir='ltr'><strong>puerum,</strong></span> <span class='ocrx_word' id='word_1_578' title='bbox 3458 3250 3661 3316; x_wconf 77' lang='lat' dir='ltr'><strong>fuisse</strong></span> <span class='ocrx_word' id='word_1_579' title='bbox 3717 3251 4151 3317; x_wconf 86' lang='lat' dir='ltr'><strong>constitutum</strong></span> <span class='ocrx_word' id='word_1_580' title='bbox 4199 3273 4242 3317; x_wconf 89' lang='lat' dir='ltr'><strong>a</strong></span> <span class='ocrx_word' id='word_1_581' title='bbox 4283 3252 4574 3318; x_wconf 91' lang='lat' dir='ltr'><strong>Domino</strong></span> <span class='ocrx_word' id='word_1_582' title='bbox 4620 3250 4760 3315; x_wconf 86' lang='lat' dir='ltr'><strong>didi·</strong></span> 
     </span>
     <span class='ocr_line' id='line_1_82' title="bbox 2849 3336 4761 3421; baseline -0.002 -17"><span class='ocrx_word' id='word_1_583' title='bbox 2849 3339 3090 3418; x_wconf 88' lang='lat' dir='ltr'><strong>cimus,</strong></span> <span class='ocrx_word' id='word_1_584' title='bbox 3157 3359 3350 3421; x_wconf 90' lang='lat' dir='ltr'><strong>quam</strong></span> <span class='ocrx_word' id='word_1_585' title='bbox 3412 3337 3541 3420; x_wconf 89' lang='lat' dir='ltr'><strong>ipsi</strong></span> <span class='ocrx_word' id='word_1_586' title='bbox 3606 3336 3762 3403; x_wconf 86' lang='lat' dir='ltr'><strong>Heli</strong></span> <span class='ocrx_word' id='word_1_587' title='bbox 3827 3336 4252 3402; x_wconf 89' lang='lat' dir='ltr'><strong>denunciaret</strong></span> <span class='ocrx_word' id='word_1_588' title='bbox 4314 3339 4451 3403; x_wconf 90' lang='lat' dir='ltr'><strong>iam</strong></span> <span class='ocrx_word' id='word_1_589' title='bbox 4519 3338 4654 3404; x_wconf 88' lang='lat' dir='ltr'><strong>seni</strong></span> <span class='ocrx_word' id='word_1_590' title='bbox 4707 3345 4761 3401; x_wconf 74' lang='lat' dir='ltr'><strong>et</strong></span> 
     </span>
     <span class='ocr_line' id='line_1_83' title="bbox 2847 3422 4759 3508; baseline -0.002 -19"><span class='ocrx_word' id='word_1_591' title='bbox 2847 3423 3107 3508; x_wconf 90' lang='lat' dir='ltr'><strong>quidem</strong></span> <span class='ocrx_word' id='word_1_592' title='bbox 3172 3423 3595 3508; x_wconf 88' lang='lat' dir='ltr'><strong>provectioris</strong></span> <span class='ocrx_word' id='word_1_593' title='bbox 3659 3423 3909 3501; x_wconf 88' lang='lat' dir='ltr'><strong>aetatis,</strong></span> <span class='ocrx_word' id='word_1_594' title='bbox 3974 3422 4095 3489; x_wconf 91' lang='lat' dir='ltr'><strong>sub</strong></span> <span class='ocrx_word' id='word_1_595' title='bbox 4160 3423 4347 3489; x_wconf 91' lang='lat' dir='ltr'><strong>cuius</strong></span> <span class='ocrx_word' id='word_1_596' title='bbox 4411 3422 4759 3508; x_wconf 84' lang='lat' dir='ltr'><strong>magisterio</strong></span> 
     </span>
     <span class='ocr_line' id='line_1_84' title="bbox 2851 3507 4758 3578; baseline -0.004 0"><span class='ocrx_word' id='word_1_597' title='bbox 2851 3509 3119 3578; x_wconf 87' lang='lat' dir='ltr'><strong>Samuel</strong></span> <span class='ocrx_word' id='word_1_598' title='bbox 3178 3509 3491 3576; x_wconf 85' lang='lat' dir='ltr'><strong>educatus</strong></span> <span class='ocrx_word' id='word_1_599' title='bbox 3544 3516 3612 3573; x_wconf 90' lang='lat' dir='ltr'><strong>et</strong></span> <span class='ocrx_word' id='word_1_600' title='bbox 3653 3509 3997 3574; x_wconf 89' lang='lat' dir='ltr'><strong>institutus</strong></span> <span class='ocrx_word' id='word_1_601' title='bbox 4039 3508 4272 3574; x_wconf 84' lang='lat' dir='ltr'><strong>fuerat.</strong></span> <span class='ocrx_word' id='word_1_602' title='bbox 4360 3509 4562 3576; x_wconf 89' lang='lat' dir='ltr'><strong>Unde</strong></span> <span class='ocrx_word' id='word_1_603' title='bbox 4601 3507 4758 3575; x_wconf 85' lang='lat' dir='ltr'><strong>vide·</strong></span> 
     </span>
     <span class='ocr_line' id='line_1_85' title="bbox 2847 3593 4759 3679; baseline -0.002 -18"><span class='ocrx_word' id='word_1_604' title='bbox 2847 3605 3030 3662; x_wconf 91' lang='lat' dir='ltr'><strong>retur</strong></span> <span class='ocrx_word' id='word_1_605' title='bbox 3092 3596 3338 3661; x_wconf 87' lang='lat' dir='ltr'><strong>occasio</strong></span> <span class='ocrx_word' id='word_1_606' title='bbox 3395 3594 3554 3660; x_wconf 89' lang='lat' dir='ltr'><strong>Heli</strong></span> <span class='ocrx_word' id='word_1_607' title='bbox 3611 3593 3829 3659; x_wconf 86' lang='lat' dir='ltr'><strong>oblata</strong></span> <span class='ocrx_word' id='word_1_608' title='bbox 3884 3615 4016 3659; x_wconf 91' lang='lat' dir='ltr'><strong>non</strong></span> <span class='ocrx_word' id='word_1_609' title='bbox 4076 3595 4241 3661; x_wconf 88' lang='lat' dir='ltr'><strong>levis</strong></span> <span class='ocrx_word' id='word_1_610' title='bbox 4292 3594 4759 3679; x_wconf 84' lang='lat' dir='ltr'><strong>indignationis,</strong></span> 
     </span>
     <span class='ocr_line' id='line_1_86' title="bbox 2846 3679 4758 3766; baseline -0.001 -20"><span class='ocrx_word' id='word_1_611' title='bbox 2846 3683 3030 3766; x_wconf 84' lang='lat' dir='ltr'><strong>quasi</strong></span> <span class='ocrx_word' id='word_1_612' title='bbox 3073 3703 3114 3746; x_wconf 89' lang='lat' dir='ltr'><strong>a</strong></span> <span class='ocrx_word' id='word_1_613' title='bbox 3147 3683 3288 3747; x_wconf 89' lang='lat' dir='ltr'><strong>Deo</strong></span> <span class='ocrx_word' id='word_1_614' title='bbox 3332 3687 3665 3764; x_wconf 88' lang='lat' dir='ltr'><strong>pateretur</strong></span> <span class='ocrx_word' id='word_1_615' title='bbox 3704 3681 3966 3764; x_wconf 85' lang='lat' dir='ltr'><strong>insigne</strong></span> <span class='ocrx_word' id='word_1_616' title='bbox 4008 3679 4308 3759; x_wconf 88' lang='lat' dir='ltr'><strong>dedecus,</strong></span> <span class='ocrx_word' id='word_1_617' title='bbox 4352 3691 4435 3746; x_wconf 92' lang='lat' dir='ltr'><strong>ut</strong></span> <span class='ocrx_word' id='word_1_618' title='bbox 4476 3683 4613 3766; x_wconf 86' lang='lat' dir='ltr'><strong>ipse</strong></span> <span class='ocrx_word' id='word_1_619' title='bbox 4650 3679 4758 3745; x_wconf 87' lang='lat' dir='ltr'><strong>iam</strong></span> 
     </span>
     <span class='ocr_line' id='line_1_87' title="bbox 2847 3766 4757 3848; baseline -0.002 -16"><span class='ocrx_word' id='word_1_620' title='bbox 2847 3769 3067 3833; x_wconf 88' lang='lat' dir='ltr'><strong>senior</strong></span> <span class='ocrx_word' id='word_1_621' title='bbox 3131 3789 3170 3832; x_wconf 91' lang='lat' dir='ltr'><strong>a</strong></span> <span class='ocrx_word' id='word_1_622' title='bbox 3221 3769 3458 3834; x_wconf 90' lang='lat' dir='ltr'><strong>iuvene</strong></span> <span class='ocrx_word' id='word_1_623' title='bbox 3523 3766 3940 3832; x_wconf 88' lang='lat' dir='ltr'><strong>iudicaretur.</strong></span> <span class='ocrx_word' id='word_1_624' title='bbox 4048 3767 4219 3832; x_wconf 90' lang='lat' dir='ltr'><strong>Nam</strong></span> <span class='ocrx_word' id='word_1_625' title='bbox 4239 3817 4257 3848; x_wconf 96' lang='lat'><strong>,</strong></span> <span class='ocrx_word' id='word_1_626' title='bbox 4337 3777 4415 3833; x_wconf 90' lang='lat' dir='ltr'><strong>ut</strong></span> <span class='ocrx_word' id='word_1_627' title='bbox 4481 3767 4757 3838; x_wconf 82' lang='lat' dir='ltr'><strong>vidimus,</strong></span> 
     </span>
     <span class='ocr_line' id='line_1_88' title="bbox 2845 3851 4750 3937; baseline -0.001 -19"><span class='ocrx_word' id='word_1_628' title='bbox 2845 3854 2997 3919; x_wconf 89' lang='lat' dir='ltr'><strong>Heli</strong></span> <span class='ocrx_word' id='word_1_629' title='bbox 3045 3854 3172 3918; x_wconf 90' lang='lat' dir='ltr'><strong>iam</strong></span> <span class='ocrx_word' id='word_1_630' title='bbox 3219 3861 3566 3937; x_wconf 89' lang='lat' dir='ltr'><strong>provectae</strong></span> <span class='ocrx_word' id='word_1_631' title='bbox 3608 3860 3752 3917; x_wconf 88' lang='lat' dir='ltr'><strong>erat</strong></span> <span class='ocrx_word' id='word_1_632' title='bbox 3794 3851 4050 3932; x_wconf 86' lang='lat' dir='ltr'><strong>aetatis,</strong></span> <span class='ocrx_word' id='word_1_633' title='bbox 4108 3860 4178 3918; x_wconf 90' lang='lat' dir='ltr'><strong>et</strong></span> <span class='ocrx_word' id='word_1_634' title='bbox 4219 3874 4524 3919; x_wconf 91' lang='lat' dir='ltr'><strong>summus</strong></span> <span class='ocrx_word' id='word_1_635' title='bbox 4565 3872 4750 3918; x_wconf 81' lang='lat' dir='ltr'><strong>sacer·</strong></span> 
     </span>
     <span class='ocr_line' id='line_1_89' title="bbox 2847 3936 4756 4023; baseline -0.001 -19"><span class='ocrx_word' id='word_1_636' title='bbox 2847 3939 2997 4006; x_wconf 82' lang='lat' dir='ltr'><strong>dos:</strong></span> <span class='ocrx_word' id='word_1_637' title='bbox 3055 3949 3124 4004; x_wconf 91' lang='lat' dir='ltr'><strong>et</strong></span> <span class='ocrx_word' id='word_1_638' title='bbox 3164 3960 3297 4004; x_wconf 91' lang='lat' dir='ltr'><strong>non</strong></span> <span class='ocrx_word' id='word_1_639' title='bbox 3340 3940 3718 4023; x_wconf 84' lang='lat' dir='ltr'><strong>ignoramus</strong></span> <span class='ocrx_word' id='word_1_640' title='bbox 3764 3958 3958 4020; x_wconf 87' lang='lat' dir='ltr'><strong>quam</strong></span> <span class='ocrx_word' id='word_1_641' title='bbox 4002 3939 4276 4023; x_wconf 87' lang='lat' dir='ltr'><strong>indigne</strong></span> <span class='ocrx_word' id='word_1_642' title='bbox 4315 3939 4538 4006; x_wconf 79' lang='lat' dir='ltr'><strong>ferant</strong></span> <span class='ocrx_word' id='word_1_643' title='bbox 4577 3936 4756 4003; x_wconf 86' lang='lat' dir='ltr'><strong>homi-</strong></span> 
     </span>
     <span class='ocr_line' id='line_1_90' title="bbox 2847 4022 4756 4108; baseline -0.002 -18"><span class='ocrx_word' id='word_1_644' title='bbox 2847 4046 2966 4091; x_wconf 90' lang='lat' dir='ltr'><strong>nes</strong></span> <span class='ocrx_word' id='word_1_645' title='bbox 3008 4046 3079 4091; x_wconf 85' lang='lat' dir='ltr'><strong>ee</strong></span> <span class='ocrx_word' id='word_1_646' title='bbox 3121 4024 3205 4091; x_wconf 89' lang='lat' dir='ltr'><strong>ab</strong></span> <span class='ocrx_word' id='word_1_647' title='bbox 3245 4025 3329 4091; x_wconf 89' lang='lat' dir='ltr'><strong>iis</strong></span> <span class='ocrx_word' id='word_1_648' title='bbox 3373 4022 3783 4108; x_wconf 86' lang='lat' dir='ltr'><strong>reprehendi,</strong></span> <span class='ocrx_word' id='word_1_649' title='bbox 3840 4044 4000 4107; x_wconf 89' lang='lat' dir='ltr'><strong>quos</strong></span> <span class='ocrx_word' id='word_1_650' title='bbox 4052 4024 4229 4091; x_wconf 83' lang='lat' dir='ltr'><strong>infra</strong></span> <span class='ocrx_word' id='word_1_651' title='bbox 4282 4045 4354 4090; x_wconf 87' lang='lat' dir='ltr'><strong>se</strong></span> <span class='ocrx_word' id='word_1_652' title='bbox 4401 4024 4756 4093; x_wconf 75' lang='lat' dir='ltr'><strong>constitutos</strong></span> 
     </span>
     <span class='ocr_line' id='line_1_91' title="bbox 2847 4110 4757 4196; baseline -0.002 -21"><span class='ocrx_word' id='word_1_653' title='bbox 2847 4119 3110 4176; x_wconf 87' lang='lat' dir='ltr'><strong>norunt.</strong></span> <span class='ocrx_word' id='word_1_654' title='bbox 3200 4112 3291 4176; x_wconf 84' lang='lat' dir='ltr'><strong>At</strong></span> <span class='ocrx_word' id='word_1_655' title='bbox 3349 4120 3578 4177; x_wconf 85' lang='lat' dir='ltr'><strong>contra</strong></span> <span class='ocrx_word' id='word_1_656' title='bbox 3621 4129 3819 4192; x_wconf 87' lang='lat' dir='ltr'><strong>quam</strong></span> <span class='ocrx_word' id='word_1_657' title='bbox 3863 4110 4117 4193; x_wconf 85' lang='lat' dir='ltr'><strong>placido</strong></span> <span class='ocrx_word' id='word_1_658' title='bbox 4158 4119 4521 4196; x_wconf 87' lang='lat' dir='ltr'><strong>pacatoque</strong></span> <span class='ocrx_word' id='word_1_659' title='bbox 4564 4110 4757 4176; x_wconf 85' lang='lat' dir='ltr'><strong>animo</strong></span> 
     </span>
     <span class='ocr_line' id='line_1_92' title="bbox 2846 4195 4756 4278; baseline -0.002 -15"><span class='ocrx_word' id='word_1_660' title='bbox 2846 4196 3446 4263; x_wconf 84' lang='lat' dir='ltr'><strong>condemnationem</strong></span> <span class='ocrx_word' id='word_1_661' title='bbox 3507 4205 3575 4261; x_wconf 90' lang='lat' dir='ltr'><strong>et</strong></span> <span class='ocrx_word' id='word_1_662' title='bbox 3628 4216 3988 4278; x_wconf 88' lang='lat' dir='ltr'><strong>poenarum</strong></span> <span class='ocrx_word' id='word_1_663' title='bbox 4034 4195 4388 4262; x_wconf 86' lang='lat' dir='ltr'><strong>adversum</strong></span> <span class='ocrx_word' id='word_1_664' title='bbox 4433 4219 4508 4264; x_wconf 88' lang='lat' dir='ltr'><strong>se</strong></span> <span class='ocrx_word' id='word_1_665' title='bbox 4548 4204 4756 4261; x_wconf 79' lang='lat' dir='ltr'><strong>totam-</strong></span> 
     </span>
     <span class='ocr_line' id='line_1_93' title="bbox 2845 4282 4756 4367; baseline -0.002 -19"><span class='ocrx_word' id='word_1_666' title='bbox 2845 4305 2973 4367; x_wconf 89' lang='lat' dir='ltr'><strong>que</strong></span> <span class='ocrx_word' id='word_1_667' title='bbox 3047 4282 3365 4348; x_wconf 80' lang='lat' dir='ltr'><strong>familiam</strong></span> <span class='ocrx_word' id='word_1_668' title='bbox 3431 4282 3999 4348; x_wconf 88' lang='lat' dir='ltr'><strong>denunciationem</strong></span> <span class='ocrx_word' id='word_1_669' title='bbox 4063 4282 4395 4348; x_wconf 83' lang='lat' dir='ltr'><strong>admittit?</strong></span> <span class='ocrx_word' id='word_1_670' title='bbox 4489 4282 4756 4366; x_wconf 86' lang='lat' dir='ltr'><strong>Dignum</strong></span> 
     </span>
     <span class='ocr_line' id='line_1_94' title="bbox 2846 4365 4756 4452; baseline -0.001 -18"><span class='ocrx_word' id='word_1_671' title='bbox 2846 4389 3007 4435; x_wconf 88' lang='lat' dir='ltr'><strong>sane</strong></span> <span class='ocrx_word' id='word_1_672' title='bbox 3047 4369 3410 4434; x_wconf 88' lang='lat' dir='ltr'><strong>imitatione</strong></span> <span class='ocrx_word' id='word_1_673' title='bbox 3453 4368 3859 4451; x_wconf 87' lang='lat' dir='ltr'><strong>exemplum:</strong></span> <span class='ocrx_word' id='word_1_674' title='bbox 3908 4389 3992 4434; x_wconf 85' lang='lat' dir='ltr'><strong>ex</strong></span> <span class='ocrx_word' id='word_1_675' title='bbox 4028 4389 4157 4452; x_wconf 92' lang='lat' dir='ltr'><strong>quo</strong></span> <span class='ocrx_word' id='word_1_676' title='bbox 4201 4369 4532 4435; x_wconf 76' lang='lat' dir='ltr'><strong>discamus</strong></span> <span class='ocrx_word' id='word_1_677' title='bbox 4573 4365 4756 4433; x_wconf 84' lang='lat' dir='ltr'><strong>humi-</strong></span> 
     </span>
     <span class='ocr_line' id='line_1_95' title="bbox 2847 4447 4756 4538; baseline -0.002 -20"><span class='ocrx_word' id='word_1_678' title='bbox 2847 4455 2990 4521; x_wconf 88' lang='lat' dir='ltr'><strong>liari</strong></span> <span class='ocrx_word' id='word_1_679' title='bbox 3036 4455 3158 4520; x_wconf 90' lang='lat' dir='ltr'><strong>sub</strong></span> <span class='ocrx_word' id='word_1_680' title='bbox 3200 4464 3462 4537; x_wconf 88' lang='lat' dir='ltr'><strong>potente</strong></span> <span class='ocrx_word' id='word_1_681' title='bbox 3498 4454 3623 4519; x_wconf 90' lang='lat' dir='ltr'><strong>Dei</strong></span> <span class='ocrx_word' id='word_1_682' title='bbox 3666 4474 3902 4519; x_wconf 84' lang='lat' dir='ltr'><strong>manu:</strong></span> <span class='ocrx_word' id='word_1_683' title='bbox 3948 4463 4016 4518; x_wconf 90' lang='lat' dir='ltr'><strong>et</strong></span> <span class='ocrx_word' id='word_1_684' title='bbox 4057 4454 4115 4519; x_wconf 87' lang='lat' dir='ltr'><strong>si</strong></span> <span class='ocrx_word' id='word_1_685' title='bbox 4155 4455 4418 4538; x_wconf 89' lang='lat' dir='ltr'><strong>quando</strong></span> <span class='ocrx_word' id='word_1_686' title='bbox 4455 4454 4655 4531; x_wconf 88' lang='lat' dir='ltr'><strong>Deus,</strong></span> <span class='ocrx_word' id='word_1_687' title='bbox 4689 4447 4756 4515; x_wconf 82' lang='lat' dir='ltr'><strong>ad</strong></span> 
     </span>
     <span class='ocr_line' id='line_1_96' title="bbox 2845 4538 4755 4623; baseline -0.002 -19"><span class='ocrx_word' id='word_1_688' title='bbox 2845 4541 3059 4606; x_wconf 89' lang='lat' dir='ltr'><strong>maius</strong></span> <span class='ocrx_word' id='word_1_689' title='bbox 3123 4549 3422 4605; x_wconf 86' lang='lat' dir='ltr'><strong>nostrum</strong></span> <span class='ocrx_word' id='word_1_690' title='bbox 3487 4538 3787 4622; x_wconf 88' lang='lat' dir='ltr'><strong>dedecus,</strong></span> <span class='ocrx_word' id='word_1_691' title='bbox 3852 4539 3958 4606; x_wconf 92' lang='lat' dir='ltr'><strong>vel</strong></span> <span class='ocrx_word' id='word_1_692' title='bbox 4025 4543 4279 4623; x_wconf 89' lang='lat' dir='ltr'><strong>pueris,</strong></span> <span class='ocrx_word' id='word_1_693' title='bbox 4341 4541 4449 4608; x_wconf 92' lang='lat' dir='ltr'><strong>vel</strong></span> <span class='ocrx_word' id='word_1_694' title='bbox 4516 4540 4755 4606; x_wconf 84' lang='lat' dir='ltr'><strong>infimae</strong></span> 
     </span>
     <span class='ocr_line' id='line_1_97' title="bbox 2846 4624 4754 4709; baseline 0 -18"><span class='ocrx_word' id='word_1_695' title='bbox 2846 4626 3233 4692; x_wconf 89' lang='lat' dir='ltr'><strong>conditionis</strong></span> <span class='ocrx_word' id='word_1_696' title='bbox 3275 4624 3672 4702; x_wconf 88' lang='lat' dir='ltr'><strong>hominibus,</strong></span> <span class='ocrx_word' id='word_1_697' title='bbox 3719 4624 3929 4691; x_wconf 82' lang='lat' dir='ltr'><strong>utitur</strong></span> <span class='ocrx_word' id='word_1_698' title='bbox 3971 4626 4052 4691; x_wconf 91' lang='lat' dir='ltr'><strong>ad</strong></span> <span class='ocrx_word' id='word_1_699' title='bbox 4098 4633 4366 4709; x_wconf 90' lang='lat' dir='ltr'><strong>peecata</strong></span> <span class='ocrx_word' id='word_1_700' title='bbox 4407 4636 4634 4692; x_wconf 82' lang='lat' dir='ltr'><strong>nostra</strong></span> <span class='ocrx_word' id='word_1_701' title='bbox 4666 4642 4754 4690; x_wconf 86' lang='lat' dir='ltr'><strong>oo-</strong></span> 
     </span>
     <span class='ocr_line' id='line_1_98' title="bbox 2847 4709 4754 4796; baseline -0.002 -20"><span class='ocrx_word' id='word_1_702' title='bbox 2847 4733 2921 4776; x_wconf 89' lang='lat' dir='ltr'><strong>ar</strong></span> <span class='ocrx_word' id='word_1_703' title='bbox 3011 4710 3196 4789; x_wconf 90' lang='lat' dir='ltr'><strong>enda,</strong></span> <span class='ocrx_word' id='word_1_704' title='bbox 3242 4731 3512 4794; x_wconf 89' lang='lat' dir='ltr'><strong>prorsus</strong></span> <span class='ocrx_word' id='word_1_705' title='bbox 3533 4710 4078 4778; x_wconf 86' lang='lat' dir='ltr'><strong>obmutescamus.</strong></span> <span class='ocrx_word' id='word_1_706' title='bbox 4145 4713 4236 4777; x_wconf 83' lang='lat' dir='ltr'><strong>Et</strong></span> <span class='ocrx_word' id='word_1_707' title='bbox 4257 4709 4754 4796; x_wconf 83' lang='lat' dir='ltr'><strong>quandoquidem</strong></span> 
     </span>
     <span class='ocr_line' id='line_1_99' title="bbox 2845 4790 4752 4879; baseline -0.003 -17"><span class='ocrx_word' id='word_1_708' title='bbox 2845 4819 2886 4862; x_wconf 93' lang='lat' dir='ltr'><strong>a</strong></span> <span class='ocrx_word' id='word_1_709' title='bbox 2999 4797 3216 4862; x_wconf 93' lang='lat' dir='ltr'><strong>omino</strong></span> <span class='ocrx_word' id='word_1_710' title='bbox 3260 4795 3582 4879; x_wconf 88' lang='lat' dir='ltr'><strong>correptio</strong></span> <span class='ocrx_word' id='word_1_711' title='bbox 3625 4806 3870 4877; x_wconf 86' lang='lat' dir='ltr'><strong>manat,</strong></span> <span class='ocrx_word' id='word_1_712' title='bbox 3914 4819 3999 4863; x_wconf 90' lang='lat' dir='ltr'><strong>ne</strong></span> <span class='ocrx_word' id='word_1_713' title='bbox 4041 4798 4151 4863; x_wconf 89' lang='lat' dir='ltr'><strong>vel</strong></span> <span class='ocrx_word' id='word_1_714' title='bbox 4195 4799 4265 4863; x_wconf 90' lang='lat' dir='ltr'><strong>in</strong></span> <span class='ocrx_word' id='word_1_715' title='bbox 4317 4805 4616 4875; x_wconf 85' lang='lat' dir='ltr'><strong>aetatem,</strong></span> <span class='ocrx_word' id='word_1_716' title='bbox 4667 4790 4752 4860; x_wconf 89' lang='lat' dir='ltr'><strong>vel</strong></span> 
     </span>
     <span class='ocr_line' id='line_1_100' title="bbox 2842 4881 4754 4969; baseline 0.002 -22"><span class='ocrx_word' id='word_1_717' title='bbox 2842 4883 2914 4947; x_wconf 92' lang='lat' dir='ltr'><strong>in</strong></span> <span class='ocrx_word' id='word_1_718' title='bbox 2977 4883 3368 4967; x_wconf 82' lang='lat' dir='ltr'><strong>dignitatem</strong></span> <span class='ocrx_word' id='word_1_719' title='bbox 3433 4882 3842 4964; x_wconf 89' lang='lat' dir='ltr'><strong>inquiramus</strong></span> <span class='ocrx_word' id='word_1_720' title='bbox 3900 4884 4097 4948; x_wconf 88' lang='lat' dir='ltr'><strong>huius</strong></span> <span class='ocrx_word' id='word_1_721' title='bbox 4140 4885 4247 4950; x_wconf 90' lang='lat' dir='ltr'><strong>vel</strong></span> <span class='ocrx_word' id='word_1_722' title='bbox 4289 4884 4491 4969; x_wconf 91' lang='lat' dir='ltr'><strong>illius,</strong></span> <span class='ocrx_word' id='word_1_723' title='bbox 4555 4881 4754 4950; x_wconf 79' lang='lat' dir='ltr'><strong>sedin</strong></span> 
     </span>
    </p>
   </div>
   <div class='ocr_carea' id='block_1_13' title="bbox 802 4965 4752 5226">
    <p class='ocr_par' dir='ltr' id='par_1_14' title="bbox 802 4965 4752 5226">
     <span class='ocr_line' id='line_1_101' title="bbox 803 4965 4752 5054; baseline -0 -21"><span class='ocrx_word' id='word_1_724' title='bbox 803 4988 959 5051; x_wconf 88' lang='lat' dir='ltr'><strong>pore</strong></span> <span class='ocrx_word' id='word_1_725' title='bbox 1022 4970 1274 5051; x_wconf 90' lang='lat' dir='ltr'><strong>puniat,</strong></span> <span class='ocrx_word' id='word_1_726' title='bbox 1342 4989 1460 5033; x_wconf 88' lang='lat' dir='ltr'><strong>suo</strong></span> <span class='ocrx_word' id='word_1_727' title='bbox 1518 4977 1743 5033; x_wconf 89' lang='lat' dir='ltr'><strong>tamen</strong></span> <span class='ocrx_word' id='word_1_728' title='bbox 1799 4965 2038 5032; x_wconf 91' lang='lat' dir='ltr'><strong>iudicio</strong></span> <span class='ocrx_word' id='word_1_729' title='bbox 2093 4975 2468 5048; x_wconf 87' lang='lat' dir='ltr'><strong>peccantem</strong></span> <span class='ocrx_word' id='word_1_730' title='bbox 2529 4985 2744 5048; x_wconf 88' lang='lat' dir='ltr'><strong>peree-</strong></span> <span class='ocrx_word' id='word_1_731' title='bbox 2839 4969 3057 5052; x_wconf 90' lang='lat' dir='ltr'><strong>ipsum</strong></span> <span class='ocrx_word' id='word_1_732' title='bbox 3097 4969 3335 5045; x_wconf 90' lang='lat' dir='ltr'><strong>Deum,</strong></span> <span class='ocrx_word' id='word_1_733' title='bbox 3379 4969 3485 5034; x_wconf 89' lang='lat' dir='ltr'><strong>cui</strong></span> <span class='ocrx_word' id='word_1_734' title='bbox 3529 4968 3742 5033; x_wconf 89' lang='lat' dir='ltr'><strong>visum</strong></span> <span class='ocrx_word' id='word_1_735' title='bbox 3788 4979 3889 5035; x_wconf 90' lang='lat' dir='ltr'><strong>est</strong></span> <span class='ocrx_word' id='word_1_736' title='bbox 3929 4968 4192 5035; x_wconf 89' lang='lat' dir='ltr'><strong>illorum</strong></span> <span class='ocrx_word' id='word_1_737' title='bbox 4247 4991 4451 5054; x_wconf 88' lang='lat' dir='ltr'><strong>opera</strong></span> <span class='ocrx_word' id='word_1_738' title='bbox 4507 4970 4620 5048; x_wconf 85' lang='lat' dir='ltr'><strong>uti,</strong></span> <span class='ocrx_word' id='word_1_739' title='bbox 4667 4967 4752 5032; x_wconf 89' lang='lat' dir='ltr'><strong>in·</strong></span> 
     </span>
     <span class='ocr_line' id='line_1_102' title="bbox 802 5050 4752 5138; baseline 0 -21"><span class='ocrx_word' id='word_1_740' title='bbox 802 5065 1057 5136; x_wconf 88' lang='lat' dir='ltr'><strong>quatur.</strong></span> <span class='ocrx_word' id='word_1_741' title='bbox 1149 5052 1344 5135; x_wconf 79' lang='lat' dir='ltr'><strong>Quod</strong></span> <span class='ocrx_word' id='word_1_742' title='bbox 1401 5074 1559 5120; x_wconf 90' lang='lat' dir='ltr'><strong>vero</strong></span> <span class='ocrx_word' id='word_1_743' title='bbox 1604 5055 1790 5119; x_wconf 88' lang='lat' dir='ltr'><strong>Deus</strong></span> <span class='ocrx_word' id='word_1_744' title='bbox 1847 5052 2032 5119; x_wconf 90' lang='lat' dir='ltr'><strong>velut</strong></span> <span class='ocrx_word' id='word_1_745' title='bbox 2074 5052 2371 5116; x_wconf 86' lang='lat' dir='ltr'><strong>fraenum</strong></span> <span class='ocrx_word' id='word_1_746' title='bbox 2416 5050 2738 5133; x_wconf 85' lang='lat' dir='ltr'><strong>quoddam</strong></span> <span class='ocrx_word' id='word_1_747' title='bbox 2842 5063 3170 5119; x_wconf 82' lang='lat' dir='ltr'><strong>tueamur:</strong></span> <span class='ocrx_word' id='word_1_748' title='bbox 3230 5063 3299 5118; x_wconf 89' lang='lat' dir='ltr'><strong>et</strong></span> <span class='ocrx_word' id='word_1_749' title='bbox 3354 5054 3449 5118; x_wconf 87' lang='lat' dir='ltr'><strong>ita</strong></span> <span class='ocrx_word' id='word_1_750' title='bbox 3502 5061 3793 5119; x_wconf 86' lang='lat' dir='ltr'><strong>nostram</strong></span> <span class='ocrx_word' id='word_1_751' title='bbox 3855 5055 3939 5121; x_wconf 89' lang='lat' dir='ltr'><strong>ab</strong></span> <span class='ocrx_word' id='word_1_752' title='bbox 3995 5057 4139 5138; x_wconf 91' lang='lat' dir='ltr'><strong>ipso</strong></span> <span class='ocrx_word' id='word_1_753' title='bbox 4181 5057 4616 5124; x_wconf 84' lang='lat' dir='ltr'><strong>obedientiam</strong></span> <span class='ocrx_word' id='word_1_754' title='bbox 4653 5073 4752 5118; x_wconf 76' lang='lat' dir='ltr'><strong>ex·</strong></span> 
     </span>
     <span class='ocr_line' id='line_1_103' title="bbox 802 5137 4752 5226; baseline -0 -23"><span class='ocrx_word' id='word_1_755' title='bbox 802 5139 1193 5204; x_wconf 88' lang='lat' dir='ltr'><strong>iuramentis</strong></span> <span class='ocrx_word' id='word_1_756' title='bbox 1256 5138 1573 5221; x_wconf 89' lang='lat' dir='ltr'><strong>adhibuit,</strong></span> <span class='ocrx_word' id='word_1_757' title='bbox 1638 5139 1888 5204; x_wconf 88' lang='lat' dir='ltr'><strong>factum</strong></span> <span class='ocrx_word' id='word_1_758' title='bbox 1952 5145 2084 5220; x_wconf 88' lang='lat' dir='ltr'><strong>eet,</strong></span> <span class='ocrx_word' id='word_1_759' title='bbox 2150 5148 2226 5201; x_wconf 90' lang='lat' dir='ltr'><strong>ut</strong></span> <span class='ocrx_word' id='word_1_760' title='bbox 2292 5137 2591 5203; x_wconf 87' lang='lat' dir='ltr'><strong>homines</strong></span> <span class='ocrx_word' id='word_1_761' title='bbox 2654 5138 2737 5203; x_wconf 90' lang='lat' dir='ltr'><strong>ad</strong></span> <span class='ocrx_word' id='word_1_762' title='bbox 2841 5140 3082 5223; x_wconf 89' lang='lat' dir='ltr'><strong>plorari</strong></span> <span class='ocrx_word' id='word_1_763' title='bbox 3124 5139 3425 5205; x_wconf 88' lang='lat' dir='ltr'><strong>sciamus.</strong></span> <span class='ocrx_word' id='word_1_764' title='bbox 3515 5138 3883 5218; x_wconf 87' lang='lat' dir='ltr'><strong>Caeterum,</strong></span> <span class='ocrx_word' id='word_1_765' title='bbox 3941 5141 4148 5208; x_wconf 84' lang='lat' dir='ltr'><strong>verba</strong></span> <span class='ocrx_word' id='word_1_766' title='bbox 4196 5143 4538 5226; x_wconf 86' lang='lat' dir='ltr'><strong>sequentia</strong></span> <span class='ocrx_word' id='word_1_767' title='bbox 4579 5140 4752 5224; x_wconf 77' lang='lat' dir='ltr'><strong>digna</strong></span> 
     </span>
    </p>
   </div>
   <div class='ocr_carea' id='block_1_14' title="bbox 801 5223 2737 5302">
    <p class='ocr_par' dir='ltr' id='par_1_15' title="bbox 801 5223 2737 5302">
     <span class='ocr_line' id='line_1_104' title="bbox 801 5223 2737 5302; baseline -0.001 -12"><span class='ocrx_word' id='word_1_768' title='bbox 801 5225 1040 5290; x_wconf 85' lang='lat' dir='ltr'><strong>seriam</strong></span> <span class='ocrx_word' id='word_1_769' title='bbox 1097 5224 1359 5290; x_wconf 90' lang='lat' dir='ltr'><strong>illorum</strong></span> <span class='ocrx_word' id='word_1_770' title='bbox 1416 5225 1903 5291; x_wconf 81' lang='lat' dir='ltr'><strong>meditationem</strong></span> <span class='ocrx_word' id='word_1_771' title='bbox 1960 5223 2406 5290; x_wconf 87' lang='lat' dir='ltr'><strong>excitarentur</strong></span> <span class='ocrx_word' id='word_1_772' title='bbox 2422 5272 2439 5302; x_wconf 94' lang='lat'><strong>,</strong></span> <span class='ocrx_word' id='word_1_773' title='bbox 2502 5244 2588 5288; x_wconf 91' lang='lat' dir='ltr'><strong>ne</strong></span> <span class='ocrx_word' id='word_1_774' title='bbox 2641 5232 2737 5289; x_wconf 91' lang='lat' dir='ltr'><strong>te·</strong></span> 
     </span>
    </p>
   </div>
   <div class='ocr_carea' id='block_1_15' title="bbox 2841 5226 4751 5312">
    <p class='ocr_par' dir='ltr' id='par_1_16' title="bbox 2841 5226 4751 5312">
     <span class='ocr_line' id='line_1_105' title="bbox 2841 5226 4751 5312; baseline -0.001 -21"><span class='ocrx_word' id='word_1_775' title='bbox 2841 5235 2994 5292; x_wconf 88' lang='lat' dir='ltr'><strong>sunt</strong></span> <span class='ocrx_word' id='word_1_776' title='bbox 3048 5247 3303 5293; x_wconf 88' lang='lat' dir='ltr'><strong>summa</strong></span> <span class='ocrx_word' id='word_1_777' title='bbox 3358 5226 3738 5305; x_wconf 88' lang='lat' dir='ltr'><strong>attentione,</strong></span> <span class='ocrx_word' id='word_1_778' title='bbox 3804 5249 4006 5312; x_wconf 91' lang='lat' dir='ltr'><strong>quum</strong></span> <span class='ocrx_word' id='word_1_779' title='bbox 4069 5227 4165 5293; x_wconf 88' lang='lat' dir='ltr'><strong>ait</strong></span> <span class='ocrx_word' id='word_1_780' title='bbox 4216 5229 4396 5310; x_wconf 87' lang='lat' dir='ltr'><strong>Heli,</strong></span> <span class='ocrx_word' id='word_1_781' title='bbox 4458 5228 4751 5296; x_wconf 62' lang='lat' dir='ltr'><strong>Dominus</strong></span> 
     </span>
    </p>
   </div>
   <div class='ocr_carea' id='block_1_16' title="bbox 4931 0 4933 891">
    <p class='ocr_par' dir='ltr' id='par_1_17' title="bbox 4931 0 4933 891">
     <span class='ocr_line' id='line_1_106' title="bbox 4931 0 4933 891; baseline 0 0"><span class='ocrx_word' id='word_1_782' title='bbox 4931 0 4933 891; x_wconf 95' lang='lat' dir='ltr'><strong> </strong></span> 
     </span>
    </p>
   </div>
   <div class='ocr_carea' id='block_1_17' title="bbox 4930 4052 4932 5085">
    <p class='ocr_par' dir='ltr' id='par_1_18' title="bbox 4930 4052 4932 5085">
     <span class='ocr_line' id='line_1_107' title="bbox 4930 4052 4932 5085; baseline 0 0"><span class='ocrx_word' id='word_1_783' title='bbox 4930 4052 4932 5085; x_wconf 95' lang='lat' dir='ltr'><strong> </strong></span> 
     </span>
    </p>
   </div>
   <div class='ocr_carea' id='block_1_18' title="bbox 4930 4052 4932 5353">
    <p class='ocr_par' dir='ltr' id='par_1_19' title="bbox 4930 4052 4932 5353">
     <span class='ocr_line' id='line_1_108' title="bbox 4930 4052 4932 5353; baseline 0 0"><span class='ocrx_word' id='word_1_784' title='bbox 4930 4052 4932 5353; x_wconf 95' lang='lat' dir='ltr'><strong> </strong></span> 
     </span>
    </p>
   </div>
  </div>
 </body>
</html>
