5059 6059
303 249 416 316 497

1571 251 1670 319 IN
1716 254 1769 319 Ι.
1816 253 1996 319 LIB.
2046 252 2446 324 SAMUEL.
2492 254 2691 322 OAP.
2736 253 3000 321 XXIV.

4143 255 4271 324 498

300 443 458 511 laxis
492 441 761 509 habenis
801 442 961 522 dari,
1004 441 1137 509 imo
1175 441 1259 509 ad
1283 443 1650 509 nocendum
1684 443 1895 528 magis
1916 463 1992 510 ac
2016 443 2225 528 magis
2274 457 2281 538 Ι
2332 453 2446 511 aut
2465 445 2522 511 si
2543 443 2691 528 quis
2716 445 3006 510 tunicam
3034 445 3371 527 acceperit,
3397 444 3803 512 dimittamus
3827 447 3884 511 ei
3909 447 4107 512 etiam
4131 449 4271 532 pal-

302 529 543 596 exacui:
595 529 738 594 istis
795 529 1067 612 inquam
1128 529 1558 614 pigmentatis
1621 527 1986 595 rationibus
2029 530 2225 595 multi

301 614 613 681 vindictae
635 614 941 697 cupidum
966 614 1278 694 animum,
1323 623 1389 679 et
1424 616 1670 681 malum
1707 614 1881 681 malo
1915 635 2222 698 compen-

302 700 475 767 sandi
516 700 808 766 studium
854 710 1108 782 tegunt.
1180 702 1383 783 Atqui
1427 702 1644 767 media
1686 700 2004 784 quaedam
2053 702 2223 769 inter

298 787 413 853 ista
452 787 558 852 via
600 797 717 864 est,
774 806 969 869 quam
1009 785 1226 851 David
1272 788 1414 868 ipse
1457 787 1756 870 exemplo
1800 808 1916 852 suo
1960 807 2081 853 nos
2120 789 2224 854 hic

300 872 501 938 docet:
559 873 845 955 primum
891 872 1069 938 enim
1126 871 1376 936 malum
1422 872 1596 957 quod
1642 895 1683 938 a
1728 871 1931 940 Saule
1975 874 2226 956 accepit

297 978 426 1024 com
510 958 749 1041 nsavit,
809 979 1021 1041 neque
1079 966 1300 1023 tamen
1358 969 1702 1041 propterea
1745 958 2033 1043 pepercit
2077 959 2223 1044 ipsi,

297 1052 358 1109 et
388 1065 426 1109 a
471 1044 688 1109 alatus
723 1052 841 1124 est,
884 1045 1209 1110 vitiumne
1234 1044 1436 1126 ipsius
1469 1045 1658 1128 texit,
1703 1055 1777 1110 ut
1797 1045 1988 1110 multi
2011 1045 2226 1110 solent

297 1130 548 1214 regibus
607 1127 895 1208 adulari,
962 1140 1028 1193 et
1086 1130 1241 1195 foris
1301 1129 1649 1198 blanditias
1708 1129 1955 1210 faeere,
2022 1152 2222 1213 quum

296 1227 495 1281 tamen
540 1216 724 1282 intus
764 1215 1143 1301 arrogantia
1199 1225 1529 1299 turgeant,
1571 1224 1637 1283 et
1674 1218 2009 1282 stomacho
2043 1217 2223 1299 pleni

293 1302 434 1382 sint,
478 1311 541 1367 et
586 1302 669 1366 ad
716 1311 971 1383 tempus
1016 1300 1509 1368 dissimulantes
1551 1303 1954 1368 occasionem
2001 1322 2073 1367 se
2116 1304 2218 1369 ul-

292 1387 567 1454 ciscendi
613 1396 951 1470 quaerant.
1013 1386 1265 1451 Verum
1310 1387 1528 1452 David
1574 1397 1649 1453 ut
1689 1388 1812 1453 fuit
1855 1388 2108 1470 patiens
2150 1390 2220 1455 in

293 1472 565 1538 ferendis
600 1473 859 1539 iniuriis
902 1493 1067 1557 quae
1119 1474 1244 1556 ipsi
1294 1494 1334 1537 a
1377 1473 1581 1540 Saule
1624 1473 2094 1552 inferebantur,
2154 1484 2223 1541 et

291 1559 607 1642 privatam
646 1558 1006 1625 vindictam
1046 1559 1256 1623 noluit
1290 1580 1611 1638 exercere,
1656 1573 1874 1625 tamen
1898 1579 1980 1624 ex
2016 1560 2224 1626 altera

291 1655 466 1727 parte
521 1666 655 1709 non
716 1644 926 1729 potuit
979 1643 1205 1710 aulicis
1264 1629 1746 1710 adulationibus
1796 1643 2064 1711 Saulem
2109 1646 2222 1712 de-

285 1731 601 1812 mulcere,
666 1731 999 1815 inquiens:
1064 1730 1349 1796 Domine
1393 1752 1531 1815 rex,
1593 1731 1871 1798 multum
1932 1753 2039 1796 me
2103 1731 2221 1798 tibi

288 1815 509 1882 debere
554 1817 768 1883 fateor
809 1824 877 1881 et
921 1836 1051 1881 non
1113 1816 1353 1881 habere
1396 1817 1800 1882 occasionem
1838 1816 1920 1881 de
1956 1827 2020 1881 te
2064 1838 2218 1883 con-

284 1902 624 1985 querendi,
692 1922 994 1986 peccasse
1051 1923 1156 1966 me
1221 1901 1536 1969 adversus
1594 1911 1773 1967 tuam
1834 1902 2219 1985 dignitatem

279 2007 573 2071 agnosco,
619 1988 731 2054 sed
781 1997 853 2054 tu
890 1988 1020 2053 mei
1052 1989 1381 2068 miserere,
1425 1997 1495 2054 et
1527 1988 1844 2071 quidquid
1882 1998 2221 2071 peccatum

277 2084 365 2138 est
408 2075 750 2140 condona:
811 2095 963 2139 nam
1021 2073 1384 2140 istiusmodi
1433 2094 1619 2140 voces
1664 2073 1810 2139 Deo
1855 2073 2220 2158 displicuis-

275 2169 433 2237 sent,
495 2168 566 2224 et
608 2160 846 2226 vitium
896 2161 967 2223 in
1015 2159 1327 2225 virtutem
1384 2169 1913 2228 commutassent.
2003 2160 2076 2225 M
2167 2162 2220 2228 ‘s

277 2245 474 2329 igitur
518 2247 775 2314 sincere
815 2242 1051 2319 David,
1110 2246 1224 2329 qui
1272 2244 1537 2312 Saulem
1595 2267 1635 2311 a
1680 2246 2069 2311 crudelitate
2157 2269 2218 2312 e·

273 2330 597 2415 hortatur,
645 2339 713 2396 et
756 2331 1063 2397 admonet
1108 2352 1192 2396 ne
1237 2330 1682 2397 adulatoribus
1728 2331 1956 2398 aulicis
1999 2343 2067 2397 et
2110 2354 2215 2399 ca-

271 2416 775 2484 lumniatoribus
822 2416 1101 2499 amplius
1142 2438 1335 2482 aures
1385 2417 1611 2483 faciles
1660 2417 1984 2500 praebeat.
2029 2417 2212 2484 Dum

269 2513 484 2568 autem
539 2504 727 2570 illum
770 2503 969 2568 officii
1025 2503 1332 2567 admonet
1391 2505 1591 2567 etiam
1653 2512 1946 2583 accusat,
2006 2516 2073 2568 et
2131 2503 2212 2570 de

271 2591 638 2671 praeteritis
704 2590 961 2654 iniuriis
1021 2589 1255 2670 arguit,
1326 2609 1475 2654 nam
1531 2589 1800 2654 Saulem
1859 2610 1897 2652 a
1953 2588 2214 2656 Davide

270 2675 809 2740 abalienaverant
845 2673 1226 2740 incendiarii
1266 2674 1358 2737 illi
1394 2675 1607 2751 aulici,
1652 2676 1761 2758 qui
1800 2695 2003 2740 novas
2041 2697 2211 2741 scm·

269 2780 380 2843 per
419 2763 874 2827 accusationes
922 2759 1237 2826 adversus
1281 2760 1608 2826 Davidem
1653 2761 1720 2824 in
1769 2760 1977 2844 ipsius
2020 2782 2210 2828 aures

269 2846 786 2913 insusurrabant.
833 2847 1130 2911 Primum
1176 2847 1378 2929 igitur
1412 2845 1630 2913 David
1664 2844 1932 2913 Saulem
1978 2845 2208 2914 crude-

264 2930 462 2999 litatis
514 2936 807 3013 incusat,
868 2932 978 3015 qui
1038 2929 1489 2997 adulatoribus
1543 2952 1737 2998 aures
1796 2933 2209 3014 praebuerit:

268 3017 495 3084 deinde
557 3018 1006 3085 innocentiam
1066 3036 1253 3082 suam
1303 3027 1542 3095 tuetur,
1603 3039 1679 3084 ac
1737 3018 2010 3100 proinde
2066 3019 2210 3085 istis

262 3106 628 3171 rationibus
655 3103 872 3170 David
897 3103 1123 3169 Saulis
1159 3102 1560 3168 iracundiam
1583 3123 1896 3181 coercere,
1941 3112 2007 3168 et
2031 3104 2211 3171 virus

265 3191 549 3257 retinere
595 3211 716 3275 pro
760 3191 1012 3257 viribus
1055 3201 1351 3255 conatur.

428 3276 722 3360 Ideoque
767 3276 847 3341 ad
875 3277 1090 3340 Deum
1134 3276 1346 3357 ipsum
1387 3293 1716 3341 summum
1753 3274 2033 3341 iudicem
2061 3298 2208 3359 pro·

267 3375 470 3443 vocat,
516 3383 726 3446 quum
771 3363 897 3427 ait:
956 3355 1199 3426 Iudicet
1253 3359 1576 3426 Dominus
1629 3363 1793 3427 inter
1836 3381 1932 3426 me
1974 3366 2030 3426 et
2069 3367 2125 3427 te
2159 3369 2215 3428 et

262 3447 608 3515 ulciscatur
649 3469 747 3513 me
788 3447 1111 3514 Dominus
1152 3467 1229 3511 ex
1271 3451 1346 3511 te.
1417 3446 1624 3527 Quasi
1672 3446 1878 3512 dicat:
1939 3447 2085 3532 Ego
2129 3450 2211 3513 ad

262 3530 480 3600 Deum
528 3543 886 3620 patronum
923 3542 989 3598 et
1024 3533 1430 3597 defensorem
1469 3553 1687 3597 meum
1723 3531 2047 3616 confugio,
2091 3556 2212 3618 ego

261 3617 709 3686 innocentiam
756 3639 970 3684 meam
1011 3629 1228 3697 testor,
1274 3639 1393 3701 ego
1431 3619 1559 3684 tuis
1594 3616 1951 3684 commodis
1982 3630 2050 3684 et
2085 3622 2213 3684 uti-

257 3701 428 3772 litati
475 3706 726 3784 studui,
786 3717 859 3770 tu
902 3705 1042 3788 ipse
1099 3705 1297 3786 probe
1343 3704 1534 3786 nosti,
1596 3715 1795 3768 testes
1846 3713 2001 3768 sunt
2044 3706 2212 3772 oculi

260 3791 368 3864 tui,
417 3800 493 3856 tu
543 3813 702 3860 vero
747 3812 853 3856 me
910 3788 1264 3856 crudeliter
1310 3792 1725 3854 innocentem
1784 3793 2210 3873 persequeris.

257 3877 346 3941 At
396 3900 533 3943 non
600 3898 704 3942 me
762 3885 1041 3960 tantum,
1100 3875 1213 3940 sed
1259 3875 1280 3939 i
1331 3894 1476 3939 sum
1521 3875 1739 3939 Deum
1788 3877 1975 3956 petis,
2028 3876 2205 3942 futu-

259 3982 404 4028 rum
462 3964 626 4029 olim
689 3960 965 4028 iudicem
1024 3981 1100 4025 ac
1161 3963 1270 4026 vin
1320 3961 1516 4038 icem,
1576 3981 1833 4025 summa
1888 3982 2038 4027 cum
2097 3975 2211 4028 tua

256 4048 667 4127 confusione,
715 4046 886 4131 quod
934 4068 1118 4112 meae
1162 4047 1562 4128 integritatis
1607 4046 1864 4129 meique
1908 4046 2209 4117 candoris

255 4145 322 4197 et
355 4135 515 4201 fidei
564 4135 888 4200 rationem
935 4133 1183 4198 nullam
1227 4133 1486 4199 habeas.
1534 4132 1639 4196 'Pu
1686 4132 1890 4216 igitur
1932 4133 1989 4199 si
2033 4136 2208 4217 sapis

255 4229 318 4281 et
360 4222 491 4287 nisi
540 4240 870 4287 summam
915 4219 1361 4284 confusionem
1408 4218 1475 4282 in
1533 4227 1718 4282 tunm
1764 4229 1960 4301 caput
2003 4217 2206 4286 dedu-

255 4325 400 4371 cere
451 4308 575 4386 vis,
639 4306 719 4371 ab
779 4305 923 4371 istis
981 4305 1242 4370 iniuriis
1287 4302 1562 4380 abstine,
1624 4313 1689 4367 et
1735 4303 1817 4368 ab
1860 4303 2007 4370 istis
2050 4305 2207 4371 adu·

256 4388 577 4459 latoribus
623 4391 873 4457 recede.
938 4391 1117 4456 Hinc
1160 4391 1380 4473 itaque
1425 4388 1737 4455 discimus
1776 4389 1975 4456 licere
2019 4393 2203 4459 nobis

253 4476 710 4562 integritatem
756 4487 1046 4543 nostram
1094 4491 1159 4541 et
1202 4475 1641 4542 innocentiam
1691 4475 1881 4550 tueri,
1927 4485 1992 4542 et
2026 4479 2200 4561 apud

252 4559 474 4629 hostes
537 4575 799 4629 nostros
857 4561 1221 4639 defendere,
1283 4563 1572 4644 ipsorum
1635 4570 1900 4644 peccata
1943 4563 2203 4630 demon-

252 4659 568 4728 strantes,
623 4660 689 4715 et
733 4659 1137 4714 accusantes.
1224 4648 1395 4714 Nam
1455 4668 1658 4730 quum
1713 4649 2038 4730 scriptura
2084 4672 2200 4717 nos

253 4737 587 4815 patienter
632 4735 906 4800 iniurias
949 4735 1119 4799 ferre
1163 4733 1359 4810 iubet,
1404 4756 1535 4797 non
1566 4734 1708 4796 vult
1745 4742 1961 4797 tamen
1999 4735 2202 4801 hosti-

252 4820 369 4886 bus
429 4832 498 4887 et
561 4820 876 4904 improbis
938 4818 1308 4884 bominibus
1366 4817 1637 4895 adulari,
1700 4829 1814 4883 aut
1867 4821 2199 4886 saeviendi

248 4909 666 4973 occasionem
712 4906 1040 4991 praebere.
1114 4904 1245 4970 Sed
1292 4915 1510 4969 tamen
1555 4905 1881 4988 patienter
1924 4906 2200 4973 iniurias

245 4990 438 5073 ferre,
504 5001 576 5060 et
633 4992 727 5058 ita
815 4991 1033 5057 uidem
1079 4998 1151 5055 ut
1194 4988 1739 5073 quemadmodum
1795 5001 2013 5058 monet
2061 4993 2198 5058 Do-

247 5079 470 5143 minus
518 5088 745 5145 noster
824 5100 975 5144 esus
1021 5076 1344 5155 Christus,
1417 5077 1475 5140 si
1533 5076 1678 5158 quis
1735 5076 1802 5139 in
1861 5075 2197 5145 dexteram

245 5165 602 5231 maxillam
669 5185 789 5232 nos
853 5162 1158 5230 ceciderit
1203 5164 1618 5229 obvertamus
1674 5160 1734 5225 ei
1784 5168 1850 5227 et
1900 5165 2195 5246 alteram,

449 5267 683 5324 calvini
711 5281 902 5336 opera.
976 5266 1096 5322 Vol.
1127 5264 1323 5321 XXX.

2329 531 2510 597 lium.
2558 530 2744 613 Quae
2789 540 3010 596 tamen
3055 530 3253 597 verba
3297 551 3425 597 non
3470 543 3625 597 sunt
3662 532 3756 597 ita
3793 531 3967 597 nude
4002 547 4068 598 et
4111 536 4269 600 sim-

2327 615 2601 700 pliciter,
2663 626 2735 681 ut
2793 626 3048 696 sonant,
3114 617 3504 700 accipienda,
3564 616 3679 684 sed
3735 618 3828 682 ita
3892 629 3964 683 ut
4008 641 4090 684 ex
4136 619 4270 688 illis

2328 702 2657 768 discamus
2737 704 3009 768 affectus
3091 714 3344 768 nostros
3409 702 3588 768 velut
3666 704 3923 770 iniectis
3995 703 4271 774 habenis

2327 802 2644 866 coercere,
2691 800 2758 854 et
2803 810 2885 853 ne
2930 787 3151 854 ulcisci
3198 809 3316 854 nos
3368 788 3646 853 velimus
3670 811 3868 872 quum
3893 791 4130 856 iniuria
4150 792 4270 857 ali·

2328 874 2475 957 quis
2519 875 2833 954 affecerit,
2879 882 2994 939 aut
3026 896 3142 957 spe
3177 875 3522 940 frustrarit.
3571 874 3758 956 Quae
3781 897 3981 958 quum
4019 877 4113 942 ita
4134 878 4270 944 sint

2329 959 2543 1025 danda
2589 962 2771 1026 nobis
2830 969 2929 1025 est
2983 960 3195 1026 omnis
3249 981 3448 1043 opera
3490 970 3568 1025 ut
3625 960 3842 1027 illatas
3888 963 4159 1031 iniurias
4202 973 4272 1030 et

2328 1048 2761 1112 contumelias
2817 1045 3142 1130 patienter
3198 1046 3517 1120 feramus.
3590 1047 3704 1113 sed
3763 1047 3858 1112 ita
3917 1057 4135 1114 tamen
4195 1060 4271 1115 ut

2332 1133 2502 1197 vivis
2569 1132 3124 1197 admonitionibus
3189 1130 3598 1198 adversarios
3679 1146 3938 1199 nostros
4004 1136 4269 1202 vincere

2328 1239 2460 1283 non
2521 1218 2789 1283 ultionis
2844 1219 3136 1301 appetitu
3180 1236 3510 1296 conemur,
3564 1226 3631 1283 et
3672 1230 3965 1285 nostram
4010 1221 4268 1303 patien-

2328 1304 2486 1368 tiam
2534 1304 2628 1369 sic
2672 1303 2980 1369 admirari
3016 1313 3359 1387 cogantur,
3404 1312 3477 1369 nt
3519 1303 3600 1370 ad
3637 1303 3855 1370 Deum
3891 1326 3961 1371 se
3997 1327 4268 1372 conver-

2327 1390 2505 1454 tendi
2552 1412 2633 1454 ex
2678 1389 2793 1454 illa
2837 1390 3099 1472 capiant
3133 1389 3556 1456 occasionem.
3605 1390 3773 1455 Nam
3814 1391 4082 1457 obsecro
4118 1393 4267 1475 quis

2326 1495 2563 1558 scopus
2617 1489 2681 1540 et
2738 1476 2891 1540 finis
2952 1476 3303 1557 patientiae
3365 1484 3626 1540 nostrae
3671 1475 3864 1542 debet
3910 1475 4080 1542 alius
4123 1499 4269 1545 esse

2326 1582 2520 1645 quam
2582 1571 2658 1625 ut
2699 1562 2971 1626 miseras
3027 1562 3297 1638 animas,
3354 1573 3419 1626 et
3463 1561 3753 1643 perditas
3796 1560 4142 1644 lucremur,
4201 1574 4268 1630 et

2326 1646 2406 1712 ad
2455 1646 2688 1712 salutis
2731 1647 2906 1711 viam
2954 1667 3328 1713 revocemus
3372 1648 3487 1729 qui
3547 1646 3768 1729 procul
3817 1647 4261 1716 aberrabant?

2323 1733 2420 1798 At
2461 1733 2518 1798 si
2544 1733 2702 1797 viris
2744 1732 3059 1815 improbis
3095 1731 3441 1797 adulemur
3477 1744 3541 1797 et·
3577 1732 3752 1798 mala
3793 1733 4086 1817 ipsorum
4132 1735 4263 1801 dis-

2323 1818 2727 1898 simulemus,
2771 1829 3025 1883 certum
3070 1830 3172 1882 est
3214 1818 3575 1900 proditores
3600 1840 3717 1884 nos
3761 1819 4051 1903 ipsorum
4098 1842 4261 1904 esse,

2325 1915 2392 1969 et
2429 1905 2500 1969 in
2562 1905 2921 1969 inferorum
2979 1904 3291 1986 abyssum
3336 1925 3376 1969 a
3419 1905 3607 1970 nobis
3667 1906 3874 1990 magis
3936 1926 4010 1972 ao
4054 1908 4265 1991 magis

2322 1991 2644 2074 immergi.
2694 1989 3140 2071 Quamobrem
3175 1989 3457 2054 sciamus
3492 2010 3612 2056 nos
3639 2011 3767 2055 non
3808 2011 3996 2074 posse
4031 1992 4266 2059 melius

2322 2076 2569 2141 malum
2607 2076 2776 2140 bono
2814 2096 3257 2159 compensare,
3302 2096 3497 2157 quam
3535 2075 3830 2142 hostibus
3866 2079 4266 2161 exprobran-

2323 2172 2421 2228 tes
2465 2163 2742 2227 iniurias
2787 2162 3021 2244 quibus
3066 2181 3182 2226 nos
3229 2161 3612 2240 affecerunt,
3672 2160 3861 2227 modo
3914 2175 4133 2230 tamen
4181 2162 4264 2230 ad

2322 2247 2495 2315 bunc
2541 2269 2804 2332 scopum
2848 2247 3276 2327 collimemus,
3337 2256 3410 2313 ut
3453 2247 3618 2312 vitia
3661 2269 3780 2314 sua
3820 2261 4266 2334 agnoscentes,

2322 2348 2388 2398 et
2420 2331 2544 2401 sibi
2579 2333 2801 2398 inillis
2824 2332 3260 2417 displicentes,
3307 2354 3465 2398 vera
3501 2333 3905 2418 poenitentia
3937 2334 4017 2400 ad
4041 2335 4266 2400 Deum

2319 2429 2805 2487 convertantur.
2886 2419 3237 2485 Caeterum
3298 2418 3481 2485 falsis
3526 2419 4046 2487 accusationibus
4091 2420 4265 2505 apud

2320 2526 2507 2591 reges
2560 2515 2673 2570 aut
2718 2501 3061 2589 principes,
3106 2515 3222 2568 aut
3256 2503 3421 2570 alios
3464 2506 3733 2588 quosvis
3769 2505 3987 2584 delati,
4035 2506 4266 2573 demus

2317 2611 2606 2673 operam,
2642 2601 2720 2655 ut
2742 2590 3177 2656 innocentiam
3202 2602 3492 2656 nostram
3526 2612 3597 2656 re
3618 2591 3760 2674 ipsa
3783 2593 4265 2675 patefaciamus.

2316 2677 2489 2743 Nam
2535 2676 2701 2759 quod
2763 2676 3058 2759 plerique
3118 2677 3393 2740 multum
3454 2675 3751 2742 laborant
3807 2678 3875 2742 in
3922 2702 3990 2743 se
4037 2679 4262 2743 multis

2315 2763 2537 2829 verbis
2573 2762 2849 2828 sollicite
2873 2761 3267 2838 excusand0,
3314 2762 3451 2827 fere
3473 2764 3567 2839 fit,
3607 2762 3779 2846 quod
3819 2765 4263 2829 innocentiam

2316 2869 2525 2933 suam,
2572 2860 2637 2912 et
2681 2848 3129 2931 integritatem
3177 2848 3294 2912 vix
3337 2848 3594 2931 possint
3654 2850 3794 2931 ipsa
3854 2850 4266 2932 experientia

2318 2948 2539 2998 notam
2596 2935 2826 3011 facere,
2892 2945 2963 2998 et
3021 2933 3212 2998 tueri.
3303 2931 3551 2998 Sumus
3608 2934 3814 3014 igitur
3874 2934 4264 3017 plerumque

2316 3020 2542 3085 diserti
2607 3033 2673 3085 et
2716 3020 3090 3102 eloquentes
3133 3019 3203 3083 in
3249 3018 3723 3100 amplificandis
3769 3019 4045 3099 iniuriis,
4102 3041 4263 3103 quas

2316 3107 2710 3188 accepimus,
2776 3115 2843 3171 et
2896 3106 3251 3169 multorum
3312 3106 3654 3170 verborum
3723 3105 4043 3172 lenocinio
4102 3106 4264 3171 iusti

2316 3213 2456 3257 esse
2504 3192 2838 3257 volumus:
2900 3191 3011 3257 sed
3075 3211 3204 3254 non
3255 3188 3843 3256 animadvertimus
3896 3190 4263 3257 istiusmodi

2316 3279 2772 3343 excusationes
2834 3288 2967 3341 tam
3027 3277 3283 3356 anxias,
3341 3285 3604 3359 tamque
3664 3277 3989 3355 sollicitas,
4051 3299 4156 3342 ma
4204 3279 4262 3343 is

2316 3384 2392 3428 ac
2436 3364 2647 3446 magis
2691 3373 2981 3427 nostram
3042 3361 3517 3445 turpitudinem
3579 3361 3901 3446 detegere.
3986 3363 4155 3428 Davi
4206 3364 4261 3429 is

2315 3450 2519 3533 igitur
2563 3448 2938 3532 exemplum
2987 3448 3319 3512 imitemur
3362 3457 3429 3512 et
3473 3448 3914 3513 innocentiam
3963 3457 4255 3514 nostram

2319 3534 2516 3601 verbo
2564 3545 2889 3615 tueamur,
2934 3554 3006 3599 ac
3042 3532 3123 3598 de
3159 3533 3416 3599 iniuriis
3451 3533 3635 3599 nobis
3671 3533 3871 3598 illatis
3907 3537 4255 3600 veritatem

2314 3620 2600 3686 iudicem
2634 3620 2964 3696 faciamus,
3011 3628 3077 3684 et
3113 3619 3314 3685 vitam
3340 3631 3629 3684 nostram
3668 3626 3945 3702 tanqum
3967 3619 4257 3687 obsidem

2315 3715 2576 3772 nostrae
2621 3703 3019 3790 integritatis
3064 3716 3131 3770 et
3176 3703 3507 3769 fidelitatis
3552 3704 3800 3770 demus.

2485 3793 2575 3857 Et
2620 3791 2700 3857 de
2745 3792 2887 3856 istis
2932 3790 3267 3857 hactenus.
3337 3790 3480 3854 Iam
3526 3811 3685 3855 vero
3730 3811 4025 3856 severam
4074 3790 4254 3857 illam

2318 3878 2593 3944 Davidis
2636 3877 3133 3943 obtestationem
3180 3874 3261 3941 ad
3300 3875 3597 3941 divinum
3637 3876 3948 3942 indicium
3985 3877 4253 3944 Saulem

2314 3964 2681 4030 revocantis
2738 3962 3207 4045 expendamus.
3292 3961 3435 4027 Nae
3492 3983 3751 4027 summa
3796 3972 3863 4027 et
3903 3964 4253 4047 praecipua

2312 4061 2412 4114 est
2457 4049 2586 4113 ista
2634 4048 2921 4114 fidelium
2981 4047 3357 4130 consolatio,
3396 4069 3612 4131 .quum
3663 4048 3877 4113 Deum
3938 4048 4060 4112 sibi
4106 4069 4252 4131 per-

2309 4133 2585 4200 suadere
2628 4146 2903 4218 possunt
2940 4134 3005 4197 in
3031 4132 3228 4199 coelis
3263 4145 3610 4216 patronum
3650 4155 3720 4199 se
3742 4132 4000 4211 habere,
4045 4153 4247 4215 quum

2309 4219 2391 4286 ab
2437 4220 2814 4286 hominibus
2858 4221 2925 4283 in
2974 4220 3165 4284 terris
3210 4219 3455 4284 iniuste
3499 4219 3744 4284 fuerint
3787 4219 4027 4284 afflicti.
4074 4219 4244 4284 Nam

2307 4326 2472 4390 quae
2510 4325 2707 4372 cansa
2729 4313 2831 4370 est
2864 4305 3041 4369 illius
3065 4304 3266 4370 animi
3292 4304 3713 4388 impotentiae
3746 4325 3913 4387 quae
3950 4304 4246 4370 homines

2307 4393 2389 4458 ad
2448 4392 2809 4457 vindictam
2863 4392 3263 4475 inflammat,
3340 4404 3415 4456 ut
3472 4390 3683 4456 nullas
3740 4389 4015 4456 iniurias
4075 4391 4244 4455 ferre

2304 4479 2575 4562 possint,
2622 4478 2751 4542 nisi
2794 4478 3010 4561 opinio
3054 4476 3169 4542 illa
3213 4498 3376 4559 quae
3422 4478 3710 4559 ipsorum
3755 4477 4010 4541 animos
4053 4496 4241 4542 occu·

2303 4573 2435 4648 pat,
2495 4583 2836 4648 nunquam
2881 4561 3324 4628 adventurum
3384 4573 3639 4645 tempus
3685 4560 3998 4626 ultionis?
4056 4561 4242 4628 Haec

2303 4650 2441 4716 sola
2477 4651 2784 4730 cogitatio
2831 4659 3167 4732 tantopere
3211 4648 3511 4712 homines
3568 4656 3932 4711 commovet
3969 4657 4036 4711 et
4070 4649 4239 4731 ipso-

2302 4759 2447 4801 rum
2507 4736 2782 4801 affectus
2840 4735 2922 4800 ad
2981 4743 3232 4801 tantam
3280 4733 3657 4800 violentiam
3715 4734 3980 4812 excitat,
4040 4742 4112 4798 nt
4171 4755 4240 4799 se

2301 4823 2601 4888 homines
2657 4821 3130 4886 obliviscantur
3171 4830 3235 4883 et
3280 4818 3663 4883 modestiam
3718 4839 3979 4883 omnem
4040 4820 4238 4884 ratio·

2301 4928 2583 4990 nemque
2626 4906 2953 4972 abiiciant.
3000 4905 3132 4972 Sed
3177 4905 3233 4969 si
3278 4904 3361 4969 ad
3390 4905 3601 4969 Deum
3648 4925 3850 4986 usque
3893 4925 4238 4989 assurgere

2300 4994 2694 5070 noverimus,
2752 5004 2817 5059 et
2875 5001 3048 5058 certo
3110 4990 3293 5055 nobis
3350 4990 3738 5072 persuadere
3798 4988 4075 5056 ultorem
4138 4992 4235 5056 in-

2299 5080 2611 5145 iuriarum
2658 5079 2816 5157 fore,
2858 5089 2919 5143 et
2957 5097 3187 5143 causae
3211 5084 3472 5141 nostrae
3496 5076 3937 5143 defensionem
3973 5098 4237 5161 suscep·

2299 5178 2545 5246 turum,
2602 5186 2811 5248 neque
2882 5163 3291 5229 imitaturum
3338 5173 3628 5228 terrenos
3672 5163 3938 5241 iudices,
4015 5163 4123 5245 qui
4170 5184 4244 5229 se

3759 5267 3829 5322 32
