5059 6059
836 305 966 373 571

842 507 1143 561 turarum
1185 492 1481 576 inspiret,
1523 511 1652 574 qua
1694 490 1890 555 etiam
1935 487 2014 553 ad
2060 497 2307 555 rectam
2351 486 2785 552 obedientiam

842 599 1327 665 componamur,
1370 588 1438 644 et
1481 598 1522 641 a
1565 577 1692 641 Dei
1734 575 1934 641 solius
1976 585 2145 639 nutu
2181 572 2601 657 pendeamus.
2667 570 2785 637 At-

844 688 969 751 que
1034 676 1107 730 ut
1162 664 1319 730 olim
1380 663 1731 746 prophetas
1785 661 1997 727 sancti
2052 660 2155 726 sui
2218 660 2487 744 spiritus
2558 658 2786 722 affiatu

842 753 1035 826 rexit,
1079 750 1306 815 eodem
1348 770 1470 815 nos
1512 749 1711 815 etiam
1745 749 1849 813 sui
1884 746 2157 830 spiritus
2190 745 2440 811 lumine
2482 743 2785 822 illustret,

839 850 915 905 ut
968 837 1041 901 in
1096 836 1302 919 ipsius
1360 834 1586 902 schola
1641 833 1922 898 maiores
1977 832 2048 897 in
2108 831 2249 897 dies
2307 830 2632 915 profectus
2690 829 2786 894 fa·

851 943 1120 991 ciamus.

1012 1006 1401 1089 Sequuntur
1457 1006 1658 1072 verba
1713 1003 1846 1081 illa,
1905 1022 2154 1069 servum
2213 1001 2436 1068 Saulis
2495 1000 2787 1066 habuisse

828 1098 1224 1178 praesentem
1258 1092 1329 1157 in
1370 1112 1568 1156 manu
1609 1091 2025 1174 quadrantem
2067 1088 2210 1154 sicli
2253 1088 2550 1171 arqentei,
2608 1106 2787 1169 quem

837 1181 1067 1246 darent
1115 1179 1251 1243 viro
1304 1176 1434 1243 Dei
1480 1177 1718 1242 donum
1760 1196 1874 1242 seu
1928 1174 2385 1240 munusculum.
2490 1173 2598 1237 Ex
2657 1191 2784 1255 quo

839 1266 1041 1331 etiam
1085 1274 1357 1347 apparet
1399 1262 1579 1327 illius
1623 1262 1866 1327 saeculi
1911 1259 2281 1344 stupiditas.
2368 1259 2542 1325 Nam
2589 1258 2785 1323 fuisse

842 1372 978 1416 non
1058 1370 1327 1432 parvam
1392 1346 1604 1413 divini
1667 1348 1881 1413 cultus
1945 1346 2425 1430 corruptionem
2490 1353 2783 1428 apparet,

841 1456 1045 1521 quum
1090 1435 1197 1502 vel
1233 1454 1576 1499 nummum
1611 1432 1916 1515 aliquem,
1955 1431 2062 1498 vel
2097 1430 2348 1496 farinae
2388 1449 2782 1505 mensuram,

841 1522 948 1590 vel
990 1541 1135 1597 ova,
1202 1522 1305 1586 vel
1363 1518 1523 1603 quid
1565 1517 1778 1584 simile
1822 1516 2154 1601 prophet-is
2197 1516 2530 1595 offerrent,
2598 1514 2782 1597 quasi

841 1607 1051 1692 pretio
1133 1606 1352 1689 aliquo
1420 1604 1636 1671 divini
1700 1603 1884 1670 verbi
1945 1602 2406 1668 revelationem
2473 1613 2784 1665 ementes.

838 1695 930 1759 Et
973 1702 1196 1758 tamen
1239 1691 1354 1757 illa
1398 1691 1522 1756 fuit
1562 1711 1788 1755 eorum
1833 1700 2205 1773 temporum
2252 1698 2321 1752 et
2353 1688 2569 1771 gentis
2605 1685 2783 1751 illius

841 1776 1259 1856 consuetudo,
1316 1776 1531 1860 qualis
1582 1774 1773 1841 hodie
1815 1771 2029 1840 adhuc
2073 1772 2300 1838 multis
2343 1773 2415 1837 in
2459 1772 2621 1839 locis
2665 1782 2781 1837 est.

843 1865 1015 1931 Nam
1070 1864 1311 1947 passim
1352 1862 1581 1928 videas
1629 1862 2019 1945 impostores
2063 1861 2223 1925 istos
2267 1857 2335 1923 in
2382 1869 2626 1942 papatu
2669 1878 2783 1940 pa·

842 1952 977 2017 lam
1008 1949 1223 2015 fumos
1254 1969 1410 2013 suos
1447 1947 1786 2014 venditare
1824 1968 2029 2012 novas
2051 1966 2310 2028 semper
2330 1944 2783 2022 revelationes,

842 2050 959 2103 aut
1000 2034 1287 2101 visiones
1331 2055 1407 2100 ac
1449 2032 1825 2116 prophetias
1868 2032 2123 2099 miseris
2167 2031 2373 2097 caecis
2429 2028 2784 2095 obtruden-

841 2133 961 2188 tes.
1069 2120 1300 2203 Itaque
1364 2139 1622 2202 semper
1685 2116 1899 2201 patuit
1961 2119 2253 2200 ipsorum
2317 2115 2611 2192 officina,
2678 2112 2783 2180 his

842 2207 1106 2291 quidem
1171 2206 1251 2271 de
1293 2204 1423 2270 Dei
1489 2204 1744 2271 arcanis
1807 2202 2310 2286 inquirentibus,
2376 2213 2442 2267 et
2498 2200 2781 2283 pretium

842 2291 1268 2358 offerentibus
1322 2311 1440 2373 pro
1497 2289 1928 2369 divinatione,
1998 2287 2183 2372 quasi
2249 2287 2509 2353 venales
2566 2297 2785 2351 esseut

843 2377 1242 2463 prophetiae,
1286 2376 1419 2442 illis
1462 2388 1681 2440 autem
1726 2373 2058 2459 prophetis
2104 2372 2424 2453 videlicet,
2469 2383 2782 2453 tanquam

844 2462 1316 2529 mercatoribus
1396 2482 1642 2527 merces
1723 2460 1930 2544 pretio
1996 2459 2527 2525 distrahentibus.
2637 2456 2781 2523 Nae

843 2568 1084 2631 magna
1138 2547 1252 2613 illa
1303 2546 1427 2611 fuit
1482 2546 1832 2629 corruptio.
1919 2545 2068 2626 Quo
2112 2546 2320 2629 magis
2365 2563 2484 2609 nos
2525 2551 2780 2626 oportet

843 2633 1180 2700 admoneri
1194 2631 1415 2709 officii,
1460 2644 1534 2696 ut
1574 2632 1641 2697 in
1678 2651 1755 2696 eo
1790 2631 2206 2708 retineamur,
2254 2627 2777 2715 quandoquidem

843 2733 979 2785 tam
1036 2718 1357 2801 proclives
1413 2718 1495 2783 ad
1540 2739 1617 2784 ea
1658 2737 1824 2801 quae
1866 2715 1996 2782 Dei
2040 2726 2196 2782 sunt
2239 2712 2674 2799 pervertenda
2714 2725 2780 2778 et

841 2802 1320 2888 corrumpenda
1346 2825 1605 2870 sumus:
1635 2817 1702 2868 et
1721 2803 1791 2867 in
1815 2803 2018 2887 ipsius
2061 2800 2433 2868 obedientia
2474 2821 2776 2884 perseve-

838 2911 1081 2968 remus,
1137 2901 1331 2972 atque
1389 2889 1471 2955 ad
1527 2889 1668 2955 eius
1725 2901 1964 2953 nutum
2006 2909 2127 2954 nos
2169 2906 2654 2971 componamus,
2697 2884 2778 2950 de

839 2986 1067 3042 nostro
1129 2976 1295 3040 nihil
1356 2974 1805 3053 admiscentes,
1873 2985 1941 3039 ct
1997 2976 2054 3039 si
2112 2994 2277 3056 quae
2335 2972 2416 3038 ab
2472 2992 2551 3037 eo
2609 2970 2779 3035 dona

838 3061 1296 3146 acceperimus,
1341 3060 1565 3126 eadem
1604 3081 1770 3144 pura
1802 3069 1868 3125 et
1901 3059 2252 3143 impolluta
2295 3077 2775 3125 conservemus,

837 3148 918 3214 Id
977 3169 1132 3214 vero
1190 3149 1305 3213 fiet
1345 3148 1404 3213 si
1446 3145 1576 3211 Dei
1621 3144 1807 3212 donis
1852 3166 2013 3227 pure
2053 3155 2340 3224 utamur,
2397 3164 2607 3227 neque
2664 3142 2778 3208 illa

837 3233 1059 3301 stultis
1137 3233 1375 3299 nostris
1450 3230 1947 3299 inventionibus
2010 3230 2487 3295 adulteremus:
2569 3249 2777 3312 neque

839 3323 969 3386 huc
1011 3318 1169 3384 illuc
1212 3327 1507 3384 errantes
1551 3341 1591 3382 a
1635 3336 1790 3382 vero
1834 3327 2236 3393 avertamur,
2289 3315 2404 3380 sed
2463 3315 2535 3379 in
2586 3335 2777 3379 suum

839 3426 1070 3472 verum
1114 3424 1189 3469 ac
1229 3403 1598 3487 legitimum
1640 3403 1840 3467 finem
1883 3401 1998 3467 illa
2040 3413 2523 3467 convertamus.

1008 3488 1382 3572 Supersunt
1421 3489 1536 3553 illa
1570 3488 1873 3570 deinceps
1909 3486 2299 3570 explicanda
2334 3485 2521 3552 nobis
2557 3484 2776 3564 verba,

836 3575 1074 3658 quibus
1139 3575 1374 3641 dicitur
1429 3571 1665 3640 Jehova
1710 3572 1993 3639 Samueli
2031 3573 2353 3653 revelasse,
2403 3592 2475 3637 se
2521 3591 2593 3638 eo
2637 3572 2778 3652 ipso

834 3666 1108 3741 tempore
1160 3660 1246 3725 ad
1302 3661 1516 3741 ipsum
1556 3660 1903 3726 missurum
1957 3659 2269 3741 quendam
2311 3679 2344 3724 e
2385 3663 2558 3723 terra
2600 3656 2775 3721 Ben-

833 3747 1118 3826 iaminis,
1162 3751 1234 3810 ut
1275 3751 1469 3829 πικραί
1509 3765 1649 3810 eum
1691 3747 1762 3810 in
1782 3750 2220 3811 antecessorem
2241 3764 2434 3827 super
2462 3743 2776 3825 populum

835 3851 1022 3898 suum
1087 3830 1413 3909 Israelem,
1487 3837 1559 3897 ut
1619 3836 1813 3897 servet
1868 3830 2171 3911 populum
2234 3850 2421 3895 suum
2485 3849 2517 3893 e
2580 3849 2776 3893 manu

836 3916 1357 3982 Philistinorum:
1400 3925 1468 3983 et
1488 3915 1751 4001 quidem
1775 3914 1997 3980 addita
2020 3934 2251 3981 causa:
2300 3913 2475 3980 Nam
2508 3915 2775 3995 respexi,

836 4003 1052 4085 inquit
1095 4002 1436 4083 Dominus,
1492 4001 1795 4084 populum
1836 4020 2056 4076 meum,
2114 4002 2266 4082 quia
2310 4001 2598 4082 pervenit
2646 3998 2774 4066 cla-

836 4108 971 4153 mor
1012 4089 1149 4153 eius
1192 4087 1277 4151 ad
1318 4108 1430 4153 me.
1519 4089 1622 4154 De
1662 4088 1785 4153 Dei
1827 4085 2244 4170 providentia
2286 4087 2418 4152 iam
2464 4084 2772 4163 diximus,

833 4194 1037 4257 quum
1060 4173 1436 4239 Samuelem
1478 4174 1820 4239 certiorem
1865 4172 2070 4237 aDeo
2115 4172 2355 4237 factum
2401 4171 2773 4238 audivimus

835 4259 916 4324 de
980 4280 1056 4325 eo
1120 4258 1291 4341 quod
1358 4258 1440 4323 ab
1505 4259 1643 4342 ipso
1708 4257 1852 4323 fieri
1916 4257 2195 4324 volebat.
2284 4256 2454 4322 Nam
2521 4257 2580 4322 si
2641 4278 2771 4322 non

835 4346 1241 4429 praemonito
1310 4343 1617 4410 Samuele
1676 4354 1939 4426 repente
2005 4342 2170 4409 Saul
2223 4343 2629 4419 advenisset,
2699 4363 2772 4408 ac

832 4447 973 4497 tum
1019 4429 1282 4495 demum
1308 4431 1491 4497 Deus
1533 4429 1629 4495 illi
1672 4428 2024 4494 iudicasset
2067 4430 2396 4494 huncase
2433 4427 2768 4494 hominem

829 4517 900 4581 in
950 4537 1173 4601 regem
1216 4516 1495 4582 electum
1541 4516 1759 4581 minus
1801 4526 1982 4582 certa
2023 4535 2128 4580 res
2172 4513 2287 4579 illa
2322 4514 2575 4579 fuisset.
2636 4512 2771 4579 Sed

832 4624 1035 4685 quum
1081 4602 1527 4686 praemonitus
1571 4602 1652 4667 de
1693 4600 1875 4667 illius
1910 4600 2216 4681 adventu,
2275 4600 2540 4666 iubetur
2575 4599 2768 4665 adve-

830 4689 1120 4753 nientem
1180 4688 1422 4772 eligere
1479 4699 1546 4752 et
1602 4687 1669 4753 in
1731 4708 1953 4771 regem
1997 4707 2265 4769 ungere,
2331 4695 2404 4751 ut
2469 4684 2772 4769 deinceps

831 4773 1217 4849 videbimus,
1272 4796 1342 4840 re
1390 4774 1533 4857 ipsa
1586 4774 1664 4839 fit
1705 4773 2126 4855 conspicuum
2174 4772 2334 4838 haec
2378 4772 2600 4836 omnia
2643 4772 2770 4837 Dei

829 4880 1033 4925 manu
1097 4877 1162 4925 et
1220 4860 1635 4943 providentia
1688 4858 2007 4942 singulari
2066 4858 2263 4923 fuisse
2320 4869 2504 4941 gesta
2548 4870 2613 4922 et
2656 4858 2771 4922 ad·

830 4946 1236 5010 ministrata:
1280 4956 1347 5010 et
1371 4947 1756 5010 nominatim
1780 4965 1986 5027 quum
2011 4941 2278 5010 Samuel
2311 4943 2771 5009 advenientem

832 5028 1099 5097 Saulem
1145 5032 1453 5097 assumsit
1493 5032 1567 5096 in
1612 5031 2055 5110 coenaculum,
2101 5028 2405 5112 deditque
2450 5031 2508 5094 ei
2556 5030 2771 5095 locum

830 5115 902 5180 in
942 5137 1194 5181 summo
1237 5118 1682 5199 invitatorum,
1741 5126 1806 5183 et
1863 5131 2117 5200 partem
2177 5116 2770 5194 honoratissimam,

831 5221 1024 5284 quam
1097 5204 1418 5269 asservari
1480 5205 1779 5284 iusserat,
1842 5203 1901 5268 ei
1966 5200 2286 5286 apposuit,
2350 5200 2638 5286 insignia
2703 5211 2770 5267 et

2496 297 2909 365 HOMILIA
2950 299 3184 367 XXX.

4676 305 4776 370 572

2888 488 3171 554 illustria
3233 504 3392 558 sunt
3458 490 3715 557 divinae
3779 487 4228 573 providentiae
4292 489 4482 554 cuius
4538 499 4686 555 nutu
4729 507 4781 558 et

2888 575 3144 641 decreto
3186 577 3406 642 omnia
3449 576 3564 642 illa
3608 574 4071 641 administrata
4103 584 4284 654 sunt,
4326 574 4699 654 testimonia,
4731 589 4782 643 et

2888 661 3141 745 gratiae
3171 662 3435 729 divinae
3477 656 3778 745 τεκμήρια.
3833 658 4055 741 Quare
4097 658 4445 744 diligenter
4481 659 4665 726 verba
4691 661 4780 728 illa

2886 746 3168 829 expendi
3223 759 3495 831 oportet,
3553 748 3789 831 quibus
3848 745 4012 811 ratio
4069 743 4270 811 huius
4329 745 4653 813 electionis
4692 750 4781 811 ad·

2887 831 3118 915 fertur,
3182 833 3354 917 quod
3413 835 3594 899 Deus
3651 831 3871 917 populi
3917 831 4021 896 sui
4077 831 4387 898 misertus
4428 831 4535 911 sit,
4589 843 4652 897 et
4684 833 4782 900 cla·

2886 938 3133 982 morem
3177 920 3317 985 eius
3360 917 3701 999 audiverit,
3745 919 3962 1002 itaque
4005 938 4228 1002 regem
4272 939 4342 983 se
4388 915 4653 984 Saulem
4689 918 4786 983 ele-

2887 1002 3080 1087 gisse,
3136 1005 3246 1088 qui
3294 1014 3513 1071 servet
3557 1003 3867 1088 populum
3910 1023 4105 1068 suum
4148 1023 4185 1067 e
4228 1023 4432 1069 manu
4477 1002 4782 1069 Philistae-

2886 1109 3092 1154 orum.
3216 1090 3423 1155 Porro
3500 1111 3702 1174 quum
3777 1087 4290 1154 Philistaeorum
4366 1088 4608 1154 iterum
4676 1089 4784 1155 fieri

2888 1175 3288 1241 mentionem
3343 1175 3666 1260 audimus,
3732 1197 3816 1241 ex
3872 1196 3948 1239 eo
4007 1182 4188 1259 patet
4248 1173 4586 1240 victoriam
4641 1175 4782 1240 illam

2886 1260 3209 1344 insignem
3272 1283 3469 1345 quam
3520 1262 3860 1327 Israelitae
3911 1260 3991 1325 de
4051 1259 4348 1326 hostibus
4391 1271 4788 1344 reportarant,

2885 1348 3285 1414 continuisse
3329 1348 3590 1431 quidem
3637 1348 3782 1412 illos
3826 1347 4121 1431 ipsorum
4164 1345 4388 1411 hostes
4423 1345 4788 1429 aliquamdiu

2885 1431 3135 1515 quietos
3178 1446 3246 1499 et
3288 1433 3624 1516 pacificos:
3674 1432 3788 1499 sed
3832 1432 3955 1498 sub
4000 1432 4211 1515 ipsam
4236 1429 4566 1498 Samuelis
4607 1453 4792 1498 senec-

2885 1528 3094 1583 tutem
3137 1518 3289 1583 illos
3332 1518 3568 1585 animis
3611 1517 3888 1601 receptis
3929 1518 4217 1601 coepisse
4261 1537 4467 1583 novas
4507 1515 4792 1583 Israelitis

2886 1603 3217 1670 molestias
3261 1605 3601 1670 facessere.
3691 1603 3918 1687 Neque
3962 1624 4117 1668 vero
4161 1624 4207 1688 p
4349 1614 4467 1668 ant
4507 1603 4638 1669 ista
4674 1623 4794 1668 cum

2885 1688 2965 1753 iis
2994 1710 3160 1772 quae
3204 1690 3507 1773 superius
3543 1688 3715 1754 dicta
3747 1698 3922 1768 sunt,
3965 1691 4217 1754 cunctis
4293 1688 4475 1754 iebus
4498 1687 4792 1754 Samuelis

2888 1774 3218 1842 Israelitas
3275 1797 3499 1859 pacem
3555 1786 3623 1840 et
3680 1774 4222 1857 tranquillitatem
4283 1773 4614 1855 habuisse,
4657 1773 4794 1858 quod

2887 1861 3067 1925 Deus
3112 1862 3404 1944 ipsorum
3451 1861 3676 1927 hostes
3713 1861 3995 1926 domitos
4027 1860 4394 1927 deiecisset:
4441 1861 4606 1944 quin
4628 1859 4794 1925 etiam

2886 1959 3146 2030 pacatos
3190 1948 3387 2012 fuisse
3430 1947 3681 2013 vicinos
3723 1947 3884 2031 ipsis
3911 1945 4377 2012 Amorrhaeos.
4445 1946 4624 2011 Nam
4645 1946 4795 2011 Deus

2885 2032 3194 2115 populum
3259 2054 3448 2098 suum
3512 2032 3584 2097 in
3651 2052 3808 2115 pace
3871 2033 4288 2099 continuerat
4340 2031 4658 2115 quamdiu
4698 2030 4796 2098 Sa·

2883 2117 3161 2182 muelem
3217 2118 3612 2201 praefectum
3672 2127 4069 2202 agnoverat:
4126 2116 4241 2184 sed
4300 2138 4506 2202 quum
4551 2115 4799 2202 populus

2882 2204 3022 2269 eius
3047 2203 3676 2269 administrationem
3700 2203 4171 2280 contemsisset,
4215 2211 4282 2269 et
4323 2203 4619 2269 deiectus
4661 2221 4800 2269 esset

2884 2286 2963 2354 de
2995 2291 3381 2355 auctoritate
3406 2311 3602 2373 quam
3626 2312 3665 2355 a
3687 2288 3973 2356 Domino
4017 2310 4167 2355 acce
4212 2299 4373 2369 erat,
4417 2309 4553 2354 non
4588 2289 4799 2353 mirum

2883 2373 3006 2439 fuit
3062 2374 3120 2440 si
3163 2374 3505 2441 Philistaei
3561 2397 3737 2442 nova
3792 2374 4068 2441 consilia
4117 2396 4156 2438 a
4202 2395 4441 2441 versus
4483 2374 4800 2440 Israelitas

2883 2460 3190 2526 inierunt.
3277 2460 3509 2545 Neque
3565 2460 3834 2526 dubium
3879 2472 3980 2527 est
4022 2461 4183 2542 quin
4218 2481 4296 2526 ea
4339 2459 4603 2525 ratione
4646 2459 4799 2524 Deus

2883 2545 2955 2609 in
3018 2546 3241 2629 populi
3308 2558 3573 2629 peccata
3650 2545 3933 2612 voluerit
3996 2545 4543 2612 animadvertere.
4655 2543 4801 2612 Nam

2883 2645 3131 2696 certum
3189 2642 3290 2697 est
3345 2631 3494 2699 illos
3547 2643 3868 2717 perpetua
3918 2652 4079 2716 pace
4121 2631 4322 2697 fuisse
4368 2631 4706 2710 fruituros,
4758 2631 4800 2694 si

2883 2715 3171 2782 modeste
3227 2739 3298 2782 se
3355 2738 3512 2800 erga
3570 2716 3943 2784 Samuelem
3988 2717 4359 2802 gessissent,
4429 2739 4648 2801 neque
4688 2717 4801 2781 eius

2883 2802 3390 2868 dominationem
3467 2802 3951 2887 repudiassent,
4053 2803 4167 2869 sed
4256 2823 4376 2868 sua
4455 2803 4802 2869 conditione

2881 2889 3168 2954 contenti
3247 2885 3546 2954 fuissent.
3655 2888 3850 2970 Quod
3917 2909 4071 2954 vero
4147 2909 4374 2954 senem
4446 2886 4800 2955 Samuelem

2880 2974 3282 3057 contemptui
3341 2973 3738 3054 habuerunt,
3796 2996 4145 3058 regemque
4199 2994 4446 3058 magna
4503 2974 4802 3058 quaedam

2882 3060 3226 3125 molientes
3281 3061 3757 3144 expetiverunt,
3814 3073 3882 3125 et
3939 3059 4198 3127 nonnisi
4253 3081 4325 3125 re
4383 3060 4685 3142 perfecta
4719 3080 4802 3123 sa·

2883 3145 3033 3211 tiari
3080 3157 3453 3229 potuerunt,
3510 3145 3752 3213 idcirco
3798 3144 3981 3211 Deus
4025 3166 4255 3211 eorum
4298 3146 4648 3228 ingratum
4688 3143 4804 3210 ani·

2880 3252 3062 3297 mum
3108 3243 3176 3296 et
3219 3231 3640 3298 rebellionem
3689 3233 3923 3314 punire
3966 3231 4195 3298 voluit.
4284 3230 4645 3316 Ingratum
4688 3230 4804 3295 ani·

2880 3338 3082 3396 mum,
3126 3316 3416 3401 inquam,
3474 3317 3647 3402 quod
3700 3328 3964 3402 accepta
4007 3316 4321 3385 beneficia
4364 3338 4483 3400 per
4531 3318 4805 3383 ministe-

2877 3403 3047 3467 rium
3096 3400 3423 3469 Samuelis
3467 3415 3966 3470 contemserant.
4054 3401 4518 3468 Rebellionem
4567 3425 4720 3470 vero
4755 3417 4807 3465 et

2877 3489 3370 3569 contumaciam,
3414 3489 3584 3572 quod
3628 3488 3757 3554 Dei
3812 3488 4367 3555 admonitionibus
4410 3489 4648 3556 locum
4697 3508 4806 3553 noa

2877 3570 3207 3657 dederant,
3255 3596 3463 3657 neque
3508 3574 3590 3639 ad
3636 3575 3776 3641 eius
3818 3576 4353 3642 comminationes
4390 3585 4805 3640 tremuerant.

2876 3659 3061 3726 Iusta
3118 3659 3240 3724 fuit
3299 3661 3500 3745 igitur
3557 3657 3832 3726 Domini
3887 3660 4198 3738 vindicta,
4264 3659 4436 3745 quod
4485 3659 4810 3726 Philistaei

2876 3745 3053 3829 ipsos
3096 3746 3386 3829 aggressi
3431 3755 3687 3829 partem
3730 3747 4015 3831 aliquam
4051 3746 4364 3812 territorii
4392 3745 4810 3819 abstulerunt,

2877 3843 2942 3896 et
3000 3831 3125 3896 sibi
3181 3831 3496 3896 subiicere
3548 3833 3760 3899 conati
3818 3845 3990 3900 sunt.
4083 3832 4268 3898 Deus
4314 3852 4470 3898 vero
4522 3831 4809 3912 deinceps

2878 3916 3117 3982 dicitur
3174 3917 3462 3983 voluisse
3518 3918 3744 4017 populi
3800 3918 3905 3986 sui
3961 3917 4279 3994 misereri.
4337 3916 4499 3983 licet
4553 3915 4810 4001 indigni.

2876 4002 3044 4085 quod
3088 4002 3170 4067 ad
3214 4023 3285 4069 se
3328 4003 3574 4068 clamor
3616 4004 3820 4087 ipsius
3862 4002 4288 4088 pervenisset.
4377 4002 4646 4070 Verum
4707 4003 4810 4066 ista

2878 4087 3184 4154 videntur
3227 4108 3373 4153 cum
3418 4089 3498 4154 iis
3543 4109 3834 4172 pugnare
3878 4110 4041 4171 quae
4085 4089 4390 4172 superius
4449 4087 4811 4155 audivimus

2876 4173 2956 4238 de
2999 4171 3126 4238 Dei
3169 4173 3801 4256 comminationibus,
3858 4176 3997 4240 fore
4053 4175 4366 4240 nimirum
4412 4187 4494 4239 ut
4539 4173 4810 4258 quando-

2875 4258 3134 4341 quidem
3201 4280 3425 4345 regem
3490 4261 3895 4346 flagitabant,
3963 4259 4147 4326 Deus
4205 4260 4288 4325 ad
4345 4281 4416 4325 se
4460 4261 4808 4326 clamantes

2877 4365 3006 4409 non
3051 4343 3323 4422 audiret,
3375 4343 3490 4411 sed
3532 4345 3604 4410 in
3649 4347 3966 4431 angustiis
4010 4344 4351 4413 collocatos
4398 4346 4808 4431 relinqueret,

2875 4429 2979 4496 hic
3026 4451 3181 4495 vero
3226 4431 3408 4496 Deus
3453 4431 3693 4498 dicitur
3749 4453 3975 4498 vocem
4018 4443 4084 4497 et
4125 4432 4483 4499 clamorem
4530 4431 4808 4517 ipsorum

2874 4516 3217 4582 audivisse.
3328 4516 3552 4601 Quare
3629 4517 4112 4586 observandum
4177 4529 4278 4585 est
4342 4518 4576 4584 Deum
4645 4535 4809 4603 poeso

2871 4601 3133 4684 quidem
3179 4603 3589 4686 quorundam
3622 4604 3974 4671 clamorem
3999 4601 4246 4682 audire,
4291 4614 4359 4669 et
4381 4604 4808 4670 nihilominus

2873 4688 3279 4772 punitionem
3340 4689 3645 4773 aliquam,
3706 4689 3786 4756 de
3843 4712 3973 4774 qua
4026 4691 4208 4774 prius
4257 4688 4561 4756 minatus
4609 4688 4807 4760 fuerit,

2870 4776 2942 4836 in
2987 4772 3166 4838 aliud
3233 4785 3491 4859 tempus
3536 4776 3818 4854 differre,
3884 4796 4009 4860 quo
4075 4781 4374 4859 reposcat
4430 4796 4690 4857 poenas
4742 4772 4806 4836 dc

2872 4860 3172 4925 omnibus
3227 4861 3491 4946 flagitiis
3549 4883 3713 4944 quae
3771 4861 4098 4929 oblivione
4144 4861 4354 4928 deleta
4399 4859 4806 4927 videbantur.

2876 4950 3091 5027 Atque
3158 4945 3279 5011 hoc
3344 4948 3721 5031 quotidiana
3777 4948 4181 5032 experientia
4237 4946 4448 5013 docet.
4545 4946 4808 5029 Quoties

2875 5030 3051 5095 enim
3099 5031 3316 5096 Deum
3375 5033 3782 5114 offendimus,
3826 5034 3939 5118 qui
3981 5046 4195 5099 tamen
4240 5054 4374 5098 non
4419 5033 4638 5098 sumit
4680 5051 4806 5116 poe·

2873 5137 2992 5182 nas
3035 5139 3119 5183 ex
3164 5130 3472 5202 tempore,
3518 5119 3832 5185 nimirum
3875 5119 4020 5186 aliis
4063 5119 4275 5185 causis
4318 5119 4462 5184 eius
4499 5119 4802 5185 iudicium

2873 5202 3398 5270 remorantibus?
3509 5205 3822 5290 Exempli
3903 5204 4149 5291 gratia:
4232 5205 4288 5271 si
4368 5206 4698 5289 improbis
4753 5217 4807 5266 et
