5059 6059
257 321 361 390 141
1546 321 1641 389 IN
1688 322 1745 388 1.
1790 320 1970 388 LIB.
2011 319 2412 388 SAMUEL.
2459 318 2659 387 CAP.
2705 319 2862 386 XV.

252 512 521 598 opinione
571 508 889 576 falluntur
945 512 1003 577 si
1047 510 1292 577 evitata
1337 511 1877 578 condemnatione
1923 508 2151 577 volunt

248 601 309 666 in
373 617 634 664 numero
703 596 1024 662 iustorum
1100 596 1341 663 haberi.
1447 598 1645 681 Atqui
1712 598 1907 664 etiam
1966 596 2149 662 Deus

383 684 501 749 ‘am
537 701 720 747 suam
758 684 1027 750 minime
1061 682 1366 768 astringit
1388 681 1471 749 ad
1496 685 1696 748 vitam
1719 691 2148 767 praesentem.

302 783 326 836 t
364 769 432 834 fit
474 766 645 835 istud
688 768 1107 851 conspicuum
1151 768 1424 836 latronis
1466 768 1645 835 illius
1689 767 1989 852 exemplo
2033 767 2150 851 qui

245 877 377 922 cum
401 853 678 920 Domino
723 869 945 920 nostro
987 854 1141 920 Iesu
1166 854 1432 922 Christo
1475 855 1544 919 in
1588 854 1771 940 ligno
1862 853 2147 938 ependit,

245 944 341 1027 qni
397 940 541 1006 licet
595 961 636 1005 a
676 939 821 1005 Deo
876 941 943 1004 in
1001 941 1282 1026 gratiam
1327 949 1647 1025 receptus,
1706 946 1773 1006 et
1859 960 1895 1005 e
1939 939 2149 1004 salute

242 1048 353 1093 sua
404 1024 482 1090 ab
536 1025 677 1109 ipso
720 1024 1007 1091 Domino
1063 1034 1396 1092 servatore
1438 1025 1593 1092 Iesu
1636 1025 1873 1093 certior
1913 1025 2147 1102 factus,

243 1123 442 1177 tamen
480 1111 747 1177 meritas
778 1112 1046 1196 flagitiis
1081 1109 1402 1196 prioribus
1435 1132 1675 1195 poenas
1711 1110 1908 1176 dedit.
1968 1109 2148 1192 Qua·

238 1208 488 1282 propter
545 1217 747 1280 quum
807 1195 1106 1263 audimus
1164 1198 1233 1262 in
1294 1196 1629 1280 evangelio
1685 1197 1814 1262 Dei
1868 1196 2149 1281 gratiam

239 1284 411 1349 nobis
443 1282 683 1360 offerri,
721 1293 1259 1367 peccatorumque
1292 1283 1649 1368 gratuitam
1680 1283 2149 1363 remissionem,

236 1387 358 1433 non
413 1369 561 1432 ideo
621 1377 837 1433 tamen
895 1369 1190 1453 sequitur
1232 1369 1449 1435 Deum
1494 1388 1612 1434 nos
1657 1388 1786 1434 non
1830 1369 2149 1453 castigare

236 1453 663 1536 corporalibus
722 1455 948 1537 poenis
1005 1457 1074 1520 in
1128 1455 1251 1522 hac
1308 1454 1479 1534 vita,
1543 1453 1777 1538 quibus
1838 1461 2149 1536 tanquam

233 1539 763 1623 alexipharmacis
798 1539 1192 1620 erudiamur,
1233 1547 1347 1606 ant
1380 1539 1613 1624 quibus
1647 1560 1798 1606 caro
1833 1540 2150 1619 dometur,

232 1635 291 1689 et
343 1626 554 1691 acrius
615 1624 699 1690 ad
758 1625 995 1692 seriam
1047 1626 1513 1709 poenitentiam
1558 1625 1951 1691 stimuletur.
2039 1625 2149 1689 En

231 1709 541 1795 quomodo
565 1708 751 1776 Deus
771 1711 1102 1777 interdum
1128 1710 1386 1795 quidem
1425 1731 1622 1778 manu
1658 1711 1922 1796 propria
1955 1729 2148 1793 saepe

229 1817 341 1862 nos
397 1797 710 1880 castiget,
784 1797 884 1862 vel
945 1797 1285 1863 hominum
1343 1806 1570 1863 utatur
1622 1796 2025 1875 ministeri0,
2080 1805 2150 1861 et

228 1891 439 1947 tamen
516 1881 725 1947 nostri
793 1883 1086 1949 misereri
1155 1903 1283 1949 non
1354 1883 1625 1949 desinat.
1736 1881 2150 1982 Quapropter

227 1988 413 2034 nemo
471 1968 599 2034 sibi
657 1969 828 2033 sinat
883 1969 1148 2052 imponi,
1207 1975 1283 2034 ut
1336 1969 1638 2054 Agagnm
1695 1967 1806 2033 hio
1855 1971 2151 2033 videmus

226 2072 262 2116 a
311 2074 381 2118 se
436 2055 586 2137 ipso
629 2053 985 2138 deceptum,
1045 2055 1230 2139 quasi
1276 2075 1395 2120 nos
1437 2054 1617 2119 omni
1661 2053 2038 2120 correctioni
2084 2060 2152 2117 et

221 2137 639 2223 castigationi
660 2141 1029 2207 eximamur
1049 2139 1529 2224 praedicatione
1563 2139 1966 2206 remissionis
1999 2158 2151 2221 pec-

221 2235 540 2303 catorum,
605 2233 673 2290 et
715 2247 845 2291 non
894 2225 1347 2310 imputationis
1388 2227 1889 2310 praeteritarum
1934 2233 2149 2290 trans·

221 2312 655 2395 gressionum.
744 2310 993 2377 Verum
1052 2314 1240 2396 Agag
1297 2311 1521 2396 procul
1580 2310 1805 2377 aberat
1861 2331 1900 2376 a
1953 2330 2150 2376 sensu

221 2396 705 2461 misericordiae
762 2395 1053 2462 divinae:
1114 2419 1262 2462 nam
1322 2396 1476 2464 licet
1529 2395 2035 2463 misericordiam
2079 2416 2150 2461 se

217 2501 253 2545 a
310 2480 630 2548 Samuele
698 2490 992 2565 speraret
1061 2491 1654 2566 consequuturum,
1724 2503 1852 2547 non
1928 2489 2149 2546 tamen

217 2567 590 2633 doctrinam
652 2568 853 2651 ipsius
910 2568 1436 2651 amplectebatur,
1496 2567 1676 2633 nullo
1732 2567 1857 2632 Dei
1918 2567 2151 2632 timore

217 2651 601 2729 ducebatur,
663 2654 911 2718 nullam
970 2654 1350 2738 religionem
1407 2652 1703 2730 habebat,
1764 2663 1829 2717 et
1885 2652 2151 2717 interim

212 2757 279 2804 se
321 2749 616 2805 mortem
662 2759 1009 2805 evasurum
1053 2738 1177 2805 sibi
1219 2739 1662 2823 persuadebat.
1751 2737 1890 2804 Nae
1948 2736 2152 2804 stulta

213 2835 277 2888 et
318 2824 596 2909 stupida
637 2824 764 2889 fnit
808 2825 966 2891 haec
1010 2826 1246 2908 opinio.
1312 2824 1426 2891 Sic
1469 2824 1707 2891 multos
1744 2821 1968 2891 videas
2001 2843 2149 2906 per·

208 2909 438 2976 frictae
496 2910 743 2976 frontis
799 2908 1131 2990 homines,
1186 2912 1360 2976 ultro
1418 2910 1546 2975 Dei
1600 2909 1889 2976 bonitate
1949 2909 2147 2988 abuti,

209 2996 464 3080 sibique
523 3016 793 3062 omnem
836 2996 1291 3078 impunitatem
1334 2996 1644 3080 polliceri,
1702 2994 1873 3081 quod
1917 2994 2148 3059 Domi·

207 3102 330 3149 nus
388 3091 631 3148 noster
672 3081 858 3147 Iesus
904 3081 1205 3148 Christus
1266 3083 1333 3147 in
1392 3081 1705 3148 mundum
1751 3081 2007 3147 venisse
2051 3079 2148 3144 di·

205 3168 375 3233 citnr
421 3175 811 3253 peccatores
869 3176 1260 3246 servaturus,
1322 3169 1475 3233 licet
1531 3178 1746 3234 tamen
1806 3166 1976 3233 laxis
2034 3165 2148 3230 ha-

204 3251 389 3319 benis
435 3274 602 3321 eum
648 3273 902 3319 summo
945 3253 1071 3318 Dei
1115 3262 1492 3338 contemptu
1537 3255 1602 3319 in
1648 3252 1918 3336 quaevis
1959 3252 2146 3336 flagi-

201 3341 289 3404 tia
334 3338 746 3424 praecipites
789 3339 1100 3418 ferantur,
1146 3350 1212 3405 et
1254 3338 1337 3404 ad
1376 3339 1650 3423 quodvis
1696 3338 1942 3403 malum
1982 3338 2148 3403 flant

202 3423 618 3492 audaciores.
719 3424 850 3490 Hic
921 3426 1140 3509 itaque
1211 3422 1509 3491 videmus
1573 3423 1819 3490 nullam
1894 3441 1934 3487 a
2001 3422 2144 3488 Deo

199 3511 614 3594 sperandam
696 3510 1239 3591 misericordiam,
1342 3509 1472 3577 nisi
1565 3510 1798 3594 quibus
1883 3518 2148 3592 peccata

198 3595 588 3682 displicent,
632 3603 699 3661 et
741 3596 856 3679 qui
899 3615 970 3662 se
1014 3596 1189 3681 ipsos
1233 3595 1737 3662 condemnantes
1779 3615 1995 3661 coram
2020 3595 2147 3660 Dei

193 3684 560 3749 maiestate
609 3690 917 3764 tanquam
957 3703 1102 3749 reos
1145 3703 1286 3749 sese
1329 3682 1589 3760 sistunt,
1647 3688 1715 3747 et
1768 3679 2147 3765 suppliciter

191 3769 466 3834 veniam
518 3767 981 3852 deprecantur.

365 3855 832 3920 Transeamus
874 3853 956 3917 ad
1001 3852 1328 3919 Samuelis
1374 3851 1591 3933 verba,
1650 3871 1816 3934 quae
1860 3870 2145 3917 summo·

189 3961 350 4023 pere
418 3941 629 4006 nobis
691 3948 847 4004 sunt
913 3939 1352 4005 observanda:
1424 3938 1629 4015 Sicut,
1694 3937 1937 4021 inquit,
1999 3937 2147 4018 fec&

190 4026 436 4110 absque
495 4024 727 4092 h'beris
780 4024 1072 4090 mulieres
1124 4024 1379 4107 yladius
1435 4029 1616 4089 tuus.-
1668 4023 2022 4105 sicabsque
2063 4023 2146 4088 zi-

188 4112 360 4179 ben‘s
420 4112 562 4178 en’t
617 4111 781 4176 inter
829 4111 1124 4176 mulieres
1176 4115 1376 4176 mater
1416 4115 1544 4174 tua.
1633 4107 1887 4190 Quibus
1927 4108 2146 4175 verbis

188 4197 476 4264 Samuel
503 4198 773 4262 futurae
798 4196 986 4262 istius
1014 4195 1227 4262 caedis
1251 4195 1466 4282 Agagi
1488 4196 1799 4260 iustitiam
1831 4202 1898 4259 et
1923 4195 2146 4276 aequi-

185 4295 398 4351 tatem
429 4280 884 4361 commendat,
921 4303 1088 4365 quae
1110 4302 1321 4365 neque
1343 4278 1621 4348 crudelis
1643 4280 1728 4346 sit
1750 4299 1963 4362 neque
1986 4279 2147 4346 vitio

185 4371 364 4436 verti
389 4371 719 4452 cuiquam
742 4369 978 4452 possit:
1013 4367 1125 4433 sed
1152 4368 1321 4434 insto
1343 4365 1471 4432 Dei
1493 4365 1731 4432 iudicio
1755 4366 2022 4431 nitatur.
2067 4364 2146 4431 Si

187 4460 520 4542 Agagum
590 4453 864 4520 dicimus
906 4452 1244 4537 deceptum
1292 4473 1434 4518 esse
1479 4451 1824 4532 dicentem,
1869 4458 2143 4516 mortem

184 4563 499 4608 amaram
572 4560 611 4603 a
673 4561 744 4604 se
800 4538 1171 4619 declinasse,
1228 4537 1492 4606 Samuel
1552 4537 1655 4604 his
1700 4538 1916 4605 verbis
1959 4536 2143 4601 illum

181 4625 656 4714 reprehendet
712 4633 780 4691 et
835 4625 1219 4709 increpabit,
1279 4624 1461 4708 quasi
1520 4623 1722 4689 dicat:
1784 4622 1933 4705 Quo
1989 4643 2146 4688 vero

179 4716 330 4782 iure
377 4723 454 4778 te
503 4720 709 4796 putas
753 4719 1048 4793 ereptum
1092 4731 1176 4777 ex
1219 4720 1426 4776 morte
1467 4709 1577 4793 qui
1622 4716 1873 4775 tantam
1918 4709 2146 4774 crude-

175 4801 478 4875 litatem,
535 4795 697 4862 dum
745 4797 1018 4874 viveres,
1079 4795 1473 4862 exercuisti?
1534 4796 1646 4879 qui
1703 4793 1945 4859 multas
1999 4813 2144 4858 mu-

175 4888 384 4954 lieres
433 4883 679 4950 liberis
722 4881 910 4949 orbas
951 4882 1177 4963 fecisti,
1221 4893 1288 4948 et
1331 4882 1572 4947 multos
1614 4881 1852 4946 liberos
1914 4900 2145 4964 paren-

177 4973 362 5042 tibus
428 4969 759 5055 privasti,
819 4968 1186 5052 multasqne
1245 4967 1472 5033 viduas
1529 4964 1915 5032 reddidisti?
2004 4965 2147 5030 Nae

173 5063 246 5127 in
309 5055 610 5125 tabulas
659 5054 786 5122 ista
841 5053 1047 5120 relata
1103 5061 1276 5133 sunt,
1342 5072 1617 5136 quorum
1663 5051 1783 5118 tibi
1828 5051 1956 5116 iam
2005 5049 2145 5116 red-

173 5145 408 5213 denda
472 5139 656 5205 ratio
712 5148 830 5206 est.
919 5139 1149 5222 Neque
1207 5159 1364 5204 sane
1422 5140 1538 5206 abs
1598 5159 1670 5204 re
1726 5135 1994 5204 Samuel
2051 5137 2146 5203 ita

169 5226 649 5315 compellabat
705 5227 952 5292 virum:
1012 5222 1534 5309 quandoquidem
1594 5222 1889 5309 improbi,
1943 5243 2143 5307 quum

4066 317 4192 385 142

2254 510 2710 594 impendentes
2754 507 2876 577 sibi
2919 528 3163 594 poenas
3207 508 3451 586 vident,
3502 509 3715 575 solent
3759 509 4187 575 vehementer

2254 596 2673 675 commoveri,
2731 594 3060 680 indignari
3119 603 3185 659 et
3242 594 3545 662 dentibus
3588 592 3903 675 frendere,
3963 602 4029 659 et
4072 595 4186 660 ad-

2255 700 2485 749 versus
2543 682 2757 746 Deum
2816 688 2885 746 et
2941 680 3240 747 homines
3283 679 3674 747 stomachari
3718 688 3786 746 et
3829 682 4185 764 insurgere.

2253 766 2347 833 At
2370 766 2642 833 Samuel
2681 767 3008 833 feritatem
3045 765 3231 832 illam
3267 766 3627 843 contundit,
3666 765 3901 833 docens
3937 765 4186 832 nullam

2253 875 2328 920 su
2417 873 2592 919 resse
2628 873 2810 936 spem
2846 852 3075 918 salutis
3110 861 3176 918 et
3211 853 3404 930 vitae,
3492 852 3619 918 uod
3665 852 3969 922 meritam
4013 873 4184 918 mer·

2252 960 2325 1006 ce
2371 960 2472 1004 em
2509 938 2695 1004 illum
2732 945 3028 1023 oporteat
3061 938 3322 1017 referre,
3359 947 3425 1003 et
3488 948 3775 1004 actorum
3801 939 4183 1022 praemium.

2252 1024 2358 1090 Ita
2416 1023 2582 1090 solet
2637 1024 2959 1109 scriptura
3015 1024 3253 1089 minari
3306 1024 3446 1090 fore
3488 1033 3561 1088 ut
3604 1022 3830 1089 eadem
3877 1043 4187 1090 mensura

2254 1110 2642 1178 remetiatur
2699 1110 2780 1176 iis
2835 1108 2948 1193 qui
3008 1109 3338 1192 proximos
3398 1108 3742 1191 laeserint,
3811 1120 3877 1175 et
3943 1108 4186 1177 iniuria

2255 1196 2470 1281 aliqua
2537 1195 2645 1261 vel
2716 1195 3111 1262 contumelia
3180 1195 3534 1262 affecerint.
3641 1195 3894 1262 Idcirco
3953 1196 4185 1262 Esaias

2252 1283 2408 1349 olim
2454 1281 2741 1348 dicebat:
2790 1280 2932 1346 Vae
2975 1280 3094 1346 tibi
3133 1282 3249 1364 qui
3284 1279 3646 1365 praedaris:
3693 1301 3846 1346 nam
3884 1295 3949 1346 et
3987 1293 4185 1346 erunt

2254 1369 2367 1452 qni
2411 1376 2476 1432 te
2520 1365 3112 1452 depraedabuntur.
3199 1365 3387 1449 Quae
3429 1366 3845 1432 comminatio
3886 1386 4184 1450 praeser-

2253 1454 2373 1519 tim
2419 1453 2498 1518 ad
2545 1451 3001 1538 babylonicam
3046 1452 3492 1518 monarchiam
3537 1452 3875 1536 spectavit,
3936 1451 4184 1537 rapinis

2252 1546 2319 1605 et
2360 1537 2588 1622 spoliis
2633 1538 2991 1604 multorum
3036 1537 3426 1622 populorum
3468 1537 3748 1621 plenam.
3814 1535 3995 1604 Sane
4039 1545 4181 1603 tum

2254 1626 2324 1690 in
2370 1623 2645 1690 Oriente
2697 1644 2976 1709 regnum
3021 1621 3182 1689 illud
3225 1622 3687 1707 babylonicum
3733 1624 4018 1689 maxime
4059 1624 4180 1688 flo-

2252 1711 2455 1794 rebat,
2514 1717 2583 1776 et
2639 1718 2852 1776 tutum
2911 1710 2991 1775 ab
3049 1709 3223 1775 omni
3284 1709 3569 1793 periculo
3630 1707 4008 1775 videbatur:
4065 1709 4183 1774 sed

2255 1806 2473 1862 tamen
2517 1797 2541 1860 i
2621 1818 2730 1861 um
2777 1796 3066 1879 oportuit
3109 1815 3274 1879 quae
3319 1796 3384 1859 in
3433 1803 3680 1860 esserat
3723 1792 3985 1860 tandem
4031 1814 4184 1861 evo-

2254 1903 2449 1947 mere.
2518 1818 2756 1963 (Ξιθιωο,
2794 1890 2869 1946 ut
2904 1880 3212 1960 diximus,
3247 1880 3355 1946 isti
3420 1881 3542 1946 ‘cet
3577 1900 3864 1946 summos
3901 1879 4183 1947 honores

2255 1976 2588 2050 occupent,
2633 1977 2701 2034 et
2744 1965 2993 2034 viribus
3035 1966 3352 2048 polleant:
3400 1976 3618 2031 tamen
3664 1965 3791 2067 legi
3833 1965 4181 2032 subiicien-

2257 2052 2391 2132 dos,
2436 2062 2503 2119 et
2546 2074 2675 2137 qua
2718 2071 3026 2118 mensura
3070 2052 3311 2117 fuerint
3353 2050 3500 2117 aliis
3544 2070 3753 2117 mensi
3797 2052 4022 2117 eadem
4059 2050 4182 2117 sibi

2254 2137 2730 2205 remetiendum
2801 2137 3027 2204 sciant.
3139 2135 3318 2219 Quid
3387 2137 3592 2221 igitur
3646 2137 3831 2202 nobis
3886 2137 4180 2203 futurum

2255 2233 2558 2308 putamus
2578 2274 2593 2302 ,
2657 2224 2713 2290 si
2777 2222 2887 2288 isti
2953 2221 3249 2288 homines
3314 2221 3605 2289 divinam
3670 2222 3985 2290 ultionem
4053 2243 4182 2289 non

2254 2309 2624 2395 effugiunt?
2710 2308 2820 2375 An
2880 2308 3337 2393 impunitatem
3395 2306 3519 2374 sibi
3560 2308 4039 2391 pollicebantur
4082 2307 4183 2373 in-

2255 2398 2446 2461 fimae
2468 2393 2860 2461 conditionis
2884 2393 3180 2460 homines
3218 2396 3273 2458 si
3309 2393 3421 2459 alii
3455 2392 3613 2458 alios
3651 2392 4175 2478 depraedentur?

2252 2481 2395 2547 Nae
2419 2482 2476 2548 si
2510 2480 2624 2564 qui
2660 2478 3009 2546 autoritate
3047 2486 3114 2545 et
3150 2479 3399 2546 viribus
3433 2478 3681 2562 pollent
3717 2499 3845 2544 non
3882 2480 4184 2544 eximun-

2254 2575 2363 2633 tur
2387 2567 2639 2632 meritis
2660 2565 2905 2649 poenis,
2939 2566 3063 2631 etsi
3100 2563 3438 2649 privilegio
3473 2563 3751 2648 quodam
3788 2565 4183 2631 sacrosancti

2253 2651 2578 2732 videntur,
2622 2651 2836 2736 qualis
2880 2650 3154 2716 aliorum
3200 2650 3420 2716 futura
3464 2657 3564 2715 est
3605 2648 3859 2733 poena?
3946 2649 4183 2717 Nonne

2253 2737 2383 2805 Dei
2440 2744 2892 2816 contemtores,
2957 2745 3367 2803 contumaces
3426 2744 3492 2801 et
3547 2735 3903 2802 refractarii
3922 2784 3939 2815 ,
3995 2756 4183 2818 prae-

2253 2823 2474 2902 dones,
2518 2825 2958 2889 foeneratores
3001 2835 3065 2886 et
3108 2819 3473 2887 istiusmodi
3519 2819 3817 2886 homines
3855 2821 3968 2904 qui
4006 2822 4180 2886 malo

2254 2908 2659 2976 delectantur
2700 2906 3026 2973 horrenda
3068 2905 3523 2973 condemnatio
3565 2905 3838 2971 manet?
3905 2904 4013 2971 Ex
4058 2904 4179 2971 Sa-

2252 2994 2485 3061 muelis
2540 2995 2742 3078 igitur
2799 2992 3092 3059 oratione
3148 2991 3226 3058 ad
3272 2992 3576 3075 Agagum
3620 2992 3687 3056 in
3733 2990 3965 3074 primis
4000 2990 4183 3057 colli-

2251 3101 2482 3166 gamus
2547 3087 2844 3164 oportere
2908 3078 3156 3146 iudices
3219 3077 3478 3162 capitali
3543 3076 3861 3161 supplicio
3928 3076 4184 3161 aliquos

2251 3165 2760 3233 condemnantes
2797 3165 3215 3231 manifestum
3251 3163 3466 3231 facere
3500 3184 3571 3230 se
3608 3162 3786 3227 nulla
3820 3161 3951 3227 alia
3984 3183 4181 3247 quam

2248 3251 2444 3318 officii
2503 3252 2750 3317 ratione
2809 3256 3026 3316 sontes
3084 3249 3199 3313 tali
3257 3269 3464 3333 poena
3508 3247 3842 3314 mulctare.
3929 3246 4183 3315 Idcirco

2251 3359 2383 3403 non
2427 3337 2566 3403 sola
2609 3336 2990 3421 simpliciter
3033 3334 3263 3418 capitis
3306 3334 3631 3399 sententia
3671 3334 3740 3399 in
3786 3341 4007 3399 sontes
4049 3334 4179 3400 fer·

2250 3432 2379 3502 tur,
2439 3421 2553 3489 sed
2611 3421 2860 3488 adiecta
2901 3421 3096 3487 etiam
3141 3419 3433 3486 criminis
3477 3417 3942 3485 declaratione:
4003 3417 4178 3503 quod

2248 3529 2378 3576 non
2434 3516 2686 3574 tantum
2745 3513 2986 3588 sontes,
3040 3506 3155 3572 sed
3214 3506 3411 3572 etiam
3469 3525 3696 3571 omnes
3754 3505 3865 3587 qui
3912 3502 4178 3570 adstant

2248 3595 2602 3679 plurimum
2661 3592 2881 3660 afficit.
2968 3591 3059 3658 Et
3116 3613 3195 3657 ea
3237 3591 3488 3657 ratione
3530 3589 3818 3657 iustitiae
3862 3590 4178 3657 autoritas

2249 3688 2316 3747 et
2350 3683 2643 3780 aequitas
2678 3678 2760 3743 ab
2795 3677 2974 3743 omni
3009 3676 3323 3745 violentia
3366 3685 3434 3741 et
3479 3676 3723 3761 rapinis
3768 3675 4176 3742 discernitur.

2247 3763 2475 3831 Veluti
2519 3764 2595 3860 si,
2639 3763 2923 3846 exempli
2967 3762 3195 3848 gratia,
3242 3783 3358 3828 rex
3395 3761 3713 3846 quispiam
3750 3781 3870 3846 pro
3907 3760 4179 3828 arbitrio

2251 3852 2425 3917 hunc
2468 3849 2577 3915 vel
2611 3849 2799 3915 illum
2832 3849 3109 3916 interfici
3144 3848 3379 3925 iubeat,
3423 3846 3966 3932 quemadmodum
4002 3848 4175 3933 apud

2249 3937 2494 4003 'Furcas
2560 3935 2748 4004 hodie
2813 3954 3062 4002 morem
3127 3934 3422 4000 obtinere
3488 3933 3783 3999 videmus
3802 3983 3818 4011 ,
3898 3953 4031 3997 non
4097 3953 4176 4000 ea

2249 4023 2497 4090 iustitia
2553 4021 2666 4088 sed
2712 4021 3019 4088 violentia
3061 4028 3127 4086 et
3169 4019 3576 4086 latrocinium
3623 4018 3893 4086 dicetur.
3984 4020 4076 4083 At
4118 4020 4176 4084 si

2249 4108 2545 4175 criminis
2588 4107 2977 4192 significatio
3012 4106 3371 4183 accesserit,
3414 4112 3554 4170 tum
3590 4102 3927 4190 apparebit
3961 4104 4179 4187 aequi·

2249 4203 2352 4260 tas
2407 4192 2729 4272 iustitiae,
2796 4213 2925 4276 qua
2982 4212 3111 4257 non
3168 4201 3425 4258 tantum
3482 4189 4016 4256 obtrectatoribus
4034 4239 4050 4266 ,
4109 4196 4175 4253 et

2248 4278 2579 4345 maledicis
2637 4299 2709 4345 os
2752 4276 3142 4345 occluditur:
3200 4277 3312 4344 sed
3358 4277 3553 4343 etiam
3597 4274 3981 4359 supplicium
4026 4272 4174 4342 aliis

2250 4364 2633 4431 documento
2678 4374 2797 4441 est,
2853 4373 2929 4429 ut
2970 4365 3040 4428 in
3084 4362 3211 4429 Dei
3256 4365 3490 4429 timore
3532 4369 3598 4428 et
3639 4361 3853 4427 officio
3897 4360 4177 4443 quisque

2249 4451 2623 4517 retineatur.
2682 4449 3030 4517 Caeterum
3053 4448 3425 4515 meditanda
3447 4448 3572 4513 ista
3594 4445 3938 4524 sententia,
3977 4464 4175 4528 quam

2248 4537 2434 4602 Deus
2488 4536 2631 4620 ipse
2689 4557 2804 4619 per
2847 4533 3224 4601 Samuelem
3282 4533 3569 4619 protulit,
3626 4539 3700 4597 ut
3742 4531 3809 4596 in
3854 4528 3979 4596 hac
4024 4529 4172 4597 doc-

2248 4624 2422 4688 trina
2465 4621 2676 4706 magis
2720 4642 2795 4688 ac
2837 4621 3045 4706 magis
3105 4638 3550 4698 exerceamur3
3606 4637 3840 4699 nempe
3894 4637 4003 4682 eos
4060 4617 4172 4700 qui

2248 4730 2363 4775 san
2460 4707 2634 4772 inem
2682 4706 3043 4772 humanum
3091 4704 3441 4774 crudeliter
3489 4702 3855 4779 effuderint,
3912 4698 4173 4768 tandem

2249 4794 2319 4859 in
2431 4793 2493 4859 ei
2551 4813 2819 4858 manum
2881 4800 2949 4857 et
3007 4790 3322 4859 iudicium
3380 4809 3664 4871 casuros,
3723 4785 4175 4872 rationemque

2250 4878 2403 4944 olim
2450 4878 2575 4962 ipsi
2618 4878 2938 4943 factorum
2983 4877 3385 4943 reddituros:
3443 4871 3988 4957 quemadmodum
4034 4874 4176 4957 ipse

2249 4965 2577 5031 Dominus
2623 4964 2863 5031 Genea.
2906 4983 3049 5047 cap.
3077 4963 3138 5029 9.
3183 4960 3499 5045 loquitur:
3545 4959 3708 5024 Eius
3751 4959 3864 5042 qui
3907 4960 4173 5044 sangui·

2250 5072 2401 5116 nem
2460 5050 2822 5116 humanum
2867 5048 3185 5128 efluderit,
3242 5047 3435 5111 etiam
3478 5043 3906 5125 fundendum,
3960 5065 4174 5129 neque

2251 5145 2503 5202 tantum
2581 5136 2832 5202 facinus
2897 5154 3184 5217 unquam
3251 5130 3646 5214 impunitum
3715 5131 3867 5196 fore.
3976 5130 4174 5214 Quod

2247 5244 2409 5290 sane
2463 5220 2777 5289 iudicium
2835 5227 3094 5287 exercet
3136 5219 3318 5285 Deus
3372 5236 3564 5300 saepe
3620 5216 3690 5282 in
3747 5215 3873 5284 hoc
3930 5216 4176 5283 mundo
