5059 6059
844 289 979 357 563

2504 305 2918 376 HOMILIA
2961 309 3195 380 XXX.
4653 323 4738 390 564

845 482 1026 549 vires
1083 483 1221 567 ipse
1279 485 1566 567 quotidie
1612 487 1796 552 nobis
1840 490 2141 572 sufficiat,
2187 494 2424 576 quibus
2468 496 2789 563 inoffenso
2883 504 3193 585 populum
3261 526 3464 571 meum
3529 505 3772 572 Israe'l:
3837 511 3893 572 et
3953 508 4221 573 salvabit
4269 507 4562 590 populum
4601 531 4746 578 mcum

846 569 1015 653 pede
1070 570 1138 634 in
1197 570 1404 652 ipsius
1449 573 1681 639 timore
1728 573 2125 656 incedamus,
2185 579 2390 646 donec
2436 602 2554 647 nos
2594 581 2677 647 ad
2719 604 2791 648 se

848 656 1115 721 tandem
1158 658 1492 740 receperit.

1019 741 1356 826 Superest,
1399 752 1476 808 ut
1517 743 1671 810 facti
1717 746 2039 830 supplices
2082 754 2185 817 etc.

1417 1003 1917 1088 HOMILIA
1962 1006 2232 1090 XXX.

1636 1115 1835 1183 OAP.
1879 1115 2007 1184 IX.

1021 1284 1080 1349 1.
1099 1282 1193 1349 Et
1209 1289 1345 1350 erat
1362 1285 1465 1349 vir
1480 1285 1555 1350 de
1577 1284 1943 1366 Beniamin,
1966 1289 2212 1353 nomine
2237 1288 2363 1373 Gis,
2382 1290 2568 1373 filius
2589 1291 2792 1374 Abiel,

841 1369 972 1454 filii
1019 1368 1221 1444 Seror,
1258 1370 1383 1451 filii
1406 1369 1773 1450 Bechorath,
1805 1373 1931 1454 filii
1965 1373 2203 1455 Aphia,
2220 1375 2345 1457 filii
2386 1377 2514 1442 viri
2539 1379 2789 1459 Iemini,

841 1456 1032 1539 fortis
1074 1456 1305 1521 robore.
1364 1457 1425 1521 2.
1471 1456 1560 1521 Et
1600 1463 1735 1522 erat
1776 1459 1835 1522 ei
1871 1459 2050 1541 filius
2093 1461 2381 1527 vocabulo
2428 1462 2605 1544 Saul,
2649 1466 2791 1531 eleo-

843 1546 949 1608 tus
1003 1545 1061 1606 et
1111 1541 1335 1607 bonus.-
1388 1548 1443 1608 et
1498 1563 1620 1607 non
1677 1548 1812 1607 erat
1850 1546 1955 1610 vir
1997 1546 2072 1611 de
2109 1545 2273 1626 filiis
2319 1549 2530 1614 Israel
2573 1550 2790 1616 melior

842 1627 995 1694 illo.-
1058 1626 1136 1691 ab
1199 1626 1451 1692 humero
1515 1633 1571 1692 et
1633 1649 1891 1694 sursum
1953 1630 2250 1697 eminebat
2311 1653 2500 1714 super
2553 1656 2791 1701 omnem

831 1712 1161 1799 populum.
1207 1713 1265 1778 3.
1314 1712 1648 1779 Perierant
1700 1719 1909 1779 autem
1959 1717 2181 1781 asinae
2219 1715 2329 1784 Cis
2358 1720 2577 1802 patris
2612 1719 2789 1802 Saul,

844 1804 904 1867 et
957 1799 1123 1865 dixit
1168 1796 1278 1865 Gis
1333 1801 1420 1864 ad
1468 1798 1630 1865 Saul
1661 1800 1869 1880 silium
1911 1822 2116 1876 suum,
2173 1802 2310 1869 tolle
2352 1810 2547 1870 tecum
2589 1828 2789 1872 unum

839 1886 922 1952 de
952 1885 1200 1966 pueris,
1255 1889 1310 1949 et
1351 1905 1722 1970 consurgens
1758 1886 1933 1959 vade,
1979 1890 2035 1950 et
2077 1908 2306 1970 quaere
2347 1890 2585 1956 asinas.
2666 1894 2789 1974 Qui

843 1991 984 2036 cum
1026 1971 1397 2036 transissent
1437 1976 1530 2035 ter
1570 1976 1833 2036 montem
1872 1971 2206 2055 Ephraim,
2274 1975 2334 2041 4.
2381 1975 2469 2040 Et
2497 1997 2623 2058 per
2666 1985 2786 2044 ter-

844 2077 991 2122 ram
1033 2054 1247 2122 Salisa
1306 2061 1363 2121 et
1413 2077 1533 2121 non
1577 2057 1973 2141 invenissent,
2018 2060 2404 2127 transierunt
2446 2065 2638 2129 etiam
2664 2087 2790 2148 per

844 2147 1080 2207 terram
1127 2142 1350 2218 Salim,
1395 2147 1451 2207 et
1482 2163 1604 2206 non
1645 2148 1854 2208 erant:
1899 2144 2011 2209 sed
2051 2149 2107 2209 et
2128 2165 2251 2225 per
2285 2152 2519 2213 terram
2556 2148 2791 2215 Iemini

842 2232 901 2293 et
955 2227 1215 2293 minime
1265 2229 1674 2308 reperierunt.
1764 2228 1824 2294 5.
1878 2229 2082 2310 Quum
2124 2236 2330 2297 autem
2372 2235 2678 2301 venissent
2719 2236 2788 2301 in

838 2318 1074 2380 terram
1119 2311 1315 2393 saph,
1374 2313 1542 2380 dixit
1587 2311 1746 2378 Saul
1802 2313 1889 2379 ad
1932 2336 2203 2397 puerum
2258 2338 2444 2382 suum
2500 2322 2614 2402 qui
2655 2326 2789 2386 erat

841 2419 987 2465 cum
1027 2419 1113 2476 eo,
1155 2399 1317 2482 veni,
1361 2406 1418 2464 et
1460 2404 1875 2464 revertamur:
1930 2421 2008 2466 ne
2058 2401 2219 2484 forte
2258 2404 2572 2471 dimiserit

840 2503 1016 2549 meus
1058 2484 1283 2549 asinas
1315 2490 1371 2549 et
1412 2483 1719 2550 sollicitus
1754 2485 1839 2549 sit
1869 2506 1993 2567 pro
2033 2486 2223 2554 nobis.
2282 2490 2341 2554 6.
2395 2490 2519 2571 Qui
2561 2493 2655 2557 ait
2696 2495 2785 2558 ei:

842 2568 1005 2634 Ecce
1054 2571 1157 2633 vir
1207 2568 1335 2635 Dei
1393 2575 1485 2635 est
1537 2571 1610 2634 in
1671 2572 1917 2636 civitate
1969 2571 2085 2638 hac
2141 2575 2243 2638 vir
2297 2575 2557 2642 nobilis.-
2613 2598 2789 2643 omne

843 2654 1010 2738 quod
1079 2654 1354 2736 loquitur
1430 2656 1567 2720 sine
1631 2655 2030 2738 ambiquitate
2091 2659 2272 2724 venit.
2393 2661 2586 2727 Nunc
2648 2684 2788 2748 erqo

840 2759 1060 2806 eamus
1093 2741 1263 2823 illuc,
1297 2744 1359 2806 si
1386 2741 1549 2824 forte
1579 2742 1805 2807 indicet
1838 2742 2012 2809 nobis
2047 2743 2125 2809 de
2143 2745 2252 2809 via
2287 2751 2500 2812 nostra
2524 2754 2789 2830 propter

842 2846 1036 2909 quam
1078 2825 1381 2892 venimus.
1468 2827 1527 2892 7.
1573 2827 1884 2908 Dixitque
1929 2828 2091 2894 Saul
2141 2832 2228 2895 ad
2260 2852 2535 2914 puerum
2575 2854 2784 2918 suum,

839 2930 969 2976 ecce
1023 2911 1275 2989 ibimus,
1332 2913 1488 2994 quid
1545 2915 1823 2993 feremus
1885 2914 1972 2980 ad
2033 2916 2244 2981 virum
2306 2916 2435 2983 Dei
2449 2917 2486 2983 ἓ
2580 2918 2788 2986 Panis

844 2997 1062 3079 defecit
1101 2998 1172 3061 in
1214 2999 1493 3063 cister-iis
1534 3000 1783 3077 nostris,
1827 3004 1885 3063 et
1923 3001 2278 3081 sporculam
2318 3024 2448 3067 non
2486 3003 2786 3071 habemus

841 3087 915 3148 ut
946 3082 1164 3148 demus
1198 3081 1436 3148 homini
1460 3084 1587 3149 Dei
1620 3102 1727 3149 nec
1758 3085 2107 3166 quidquam
2139 3086 2340 3154 aliud.
2386 3089 2446 3155 8.
2494 3089 2785 3156 Rursum

834 3188 1010 3250 puer
1064 3169 1385 3249 respondit
1431 3168 1617 3234 Sauli
1658 3175 1713 3235 et
1756 3170 1871 3250 ait,
1914 3191 2040 3236 ecce
2079 3173 2304 3239 innata
2345 3179 2434 3239 est
2472 3174 2546 3239 in
2588 3197 2784 3243 manu

845 3275 986 3320 mea
1028 3259 1254 3335 quarta
1287 3274 1456 3337 pars
1496 3255 1746 3320 stateris
1786 3257 2043 3340 arqenti.
2100 3256 2315 3325 demus
2355 3258 2596 3325 homini
2634 3260 2783 3340 Dei,

844 3345 916 3404 ut
956 3340 1183 3404 indicet
1223 3340 1400 3405 nobis
1439 3342 1609 3406 viam
1649 3345 1940 3407 nostram.
2019 3343 2081 3408 9.
2126 3342 2290 3410 Olim
2333 3346 2405 3409 in
2439 3344 2653 3412 Israel
2693 3351 2786 3414 sic

842 3423 1201 3507 loquebatur
1232 3427 1678 3509 unusquisque,
1712 3427 1948 3492 vadens
1979 3429 2294 3495 consulere
2328 3430 2556 3511 Deum,
2591 3433 2788 3499 venite

845 3516 904 3576 et
966 3531 1181 3575 eamus
1244 3511 1329 3576 ad
1387 3512 1721 3576 videntem:
1789 3512 1900 3594 qui
1963 3515 2131 3579 enim
2182 3515 2491 3599 propheta
2554 3519 2787 3584 dicitur

846 3595 1027 3661 hodie
1081 3596 1411 3663 vooebatur
1464 3598 1615 3664 olim
1671 3598 1906 3664 videns.
1997 3599 2098 3665 10.
2144 3601 2233 3666 Et
2285 3601 2450 3668 dixit
2496 3602 2660 3669 Saul
2700 3604 2787 3670 ad

834 3700 1114 3763 puerum
1152 3701 1344 3748 suum
1357 3707 1377 3747 .·
1442 3681 1733 3765 Optimus
1770 3703 1973 3750 sermo
2015 3690 2181 3770 tuus,
2238 3689 2381 3753 veni
2422 3707 2676 3771 eamus3
2731 3696 2786 3756 et

844 3767 1055 3831 iemnit
1096 3766 1164 3829 in
1219 3768 1526 3833 civitatem
1568 3771 1639 3834 in
1680 3789 1808 3852 qua
1850 3775 1987 3835 erat
2023 3773 2126 3835 vir
2157 3772 2303 3839 Dei.
2395 3774 2498 3840 11.
2550 3775 2784 3856 Quum-

848 3871 968 3933 que
1024 3851 1455 3918 adscenderent
1493 3854 1747 3920 clivium
1787 3854 2079 3933 civitatiS,
2125 3857 2374 3939 puellas
2414 3860 2785 3943 eqredientes

845 3939 1210 4002 invenerunt
1261 3940 1348 4003 ad
1396 3939 1811 4005 hauriendam
1867 3963 2121 4023 aquam,
2184 3949 2241 4008 et
2302 3944 2604 4011 dixerunt
2664 3949 2786 4013 eis.-

849 4022 1028 4088 Num
1091 4020 1193 4087 bic
1254 4028 1344 4089 est
1396 4025 1662 4091 videns?
1748 4026 1850 4090 12.
1902 4027 2074 4108 Quae
2126 4031 2556 4111 respondentes
2609 4034 2782 4098 dixe-

843 4114 999 4174 runt
1053 4107 1207 4180 illis,
1262 4108 1364 4175 hic
1395 4124 1500 4187 est,
1555 4130 1680 4176 ecce
1735 4116 1876 4176 ante
1931 4118 2005 4196 te,
2060 4113 2296 4196 festina
2352 4137 2551 4184 nunc.-
2605 4118 2786 4184 hodie

845 4194 1015 4259 enim
1070 4195 1241 4259 venit
1291 4196 1364 4261 in
1418 4196 1746 4274 civitam,
1801 4198 1954 4279 quia
2017 4200 2406 4282 sacrificium
2470 4207 2559 4268 est
2599 4204 2785 4270 hodie

831 4279 1073 4363 populo
1126 4279 1197 4344 in
1260 4281 1516 4347 excelso.
1622 4281 1722 4345 13.
1788 4283 2215 4365 Inqredientes
2275 4286 2506 4372 urbem,
2572 4291 2784 4354 statim

843 4366 1174 4431 invenietis
1207 4386 1348 4432 eum
1383 4372 1711 4448 antequam
1731 4368 2072 4435 adscendat
2097 4371 2402 4437 excelsum
2432 4375 2519 4438 ad
2552 4395 2787 4441 vescen-

794 4452 1031 4518 ·dum.·
1083 4471 1276 4533 neque
1325 4453 1492 4518 enim
1548 4456 1924 4518 comesturus
1980 4461 2070 4519 est
2114 4457 2393 4540 populus
2446 4460 2632 4527 donec
2681 4461 2786 4527 ille

843 4538 1090 4602 veniat.-
1132 4538 1285 4619 quia
1326 4539 1463 4619 ipse
1517 4538 1813 4604 benedicit
1868 4539 2118 4618 hostiae,
2173 4548 2229 4607 et
2269 4543 2556 4628 deinceps
2594 4566 2783 4611 come-

843 4622 1004 4688 dunt
1043 4624 1155 4704 qui
1195 4625 1393 4690 vocati
1424 4629 1590 4700 sunt,
1631 4643 1798 4690 nunc
1829 4645 1972 4709 erqo
2012 4630 2388 4696 conscendite
2420 4632 2577 4712 quia
2609 4631 2788 4698 hodie

841 4709 1170 4792 reperietis
1233 4730 1394 4776 eum.
1487 4711 1588 4775 14.
1653 4709 1743 4775 Et
1804 4712 2253 4778 adscenderunt
2314 4717 2387 4779 in
2449 4719 2789 4783 civitatem:

842 4814 1154 4876 quumque
1215 4795 1317 4861 illi
1395 4795 1779 4861 ambularent
1844 4797 1917 4860 in
1978 4800 2180 4864 medio
2251 4800 2431 4866 urbis
2491 4806 2790 4887 apparuit

847 4877 1107 4945 Samuel
1149 4882 1469 4964 eqrediens
1506 4881 1748 4948 obviam
1800 4883 1892 4947 eis
1934 4888 2006 4948 ut
2044 4886 2439 4952 adscenderet
2480 4891 2551 4954 in
2597 4890 2781 4955 excel·

842 4983 1004 5030 sum.
1095 4966 1197 5032 15.
1241 4966 1563 5033 Dominus
1616 4971 1822 5033 autem
1875 4969 2252 5036 revelaverat
2307 4973 2376 5037 in
2430 4975 2786 5040 auriculam

848 5046 1171 5116 Samuelis
1211 5058 1356 5117 ante
1394 5074 1590 5118 unam
1619 5053 1783 5118 diem
1817 5075 2007 5135 quam
2040 5057 2278 5121 veniret
2315 5057 2496 5138 Saul,
2542 5060 2784 5127 dicens.-

846 5134 952 5200 16.
998 5135 1140 5201 Hac
1176 5139 1320 5219 ipsa
1363 5138 1517 5204 hora
1558 5159 1717 5221 quae
1749 5158 1915 5206 nunc
1955 5146 2060 5219 est,
2104 5162 2250 5209 cras
2290 5147 2531 5209 mittam
2572 5148 2782 5211 virum

844 5219 934 5286 ad
984 5225 1041 5286 te
1091 5222 1167 5287 de
1207 5228 1377 5290 terra
1418 5223 1766 5291 Beniamin
1822 5230 1876 5289 et
1917 5247 2110 5311 unqes
2151 5247 2293 5294 eum
2333 5229 2550 5298 ducem
2592 5252 2783 5313 super

2894 588 2970 654 de
3009 610 3205 655 manu
3251 590 3738 658 Philistinorum
3753 616 3773 657 .·
3814 594 3970 676 quia
4010 595 4257 677 respexi
4287 593 4601 678 populum:
4634 603 4748 665 veuit

2892 676 3059 740 enim
3100 677 3334 743 clamor
3375 699 3586 743 eorum
3625 679 3710 746 ad
3750 699 3863 744 me.

3064 848 3395 915 Hesterna
3429 849 3738 917 concione
3760 849 4043 917 vidimus
4079 857 4321 934 quanta
4343 849 4593 922 Samuel
4623 867 4753 920 auto·

2893 934 3086 999 ritate
3130 935 3383 1000 valeret
3425 935 3599 1019 apud
3646 934 3998 1002 Israelitas.
4043 936 4217 1001 Nam
4251 947 4394 1002 erat
4437 938 4753 1020 incredibile,

2895 1028 3031 1084 tam
3091 1022 3488 1099 temerarios,
3548 1035 3681 1087 tam
3741 1034 4178 1102 contumaces,
4236 1033 4499 1107 tamque
4550 1026 4756 1093 rebelles

2895 1105 3193 1172 homines
3237 1108 3529 1190 potuisse
3573 1117 3707 1172 tam
3753 1109 3993 1191 exiguo
4031 1109 4341 1191 temporis
4375 1123 4670 1175 momento
4701 1115 4755 1178 ad

2895 1191 3111 1257 Deum
3157 1193 3394 1272 reduci,
3442 1205 3506 1257 et
3541 1193 3622 1258 ad
3658 1191 3941 1258 hominis
3975 1194 4179 1259 solam
4219 1215 4442 1260 vocem
4480 1197 4759 1280 quiescere,

2893 1297 3092 1360 seque
3168 1278 3429 1344 domum
3498 1279 3805 1361 recipere.
3904 1279 4145 1346 Verbis
4219 1291 4436 1346 tamen
4504 1281 4760 1348 Samuelis

2893 1363 3068 1446 ipsos
3113 1365 3512 1447 acquievisse
3556 1365 3888 1431 videmus:
3933 1366 4054 1430 etsi
4100 1386 4229 1431 non
4273 1387 4538 1449 parvam
4574 1367 4640 1432 de
4665 1369 4760 1433 illis

2894 1449 3231 1515 dubitandi
3276 1451 3678 1516 occasionem
3722 1460 3989 1534 possent
4030 1459 4432 1536 praetexere.
4512 1452 4627 1520 Sed
4663 1467 4764 1519 tan·

2893 1545 3025 1600 tam
3072 1537 3254 1602 Deus
3297 1536 3395 1601 illi
3437 1537 3856 1602 autoritatem
3916 1535 4091 1621 apud
4135 1537 4308 1621 ipsos
4352 1539 4762 1618 conciliaverat,

2892 1640 3044 1686 eum
3102 1632 3330 1688 sancto
3389 1643 3506 1687 suo
3548 1623 3787 1706 spiritu
3832 1643 4086 1708 regens.
4173 1627 4395 1707 Atque
4440 1625 4558 1690 hoc
4595 1646 4764 1689 exem·

2891 1706 3073 1789 plum
3122 1708 3308 1773 nobis
3344 1709 3491 1773 usui
3527 1729 3666 1774 esse
3702 1718 3975 1791 oportet,
4019 1721 4095 1774 ut
4128 1710 4185 1775 si
4219 1710 4291 1774 in
4330 1710 4501 1776 bona
4534 1710 4765 1775 doctrine

2890 1813 3270 1877 progressus
3328 1793 3579 1879 aliquos
3633 1795 3843 1860 facere
3900 1796 4218 1878 cupimus,
4281 1796 4353 1860 in
4411 1796 4536 1861 Dei
4589 1797 4768 1861 timore

2889 1880 3313 1960 ambulemus,
3373 1892 3570 1964 atque
3626 1880 3697 1944 in
3757 1901 3833 1946 eo
3891 1890 4106 1946 totum
4152 1883 4329 1947 vitae
4374 1894 4625 1947 nostrae
4660 1903 4764 1947 our·

2890 1964 3173 2030 riculum
3252 1967 3488 2032 comite
3564 1966 3912 2032 sanctitate
3976 1977 4046 2031 et
4107 1967 4488 2051 integritate
4551 1967 4770 2032 feliciter

2888 2048 3327 2117 decurramus.
3418 2052 3743 2135 Deinceps
3778 2072 3973 2134 quam
4017 2052 4337 2118 rationem
4389 2054 4566 2118 Deus
4603 2053 4772 2118 inierit

2889 2157 3111 2218 regem
3170 2137 3571 2222 postulatum
3617 2137 3851 2221 populo
3909 2136 4107 2203 dandi
4172 2136 4568 2205 videbimus:
4620 2158 4684 2203 ac
4723 2141 4771 2202 in

2889 2222 3121 2304 primis
3173 2223 3464 2288 notanda
3515 2224 3826 2306 temporis
3874 2224 4366 2290 circumstantia
4417 2233 4535 2290 est.
4595 2224 4774 2307 Neque

2889 2307 3063 2373 enim
3101 2310 3310 2391 primo
3349 2330 3600 2394 quoque
3637 2308 3743 2375 die
3778 2308 4095 2376 Israelitis
4130 2310 4465 2386 satisfecit,
4509 2314 4573 2375 et
4604 2319 4772 2373 tamen

2890 2394 3143 2458 nullum
3226 2397 3482 2461 interea
3545 2395 3765 2479 populi
3831 2415 4148 2474 murmur,
4226 2395 4448 2461 nullae
4529 2395 4776 2479 querelae

2890 2479 3171 2560 auditae,
3216 2482 3397 2564 quasi
3444 2481 3512 2546 in
3558 2480 3857 2546 fraudem
3894 2481 4184 2564 ipsorum
4221 2479 4495 2547 Samuel
4534 2500 4776 2565 procras-

2891 2565 3151 2633 tinaret.
3240 2566 3411 2631 Nam
3455 2568 3636 2633 elusa
3682 2566 3890 2632 videri
3936 2576 4194 2650 poterat
4237 2588 4278 2632 a
4321 2567 4631 2634 Samuele
4667 2586 4778 2649 spes

2889 2651 3077 2718 istius
3134 2653 3387 2736 populi:
3447 2673 3648 2737 quum
3707 2652 3985 2737 singulis
4030 2654 4292 2718 domum
4339 2652 4636 2732 dimissis,
4682 2671 4775 2715 non

2889 2747 3108 2803 tamen
3155 2738 3499 2821 postulatis
3541 2739 3830 2823 ipsorum
3875 2738 4297 2805 satisfaceret.
4351 2738 4778 2805 Verumtamen

2890 2844 3022 2887 non
3084 2823 3573 2897 dubitaverunt,
3635 2824 3794 2907 quin
3848 2845 4072 2908 regem
4116 2833 4287 2891 esset
4329 2824 4495 2908 ipsis
4538 2824 4777 2921 daturus,

2891 2910 3435 2991 quemadmodum
3483 2911 3665 2975 Deus
3722 2910 4038 2977 edixerat.
4127 2911 4233 2976 Ex
4292 2909 4530 2992 quibus
4572 2928 4778 2990 conspr·

2888 3015 3082 3061 cuum
3127 2996 3202 3060 fit
3246 2994 3599 3071 Israelitas,
3644 3015 3777 3060 non
3824 3017 3965 3061 sese
4007 2994 4088 3060 ad
4134 3007 4543 3062 momentum
4587 2993 4780 3062 Samu-

2887 3077 2971 3144 eli
3009 3080 3139 3145 levi
3177 3081 3459 3164 quodam
3496 3082 3745 3165 impetu
3781 3080 4148 3157 subiecisse,
4195 3083 4306 3165 qui
4342 3093 4585 3158 nmen,
4628 3085 4780 3164 prout

2887 3175 3078 3231 erant
3119 3169 3467 3248 temerarii,
3508 3168 3750 3232 multas
3785 3165 4197 3249 querelarum
4234 3169 4605 3234 occasiones
4635 3185 4784 3248 quae·

2887 3273 3031 3317 rere
3075 3264 3413 3335 poterant:
3455 3251 3569 3318 sed
3612 3254 3936 3336 patienter
3977 3263 4390 3335 exspectasse
4437 3254 4596 3319 dum
4636 3271 4781 3334 prae-

2886 3339 3201 3421 scriptum
3269 3359 3309 3403 a
3372 3338 3515 3404 Deo
3592 3349 3853 3421 tempus
3915 3349 4352 3423 opportunum
4432 3339 4781 3405 advenisset.

2887 3422 3020 3489 Sed
3083 3423 3468 3489 admiranda
3524 3423 3633 3490 hic
3693 3424 3955 3490 divinae
4011 3424 4469 3508 providentiae
4527 3424 4681 3490 ratio
4722 3422 4782 3484 ab

2886 3508 3226 3573 hominum
3288 3511 3776 3595 exspectatione
3839 3510 4296 3576 remotissima.
4382 3512 4557 3577 Nam
4612 3506 4782 3574 Kisch

2887 3604 3073 3678 pater
3117 3592 3339 3660 Saulis
3398 3606 3704 3661 narratur
3759 3596 3978 3662 asinas
4027 3617 4179 3662 suas
4228 3596 4563 3676 amisisse,
4619 3606 4680 3658 et
4723 3590 4781 3656 ad

2886 3700 2997 3745 eas
3041 3681 3447 3764 quaerendas
3492 3681 3758 3747 Saulem
3796 3682 4005 3747 filium
4043 3703 4192 3748 cum
4240 3681 4366 3748 alio
4401 3702 4595 3748 servo
4633 3677 4784 3744 dimi·
4901 3753 4902 3756 Ἴ

2884 3768 3063 3832 sisse.
3114 3765 3272 3833 Saul
3318 3789 3476 3833 vero
3520 3787 3670 3832 cum
3715 3787 3909 3833 servo
3945 3789 4076 3832 uno
4112 3767 4442 3847 dimissus,
4489 3778 4784 3851 postquam

2884 3852 3164 3917 multum
3222 3855 3291 3917 in
3347 3853 3476 3919 illis
3529 3854 3917 3936 quaerendis
3975 3864 4272 3932 errasset,
4339 3854 4609 3919 tandem
4668 3868 4786 3916 cum

2884 3957 3075 4002 servo
3140 3936 3457 4004 deliberat
3522 3940 3602 4004 de
3666 3951 3941 4022 paterna
4005 3937 4198 4004 domo
4262 3940 4634 4024 repetenda,
4682 3955 4786 4001 non

2884 4024 3174 4089 inventis
3218 4024 3543 4106 asinabus,
3587 4046 3669 4090 ne
3715 4026 3879 4090 forte
3923 4034 4109 4107 pater
4144 4035 4316 4090 esset
4359 4026 4444 4091 de
4481 4025 4610 4089 illis
4644 4019 4785 4087 solli·
4901 4075 4902 4086 ,

2884 4109 3071 4188 citus,
3132 4121 3247 4175 aut
3302 4111 3551 4175 sinistri
3611 4108 3854 4194 aliquid
3908 4111 4070 4196 ipsis
4127 4111 4478 4195 contigisse
4531 4119 4788 4204 metuens

2886 4194 3394 4261 exanimaretur.
3471 4199 3567 4262 Ac
3613 4194 3900 4273 Saulem,
3945 4218 4145 4262 suasu
4188 4199 4357 4262 servi
4405 4198 4513 4263 sui
4555 4194 4787 4290 coming·

2889 4282 3286 4347 Ramatham
3333 4281 3563 4348 urbem
3606 4283 3995 4366 ingressum,
4039 4283 4109 4346 in
4154 4302 4280 4365 qua
4325 4282 4598 4349 Samuel
4640 4279 4789 4345 habr-

2889 4366 3085 4442 tabat,
3132 4378 3324 4450 atque
3368 4367 3450 4432 ab
3495 4369 3632 4452 ipso
3675 4368 4100 4448 admonitum,
4145 4367 4458 4452 quidquid
4494 4367 4606 4433 ille
4639 4383 4789 4449 prae-

2888 4454 3132 4519 diceret
3167 4455 3433 4520 evenire
3468 4454 3767 4519 solitum:
3806 4474 3882 4519 ac
3918 4452 4189 4537 proinde
4228 4455 4445 4520 Deum
4484 4476 4604 4538 per
4635 4450 4789 4516 illum

2889 4539 3046 4622 ipsis
3083 4538 3560 4606 declaraturum
3598 4541 3754 4623 quid
3792 4539 4100 4606 asinabus
4123 4540 4364 4605 factum
4389 4551 4587 4606 esset.
4632 4531 4786 4617 Quod

2887 4625 3226 4691 consilium
3273 4627 3434 4692 Saul
3484 4626 3910 4710 approbatum
3955 4626 4135 4710 sequi
4180 4625 4439 4709 quidem
4480 4623 4788 4691 deliberat:

2887 4711 3001 4777 sed
3081 4711 3253 4794 quod
3318 4712 3573 4778 nullum
3639 4732 3948 4797 praesens
4012 4733 4250 4777 munus
4316 4712 4577 4789 habeat,
4655 4702 4790 4791 quod

2888 4799 3118 4863 offerat
3161 4800 3537 4881 prophetae,
3581 4796 4059 4882 cogitabundus
4103 4818 4318 4863 moras
4359 4798 4588 4863 nectit.
4649 4794 4788 4894 Tum

2888 4905 3041 4948 vero
3084 4903 3290 4967 quum
3328 4905 3556 4950 servus
3591 4906 3661 4949 se
3706 4883 4134 4968 quadrantem
4171 4883 4311 4950 sicli
4348 4883 4595 4948 habere
4628 4880 4788 4944 dms·

2887 4982 3003 5046 set,
3050 4971 3275 5035 urbem
3319 4970 3773 5053 ingrediuntur
3818 4970 4192 5036 Samuelem
4229 4969 4601 5052 quaesituri.
4645 4965 4788 5029 Con·

2888 5066 2987 5120 tra
3023 5077 3180 5122 vero
3218 5056 3540 5121 Dominus
3577 5053 3813 5121 dicitur
3855 5057 3925 5122 in
3962 5077 4186 5122 aurem
4226 5056 4553 5121 revelasse
4595 5051 4790 5145 Samu-

2886 5143 2990 5220 eli,
3050 5142 3113 5208 id
3162 5150 3263 5208 est
3307 5162 3421 5224 per
3465 5161 3769 5207 arcanam
3815 5142 4274 5207 revelationem
4319 5141 4657 5214 indicasse,
4707 5133 4790 5196 dle

2884 5249 3017 5294 uno
3053 5240 3400 5311 antequam
3429 5226 3595 5292 Saul
3629 5225 3989 5306 adveniret,
4026 5249 4101 5294 eo
4136 5227 4242 5294 die
4276 5239 4343 5294 et
4377 5248 4453 5293 eo
4489 5231 4788 5293 momento
