5059 6059
303 326 430 392 417

304 516 386 586 de
453 539 646 585 servo
711 517 798 584 sit
871 517 1324 603 dispositurus.
1435 520 1624 588 Licet
1687 520 1897 606 igitur
1956 521 2260 587 sensibus

305 605 601 672 externis
627 604 945 670 rationem
974 626 1105 670 non
1145 605 1464 689 percipiat
1507 606 1945 674 liberationis:
1991 608 2261 672 firmum

305 700 526 757 tamen
573 692 699 757 hoc
742 691 982 756 retinet
1024 690 1523 757 fundamentum
1551 694 1764 758 Deum
1809 714 1926 760 suo
1970 705 2262 778 tempore

307 798 584 843 manum
628 797 818 842 suam
874 788 1327 857 exsarturum,
1388 779 1575 844 cuius
1636 779 2048 862 providentia
2100 780 2263 844 haec

307 863 530 929 omnia
576 862 1154 928 administrantur:
1216 885 1291 930 ac
1335 863 1486 930 licet
1532 865 1776 930 multae
1821 865 2261 931 revolutiones

309 961 374 1015 et
418 959 840 1031 tempestates
885 950 1014 1014 Dei
1058 950 1390 1017 decretum
1434 952 1750 1017 remorari
1789 951 2156 1027 videantur,
2193 961 2261 1016 et

311 1044 496 1101 tanta
538 1055 760 1099 rerum
805 1036 1099 1100 omnium
1145 1056 1289 1101 esse
1311 1037 1603 1102 confusio
1646 1047 1721 1102 ut
1742 1037 2001 1103 coelum
2049 1050 2261 1102 terrae

311 1120 574 1187 misceri
599 1119 951 1200 videretur,
997 1132 1214 1186 tamen
1237 1120 1459 1187 David
1495 1123 1616 1189 hoo
1653 1123 1972 1206 principio
2008 1143 2262 1206 semper

310 1208 548 1273 nititur
603 1206 817 1273 Deum
869 1206 1188 1287 facturum
1241 1219 1309 1272 et
1376 1229 1507 1274 non
1566 1217 1821 1274 tantum
1876 1210 1948 1274 in
2020 1227 2261 1293 genere

310 1293 468 1360 dicit
520 1292 846 1375 facturum
901 1291 1018 1358 sed
1073 1293 1460 1359 nominatim
1520 1294 1738 1378 inquit
1789 1294 1865 1361 de
1904 1314 2020 1371 me,
2073 1294 2260 1378 quasi

311 1379 633 1445 fateretur
675 1400 746 1444 se
790 1377 1055 1461 quidem
1103 1379 1415 1445 miserum
1462 1389 1531 1445 et
1571 1380 1896 1447 abiectum
1930 1381 2002 1445 in
2043 1379 2260 1464 speeie

310 1465 542 1540 videri,
608 1464 725 1530 sed
793 1484 926 1528 non
992 1464 1292 1530 dubitare
1370 1478 1592 1531 tamen
1673 1467 1828 1550 quin
1897 1468 2079 1532 Deus
2155 1465 2261 1531 sui

311 1552 732 1618 misereatur:
793 1558 861 1614 et
916 1550 1442 1634 quandoquidem
1511 1573 1645 1617 non
1710 1562 1970 1618 tantum
2028 1552 2118 1618 sit
2176 1551 2259 1618 ab

308 1638 455 1721 ipso
500 1645 762 1703 creatus
806 1635 921 1701 sed
962 1637 1157 1701 etiam
1206 1660 1327 1703 rex
1382 1638 1606 1720 populi
1664 1637 2063 1722 designatus,
2125 1658 2259 1703 non

308 1724 448 1790 fore
515 1722 642 1787 Dei
704 1721 986 1788 verbum
1051 1721 1249 1788 inane
1314 1745 1524 1806 neque
1603 1724 1909 1790 mendax.
2010 1725 2120 1790 En
2188 1733 2262 1788 ut

311 1807 532 1874 David
573 1828 707 1873 non
752 1819 1012 1873 tantum
1057 1808 1291 1874 nititur
1345 1808 1637 1894 generali
1696 1809 1812 1875 illa
1859 1809 1983 1875 Dei
2042 1809 2258 1893 provi-

312 1893 552 1972 dentia,
597 1892 714 1960 sed
756 1893 1087 1978 singulari
1128 1894 1336 1978 ipsius
1380 1895 1835 1978 promissione,
1895 1916 2091 1979 quam
2134 1894 2260 1961 sibi

311 1981 409 2047 sic
451 1979 741 2063 applicat
785 1988 858 2043 ut
899 2000 1035 2044 non
1080 1979 1340 2046 dubitet
1381 1982 1544 2063 quin
1588 1982 1690 2048 sui
1722 1981 1909 2048 Deus
1951 1982 2262 2047 miserea-

306 2077 419 2133 tur
457 2078 524 2132 et
565 2065 736 2149 quod
761 2065 1148 2148 promiserat
1190 2088 1312 2132 suo
1336 2077 1627 2151 tempore
1661 2068 1929 2134 tandem
1973 2067 2261 2151 impleat.

479 2151 798 2234 Sequitur
855 2150 1163 2235 deinceps
1213 2152 1590 2236 prophetam
1651 2152 1822 2219 Goth
1876 2153 2121 2219 venisse
2176 2153 2264 2219 ad

310 2237 647 2320 Davidem,
693 2242 750 2302 et
793 2237 1196 2305 admonuisse
1236 2259 1313 2304 ne
1353 2244 1631 2305 maneret
1665 2239 1735 2304 in
1758 2239 2109 2321 praesidia
2153 2238 2264 2305 sed

305 2323 804 2407 proficisceretur
887 2325 959 2389 in
1037 2330 1272 2391 terram
1350 2325 1540 2393 Iuda.
1630 2326 1738 2390 En
1851 2325 2259 2392 ravissimam

310 2410 509 2477 aliam
570 2408 848 2475 Davidis
905 2410 1360 2476 tentationem:
1422 2432 1574 2477 nam
1633 2410 1759 2477 etsi
1871 2431 1989 2477 eus
2032 2412 2259 2497 singu·

308 2496 512 2562 larem
568 2495 650 2561 de
706 2496 848 2579 ipso
906 2516 1134 2562 curam
1180 2496 1420 2563 habere
1463 2518 1534 2562 se
1577 2505 1876 2578 testatur,
1929 2497 2129 2564 misso
2174 2497 2258 2563 ad

305 2583 522 2664 ipsum
587 2580 925 2665 propheta,
991 2583 1105 2665 qui
1163 2581 1328 2650 haec
1384 2583 1697 2649 mandata
1756 2582 1839 2648 ad
1882 2583 2099 2667 ipsum
2145 2582 2257 2649 de-

305 2669 540 2735 ferret:
598 2688 724 2751 quo
784 2667 1025 2734 nuncio
1081 2667 1306 2735 David
1363 2670 1598 2736 certior
1640 2670 1852 2735 factus
1895 2677 1995 2735 est
2036 2668 2257 2735 Deum

305 2775 443 2820 non
486 2773 630 2819 esse
672 2753 775 2819 sui
810 2753 1087 2820 oblitum
1120 2752 1364 2840 (neque
1399 2757 1574 2821 enim
1612 2754 1832 2821 David
1867 2755 2254 2838 prophetam

307 2838 492 2906 Gath
518 2839 663 2904 sine
705 2838 894 2905 iussu
921 2840 1186 2906 Domini
1230 2862 1301 2907 se
1345 2840 1428 2906 ad
1474 2843 1596 2907 hoc
1638 2841 1992 2925 ingessisse
2030 2842 2251 2907 existi-

308 2925 520 2993 mavit
539 2976 556 3006 ,
614 2925 728 2991 sed
796 2946 945 2990 eum
1012 2938 1087 2993 ut
1151 2947 1380 2994 verum
1439 2928 1571 2994 Dei
1623 2947 1891 2995 servum
1959 2927 2250 3012 agnovit,

302 3012 574 3095 eiusque
621 3010 838 3077 verbis
883 3010 1080 3077 fidem
1114 3012 1449 3079 adhibuit:
1497 3021 1566 3079 et
1602 3023 1676 3079 ut
1711 3010 2080 3080 videbimus
2116 3021 2251 3079 sta-

302 3100 429 3163 tim
483 3096 1007 3181 obtemperavit)‚
1081 3098 1513 3166 nihilominus
1555 3108 1779 3166 tamen
1820 3098 2082 3165 difficile
2126 3099 2252 3165 fuit

300 3182 549 3250 Davidi
608 3203 692 3248 ex
749 3181 866 3249 illa
907 3184 1220 3267 spelunca
1262 3184 1346 3249 ad
1391 3184 1660 3251 Domini
1702 3186 2091 3251 mandatum
2135 3204 2250 3251 ex-

298 3267 532 3337 cedere
590 3277 657 3334 et
708 3268 1026 3334 Iudaeam
1074 3272 1319 3337 venire.
1407 3270 1578 3337 Nam
1622 3292 1825 3355 quum
1868 3271 2092 3337 David
2138 3292 2248 3354 pe·

298 3365 498 3439 petuo
558 3354 925 3441 agitaretur
983 3357 1182 3422 variis
1227 3356 1590 3437 timoribus,
1645 3367 1712 3423 et
1753 3360 1827 3422 in
1870 3357 2249 3440 speluncam

296 3453 612 3525 tanquam
655 3440 868 3507 solum
914 3442 1288 3527 perfugium
1333 3444 1732 3528 confugisset
1775 3442 1959 3509 velut
2002 3443 2083 3510 ab
2128 3441 2249 3507 ho-

295 3527 557 3593 minum
598 3528 924 3593 consortio
968 3529 1298 3607 exsulans,
1358 3530 1413 3594 si
1465 3528 1653 3596 Deus
1710 3551 1976 3596 servare
2029 3529 2247 3614 ipsum

297 3612 580 3689 volebat,
626 3632 746 3678 cur
786 3613 1099 3696 spelunca
1140 3613 1292 3682 illa.
1499 3616 1521 3680 i
1563 3613 1849 3701 iubebat,
1894 3637 2024 3682 non
2064 3636 2248 3681 mon·

292 3707 505 3765 strata
585 3709 829 3765 'tamen
938 3699 1260 3767 evadendi
1351 3722 1434 3766 ex
1528 3701 1832 3785 periculis
1946 3699 2243 3768 ratione?

292 3784 544 3869 Egredi
586 3783 778 3850 illum
820 3783 998 3852 iubet
1041 3809 1127 3852 ex
1170 3786 1500 3870 spelunca,
1546 3787 1661 3853 sed
1705 3809 1793 3853 an
1836 3787 2052 3872 aliquo
2075 3797 2245 3854 tutat

295 3869 636 3937 exercitu?
717 3892 802 3936 an
870 3870 1193 3956 aliquibus
1261 3873 1605 3957 praesidiis
1667 3872 1855 3939 illum
1920 3872 2240 3939 instruit?

290 3957 568 4022 minime
611 3957 945 4040 gentium:
1003 3958 1117 4024 sed
1162 3958 1663 4044 quadringentis
1706 3959 1834 4024 illis
1882 3958 1961 4026 de
2005 3957 2243 4044 quibus

295 4042 555 4127 egimus
608 4040 923 4126 stipatum
968 4045 1148 4112 iubet
1189 4045 1259 4110 in
1303 4043 1616 4111 Iudaeam
1660 4046 2000 4130 proficisci.
2089 4044 2242 4126 Quo

291 4148 501 4211 quum
558 4130 882 4208 venirent,
949 4131 1133 4196 velut
1191 4131 1261 4196 in
1319 4131 1590 4197 leonum
1646 4133 1866 4199 fauces
1926 4130 2243 4215 pauculae

291 4234 453 4280 oves
508 4213 900 4282 inciderunt.
991 4216 1164 4283 Nam
1204 4217 1363 4300 quid
1405 4218 1519 4283 ille
1562 4239 1713 4284 cum
1756 4219 1996 4303 exigua
2039 4239 2243 4284 manu

288 4307 360 4366 et
426 4298 679 4366 imbelli
733 4309 992 4385 poterat
1046 4300 1360 4369 adversus
1418 4303 1641 4370 Saulis
1687 4308 2060 4387 potentiam,
2130 4304 2242 4387 qui

288 4388 364 4450 in
409 4386 678 4470 regione
722 4387 1198 4468 dominabatur,
1243 4403 1310 4454 et
1354 4400 1487 4454 tam
1532 4390 1601 4455 in
1643 4389 1891 4457 Iudaea
1934 4411 2128 4473 quam
2171 4389 2242 4455 in

287 4472 529 4555 quavis
586 4471 716 4538 alia
773 4485 961 4558 parte
995 4472 1292 4559 'regionis
1336 4476 1704 4560 opprimere
1749 4476 1886 4541 solo
1931 4474 2240 4541 mandato

285 4558 516 4642 ipsum
562 4559 862 4642 poterat?
952 4561 1173 4626 David
1219 4561 1484 4645 quidem
1521 4581 1679 4627 sane
1716 4561 2063 4628 videbatur
2098 4582 2242 4646 gra·-

284 4646 457 4710 tiam
524 4644 812 4726 aliquam
876 4647 947 4709 in
1014 4646 1261 4713 Iudaea
1324 4648 1394 4712 in
1456 4668 1582 4731 qua
1640 4659 1838 4714 natus
1882 4657 2022 4714 erat
2066 4648 2241 4731 apud

282 4729 539 4796 multos
582 4730 750 4797 inire
794 4753 1016 4815 posse:
1084 4755 1315 4799 verum
1358 4744 1864 4818 conquerentem
1900 4734 2088 4800 illum
2122 4755 2238 4799 au-

282 4815 512 4881 dimus
554 4816 682 4882 alio
725 4817 884 4899 loco,
935 4840 1008 4885 se
1051 4818 1133 4883 ab
1175 4820 1481 4885 omnibus
1528 4819 1929 4896 derelictum,
1987 4832 2054 4886 et
2097 4820 2239 4904 qui-

280 4901 444 4968 dem
469 4922 510 4966 a
552 4904 871 4984 proximis
913 4925 952 4968 a
991 4904 1227 4988 quibus
1263 4905 1585 4971 auxilium
1623 4908 2059 4990 exspectabat,
2097 4908 2239 4973 sive

278 4987 683 5055 crudelitate
750 5003 815 5054 et
868 4990 1346 5057 inhumanitate
1403 4993 1485 5057 ab
1545 4994 1684 5059 eius
1741 4994 1985 5059 auxilio
2030 4995 2239 5060 deter-

275 5074 406 5139 riti
466 5074 619 5140 sint.
709 5075 892 5142 Deus
957 5077 1176 5159 itaque
1234 5076 1581 5144 videbatur
1623 5079 1954 5146 Davidem
1998 5101 2083 5145 ex
2125 5080 2242 5146 illa

274 5159 610 5243 spelunca
651 5161 957 5240 educens,
1001 5166 1068 5227 in
1115 5184 1245 5246 qua
1288 5164 1491 5230 veluti
1533 5166 1829 5249 sepultus
1867 5166 2127 5246 latebat,
2176 5177 2240 5233 et

273 5249 356 5312 in
410 5257 711 5329 apertum
757 5246 1013 5331 prodire
1057 5248 1289 5316 iubens
1335 5260 1404 5315 ut
1450 5252 1624 5318 vitae
1668 5253 1981 5333 consulat,
2039 5254 2240 5320 furori

508 5349 729 5406 Gabini
752 5365 935 5420 opera.
985 5353 1110 5409 Vol.
1132 5352 1329 5414 XXX.

1598 331 1697 396 IN
1744 330 1796 397 1.
1845 330 2024 396 LIB.
2069 328 2473 400 SAMUEL.
2519 333 2719 400 CAP.
2763 333 2997 402 XXII.

4184 335 4314 403 418

2363 531 2433 589 et
2496 522 2875 590 crudelitati
2930 521 3155 590 Saulis
3210 521 3611 608 exposuisse.
3701 522 3891 604 Quae
3948 544 4107 591 sane
4163 545 4314 608 gra-

2364 608 2636 676 vissima
2668 611 2792 692 ipsi
2829 608 2954 674 fuit
2990 608 3286 674 tentatio.
3354 609 3837 674 Verumtamen
3873 630 4004 675 non
4042 607 4315 677 dubium

2362 703 2463 761 est
2526 696 2684 778 quin
2732 693 2955 761 David
2996 714 3306 780 magnam
3351 693 3858 761 consolationem
3902 717 3988 760 ex
4033 695 4314 778 prophe-

2363 790 2470 845 tae
2525 782 2745 847 verbis
2790 780 3128 864 acceperit,
3188 791 3255 846 et
3298 800 3693 865 magnopere
3736 781 3823 847 sit
3866 783 4313 861 confirmatus,

2363 866 2516 933 licet
2560 867 2753 934 novis
2797 867 3106 951 periculis
3148 876 3610 949 exponeretur.

2534 954 2645 1019 Ex
2708 953 2831 1019 hoc
2892 952 3095 1037 igitur
3152 952 3295 1018 loco
3358 951 3727 1020 doctrinam
3784 951 4202 1020 utilissimam
4246 961 4314 1021 et

2363 1037 2555 1106 valde
2594 1039 3032 1105 necessariam
3075 1037 3478 1123 colligamus,
3525 1047 3595 1104 et
3636 1038 3704 1102 in
3740 1038 3970 1120 primis
4003 1041 4310 1107 observe-

2362 1146 2513 1189 mus
2572 1126 2788 1191 Deum
2847 1145 2966 1189 nos
3023 1124 3224 1189 verbo
3269 1143 3389 1189 suo
3436 1123 3759 1189 solantem
3803 1143 3939 1188 non
3982 1146 4115 1191 uno
4170 1145 4312 1193 mo-

2363 1223 2588 1275 mento
2654 1231 2775 1277 nos
2837 1208 3141 1276 omnibus
3205 1208 3539 1275 doloribus
3604 1218 3672 1274 et
3737 1209 4009 1276 tristitia
4063 1210 4313 1294 levare,

2363 1317 2576 1379 neque
2622 1317 2737 1363 nos
2779 1295 2948 1363 velle
2993 1304 3127 1361 tam
3173 1294 3483 1362 delicatos
3519 1315 3662 1361 esse
3697 1305 3774 1360 ut
3806 1295 3996 1360 nulla
4029 1297 4314 1382 amplius

2362 1382 2790 1461 solicitudine,
2848 1380 3033 1447 nulla
3076 1380 3364 1461 tristitia,
3410 1380 3594 1445 nullo
3639 1390 3821 1447 metu
3864 1402 4308 1464 exerceamur,

2362 1467 2478 1534 sed
2538 1467 2685 1534 ideo
2743 1465 2944 1534 solari
3003 1467 3204 1534 verbo
3248 1487 3388 1546 suo,
3451 1475 3525 1531 ut
3566 1475 3819 1533 certum
3863 1469 4313 1536 testimonium

2362 1553 2721 1620 habeamus
2779 1555 2997 1638 ipsum
3056 1573 3198 1619 esse
3256 1553 3443 1619 nobis
3500 1562 3775 1634 patrem,
3832 1562 3901 1619 et
3942 1552 4315 1623 laborantes

2361 1640 2568 1706 oculis
2610 1640 2747 1706 suis
2792 1639 3135 1723 respicere.
3226 1638 3414 1720 Quae
3458 1637 3759 1704 doctrina
3798 1639 3856 1703 si
3893 1639 4135 1706 nostris
4171 1641 4313 1706 ani·

2361 1726 2487 1791 mis
2544 1725 2934 1804 adhaeserit,
2991 1724 3322 1791 sufficeret
3380 1722 3466 1790 ad
3525 1744 3754 1790 omnes
3810 1744 3998 1790 casus
4057 1726 4317 1793 fortiter

2362 1809 2685 1878 ferendos.
2777 1809 2900 1878 Sin
2944 1830 3101 1878 vero
3145 1831 3282 1874 non
3324 1809 3612 1877 sufficiat
3648 1809 4166 1882 inexcusabilem
4209 1813 4314 1878 in-

2485 1897 2833 1962 titudinem
2921 1907 3216 1968 nostram
3301 1895 3743 1962 ostendemus.
3867 1895 4315 1977 Quamobrem

2407 1984 2693 2050 iscamus
2762 1981 2893 2049 tale
2951 1981 3258 2048 solatium
3310 1981 3555 2048 nostris
3613 1980 3946 2047 doloribus
4000 2003 4314 2066 quaerere

2362 2079 2429 2135 et
2461 2069 2535 2133 in
2570 2089 2828 2136 summa
2862 2067 3132 2134 tristitia
3166 2067 3421 2149 laetari,
3467 2076 3542 2132 ut
3580 2088 3715 2132 non
3749 2075 4137 2151 appetamus
4176 2079 4311 2135 ter-

2363 2176 2595 2221 renam
2654 2155 2941 2238 aliquam
2998 2153 3490 2230 beatitudinem,
3549 2153 3620 2218 in
3677 2172 3808 2237 qua
3862 2154 4047 2221 nobis
4090 2155 4314 2222 omnia
4359 2174 4377 2192 ·

2363 2241 2639 2320 rideant,
2704 2241 2820 2306 sed
2885 2239 3177 2305 contenti
3231 2238 3440 2305 simus
3493 2238 3622 2306 Dei
3673 2237 3896 2320 verbo,
3972 2239 4144 2323 quod
4188 2263 4311 2310 nos

2361 2325 2545 2392 iubet
2578 2345 2862 2411 sperare,
2902 2327 3117 2392 Deum
3144 2326 3524 2392 invocantes
3547 2345 3880 2408 nunquam
3905 2324 4313 2409 deserendos,

2361 2413 2494 2479 Dei
2536 2412 2796 2479 oculum
2841 2432 3041 2496 super
3082 2410 3291 2477 iustos
3334 2430 3497 2477 esse.
3586 2410 3811 2492 Quare
3856 2432 4312 2495 quamcunque

2365 2498 2805 2565 conditionem
2868 2499 3050 2563 Deus
3108 2496 3380 2576 dederit,
3439 2517 3519 2562 ea
3558 2495 3850 2563 contenti
3893 2498 4120 2563 simus.
4209 2500 4312 2568 Ao

2360 2605 2519 2651 sane
2583 2584 2754 2669 quod
2820 2583 2892 2648 in
2957 2582 3162 2650 sacris
3227 2582 3552 2666 audimus,
3617 2603 3738 2649 nos
3794 2582 3863 2647 in
3923 2581 4053 2648 Dei
4097 2586 4313 2668 gratia

2359 2670 2602 2737 habere
2658 2668 2972 2754 quidquid
3028 2668 3248 2752 expeti
3304 2677 3536 2752 potest,
3597 2667 3963 2735 doctrinam
4019 2670 4311 2737 continet
4399 2752 4403 2756 .

2359 2777 2560 2841 quam
2602 2776 2723 2841 per
2764 2776 3028 2821 omnem
3074 2753 3282 2820 vitam
3326 2753 3631 2820 meditari
3674 2773 3797 2821 nos
3836 2763 4097 2840 oportet
4134 2766 4204 2821 et
4237 2758 4309 2823 in

2360 2863 2555 2909 usum
2621 2861 2947 2909 revocare.
3034 2840 3096 2905 N
3101 2859 3213 2906 am
3254 2860 3333 2905 ea
3372 2847 3475 2906 est
3518 2839 3865 2905 hominum
3908 2841 4309 2923 perversitas

2357 2937 2427 2995 et
2469 2928 2721 2994 malitia
2765 2936 2838 2993 ut
2880 2927 3090 2992 vitam
3136 2924 3560 3009 tranquillam
3595 2933 3662 2990 et
3693 2926 4002 3008 quietam,
4044 2926 4306 3010 laboris,

2356 3035 2841 3094 aerumnarum,
2901 3013 3298 3092 morborum,
3356 3019 3597 3091 aestus,
3655 3011 3920 3094 frigoris
3963 3021 4306 3095 expertem

2355 3108 2423 3165 et
2465 3100 2848 3180 immunem,
2892 3106 3225 3182 expetant,
3271 3105 3337 3163 et
3378 3097 3506 3181 ipsi
3542 3097 3685 3162 Deo
3720 3097 3934 3181 legem
3966 3097 4305 3181 Mponere

2353 3187 2641 3270 cupiant.
2724 3185 2931 3270 Atqui
2965 3205 3087 3251 nos
3121 3184 3307 3250 Deus
3346 3181 3492 3251 vult
3528 3189 3698 3248 totos
3733 3203 3774 3247 a
3805 3204 3929 3249 sua
3965 3183 4304 3252 voluntate

2353 3272 2669 3355 pendere:
2733 3281 2803 3337 et
2866 3271 2959 3338 sic
3026 3270 3197 3337 affici
3264 3279 3336 3335 ut
3400 3270 3473 3333 in
3537 3266 3770 3334 mediis
3837 3267 4303 3339 afflictionibus

2350 3358 2642 3443 gaudere
2709 3378 2846 3423 non
2912 3354 3308 3423 desinamus.
3395 3352 3551 3419 Alia
3607 3361 3949 3437 praeterea
4004 3354 4303 3425 doctrina

2350 3466 2435 3510 ex
2499 3443 2623 3511 hoo
2688 3444 2827 3511 loco
2896 3440 3206 3521 eruenda,
3270 3440 3491 3507 Deum
3556 3437 4014 3523 providentem
4056 3444 4303 3512 nostris

2350 3529 2865 3610 necessitatibus,
2923 3528 3077 3595 licet
3136 3526 3464 3593 rationem
3509 3535 3822 3610 sequatur
3866 3526 4108 3593 nostris
4150 3551 4301 3597 sen-

2347 3616 2527 3682 sibus
2572 3616 2845 3682 minime
2887 3614 3423 3689 convenientem,
3470 3611 3636 3678 velle
3674 3621 3896 3678 tamen
3931 3620 4001 3678 et
4034 3634 4301 3697 poscere

2348 3723 2388 3768 a
2430 3700 2618 3769 nobis
2662 3709 2738 3784 ut
2780 3702 2924 3767 eius
2969 3701 3164 3766 unius
3210 3697 3542 3766 voluntati
3576 3698 4081 3781 acquiescamus,
4141 3702 4299 3785 quid

2348 3788 2539 3855 nobis
2572 3787 2900 3873 expediat,
2938 3786 3158 3854 novit:
3194 3805 3269 3851 ac
3301 3782 3574 3868 proinde
3608 3782 4027 3854 cohibeamus
4054 3787 4295 3871 oculos,

2347 3895 2429 3940 ne
2485 3874 2558 3939 in
2603 3895 2681 3939 ea
2723 3893 2889 3957 quae
2930 3893 3067 3938 non
3111 3878 3368 3955 oportet
3406 3870 3823 3951 intueamur,
3881 3871 3997 3937 sed
4041 3873 4296 3957 placide

2346 3981 2466 4027 nos
2509 3960 2655 4026 Deo
2697 3957 3020 4045 regendos
3062 3958 3540 4043 permittamus.
3628 3955 4082 4025 Confirmatur
4133 3959 4295 4028 haec

2346 4044 2647 4113 doctrina
2688 4044 2972 4111 Davidis
3017 4042 3336 4126 exemplo,
3396 4042 3585 4109 cuius
3629 4041 4001 4109 obedientia
4044 4059 4144 4110 est
4187 4047 4291 4111 in·

2344 4132 2570 4216 signis.
2659 4132 2834 4197 Nam
2877 4130 3115 4214 alioqui
3160 4127 3558 4212 blasphemis
3604 4129 3868 4197 vocibus
3913 4128 4130 4196 Deum
4198 4132 4292 4197 of·

2344 4216 2675 4302 fendisset,
2719 4219 2776 4283 si
2822 4217 3136 4282 adversus
3182 4215 3571 4299 prophetam
3616 4214 3879 4299 obloqui
3918 4222 3987 4280 et
4019 4227 4288 4283 conten-

2345 4302 2499 4370 dere
2545 4304 2882 4388 voluisset‚
2932 4302 3102 4386 quod
3144 4301 3243 4366 illi
3289 4312 3506 4366 tamen
3552 4322 3785 4367 sensus
3830 4299 3994 4365 ratio
4040 4300 4286 4370 dictare

2344 4397 2619 4472 poterat.
2682 4389 2855 4455 Nam
2886 4389 3284 4471 excepisset:
3334 4386 3684 4468 Quomodo
3727 4406 3833 4451 me
3877 4385 4060 4453 Deus
4105 4389 4288 4457 iubet

2342 4475 2728 4558 speluncam
2771 4476 2966 4540 istam
3012 4473 3255 4559 egredi,
3300 4474 3371 4538 in
3415 4493 3543 4555 quo
3586 4472 3738 4537 licet
3781 4471 4068 4542 occultus
4104 4487 4169 4539 et
4203 4475 4284 4542 ab

2343 4562 2685 4628 hominum
2764 4560 3093 4628 consortio
3173 4559 3376 4627 veluti
3458 4559 3759 4625 revulsus
3822 4578 3955 4623 non
4022 4580 4283 4642 possum

2341 4656 2561 4713 tamen
2606 4646 2829 4714 Saulis
2872 4668 3029 4732 erga
3073 4666 3180 4712 me
3224 4645 3508 4712 furorem
3555 4653 3621 4708 et
3660 4643 4109 4709 crudelitatem
4147 4647 4283 4730 pla·

2339 4734 2532 4799 care?
2624 4731 2801 4814 Quid
2867 4754 3022 4818 ergo
3087 4753 3192 4797 me
3260 4732 3495 4797 misero
3551 4730 3842 4794 futurum
3902 4731 3955 4794 si
4014 4730 4166 4798 hinc
4210 4732 4283 4799 in

2339 4820 2647 4886 Iudaeam
2704 4819 3081 4902 proficiscar
3141 4818 3265 4883 nisi
3321 4814 3494 4898 quod
3554 4815 3761 4898 magis
3805 4836 3881 4880 ac
3925 4817 4134 4900 magis
4177 4819 4281 4884 fu·

2339 4926 2556 4971 rorem
2615 4905 2822 4990 ipsius
2864 4913 3093 4971 contra
3134 4925 3241 4968 me
3284 4900 3718 4979 inflammabo,
3777 4902 3960 4966 ouius
4004 4923 4282 4987 regnum

2339 4991 2654 5058 invadere
2736 4991 2903 5056 velle
2972 4987 3284 5056 videbor?
3377 4987 3525 5051 Non
3591 4985 3768 5052 istud
3832 5008 3952 5072 ego
4017 5008 4280 5071 quaero,

2339 5089 2601 5162 tempus
2657 5077 2984 5161 patienter
3037 5087 3342 5157 exspecto
3399 5093 3525 5155 quo
3585 5093 3689 5138 me
3747 5072 3933 5138 Deus
3975 5072 4046 5138 in
4090 5079 4281 5161 regni

2341 5164 2815 5247 possessionem
2861 5163 3100 5238 mittat,
3145 5161 3274 5224 imo
3321 5168 3585 5243 paratus
3627 5179 3775 5223 sum
3818 5157 3960 5225 iure
3994 5181 4140 5227 meo
4174 5184 4281 5230 ce-

2342 5249 2515 5328 dere,
2579 5250 2660 5315 ad
2720 5249 2941 5314 ovium
3000 5267 3239 5332 pascua
3298 5244 3529 5310 redire.
3618 5244 3767 5309 Non
3828 5243 4031 5313 ducor
4074 5247 4284 5314 hono-
