5059 6059
853 338 981 405 183

861 528 1128 615 quidem
1161 529 1595 612 inauguratus
1621 526 1839 593 David
1865 548 1903 591 a
1926 527 2257 608 Samuele,
2295 537 2570 595 venerat
2603 528 2800 595 etiam

863 618 935 682 in
982 615 1196 681 aulam
1240 615 1507 699 regiam,
1562 612 1674 680 sed
1721 614 1801 679 ad
1861 613 2038 697 quid,
2092 614 2401 682 obsecro?
2463 623 2539 679 nt
2593 614 2800 680 citha·

857 701 1086 768 ristam
1147 712 1318 783 agat.
1410 699 1577 780 Quis
1639 720 1797 783 ergo
1838 722 1969 765 non
2016 700 2276 776 dixerit,
2332 701 2798 767 alienissimum

856 787 939 852 ab
983 787 1098 852 illa
1139 785 1458 870 dignitate
1481 784 1828 863 Davidem,
1877 796 1944 851 et
1977 786 2229 851 nullam
2266 807 2581 871 apparere
2617 807 2798 870 spem

856 882 973 939 aut
1073 873 1397 937 rationem
1499 871 1868 954 implendae
1956 871 2216 938 divinae
2298 870 2796 957 promissionis?

855 958 1109 1023 Verum
1174 958 1357 1024 Deus
1407 957 1502 1021 ita
1556 957 1880 1022 Davidem
1929 978 2046 1040 per
2115 958 2410 1041 obliquas
2480 958 2620 1024 vias
2688 956 2796 1022 de·

855 1043 1068 1122 duxit,
1128 1052 1208 1108 ut
1264 1053 1483 1108 tamen
1542 1064 1732 1108 suum
1778 1063 1940 1126 opus
1984 1044 2343 1127 perfecerit.
2434 1043 2796 1110 Consilium

856 1130 1080 1213 itaque
1126 1130 1395 1195 Domini
1453 1129 1578 1194 fuit
1622 1151 1737 1212 per
1780 1129 1924 1194 illas
1968 1130 2271 1213 ambages
2321 1129 2639 1195 Davidem
2688 1130 2796 1194 de-

860 1214 1130 1295 ducere,
1197 1227 1264 1280 et
1331 1214 1411 1279 ad
1477 1218 1863 1296 promissam
1922 1217 2170 1299 regiam
2232 1215 2620 1298 dignitatem
2679 1235 2798 1279 suo

862 1311 1154 1384 tempore
1212 1320 1609 1384 promovere.
1714 1300 1904 1367 Hauc
1964 1301 2045 1366 ob
2104 1320 2366 1367 causam
2431 1302 2447 1364 i
2499 1302 2641 1366 sius
2708 1302 2795 1364 ci·

860 1387 1094 1453 tharae
1155 1387 1286 1451 vim
1348 1386 1673 1469 quandam
1731 1384 1989 1460 indidit,
2043 1397 2120 1451 ut
2176 1408 2260 1452 ex
2319 1407 2393 1451 ea
2493 1387 2603 1452 aul
2650 1386 2795 1451 refi-

860 1484 1134 1548 ceretur,
1173 1473 1587 1554 solamenque
1623 1472 1778 1536 mali
1815 1473 2146 1556 reciperet,
2183 1484 2251 1537 et
2284 1473 2553 1555 spiritus
2586 1472 2799 1537 malus

861 1580 1012 1624 eum
1070 1558 1369 1641 affligens
1427 1558 1688 1622 sedatus
1744 1558 1845 1622 sit.
1935 1561 2156 1641 Atque
2211 1559 2338 1623 ista
2383 1559 2571 1623 nobis
2614 1557 2794 1623 suffi-

859 1644 1099 1722 ciunto,
1160 1659 1235 1707 ut
1289 1644 1577 1708 curiosas
1634 1643 1873 1708 multas
1931 1645 2339 1726 quaestiones
2395 1644 2629 1709 missas
2691 1643 2796 1707 hic

861 1729 1211 1809 faciamus,
1269 1730 1336 1793 in
1403 1729 1638 1811 quibus
1682 1730 2041 1794 enodandis
2096 1751 2239 1795 sese
2297 1729 2484 1795 multi
2544 1727 2795 1813 profani

862 1816 1165 1880 homines
1212 1814 1631 1879 vehementer
1676 1826 1998 1892 exercent,
2047 1816 2378 1881 musicane
2422 1826 2489 1879 et
2534 1815 2793 1881 harmo-

862 1903 992 1967 nici
1049 1916 1402 1967 concentus
1470 1902 1600 1965 vim
1662 1901 1943 1965 habeant
1986 1901 2244 1966 morbos
2287 1899 2675 1984 depellendi,
2731 1909 2797 1964 et

862 1986 1157 2054 Satanae
1200 1986 1555 2052 insultibus
1591 1984 1967 2051 resistendi:
2014 1986 2181 2069 quod
2219 2007 2349 2051 non
2389 1986 2797 2070 perpendant

864 2073 965 2139 illi
1009 2094 1176 2157 quae
1216 2074 1517 2156 superius
1561 2093 1599 2135 a
1645 2093 1747 2137 me
1796 2071 1966 2137 dicta
2009 2082 2183 2149 sunt,
2228 2072 2508 2139 Davidis
2543 2072 2797 2138 cithara

863 2159 1127 2243 quidem
1185 2160 1381 2223 fuisse
1426 2156 1692 2223 Saulem
1753 2168 2138 2234 recreatum,
2200 2158 2313 2222 sed
2357 2157 2646 2224 Domino
2700 2158 2798 2222 fa·

865 2246 1095 2320 ciente,
1141 2254 1208 2310 et
1253 2245 1383 2308 vim
1426 2243 1604 2308 illam
1650 2243 1832 2307 intus
1875 2244 2255 2326 inspirante.

1042 2329 1229 2412 Quae
1285 2345 1648 2412 sequuntur
1706 2328 2006 2410 deinceps
2072 2330 2527 2394 observatione
2602 2327 2665 2393 di
2717 2349 2801 2393 na

867 2423 1052 2481 sunt:
1102 2414 1289 2481 Misit
1326 2435 1475 2498 erqo
1501 2413 1664 2481 Saul
1702 2415 1961 2479 ntcncios
2001 2414 2087 2480 ad
2131 2413 2286 2490 lsai,
2332 2416 2574 2482 dicens.-
2698 2416 2804 2479 itte

865 2502 956 2568 ad
997 2522 1094 2567 me
1116 2500 1333 2566 David
1369 2502 1578 2583 filium
1620 2505 1813 2577 tuum,
1860 2501 1971 2582 qui
2014 2506 2106 2565 est
2139 2501 2211 2564 in
2234 2502 2517 2582 pascuis.
2581 2499 2804 2582 Quare

872 2588 980 2653 hic
1031 2607 1412 2670 pascuorum
1451 2587 1847 2652 mentionem
1894 2586 2279 2651 nominatim
2311 2585 2568 2650 iniicit?
2628 2584 2805 2652 Sane

871 2692 1009 2738 non
1035 2685 1135 2738 est
1157 2671 1421 2737 dubium
1447 2673 1601 2754 quin
1627 2671 1903 2736 aulicam
1927 2673 2300 2737 iactantiam
2326 2672 2454 2737 ista
2476 2672 2678 2737 verba
2702 2693 2803 2737 sa·

868 2759 1090 2843 piant:
1159 2770 1230 2822 ut
1295 2758 1509 2823 solent
1566 2778 1752 2841 reges
1810 2768 1877 2822 et
1933 2758 2258 2840 principes
2315 2778 2437 2824 sua
2494 2757 2806 2823 beneficia

868 2844 1293 2911 vehementer
1352 2842 1647 2908 laudare:
1709 2853 1773 2907 et
1817 2844 1873 2908 si
1919 2864 2111 2925 quem
2156 2844 2223 2908 in
2270 2843 2663 2909 famulitium
2711 2865 2810 2909 re-

866 2930 1136 3016 cipiant,
1194 2951 1275 2994 ex
1321 2950 1449 3013 quo
1495 2939 1713 2993 tamen
1754 2927 1866 2993 ille
1911 2929 2077 2993 nihil
2123 2928 2430 2995 utilitatis
2472 2930 2807 3012 percipiat,

865 3014 1166 3082 beneficii
1210 3024 1426 3081 tamen
1473 3015 1612 3082 loco
1658 3015 1893 3079 volunt
1936 3015 2183 3095 baberi,
2242 3025 2309 3080 et
2350 3015 2504 3080 inde
2548 3015 2805 3082 laudem

867 3103 1064 3167 etiam
1128 3112 1474 3168 venantur.
1580 3099 1799 3183 Saepe
1859 3100 2142 3182 quidem,
2199 3101 2431 3179 fateor,
2488 3121 2809 3184 pauperes

868 3198 938 3253 et
978 3208 1219 3273 egenos
1264 3187 1344 3252 ad
1390 3186 1742 3272 dignitates
1788 3186 2094 3263 evehunt,
2158 3196 2233 3252 ut
2289 3206 2513 3252 eorum
2575 3187 2806 3252 libera-

867 3273 1025 3340 litas
1069 3284 1135 3338 et
1175 3273 1626 3338 munificentia
1669 3272 2109 3355 praedicetur:
2156 3272 2270 3338 sed
2315 3293 2515 3355 quum
2560 3274 2812 3339 nobiles

871 3361 1047 3426 viros
1108 3359 1447 3440 advocant,
1504 3378 1784 3441 quorum
1829 3358 2268 3442 amplissimae
2313 3365 2471 3424 sunt
2511 3378 2687 3441 opes,
2745 3365 2813 3424 et

873 3446 1099 3527 magni
1159 3444 1423 3522 reditus,
1485 3453 1564 3509 ut
1616 3444 1904 3527 quietam
1951 3451 2018 3508 et
2061 3443 2306 3509 lautam
2351 3444 2556 3509 vitam
2602 3445 2671 3508 in
2718 3444 2810 3510 fa·

873 3530 1076 3596 miliis
1132 3551 1324 3614 agere
1381 3532 1649 3614 possint,
1710 3550 1926 3594 nonne
1985 3550 2022 3593 o
2071 3550 2139 3595 es
2195 3539 2259 3595 et
2318 3530 2656 3595 facultates
2699 3551 2813 3595 ex-

877 3616 1226 3693 hauriunt,
1282 3625 1348 3682 et
1403 3615 1626 3680 multis
1685 3614 2012 3681 incommo
2061 3616 2117 3679 is
2175 3613 2531 3681 obiiciunt?
2639 3616 2808 3681 Nam

874 3703 1127 3786 quoties
1151 3703 1262 3785 qui
1300 3700 1599 3767 mollibus
1633 3701 1700 3765 in
1740 3700 1963 3766 stratis
2001 3708 2304 3783 poterant
2339 3701 2514 3766 domi
2554 3701 2811 3781 cubare,

876 3801 1205 3874 coguntur
1261 3788 1366 3853 vel
1423 3787 1541 3852 sub
1602 3786 1744 3866 dio,
1816 3785 1916 3851 vel
1979 3786 2162 3851 humi
2222 3784 2506 3870 duriter,
2574 3788 2679 3853 vel
2741 3789 2811 3852 in

882 3876 1200 3939 stramine
1222 3875 1451 3953 iacere,
1487 3873 1740 3956 quoties
1778 3870 2037 3956 regibus
2075 3883 2287 3938 terras
2324 3893 2475 3937 suas
2508 3873 2812 3953 lustrare,

880 3967 952 4024 et
1007 3957 1371 4042 triumphos
1427 3980 1577 4024 suos
1634 3961 1846 4024 facere
1904 3957 2209 4023 videtur?
2313 3959 2404 4023 Et
2462 3965 2630 4041 quae
2688 3960 2814 4024 alia

875 4047 1323 4128 compensatio
1358 4044 1646 4109 laborum
1687 4054 1752 4109 et
1786 4057 2185 4127 sumptuum,
2233 4045 2358 4109 nisi
2395 4046 2813 4127 exprobratio

876 4130 1213 4199 socordiae
1270 4141 1339 4195 et
1394 4130 1678 4195 desidiae
1735 4129 1803 4193 in
1864 4150 1990 4212 qua
2034 4129 2091 4194 si
2136 4131 2202 4194 in
2252 4129 2553 4196 domibus
2596 4141 2814 4197 essent

876 4220 1089 4285 vitam
1134 4214 1448 4301 agerent?
1521 4217 1611 4281 Et
1654 4225 1871 4280 tamen
1919 4215 2142 4279 miseri
2186 4215 2283 4280 illi
2328 4217 2624 4282 homines
2666 4218 2813 4283 istis

876 4305 1098 4370 verbis
1134 4302 1559 4368 deliniuntur.
1626 4300 1874 4365 Eadem
1914 4321 2071 4384 ergo
2109 4301 2215 4365 hic
2247 4303 2411 4366 ratio
2447 4312 2549 4368 est
2571 4302 2812 4386 Saulis,

874 4389 1161 4475 petentis
1204 4387 1287 4454 ab
1330 4390 1464 4454 Isa1
1506 4396 1583 4452 ut
1622 4385 1745 4451 sibi
1790 4387 1998 4451 filium
2058 4388 2368 4469 mitteret,
2423 4400 2489 4452 et
2549 4389 2812 4471 quidem

875 4497 1026 4543 eum
1088 4476 1198 4559 qui
1257 4485 1399 4540 erat
1442 4476 1511 4539 in
1557 4471 1832 4557 pascuis.
1924 4475 2165 4540 Annon
2211 4475 2384 4538 enim
2429 4474 2814 4557 simpliciter

875 4561 1094 4630 dicere
1140 4569 1412 4646 poterat,
1471 4560 1660 4624 mitte
1705 4558 1787 4622 ad
1831 4579 1937 4624 me
1981 4559 2184 4623 filium
2233 4571 2418 4624 tuum
2465 4559 2808 4638 Davidem,

878 4668 1081 4732 quare
1136 4646 1336 4724 addit,
1398 4666 1546 4710 eum
1609 4644 1722 4727 qui
1782 4656 1884 4710 est
1927 4645 1993 4708 in
2040 4644 2342 4726 pascuis?
2433 4645 2685 4730 Nempe
2730 4646 2811 4712 ad

878 4734 1280 4810 iactantiam,
1348 4732 1535 4815 quasi
1594 4730 1786 4810 dicat,
1843 4751 1880 4795 e
1924 4730 2178 4813 pascuis
2220 4730 2292 4795 in
2337 4731 2554 4795 aulam
2600 4753 2811 4797 meam

877 4821 1139 4898 mittito,
1195 4829 1272 4883 ut
1314 4837 1566 4883 mecum
1614 4816 1717 4892 sit,
1765 4825 1833 4881 et
1878 4816 2156 4882 honores
2198 4817 2614 4899 adipiscatur.
2701 4818 2810 4883 En

877 4915 955 4969 ut
1019 4906 1238 4969 miseri
1306 4903 1608 4968 homines
1672 4901 1940 4967 audacia
2018 4903 2280 4985 propria
2357 4915 2809 4970 excaecantur.

883 4990 1197 5066 Miseros,
1268 4992 1555 5073 inquam,
1632 4989 1753 5053 etsi
1826 4988 2079 5053 divites.
2171 4985 2339 5068 Quis
2386 5010 2540 5054 vero
2597 4990 2814 5055 fuerat

880 5084 1077 5140 antea
1123 5074 1331 5142 Saul?
1398 5076 1633 5140 Nonne
1677 5074 1979 5153 rusticus,
2029 5072 2176 5138 vilis
2221 5084 2288 5138 et
2331 5075 2620 5141 abiectae
2664 5097 2814 5142 con-

876 5159 1143 5226 ditionis
1180 5159 1541 5227 bubulcus?
1610 5159 1753 5225 Iam
1789 5181 1948 5226 vero
1991 5159 2073 5224 ad
2111 5156 2498 5243 dignitatem
2544 5171 2811 5230 evectus

875 5247 1265 5314 insolentius
1308 5268 1377 5312 se
1413 5246 1603 5332 gerit,
1648 5261 1714 5310 et
1752 5266 1937 5311 suam
1975 5245 2484 5313 munificentiam
2529 5257 2812 5314 ostentat

2544 338 2955 406 HOMILIA
2998 338 3152 405 LX.
4088 335 4099 344 “
4668 341 4750 407 184

2906 539 2973 593 et
3030 528 3379 613 praedicat.
3469 529 3720 594 Verum
3772 529 4107 595 enimvero
4151 550 4347 614 quam
4393 550 4526 594 non
4567 549 4660 595 sua
4687 532 4755 596 in·

2907 615 3176 692 dustria,
3224 634 3352 679 non
3391 614 3679 698 consilio,
3725 635 3857 680 non
3893 614 4144 681 viribus
4186 628 4328 680 erat
4368 614 4650 697 adeptus:
4681 617 4758 682 scd

2903 718 3096 783 quam
3159 702 3271 766 uni
3317 701 3462 765 Deo
3521 700 3815 781 debebat,
3872 714 3939 767 et
3997 722 4114 785 pro
4172 721 4301 785 qua
4360 701 4623 786 singulis
4663 723 4758 767 mo-

2903 787 3142 851 mentis
3166 807 3360 870 agere
3382 787 3628 870 gratias
3664 808 3812 852 eum
3849 788 4203 870 oportebat,
4240 799 4307 853 et
4340 788 4467 852 sibi
4506 789 4761 854 conscium

2904 871 3140 955 prioris
3201 874 3375 937 vitae
3433 883 3614 937 tanto
3673 872 4086 939 abiectiorem
4147 885 4213 938 et
4256 873 4613 938 dociliorem
4649 893 4762 956 esse,

2903 969 2970 1023 et
3011 957 3297 1023 latebras
3341 958 3558 1042 potius
3604 979 3802 1042 quam
3847 959 4057 1025 lucem
4108 979 4439 1043 quaerere.
4530 957 4764 1039 Quantus

2902 1045 3077 1109 enim
3154 1043 3367 1128 pudor
3431 1054 3534 1109 est
3595 1066 3743 1110 eum
3811 1044 4130 1130 dignitate
4195 1046 4376 1130 regia
4441 1044 4678 1128 gloriari
4722 1056 4767 1110 ct

2903 1128 3154 1212 efferri,
3221 1139 3288 1193 et
3350 1149 3590 1212 pascua
3655 1133 4076 1215 exprobrare,
4144 1133 4329 1197 cuius
4396 1140 4588 1196 antea
4638 1130 4767 1195 vitae

2901 1214 3186 1281 conditio
3230 1216 3506 1281 Davidis
3565 1216 3690 1281 fuit
3747 1215 4128 1282 simillima?
4214 1217 4357 1281 Nae
4416 1217 4544 1281 Dei
4593 1216 4770 1281 benefi-

2900 1302 3148 1367 ciorum
3187 1301 3606 1378 obliviscitur,
3645 1323 3810 1386 quae
3846 1314 4062 1368 tamen
4100 1302 4227 1385 ipsi
4262 1301 4565 1385 deinceps
4594 1322 4771 1386 magno

2901 1386 3317 1452 constabunt.
3422 1388 3513 1452 Et
3571 1408 3731 1453 sane
3787 1408 3864 1453 ea
3923 1401 4023 1454 est
4084 1389 4429 1453 hominum
4487 1388 4773 1471 corruptio,

2903 1483 2978 1538 ut
3040 1471 3241 1536 variis
3301 1470 3559 1538 dotibus
3617 1474 3917 1539 exornati
3974 1475 4069 1541 sic
4112 1475 4492 1548 efferantur,
4550 1486 4618 1538 ut
4654 1494 4773 1538 uun·

2905 1578 3101 1641 quam
3150 1556 3337 1624 deiici
3383 1580 3600 1626 coram
3647 1560 3935 1625 Domino
3980 1559 4253 1638 discant,
4301 1561 4425 1624 nisi
4475 1561 4778 1644 magniset

2905 1642 3149 1709 crebris
3209 1644 3444 1710 ictibus
3503 1647 4028 1726 contundantur,
4102 1660 4168 1710 et
4210 1646 4591 1711 confusione
4628 1643 4780 1710 invol-

2907 1743 3167 1794 vantur.

3072 1816 3216 1880 Iam
3265 1836 3417 1880 vero
3461 1816 3654 1901 agite,
3696 1821 3801 1882 etc.

3510 2107 4005 2191 HOMILIA
4051 2109 4226 2192 LX.

3641 2241 3842 2309 OAP.
3889 2241 4119 2309 xvn.

3082 2419 3140 2482 1.
3189 2416 3638 2501 Conyreyantes
3680 2419 3883 2479 autem
3905 2413 4264 2480 Philistiim
4309 2417 4571 2500 aymina
4610 2436 4711 2481 suo
4744 2416 4791 2479 iu

2895 2504 3238 2588 praelium,
3295 2506 3699 2567 convenerunt
3751 2501 3824 2564 in
3868 2500 4063 2567 Socho
4108 2500 4343 2567 Iudae.-
4399 2508 4461 2567 et
4515 2507 4791 2567 σαεέταπιο·

2907 2592 3023 2656 tati
3078 2594 3224 2655 sunt
3270 2589 3436 2653 iuter
3483 2585 3674 2652 Socho
3729 2591 3786 2651 et
3824 2585 4073 2650 Aeecha
4113 2587 4185 2651 in
4222 2588 4464 2669 finibus
4506 2588 4793 2654 Dominin.

2910 2677 2971 2743 2.
3015 2675 3220 2741 Porro
3266 2673 3427 2739 Saul
3481 2677 3538 2736 et
3590 2670 3717 2752 filii
3761 2670 3973 2736 Israel
4023 2675 4374 2756 conyreyati
4429 2678 4707 2739 venerunt
4748 2673 4791 2734 in

2908 2761 3131 2829 vallem
3159 2758 3525 2835 Terebinthi,
3570 2762 3628 2822 et
3667 2758 4031 2822 direxerunt
4070 2760 4265 2823 aciem
4308 2759 4395 2825 ad
4425 2760 4797 2844 wanda-t

2912 2853 3124 2915 contra
3184 2845 3559 2910 Philistiim.
3659 2842 3721 2907 3.
3779 2838 3866 2908 Et
3921 2841 4273 2909 Philistiim
4336 2846 4589 2910 stabant
4643 2863 4795 2925 supra

2911 2939 3172 2999 montem
3208 2951 3286 2996 ex
3318 2935 3504 3013 parte
3545 2928 3691 2994 hac:
3750 2932 3804 2993 et
3848 2927 4056 2995 Israel
4095 2930 4298 2996 stabat
4338 2951 4551 3011 supra
4589 2935 4799 2995 monte-⁸

2914 3039 2990 3085 ex
3052 3019 3251 3084 altera
3306 3020 3524 3099 parte.-
3602 3013 3906 3095 vallisque
3968 3020 4103 3080 erat
4164 3016 4326 3080 inter
4403 3037 4531 3082 eos.
4633 3017 4687 3080 4.
4738 3012 4801 3076 Et

2916 3109 3330 3254 ερνεξεαεᾶεέ
3344 3103 3526 3252 {vivier
3535 3100 3921 3251 Juageczlc'ies
3950 3101 4287 3252 {imas
4312 3101 4799 3201 Philisthinom·

2913 3211 3157 3256 nomine
3267 3209 3355 3252 oi
3465 3234 3481 3269 ‚
3579 3205 3612 3249 e
3835 3233 3852 3268 ,
3912 3206 3951 3251 a
4140 3207 4273 3251 mis
4327 3207 4447 3254 sex
4505 3188 4799 3253 montom·

2913 3283 2969 3342 et
3013 3275 3241 3360 palmi.
3331 3272 3391 3339 5.
3438 3271 3529 3337 Et
3586 3272 3788 3337 cassis
3842 3292 4025 3338 aerea
4077 3293 4267 3354 super
4320 3280 4515 3355 caput
4570 3275 4723 3340 eius:
4762 3273 4801 3332 et

2914 3362 3110 3429 lorica
3177 3362 3513 3442 squamata
3585 3356 3986 3423 induebatur:
4046 3378 4242 3440 porro
4301 3360 4566 3440 pondus
4626 3359 4802 3424 loricae

2915 3449 3072 3526 eius,
3117 3447 3419 3596 4αὲηὲαῶ
3419 3442 3952 3595 {nissiwffibhausm
3964 3445 4196 3613 gez-{31²
4192 3451 4345 3508 erat.
4414 3445 4481 3509 6.
4521 3445 4608 3510 R
4642 3457 4802 3509 ocreas

2915 3553 3134 3600 aereas
3233 3552 3272 3595 a
3313 3551 3344 3595 e
3489 3551 3515 3594 t
3905 3552 3923 3593 .·
4198 3550 4309 3594 eus
4351 3551 4587 3596 aereus
4625 3527 4802 3612 teqebw

2912 3621 3202 3684 humeros
3260 3618 3415 3681 eius.
3522 3615 3579 3678 7.
3638 3614 3887 3680 Hostile
3950 3619 4155 3679 autem
4224 3615 4450 3681 hastae
4524 3617 4656 3682 eius
4707 3613 4803 3676 emt

2914 3705 3101 3788 quasi
3163 3703 3545 3769 liciatorium
3608 3701 3966 3765 texentium:
4052 3701 4261 3782 ipsum
4339 3707 4557 3768 autem
4614 3703 4805 3784 fmu-

2914 3791 3132 3856 hastae
3174 3790 3313 3854 eius
3354 3791 3666 3853 sexcentos
3705 3785 3889 3852 siclos
3928 3784 4186 3851 habebat
4221 3788 4427 3869 ferri.-
4486 3794 4545 3853 et
4584 3786 4805 3866 armiyer

2915 3877 3053 3942 eius
3081 3872 3465 3942 antecedebat
3488 3893 3643 3938 eum.
3705 3871 3764 3937 8.
3816 3871 4126 3955 Stansque
4164 3872 4483 3939 clamabat
4526 3873 4805 3940 adm

2904 3962 3255 4046 phalanyes
3293 3958 3520 4041 Israel,
3567 3964 3623 4022 et
3667 3956 3905 4023 dicebat
3935 3960 4054 4024 eis.-
4103 3959 4310 4040 Quare
4340 3961 4612 4026 venistis
4633 3954 4803 4040 parati

2915 4050 3000 4115 ad
3031 4045 3404 4130 praelium?
3463 4044 3772 4125 numquid
3826 4063 3930 4127 eqo
3970 4063 4092 4108 non
4133 4064 4275 4109 sum
4318 4044 4726 4124 Philistaeus,
4767 4041 4803 4102 d

2915 4155 3021 4199 vos
3063 4134 3232 4199 servi
3271 4129 3483 4196 Saul?
3545 4128 3784 4212 Eliyite
3825 4149 3904 4192 ex
3936 4130 4111 4194 vobis
4150 4131 4379 4207 virum,
4428 4137 4490 4196 et
4532 4126 4802 4197 amendat

2916 4219 3002 4284 ad
3056 4217 3379 4301 sinyulare
3434 4219 3760 4282 certamen.
3849 4214 3908 4279 9.
3958 4214 4034 4278 Si
4090 4216 4359 4296 quiverit
4393 4235 4685 4301 puynare
4716 4229 4802 4275 ne·

2913 4325 3069 4384 cum,
3109 4309 3167 4369 et
3199 4301 3587 4394 percusserit
3627 4320 3739 4380 me,
3797 4301 4034 4365 erimus
4073 4300 4247 4366 vobis
4285 4304 4459 4367 servi
4476 4327 4499 4367 .-
4551 4305 4613 4367 si
4651 4305 4805 4365 am

2913 4411 3024 4474 eqo
3065 4390 3497 4472 praevaluero,
3554 4390 3610 4452 et
3654 4406 4020 4468 percussero
4071 4405 4233 4466 eum,
4286 4407 4398 4452 vos
4459 4390 4627 4453 servi
4657 4382 4802 4454 aitis,

2913 4483 2967 4542 et
3023 4477 3303 4542 servietis
3365 4472 3558 4539 nobis.
3658 4472 3758 4538 10.
3820 4471 3912 4536 Et
3965 4472 4166 4538 aiebat
4222 4471 4661 4539 Philistaeus:
4706 4468 4803 4549 Εφ

2913 4560 3285 4644 exprobravi
3327 4557 3683 4644 ayminibus
3704 4559 3912 4623 Israe’l
3952 4557 4159 4624 hodie.-
4200 4557 4371 4624 Date
4414 4559 4588 4624 mihi
4624 4559 4799 4626 view,

2913 4653 2971 4714 et
3032 4649 3204 4714 ineat
3266 4664 3499 4712 mecum
3564 4644 3885 4728 sinyulare
3947 4649 4271 4710 certamen.
4391 4646 4501 4710 11.
4570 4642 4803 4731 Audiat:

2912 4739 3118 4800 autem
3166 4732 3344 4810 Saul,
3406 4735 3462 4796 et
3518 4750 3725 4796 omnes
3768 4729 4106 4797 Israelitae
4162 4749 4480 4797 sermones
4523 4729 4801 4796 Plateam

2909 4818 3334 4887 huiuscemodi
3366 4816 3687 4899 stupebant
3727 4821 3787 4881 et
3826 4816 4169 4882 metuebant
4208 4817 4430 4881 nimis.

3082 4991 3418 5056 Hesterna
3461 4989 3766 5056 concione
3790 4987 4014 5053 Saulis
4059 4988 4485 5054 iactationem
4529 4995 4596 5054 et
4634 4993 4799 5050 cotec-

2914 5077 3224 5143 tationem
3282 5076 3583 5152 vidimus,
3645 5094 3845 5157 quum
3903 5073 4233 5140 Davidem
4287 5094 4327 5139 a
4384 5085 4581 5158 patre
4633 5081 4801 5154 postu·

2912 5162 3079 5243 lans,
3140 5163 3324 5242 dixit,
3383 5162 3550 5227 velle
3594 5160 3674 5226 ad
3721 5182 3792 5226 se
3835 5160 4008 5225 mitti
4051 5181 4201 5226 enm
4246 5160 4357 5244 qui
4404 5171 4555 5225 erat
4592 5158 4656 5223 in
4692 5169 4799 5237 pu·

2911 5250 3070 5330 cuis,
3142 5257 3218 5315 ut
3270 5249 3341 5312 in
3398 5247 3615 5313 aulam
3676 5248 4091 5331 reciperetur.
4192 5247 4337 5313 Etsi
4400 5264 4568 5312 vero
4632 5255 4794 5308 coram
