5059 6059
872 287 998 353 407
1405 346 1440 402 ὲ

2447 281 2858 349 ΗΟΜῙῙᾸΔ
2899 281 3298 348 LXXVIII.

4646 291 4726 358 408

874 474 1098 540 David
1156 474 1274 538 boc
1331 473 1472 537 loco
1517 470 1702 538 nobis
1745 471 2044 553 exemplo
2087 473 2317 555 praeit,
2365 470 2538 554 quod
2583 492 2808 538 omnes
2913 473 3122 537 mines
3189 471 3429 536 iniuria
3485 481 3551 535 et
3607 471 3782 535 ultro
3843 492 3958 536 nos
4016 474 4319 554 persequi
4376 493 4416 536 a
4467 474 4612 541 nobis
4649 501 4732 543 non

876 559 1061 626 decet
1123 556 1389 640 imitari,
1456 576 1661 640 quum
1729 579 1856 623 non
1925 562 2183 622 tantum
2250 557 2591 640 profitetur
2646 579 2716 623 se
2770 577 2810 621 a

875 645 1018 710 Deo
1077 642 1394 722 adiutum,
1453 651 1518 708 et
1575 664 1657 707 ex
1713 645 1939 709 mortis
1993 643 2286 710 faucibus
2342 655 2637 721 erutum,
2695 641 2808 708 sed

875 731 1072 795 etiam
1129 728 1351 794 fideles
1405 747 1631 795 omnes
1687 728 1963 795 advocat
2013 747 2052 792 a
2108 748 2178 793 se
2239 728 2577 794 docendos.
2670 728 2809 794 Nos

873 816 1092 899 itaque
1152 815 1348 878 etiam
1408 812 1592 880 decet
1650 834 1781 878 non
1841 823 2092 879 tantum
2187 814 2384 880 ratias
2428 835 2622 899 agere
2664 814 2809 879 Deo

871 923 990 985 pro
1033 900 1312 983 acceptis
1358 898 1439 964 ab
1484 901 1622 982 ipso
1665 900 2016 979 beneficiis,
2061 836 2184 966 seg
2219 899 2381 966 alios
2425 921 2682 984 quoquc
2727 898 2808 965 ad

871 988 1044 1052 idem
1104 984 1473 1052 faciendum
1532 987 1877 1066 cohortari,
1940 994 2004 1050 et
2058 992 2278 1051 nostro
2333 985 2634 1068 exemplo
2694 986 2808 1051 sti·

871 1073 1143 1139 mulare.

1044 1159 1481 1222 Transeamus
1539 1156 1670 1222 iam
1728 1157 1806 1220 ad
1870 1156 1981 1222 illa
2040 1157 2238 1223 verba
2297 1157 2530 1240 quibus
2593 1154 2810 1220 David

875 1244 1030 1310 dicit
1073 1264 1143 1309 se
1202 1242 1466 1309 Domini
1520 1241 1836 1308 auxilium
1891 1244 2258 1326 percepisse,
2322 1244 2475 1323 quia
2544 1243 2613 1306 in
2655 1242 2808 1306 sim-

861 1330 1144 1413 plicitate
1199 1333 1254 1393 et
1310 1329 1654 1412 intem-itate
1695 1348 1903 1393 coram
1945 1328 2085 1410 ipso
2125 1327 2483 1405 ambulavi-t,
2510 1334 2586 1408 ‚et
2624 1328 2809 1408 frau-

872 1417 1061 1485 dibus
1113 1419 1167 1479 et
1224 1414 1403 1490 dolis,
1460 1419 1518 1480 et
1580 1413 1657 1478 ab
1713 1415 1885 1478 omni
1928 1415 2369 1495 proximorum
2391 1412 2639 1478 iniuria
2663 1413 2809 1478 abs·

873 1502 1087 1567 tinuit:
1159 1499 1415 1580 Quibus
1473 1500 1688 1565 verbis
1747 1498 2055 1566 docemur
2115 1519 2244 1582 qua
2289 1500 2538 1564 ratione
2586 1497 2810 1562 debea-

874 1609 1023 1653 mus
1061 1587 1163 1652 his
1207 1586 1603 1668 temporibus
1648 1605 1835 1668 opem
1880 1596 1945 1650 et
1990 1585 2311 1649 auxilium
2357 1584 2648 1650 divinum
2697 1605 2808 1648 ex-

880 1695 911 1739 s
960 1679 1202 1749 ectare,
1279 1681 1344 1736 et
1422 1670 1545 1734 sub
1610 1670 1859 1735 alarum
1936 1671 2140 1753 ipsius
2206 1668 2438 1735 umbra
2482 1670 2609 1734 tuti
2654 1690 2811 1734 esse.

944 1757 1213 1822 ellemus
1271 1755 1447 1819 enim
1491 1755 1707 1820 Deum
1765 1758 2274 1838 quotiescunque
2319 1756 2701 1840 premimur,
2747 1764 2811 1819 et

877 1843 1182 1925 periculis
1226 1861 1555 1925 urgemur,
1615 1840 1695 1906 ad
1744 1851 2043 1908 nostrum
2090 1840 2407 1906 auxilium
2452 1861 2809 1921 accurrere,

876 1929 991 1994 sed
1045 1947 1286 2010 quaeso
1339 1947 1532 2009 quam
1575 1925 1675 1991 illi
1719 1926 2139 1992 succurrendi
2185 1928 2584 1992 occasionem
2626 1948 2811 2010 prae·

878 2012 1148 2080 bemus?
1238 2012 1523 2076 Tantum
1585 2012 1759 2077 enim
1817 2012 1997 2077 abest
2054 2025 2131 2076 ut
2186 2033 2400 2077 coram
2463 2014 2606 2095 ipso
2651 2011 2806 2075 deii·

879 2101 1142 2174 ciamur,
1202 2109 1266 2162 et
1322 2098 1528 2180 ipsius
1592 2097 1907 2162 voluntati
1965 2117 2081 2162 nos
2142 2099 2313 2163 ultro
2368 2099 2807 2175 subiiciamus,

876 2196 950 2251 ut
1004 2195 1229 2249 contra
1285 2203 1540 2266 semper
1583 2182 1710 2265 ipsi
1755 2184 2151 2273 resistamus,
2199 2195 2264 2247 et
2308 2184 2511 2267 ipsius
2559 2183 2807 2249 miseri-

877 2269 1135 2338 cordiae
1213 2268 1389 2334 viam
1471 2266 1985 2351 praecludamus.
2095 2269 2262 2334 Nam
2331 2269 2573 2334 malum
2640 2268 2809 2333 malo

879 2377 1133 2438 semper
1190 2354 1616 2433 cumulamus,
1673 2366 1739 2420 et
1794 2355 1853 2420 si
1911 2353 2073 2421 dolis
2127 2357 2496 2439 appetimur
2552 2365 2667 2419 aut
2705 2355 2808 2418 in-

879 2441 1067 2506 iuriis
1133 2439 1454 2505 afficimur
1518 2460 1640 2504 nos
1708 2440 1831 2523 ipsi
1894 2442 2182 2523 privatas
2246 2441 2520 2506 iniurias
2587 2440 2808 2507 ulcisci

881 2547 961 2593 cu
1011 2527 1202 2601 imus,
1243 2532 1311 2589 et
1354 2526 1408 2590 si
1453 2524 1738 2590 brachiis
1782 2537 1893 2589 aut
1928 2528 2228 2591 manibus
2271 2546 2404 2590 non
2444 2546 2810 2609 possumus,

879 2549 1008 2678 vei)
1041 2611 1202 2693 ipsis
1256 2608 1556 2675 dentibus
1614 2631 1906 2693 premere
1964 2621 2421 2695 persequentes
2464 2633 2599 2677 non
2643 2610 2810 2678 desi-

880 2697 1132 2774 stimus,
1178 2707 1246 2760 et
1287 2697 1540 2761 interea
1581 2695 1796 2760 Deum
1842 2708 2102 2762 nostrae
2146 2698 2521 2781 cupiditatis
2561 2708 2628 2761 et
2672 2698 2806 2761 ani·

880 2782 1201 2849 mositatis
1223 2780 1542 2848 vindicem
1565 2781 1945 2865 expetimus.
2013 2781 2143 2848 Sed
2187 2783 2523 2847 hominum
2564 2782 2811 2847 malitia

882 2866 1259 2933 mendacem
1325 2866 1539 2932 Deum
1615 2888 1949 2950 nunquam
2031 2869 2285 2935 afficiet.
2399 2868 2565 2933 Nam
2636 2868 2810 2934 illius

881 2955 1106 3019 afflatu
1164 2951 1383 3017 David
1439 2952 1592 3018 olim
1652 2953 1961 3036 loquutus
2018 2964 2137 3034 est,
2198 2972 2315 3019 nos
2373 2954 2430 3018 si
2488 2953 2808 3019 auxilium

884 3062 922 3105 a
979 3038 1262 3105 Domino
1327 3046 1647 3121 petamus,
1737 3047 2078 3121 opportere
2146 3041 2225 3104 ab
2306 3039 2483 3104 omni
2564 3039 2813 3105 malitia

881 3125 1108 3192 frande
1155 3132 1218 3187 et
1265 3122 1570 3189 violentia
1615 3124 1958 3190 abstinere.
2026 3124 2171 3189 Hac
2215 3126 2462 3191 ratione
2488 3126 2614 3191 Dei
2659 3144 2815 3209 erga

883 3233 1000 3277 nos
1074 3209 1362 3275 bonitati
1422 3210 1592 3274 viam
1662 3209 2143 3292 patefaciemus.
2229 3209 2816 3276 Verumenimvero

882 3297 1055 3362 dicat
1098 3295 1335 3378 aliquis
1376 3316 1494 3360 nos
1539 3317 1731 3379 saepe
1776 3294 1900 3360 hac
1943 3297 2197 3362 ratione
2241 3296 2535 3362 hostibus
2579 3297 2819 3362 nostris

2909 557 3258 632 lacessitos,
3305 571 3372 622 et
3413 576 3721 640 magnam
3762 557 4162 623 occasionem
4207 557 4273 620 iu
4307 557 4443 622 Deo
4482 578 4625 643 spem
4655 566 4738 627 col·

2909 643 3159 710 locandi
3206 643 3490 724 praebet.
3557 642 3725 706 Nam
3767 643 3946 708 Deus
3991 664 4260 709 suorum
4303 665 4601 728 nunquam
4631 651 4737 714 obli·

2909 729 3200 795 viscitur.
3285 727 3513 812 Neque
3571 749 3723 792 vero
3780 739 3997 794 tamen
4057 729 4199 795 istis
4257 728 4469 795 verbis
4516 732 4741 800 iustitiam

2910 814 3237 897 quandam
3305 813 3367 878 in
3432 811 3619 879 nobis
3678 811 4052 879 haerentem
4106 815 4457 899 imaginari
4506 816 4742 903 debemus,

2909 921 3037 983 qua
3083 899 3296 964 Deum
3345 897 3527 964 nobis
3566 897 3927 983 obligatum
3972 907 4327 979 teneamus,
4382 899 4488 966 sed
4527 924 4590 967 ex
4626 926 4745 970 men

2911 986 3115 1069 ipsius
3171 985 3460 1051 bonitate
3502 995 3569 1049 et
3612 987 4049 1052 misericordia
4090 987 4377 1068 gratuita
4419 987 4504 1064 fit,
4557 1001 4615 1052 ut
4642 992 4749 1071 pati·

2913 1072 3094 1137 entia
3141 1080 3362 1135 nostra
3405 1069 3741 1135 meliorem
3783 1092 4045 1137 causam
4092 1072 4263 1155 apud
4308 1070 4515 1138 Deum
4555 1075 4745 1140 efficiat:

2914 1158 3007 1223 sic
3063 1154 3285 1239 itaque
3328 1154 3483 1220 iusti
3526 1176 3752 1221 sumus
3796 1178 3997 1239 quum
4043 1179 4175 1222 non
4216 1170 4471 1222 tantum
4500 1162 4639 1224 malo
4655 1160 4750 1226 abs·

2914 1244 3229 1319 tinemus,
3323 1240 3437 1306 sed
3497 1242 3690 1306 etiam
3750 1240 4044 1309 hostibus
4100 1243 4374 1327 nostris,
4427 1263 4465 1307 a
4512 1246 4695 1327 quibus
4728 1268 4753 1311 a

2914 1328 3103 1393 nobis
3163 1347 3292 1391 non
3339 1329 3699 1409 provocatis
3738 1329 4118 1410 premimur,
4176 1328 4348 1394 ultro
4394 1328 4545 1395 bene
4580 1333 4753 1415 precati

2912 1414 3229 1480 fuerimus
3251 1411 3379 1477 Dei
3401 1413 3687 1477 iustitiae
3722 1434 3982 1479 causam
4024 1424 4314 1481 nostram
4350 1416 4755 1492 committentes,

2912 1519 3189 1583 quorum
3257 1497 3517 1562 tandem
3587 1499 3923 1564 saevitiam
3982 1510 4048 1565 et
4102 1501 4562 1565 immanitatem
4611 1502 4759 1567 Deum

2912 1605 3239 1651 summum
3263 1583 3557 1649 omnium
3595 1584 3873 1650 iudicem
3913 1585 4209 1655 ulturum
4247 1586 4647 1652 certissimum
4674 1601 4759 1652 cst:

2915 1690 3068 1736 nam
3128 1668 3373 1752 alioqui
3420 1670 3633 1735 Deum
3684 1681 3959 1735 naturae
4016 1691 4174 1737 snae
4229 1672 4589 1737 renuntiare
4633 1693 4759 1756 opor·

2913 1765 3097 1834 teret,
3142 1763 3258 1820 aut
3293 1754 3449 1819 mali
3484 1767 3780 1821 autorem
3816 1776 3959 1822 esse
3993 1776 4068 1823 ac
4104 1757 4510 1840 improbonm
4547 1769 4605 1823 et
4630 1759 4765 1824 scele-

2911 1851 3206 1907 ratorum
3264 1840 3603 1906 hominum
3666 1842 3940 1906 socium:
4000 1842 4168 1925 quod
4232 1862 4367 1907 non
4412 1842 4547 1909 sine
4584 1844 4763 1927 ingenti

2912 1926 3318 2011 blasphemia
3374 1925 3649 2008 proferri
3705 1936 3938 2009 potest,
4008 1928 4209 1995 immo
4266 1948 4351 1994 ne
4395 1929 4641 2013 cogitari
4672 1931 4764 2011 qui·

2912 2014 3058 2079 dem
3104 2021 3333 2094 potest.
3408 2011 3756 2077 Caeterum
3800 2011 4020 2080 David
4063 2034 4196 2079 non
4242 2023 4499 2079 tantum
4537 2014 4601 2078 in
4636 2013 4764 2079 nobis

2911 2098 3353 2182 integritatem
3389 2107 3455 2162 et
3498 2097 3845 2163 candorem
3888 2099 4184 2182 requirit:
4231 2100 4632 2183 studiumque
4665 2119 4768 2183 pro·

2911 2187 3121 2250 ximos
3181 2182 3600 2264 sublevandi,
3672 2183 3924 2250 etiamsi
3982 2186 4154 2267 apud
4215 2186 4507 2250 homines
4560 2184 4769 2249 ludibrio

2908 2270 3295 2334 habeamur:
3353 2268 3464 2333 sed
3521 2270 3713 2334 etiam
3776 2290 3891 2335 nos
3933 2270 4015 2334 ad
4060 2270 4186 2336 Dei
4229 2270 4614 2355 praesidium
4647 2269 4773 2334 iubet

2910 2355 3087 2421 omni
3131 2364 3422 2436 tempore
3464 2354 3844 2437 confugere:
3890 2367 3955 2420 et
3998 2357 4188 2439 quale
4221 2359 4453 2440 iugum
4498 2357 4658 2422 nobis
4690 2357 4770 2418 im·

2911 2442 3199 2526 posuerit
3263 2459 3423 2504 vera
3486 2437 3851 2507 hnmilitate
3918 2452 3982 2506 et
4046 2442 4361 2509 modestia
4428 2444 4614 2508 ferre:
4668 2459 4773 2505 nam

2913 2525 3154 2592 multos
3213 2524 3472 2607 quidem
3531 2525 3821 2590 ethnicos
3867 2525 4159 2594 videmus
4203 2528 4524 2611 singulari
4565 2525 4775 2610 quadam

2913 2613 3177 2691 virtute,
3236 2609 3614 2675 fortitudine
3675 2626 3741 2675 et
3794 2613 4137 2694 prudentia
4197 2614 4523 2696 praeditos
4571 2613 4774 2677 iniurias

2916 2700 2996 2763 ab
3052 2697 3195 2761 aliis
3253 2696 3466 2761 illatas
3524 2697 3770 2777 tulisse,
3849 2700 3964 2763 sed
4022 2701 4370 2784 praecipuo
4431 2699 4779 2764 fundamento

2917 2784 3233 2860 carnisse;
3291 2780 3611 2864 siquidem
3672 2803 3901 2848 verum
3947 2783 4160 2850 Deum
4208 2806 4339 2850 non
4387 2795 4779 2868 cognoverunt,

2918 2890 3109 2952 quem
3168 2868 3234 2933 in
3293 2868 3428 2933 suis
3485 2867 3976 2935 difficultatibus
4035 2872 4446 2955 invocarent,
4507 2873 4647 2954 quin
4695 2871 4783 2933 imo

2919 2953 3329 3037 blasphemas
3351 2954 3636 3036 ipsorum
3661 2954 4044 3038 plerumque
4067 2975 4255 3022 voces
4284 2957 4606 3034 andimus,
4637 2972 4781 3038 quum

2920 3040 3104 3105 Deus
3168 3060 3301 3105 non
3367 3040 3534 3106 iuvit
3598 3061 3709 3107 eos
3775 3049 3909 3106 tam
3977 3053 4276 3125 prompto
4344 3063 4543 3126 quam
4600 3039 4785 3108 vellent

2920 3124 3187 3191 auxilie.
3291 3123 3423 3192 Sed
3498 3124 3815 3208 quomodo
3881 3127 4062 3193 Deus
4140 3126 4503 3196 adiuvisset
4563 3148 4660 3193 eos
4709 3124 4783 3206 qui

2920 3213 3132 3295 ipsum
3191 3231 3318 3275 non
3377 3210 3826 3294 precabantur,
3887 3212 4015 3277 imo
4074 3213 4187 3297 qui
4243 3214 4497 3280 rabiem
4552 3232 4707 3280 suam
4744 3223 4787 3274 et

2918 3297 3104 3363 virus
3161 3295 3474 3362 adversus
3529 3296 3744 3380 ipsum
3801 3296 4291 3381 despumabant,
4348 3312 4420 3366 et
4478 3301 4585 3383 qui
4624 3298 4786 3362 Deum

931 3382 1194 3447 raedam
1255 3381 1416 3457 fieri,
1469 3379 1582 3445 sed
1631 3379 2060 3447 nihilominus
2117 3389 2337 3447 tamen
2393 3392 2642 3448 certum
2703 3389 2821 3460 est,
2921 3383 3045 3447 sibi
3110 3381 3428 3448 auxilium
3497 3382 3666 3447 ferre
3732 3383 4219 3451 arbitrabantur
4280 3386 4665 3469 obligatum,
4713 3379 4789 3464 qui

959 3489 1107 3534 eum
1165 3467 1403 3533 nostris
1461 3465 1652 3532 malis
1707 3467 2123 3549 provisurum
2178 3478 2243 3533 et
2301 3479 2590 3551 tempore
2633 3488 2819 3551 opor-

2922 3476 3142 3533 tamen
3180 3489 3325 3531 eum
3368 3487 3495 3531 non
3530 3467 3969 3535 invocabant?
4028 3469 4221 3536 Hanc
4254 3470 4465 3554 igitur
4494 3472 4570 3537 ob
4591 3486 4789 3534 causam

894 3564 1054 3619 tuno
1106 3552 1423 3617 auxilium
1484 3552 1792 3617 laturum.
1877 3553 1977 3617 Ac
2019 3553 2292 3636 proinde
2336 3574 2518 3637 spem
2562 3574 2819 3619 omnem
2927 3551 3140 3618 David
3203 3552 3360 3619 haec
3422 3551 3549 3617 duo
3606 3553 3987 3619 nominatim
4033 3557 4391 3641 coniungit,
4452 3576 4669 3638 nempe
4700 3554 4791 3620 sin·

891 3661 967 3706 ac
1015 3637 1317 3704 fiduciam
1360 3646 1651 3703 nostram
1696 3639 1764 3702 in
1807 3637 1947 3721 ipso
1990 3660 2131 3706 esse
2174 3638 2634 3705 collocandam.
2701 3641 2821 3704 At-

942 3745 1021 3791 ue
1071 3723 1234 3789 haec
1292 3722 1588 3790 doctrina
1623 3744 1698 3789 eo
1736 3722 2116 3808 diligentius
2150 3746 2189 3790 a
2224 3726 2409 3791 nobis
2444 3736 2546 3790 est
2581 3745 2824 3809 expen-

895 3746 1124 3891 genda,
1189 3830 1316 3892 quo
1382 3829 1607 3874 sumus
1672 3821 1908 3875 natura
1972 3812 2179 3894 magis
2242 3812 2696 3893 impatientes,
2760 3819 2825 3876 et

895 3896 1071 3962 mala
1102 3896 1273 3961 ferre
1309 3915 1438 3960 non
1473 3916 1838 3979 possumus,
1883 3908 1949 3961 et
1984 3906 2317 3979 praeterea
2361 3916 2618 3978 semper
2661 3895 2828 3961 diffi-

897 3982 1118 4048 dentia
1162 3989 1226 4044 et
1268 3980 1716 4066 desperatione
1760 3982 2102 4066 agitamur,
2149 3990 2226 4047 ut
2268 3982 2417 4047 licet
2461 3980 2648 4047 nobis
2690 3991 2824 4047 tam

898 4067 1174 4136 Davidis
1207 4088 1399 4152 quam
1437 4068 1730 4145 aliorum,
1766 4087 1923 4151 quos
1942 4067 2122 4132 Dens
2158 4089 2277 4133 suo
2314 4076 2607 4150 tempore
2640 4068 2824 4145 iuvit,

899 4154 1200 4238 exempla
1254 4162 1722 4237 proponantur,
1780 4173 2036 4236 semper
2093 4161 2315 4219 tamen
2369 4152 2614 4237 aliquid
2673 4152 2825 4218 obii-

902 4244 1166 4320 ciamus,
1223 4251 1287 4304 et
1345 4260 1483 4315 nos,
1541 4238 1595 4302 si
1636 4237 1874 4316 David,
1920 4247 2035 4302 aut
2073 4238 2183 4304 alii
2227 4239 2431 4305 adiuti
2473 4248 2648 4316 sunt,
2696 4260 2827 4306 non

902 4325 1046 4389 ideo
1125 4333 1339 4388 tamen
1419 4323 1824 4389 adiuvandas
1891 4323 2203 4390 dicamus.
2309 4324 2559 4392 Idcirco
2622 4325 2830 4410 igitur

903 4408 1122 4475 David
1167 4409 1497 4494 praecipit,
1543 4417 1616 4474 ut
1659 4408 1741 4473 ab
1785 4411 1962 4474 omni
2007 4409 2233 4475 fraude
2278 4421 2342 4476 et
2385 4409 2534 4475 dolo
2580 4419 2650 4476 et
2691 4432 2828 4476 om·

901 4495 1097 4561 nibus
1129 4495 1384 4561 iniuriis
1418 4494 1729 4560 adversus
1766 4496 2094 4578 proximos
2127 4495 2585 4577 abstineamus,
2631 4504 2699 4562 et
2740 4497 2832 4562 ita

901 4602 1084 4666 spem
1118 4581 1272 4646 facit
1311 4601 1429 4646 nos
1473 4580 1566 4647 sic
1609 4581 2032 4660 ambulantes,
2078 4588 2146 4646 et
2186 4581 2269 4647 ad
2295 4582 2508 4647 Deum
2555 4583 2829 4649 necessi·

905 4680 1038 4734 tate
1101 4677 1376 4752 urgente
1440 4666 1915 4750 confugientes,
1982 4666 2401 4732 adiuvandos.
2512 4668 2833 4752 Exemplo

905 4765 1042 4820 esto
1095 4752 1166 4817 in
1226 4751 1349 4819 hac
1405 4751 1548 4836 ipsa
1603 4772 1798 4818 causa
1854 4750 2091 4830 David,
2150 4754 2261 4835 qui
2317 4752 2585 4819 Saulem
2649 4753 2835 4819 nulla

904 4847 1288 4924 provocarat
1341 4837 1611 4915 iniuria,
1670 4837 2041 4921 nullamque
2099 4859 2168 4902 se
2227 4837 2653 4921 persequendi
2711 4838 2834 4924 ipsi

905 4925 1301 4991 occasionem
1341 4923 1625 5001 dederat,
1674 4933 1741 4988 et
1775 4923 2011 4990 idcirco
2035 4922 2159 4987 Dei
2204 4923 2491 4989 bonitate
2535 4935 2601 4989 et
2643 4925 2830 4991 mise·

906 5008 1183 5078 ricordia
1248 5029 1331 5075 ex
1395 5008 1694 5075 omnibns
1758 5008 2065 5091 periculis
2133 5009 2441 5075 liberatus
2505 5019 2625 5077 est.
2732 5013 2836 5077 Ac

909 5115 1067 5162 sane
1147 5116 1457 5180 magnum
1537 5093 1713 5162 istud
1781 5094 1973 5162 habet
2037 5094 2294 5177 pondus
2358 5094 2527 5179 apud
2595 5095 2833 5172 Deum,

909 5200 1109 5265 quum
1165 5181 1350 5247 testis
1406 5187 1506 5245 est
1564 5178 1748 5246 nobis
1803 5179 2199 5246 conscientia
2241 5202 2457 5248 coram
2502 5180 2665 5261 Deo,
2720 5181 2834 5247 hc·

2924 3640 3256 3704 ceritatem
3301 3647 3367 3701 et
3409 3637 3871 3722 integritatem,
3930 3649 3999 3705 et
4041 3662 4264 3723 preces
4309 3643 4397 3707 ad
4443 3642 4665 3718 Deum,
4699 3639 4794 3722 qui·

2929 3725 3047 3790 bus
3103 3743 3567 3808 cognoscamus
3625 3745 3743 3790 nos
3802 3726 3941 3791 sine
4000 3727 4205 3809 ipsius
4248 3728 4502 3793 anxilio
4546 3729 4667 3792 fore
4700 3744 4796 3789 om·

2927 3811 3113 3874 nium
3200 3808 3629 3874 miserrimos:
3717 3810 4238 3892 quandoquidem
4322 3825 4566 3879 natura
4631 3831 4797 3878 sumus

2928 3915 3143 3960 rerum
3189 3894 3479 3959 omnium
3525 3897 3735 3979 egeni,
3782 3910 3845 3960 et
3887 3897 4060 3961 unde
4105 3898 4431 3964 auxilium
4481 3916 4794 3982 quaeramus

2927 4002 3059 4046 non
3095 3978 3428 4056 habemus,
3475 3980 3596 4045 nisi
3635 3979 3717 4045 ad
3752 3981 3957 4064 ipsius
3995 3983 4356 4049 bonitatem
4396 3984 4797 4069 confugiamus.

2927 4087 3117 4151 quam
3190 4066 3555 4131 invocatam
3615 4087 3653 4131 a
3712 4066 3892 4133 nobis
3946 4079 4197 4134 certum
4260 4081 4365 4135 est
4423 4092 4507 4137 ex
4566 4069 4796 4134 omnibus
4908 4059 4909 4068 ’

2930 4150 3234 4235 periculis
3308 4172 3426 4216 nos
3481 4150 3936 4232 liberaturam,
4009 4158 4317 4236 quoniam
4380 4157 4443 4222 is
4501 4167 4596 4223 est
4644 4176 4677 4221 a
4716 4170 4797 4235 quo

2930 4238 3067 4303 solo
3149 4236 3592 4302 liberationem
3658 4257 3694 4301 e
3736 4239 4043 4321 periculis
4107 4253 4497 4323 exspectare
4543 4240 4797 4306 debemus.
4908 4231 4909 4248 *

2931 4322 3276 4388 Caeterum
3335 4332 3400 4387 et
3455 4321 3615 4388 illud
3660 4324 4174 4406 expendendum,
4229 4328 4409 4409 quod
4454 4347 4583 4394 non
4623 4337 4800 4391 temere
4908 4369 4909 4372 ,

2932 4406 3149 4475 David
3213 4408 3460 4488 adiicit,
3530 4430 3760 4493 nempe
3825 4411 4030 4476 iustos
4086 4422 4152 4476 et
4210 4412 4501 4480 humiles
4554 4411 4719 4480 corde
4756 4411 4798 4471 in

2934 4494 3175 4560 multas
3241 4492 3658 4560 difficultates
3723 4506 4047 4580 venturos,
4114 4496 4228 4563 sed
4294 4520 4385 4564 ex
4456 4498 4585 4564 illis
4641 4511 4798 4561 tamen

2934 4578 3233 4646 omnibus
3268 4578 3490 4645 divina
3529 4581 3813 4647 bonitate
3850 4591 3917 4647 et
3951 4582 4241 4665 potentia
4279 4585 4622 4650 eruendos.
4674 4581 4803 4660 ΟΜ

2937 4666 3229 4734 doctrina
3292 4662 3476 4731 valde
3529 4667 3898 4734 necessaria
3938 4678 4054 4749 est,
4102 4681 4176 4734 ut
4219 4689 4454 4736 eorum
4501 4681 4801 4736 occurratur

2934 4751 3244 4836 opinioni,
3288 4751 3397 4834 qui
3434 4750 3730 4818 divinum
3769 4752 4081 4819 auxilinm
4118 4763 4187 4821 et
4229 4757 4615 4840 angelorum
4651 4766 4801 4818 custo·

2936 4837 3109 4903 diam
3146 4837 3240 4903 sic
3273 4838 3677 4903 arbitrantur
3719 4840 4020 4906 omnibus
4063 4838 4522 4924 propinquam,
4566 4851 4632 4906 ut
4650 4839 4797 4903 Deum

2937 4944 3052 5008 per
3087 4922 3349 4987 unicum
3388 4922 3594 4988 filium
3631 4923 4006 4989 invocatum
4040 4946 4299 5008 semper
4335 4947 4605 4993 suornm
4646 4937 4801 5008 pro&

2936 5008 3245 5075 exaudire
3289 5007 3527 5089 dicant,
3571 5019 3637 5074 et
3680 5030 3807 5075 non
3853 5012 4229 5095 permittere
4273 5020 4349 5077 ut
4397 5012 4551 5079 ullis
4590 5024 4798 5091 unquam
4908 5019 4909 5032 ²

2938 5094 3135 5160 rebus
3173 5094 3526 5178 indigeant,
3571 5095 3693 5161 sibi
3737 5096 4190 5179 persuadeant.
4259 5095 4446 5164 Sane
4492 5107 4710 5165 certum
4739 5099 4799 5156 (εἴ

2941 5180 3070 5245 Dei
3136 5180 3320 5261 filios,
3386 5180 3537 5247 licet
3602 5201 4068 5267 nonnunquam
4139 5194 4597 5268 paupertatem
4652 5177 4801 5245 immi·
