5059 6059
328 351 444 425 245

326 561 554 614 memor
603 538 812 606 nostri
868 536 1179 603 misertus
1235 537 1354 612 est,
1417 549 1495 599 uc
1552 531 1706 599 licet
1755 533 1898 598 eius
1953 552 2243 600 essemus
2349 533 2589 601 Petrus
2625 536 2772 603 Act.
2810 536 2874 613 3,

328 627 560 714 indigni
614 627 857 701 favore,
931 632 1154 688 tamen
1202 638 1392 684 suam
1436 617 1507 682 in
1564 618 1911 684 servandis
1968 620 2244 702 promis-

326 715 595 784 sionibus
627 709 1065 779 constantiam
1100 704 1422 790 patefecit.
1487 704 1577 769 Et
1608 703 1868 787 quidem
1914 705 2243 772 maximus

327 804 426 871 hic
461 799 539 864 ad
580 817 703 863 nos
746 797 999 862 fructus
1041 801 1111 860 et
1152 788 1510 859 consolatio
1560 789 1732 855 redit
1773 811 1857 856 cx
1899 791 2247 857 collatione

328 885 545 956 veteris
600 883 777 949 illius
834 879 1144 948 ecclesiae
1215 896 1367 943 cum
1427 885 1687 955 nostra,
1775 896 1979 960 quum
2051 898 2246 943 suam

325 970 742 1060 praesentiam
787 966 1097 1053 patefacit
1135 964 1206 1029 in
1252 961 1473 1038 verbo,
1530 963 1716 1028 euius
1808 962 2245 1029 raedicatione

323 1058 555 1127 collecti
612 1057 735 1121 sub
799 1055 940 1120 eius
996 1050 1207 1134 signis
1262 1047 1640 1114 militemus.
1808 1047 2244 1114 bservandum

323 1146 572 1227 insuper
642 1142 767 1208 hoc
819 1139 978 1218 loco,
1036 1137 1254 1203 Deum
1314 1134 1384 1199 in
1442 1133 1697 1215 magnis
1752 1133 1884 1200 illis
1937 1135 2245 1219 operibus

322 1227 681 1304 efficiendis,
726 1237 943 1291 tamen
987 1223 1303 1289 rationem
1347 1237 1564 1286 coram
1601 1218 1972 1286 hominibus
2004 1220 2243 1286 exilem

322 1324 382 1383 et
400 1322 854 1396 contemptam,
891 1331 968 1376 ac
988 1327 1257 1393 prorsus
1296 1305 1377 1371 ab
1402 1306 1695 1370 humana
1718 1317 1938 1371 mente
1959 1306 2241 1372 alienam

304 1400 684 1551 ⁴ssquibquto
726 1397 953 1554 mffl
980 1396 1139 1544 eius:i
1160 1391 2111 1557 pomfflommt‘

540 1504 622 1550 ιοι
653 1505 737 1549 ιιι·
952 1499 1041 1547 na
1136 1499 1259 1545 uas
1967 1498 2241 1561 quarum

316 1573 501 1641 altera
539 1570 782 1638 sterilis
823 1571 976 1634 crat.
1066 1563 1257 1647 Quod
1311 1564 1523 1647 primo
1580 1561 1823 1628 intuitu
1867 1566 2057 1648 parvi
2102 1585 2239 1630 mo·

315 1658 507 1724 menti
529 1669 665 1722 est:
704 1654 815 1721 sed
852 1671 1000 1718 eam
1032 1671 1178 1718 esse
1216 1651 1531 1716 rationem
1566 1647 1941 1714 divinorum
1965 1669 2240 1734 operum

316 1765 490 1811 nosse
552 1763 681 1807 noe
745 1748 1031 1825 oportet,
1095 1747 1172 1802 ut
1237 1737 1387 1802 licet
1448 1734 1635 1800 initio
1696 1756 1769 1800 se
1826 1755 1956 1801 non
2002 1755 2239 1812 magno

316 1829 577 1915 quodam
659 1823 1006 1910 splendore
1069 1819 1545 1897 commendent,
1624 1827 1850 1885 tamen
1913 1822 2239 1887 infinitam

317 1916 432 1983 Dei
470 1913 625 1998 Opt.
675 1913 853 1978 Max.
900 1910 1235 1984 virtutem,
1278 1907 1685 1990 sapientiam,
1732 1906 2057 1972 iustitiam
2103 1908 2240 1974 ine·

318 2000 697 2068 narrabilem
732 1999 803 2062 in
836 1997 969 2061 illis
1004 1996 1318 2061 latentem
1354 2013 1499 2058 esse
1534 1991 2035 2075 suspiciendam.
2081 1992 2241 2060 an-

313 2097 509 2153 terum
560 2086 666 2151 ita
723 2085 940 2149 Deum
1005 2101 1201 2166 agere
1252 2078 1598 2144 nobiscum
1653 2076 2056 2145 conducibile
2118 2089 2240 2161 est,

312 2192 460 2257 quos
511 2183 774 2238 certum
832 2178 962 2243 est,
1029 2167 1087 2232 si
1130 2165 1261 2232 alia
1323 2163 1826 2248 progrederetur
1889 2166 2014 2244 via,
2080 2175 2242 2248 puta

310 2279 530 2343 magno
586 2277 746 2323 oum
803 2263 1122 2337 apparatu
1180 2261 1249 2317 et
1303 2249 1809 2334 magnificentia,
1872 2270 2004 2315 non
2055 2251 2240 2335 agni·

308 2353 475 2410 turos
512 2363 677 2409 eum
722 2348 1123 2425 operantem,
1165 2357 1287 2403 neo
1328 2336 1602 2420 gloriam
1639 2335 1735 2399 illi
1777 2334 2058 2401 debitam
2096 2336 2241 2402 red·

305 2430 559 2510 ditares,
637 2426 748 2494 scd
822 2427 1125 2491 fortunae
1181 2422 1400 2506 potius
1456 2430 1574 2486 aut
1629 2421 1968 2486 hominum
2025 2423 2241 2487 robori

301 2537 451 2599 opus
494 2515 801 2580 divinum
847 2509 1294 2576 attributuros.
1385 2508 1473 2574 At
1531 2527 1733 2590 quum
1790 2526 1873 2572 ex
1931 2507 2238 2574 tenuibus

300 2603 510 2683 initiis,
553 2599 732 2665 nihil
779 2616 1092 2681 magnum
1137 2594 1611 2678 pollicentibus,
1670 2602 1929 2675 praeter
1970 2614 2235 2675 exspec-

300 2688 603 2753 tationem
658 2687 894 2768 ingens
934 2681 1153 2766 surgit
1205 2699 1371 2764 opus
1416 2691 1485 2744 et
1526 2678 1883 2761 perficitur,
1936 2688 2097 2746 tunc
2138 2679 2235 2745 di-

296 2775 507 2840 vinam
564 2790 850 2836 manum
908 2785 1260 2852 agnoscere
1324 2765 1427 2830 vel
1497 2764 1742 2829 invitos
1808 2785 2071 2831 necesse
2114 2775 2233 2831 est.

295 2858 463 2941 Quin
504 2858 653 2923 imo
702 2855 828 2921 Dei
884 2854 1007 2920 hac
1054 2853 1126 2917 in
1172 2863 1359 2936 parte
1401 2847 1915 2917 commendanda
1954 2851 2236 2917 clemen·

294 2947 393 3024 tia,
451 2945 805 3010 hominum
860 2939 1308 3006 infirmitatem
1366 2935 1787 3014 sublevantis,
1847 2946 1923 3001 ut
1960 2935 2082 3003 hac
2126 2937 2237 3003 via

297 3029 723 3115 quantumvis
789 3027 1111 3111 malignos
1176 3044 1255 3089 ac
1320 3020 1571 3087 desides
1633 3022 1906 3103 excitet,
1972 3034 2040 3087 et
2094 3044 2235 3089 sese

294 3116 415 3182 illis
476 3112 870 3200 patefaciat,
950 3111 1033 3176 de
1103 3130 1230 3194 quo
1284 3129 1361 3174 ar
1407 3116 1675 3173 umento
1733 3107 2038 3191 deinceps
2095 3108 2236 3192 plu-

258 3203 469 3268 ·ribus
533 3220 756 3285 agam.
846 3198 1056 3263 Porro
1119 3215 1287 3278 quae
1393 3215 1429 3259 e
1494 3194 1763 3258 nomine
1807 3194 2088 3275 Elcana,
2152 3194 2235 3260 de

295 3289 596 3373 cognatis,
644 3283 831 3366 urbe,
877 3283 1052 3349 tribu
1092 3292 1163 3346 et
1206 3279 1453 3345 familia
1497 3279 1607 3345 hic
1646 3279 2049 3361 inseruntur,
2109 3278 2230 3347 So-

293 3376 563 3440 muelem
635 3370 937 3437 indicant
997 3389 1082 3433 ex
1147 3366 1327 3431 tribu
1387 3366 1554 3431 Levi
1616 3364 1986 3442 oriundum,
2056 3365 2231 3449 quod

295 3460 523 3527 elarius
562 3460 767 3540 longe
809 3463 1079 3538 apparet
1118 3473 1205 3519 ex
1250 3452 1309 3518 1.
1334 3450 1641 3518 Chronic.
1687 3470 1824 3534 cap.
1869 3451 1926 3519 6.
1960 3450 2073 3517 ubi
2094 3461 2235 3517 tota

290 3547 422 3612 eins
464 3545 726 3612 familia
768 3540 1179 3619 describitur,
1237 3548 1306 3603 et
1347 3537 1428 3602 ad
1473 3535 1818 3613 Ouathum,
1878 3557 2085 3602 unum
2147 3558 2230 3604 ex

286 3631 435 3698 filiis
472 3632 651 3698 Levi
700 3647 910 3712 genus
954 3626 1157 3710 ipsius
1200 3624 1499 3689 refertur.
1548 3624 1763 3688 Locus
1808 3622 2232 3691 habitationis

286 3717 516 3784 dicitnr
583 3716 805 3781 Rama
868 3733 950 3778 ex
1025 3711 1275 3776 familia
1333 3708 1856 3791 Tsephaoerum,
1935 3708 2105 3791 quod
2173 3709 2229 3776 si

284 3804 553 3868 verbum
624 3799 829 3868 verbo
893 3795 1130 3864 reddas
1182 3794 1357 3860 idem
1420 3794 1748 3879 significat
1804 3813 1880 3860 ac
1937 3797 1990 3858 si
2052 3794 2229 3860 dicas

287 3890 724 3972 speculatores
784 3894 896 3949 aut
955 3883 1421 3966 exploratores.
1512 3878 1902 3963 Quanquam
1964 3879 2227 3963 quidam

284 3974 807 4058 interpretentur
868 3989 1097 4036 vocem
1163 3968 1341 4033 illam
1389 3966 1744 4048 Tzopbim,
1820 3965 2224 4032 sacerdotem

282 4070 393 4125 aut
448 4056 887 4146 prophetam:
934 4056 1045 4120 sed
1093 4055 1289 4119 nimis
1337 4065 1558 4119 coacta
1602 4060 1704 4116 est
1742 4052 2223 4135 interpretatio.

279 4146 423 4212 Non
478 4157 585 4212 est
646 4145 826 4210 enim
883 4141 1150 4207 dubium
1210 4140 1371 4222 quin
1429 4137 1749 4220 'l'nophim
1807 4138 2054 4202 fuerint
2094 4137 2226 4203 ¹duo

278 4233 470 4298 colles
533 4239 664 4296 aut
719 4251 756 4295 e
820 4226 1085 4308 regione
1149 4226 1316 4290 alter
1378 4223 1667 4300 alterius,
1732 4235 1847 4288 aut
1902 4244 1941 4288 e
1990 4222 2224 4306 quibus

278 4329 408 4383 tota
451 4318 644 4402 regio
680 4314 964 4397 conspici
998 4321 1272 4396 poterat.
1342 4309 1694 4376 Caeterum
1740 4310 1905 4374 istae
1954 4310 2224 4375 circum-

276 4406 553 4471 stantiae
600 4423 735 4466 non
782 4420 1016 4484 parum
1060 4398 1143 4464 ad
1193 4395 1501 4463 historiae
1542 4394 1737 4460 fidem
1767 4395 2035 4477 faciunt,
2082 4397 2223 4462 Deo

272 4494 635 4558 suscitante
682 4486 1055 4553 Samuelem
1110 4484 1303 4550 cuius
1355 4502 1553 4564 opera
1595 4491 1909 4564 tanquam
1966 4491 2224 4547 exserto

270 4573 535 4643 brachio
571 4571 806 4658 populi
840 4571 1195 4653 collapsum
1239 4578 1483 4633 statum
1513 4576 1929 4633 restauraret.
1995 4567 2224 4652 Neque

273 4665 448 4727 enim
522 4662 715 4727 Deus
786 4679 856 4723 se
922 4656 1063 4722 fore
1131 4667 1380 4739 patrem
1436 4653 1665 4719 testari
1725 4654 1933 4718 voluit
1986 4654 2068 4718 iis
2110 4654 2222 4737 qui

272 4769 476 4831 paene
541 4746 830 4811 demersi
889 4743 1245 4819 iacuerunt,
1304 4740 1617 4805 suscitato
1668 4748 1923 4805 tantum
1984 4738 2221 4824 guber·

273 4845 522 4912 natore,
561 4831 681 4899 sed
724 4830 1011 4896 maxime
1068 4826 1420 4911 prophetis,
1478 4826 1671 4909 longe
1728 4826 1971 4890 maiore
2026 4844 2221 4907 quam

270 4918 730 5006 superioribus
785 4914 1063 4981 saeculis
1118 4913 1304 4994 copia
1357 4921 1424 4977 et
1479 4912 1830 4977 autoritate
1875 4912 2222 4991 suscitatis,

271 5021 344 5074 ut
384 5004 711 5072 floridum
768 5011 838 5066 et
896 4998 1275 5065 delectabile
1326 5005 1584 5081 tompus
1626 5000 1961 5082 aspiraret.
2052 4997 2221 5063 Nam

275 5096 598 5177 scriptum
659 5099 759 5153 est
811 5087 986 5152 infra
1040 5086 1174 5150 illis
1224 5083 1641 5166 temporibus,
1688 5083 1820 5150 Dei
1859 5083 2110 5148 verbum
2150 5085 2225 5148 in

261 5181 465 5264 pretio
495 5177 728 5261 fuisse,
771 5173 839 5239 id
875 5183 975 5237 est
1011 5180 1272 5255 gratum
1315 5179 1384 5235 et
1416 5182 1772 5254 acceptum.
1830 5169 1889 5233 N
1894 5189 2000 5233 am
2031 5177 2225 5234 antea

1702 342 1803 410 IN
1835 344 1891 410 Ι.
1936 342 2118 411 LIB.
2162 343 2566 414 SAMUEL.
2611 345 2806 416 OAP.
2849 346 2906 416 I.

4168 350 4299 420 246

2920 556 3048 621 quo
3083 536 3226 605 loco
3269 536 3549 605 ostendit
3591 539 3948 608 Dominum
3991 549 4297 612 nostrum

2346 620 2570 687 Iesum
2632 622 2975 689 Christum
3037 625 3184 690 sine
3247 623 3759 692 contradictione
3823 629 4296 713 recipiendum,

2347 707 2453 773 vel
2511 708 2720 792 ipsius
2769 710 2973 775 Mosis
3031 711 3403 776 testimonio
3445 710 3898 798 irrefragabili,
3960 736 3999 780 a
4042 737 4169 800 quo
4211 718 4294 786 ad

2344 792 2539 858 illum
2583 795 2985 861 remittimur
3047 795 3149 861 his
3193 796 3440 862 verbis:
3498 797 3902 881 Prophetam
3954 804 4295 871 suscitabit

2346 879 2534 945 vobis
2593 878 2922 947 Dominus
2979 879 3167 948 Deus
3231 891 3454 948 vester
3508 902 3596 947 ex
3659 884 3971 951 fratribus
4034 891 4292 976 vestris,

2345 964 2518 1031 sicut
2561 986 2701 1030 me:
2779 965 3056 1033 audietis
3099 989 3248 1035 eum
3304 970 3376 1034 in
3420 968 3721 1034 omnibus
3765 990 3936 1053 quae
3977 972 4291 1058 loquutus

2344 1050 2551 1116 fuerit
2594 1052 2812 1118 vobis:
2870 1072 2947 1119 ac
3001 1052 3221 1119 docuit
3261 1074 3593 1138 nunquam
3637 1075 3754 1139 spe
3798 1077 3916 1122 sua
3959 1063 4291 1129 excisuros

2345 1136 2456 1220 qui
2500 1136 2810 1203 fiduciam
2852 1138 2924 1202 in
2970 1137 3085 1203 illo
3129 1139 3529 1218 collocarint,
3587 1139 3700 1227 (ex
3742 1142 3976 1226 quibus
4020 1158 4291 1230 apparet

2345 1224 2563 1289 Deum
2633 1223 2928 1307 patribus
2991 1245 3252 1307 semper
3313 1225 3617 1306 adfuisse,
3684 1236 3750 1292 et
3814 1230 4047 1297 salutis
4111 1235 4288 1301 viam

2342 1307 2916 1396 commonstrasse)
2959 1329 3037 1375 ac
3057 1311 3290 1377 Mosen
3316 1310 3567 1378 Christi
3595 1311 3856 1379 Domini
3901 1336 4286 1398 praeconem

2341 1394 2569 1474 fuisse,
2628 1396 2964 1479 subiungit-
3009 1417 3239 1462 omnes
3281 1398 3636 1481 prophetae
3680 1420 3719 1464 a
3765 1397 4072 1467 Samuele
4116 1404 4287 1474 hanc

2341 1481 2626 1546 salutem
2670 1502 2789 1546 suo
2834 1494 3127 1564 tempore
3170 1482 3554 1549 mittendam
3599 1483 3978 1553 declarasse.
4046 1489 4287 1559 Petrus

2340 1568 2566 1650 itaque
2622 1567 2806 1633 docet
2852 1568 3065 1633 Deum
3124 1569 3327 1634 veluti
3383 1570 3611 1635 faciem
3671 1592 3854 1636 suam
3900 1573 3983 1637 ad
4027 1584 4284 1660 tempus

2336 1653 2751 1733 subduxisse,
2793 1673 2998 1736 quum
3046 1654 3229 1719 nullo
3283 1652 3434 1720 dato
3489 1657 3941 1740 gubernatore,
4005 1662 4281 1744 populus

2340 1739 2482 1805 sine
2537 1738 2833 1839 legitima
2892 1739 3158 1839 politiae
3215 1739 3785 1841 administratione
3839 1742 4117 1812 iactatus
4159 1756 4280 1831 est,

2338 1823 2748 1987 3:323?ssssssss
2786 1824 4281 2005 gsslffffissapwffi,33:222022222’323

2340 1996 2758 2063 obscuratam
2799 2005 2867 2061 et
2913 1996 3121 2062 veluti
3178 1996 3563 2064 suffocatam
3622 1999 3852 2065 fuisse:
3907 2002 4020 2068 sed
4065 2002 4284 2072 Deum

2339 2083 2653 2148 suscitato
2695 2081 3006 2147 Samuele
3063 2103 3196 2147 non
3257 2095 3514 2148 tantum
3567 2083 3886 2151 iacentem
3932 2097 4126 2154 antea
4169 2110 4284 2174 pe-

2340 2169 2477 2251 puli
2539 2178 2784 2232 statum
2843 2169 3150 2249 erexisse,
3206 2189 3436 2233 verum
3477 2170 3678 2235 etiam
3724 2171 4107 2256 religionem
4153 2178 4285 2259 pri-

2340 2254 2552 2320 stinae
2596 2253 2660 2317 di
2712 2252 2902 2318 nitati
2951 2253 3348 2319 restituisse:
3406 2274 3483 2318 ac
3527 2252 3835 2322 Samuele
3889 2257 3971 2322 ad
4029 2268 4283 2328 tantam

2340 2359 2479 2405 rem
2538 2359 2623 2423 pe
2707 2337 3008 2405 ciendam
3077 2339 3459 2406 fidelissimo
3521 2339 4027 2426 dignissimoque
4080 2346 4281 2413 admi·

2340 2425 2552 2490 nistre
2591 2435 2659 2489 et
2695 2426 3135 2490 instrumento
3169 2446 3311 2491 esse
3345 2446 3557 2505 usum,
3601 2447 3679 2493 ac
3712 2427 3968 2495 scholas
4001 2432 4281 2516 prophe-

2341 2521 2561 2576 tarum
2605 2511 2960 2590 institutas,
3019 2510 3189 2577 sicut
3231 2510 3539 2594 deinceps
3583 2512 3843 2579 favente
3887 2515 4029 2582 Deo
4072 2518 4281 2584 visuri

2341 2617 2587 2663 sumus.
2677 2597 2869 2662 Hanc
2913 2596 3114 2661 ctiam
3157 2595 3239 2662 ob
3282 2617 3543 2663 eausam
3592 2598 3700 2664 hic
3740 2599 3908 2665 liber
3947 2598 4280 2671 Samuelis

2338 2703 2497 2767 prae
2543 2704 2613 2749 se
2657 2682 2786 2747 fert
2827 2683 3114 2760 titulum,
3167 2682 3436 2748 minime
3480 2683 3740 2766 quidem
3785 2694 4097 2768 tanquam
4141 2688 4316 2754 edi-'

2340 2781 2449 2835 tus
2505 2789 2546 2834 a
2603 2766 2911 2835 Samuele
2968 2769 3072 2847 sit,
3147 2767 3261 2833 sed
3315 2767 3615 2851 quodin
3659 2769 3972 2836 Samuele
4022 2773 4278 2843 visibile

2340 2854 2791 2920 testimonium
2833 2854 3076 2922 favoris
3118 2852 3224 2920 sui
3268 2853 3592 2920 Dominus
3635 2856 3702 2920 in
3747 2857 3985 2940 populo
4028 2869 4279 2926 restau-

2341 2940 2548 3005 rando
2605 2937 3005 3023 produxerit.
3106 2937 3273 3020 Quis
3325 2939 3499 3004 enim
3555 2960 3687 3006 non
3745 2944 3979 3007 merito
4035 2943 4280 3012 dixerit

2338 3037 2492 3091 ante
2550 3025 2934 3091 suscitatum
2991 3022 3363 3092 Samuelem
3421 3033 3607 3090 tanta
3663 3029 4079 3110 corruptione
4142 3031 4277 3096 foe-

2338 3110 2557 3176 datam
2623 3122 2884 3195 gentem
2948 3110 3151 3194 illam,
3218 3119 3294 3176 ut
3349 3110 3533 3177 Deus
3605 3132 3687 3176 ex
3744 3110 3991 3178 Israele
4048 3115 4278 3198 pulsus

2338 3197 2691 3274 videretur,
2754 3216 3090 3280 quousque
3152 3196 3255 3262 ¹vel
3323 3216 3458 3260 una
3521 3195 3754 3263 domus
3805 3219 3850 3263 a
3905 3199 4276 3284 depravatis

2336 3283 2515 3349 illius
2579 3284 2819 3349 saeculi
2877 3282 3165 3347 moribus
3229 3281 3578 3349 recederet.
3682 3282 3788 3348 Ita
3843 3283 3969 3349 Dei
4036 3307 4274 3352 nomen

2332 3378 2634 3453 coeptum
2697 3377 2801 3434 est
2854 3365 3181 3435 Samuelis
3246 3366 3640 3450 temporibus
3683 3368 4005 3450 invocari,
4071 3392 4273 3456 quum

2332 3465 2548 3533 antea,
2605 3454 2799 3521 sicuti
2861 3452 3164 3532 diximus,
3223 3461 3400 3519 terra
3441 3452 3584 3519 sine
3627 3473 3782 3538 rege
4072 3477 4148 3523 ao
4199 3477 4274 3525 se

2332 3538 2607 3624 proinde
2661 3541 2931 3623 quisque
2996 3559 3115 3622 pro
3172 3559 3292 3604 sua
3349 3537 3620 3605 libidine
3705 3549 3991 3626 gereret,
4069 3543 4272 3610 nullis

2328 3627 2560 3778 3333ss
2623 3622 3704 3793 220‘20”5.3²1‘3¹r¹ioe2⁰¹''⁰‹3⁵1;1n¹²⁰1¹1¹222
3720 3624 4274 3782 ᾶῗέἓέἒοξἫ·

2329 3797 2646 3882 quantus!
2698 3806 2774 3861 ut
2817 3795 3051 3880 angelo
3094 3794 3369 3861 similior
3412 3814 3608 3879 quam
3656 3796 3904 3862 homini
3947 3761 4269 3888 videatur,

2329 3903 2546 3948 nonne
2589 3882 2750 3948 adeo
2795 3892 3013 3947 tamen
3050 3890 3416 3947 contemtus
3455 3881 3584 3946 fuit
3615 3880 3699 3946 ab
3734 3881 3992 3967 ingrato
4033 3887 4267 3969 populo

2326 3989 2404 4036 ac
2446 3969 2741 4052 reprobo,
2793 3977 2868 4033 ut
2913 3987 2956 4031 a
3012 3987 3131 4032 sua
3174 3967 3507 4050 protervia
3563 3977 3633 4032 et
3688 3965 4003 4036 adversus
4049 3972 4266 4038 Deum

2325 4055 2732 4121 contumacia
2792 4052 3088 4119 revocari
3153 4052 3350 4118 nullis
3404 4052 3676 4118 habenis
3735 4056 4036 4137 potuerit,
4103 4059 4261 4141 quin

2329 4142 2452 4207 Dei
2516 4141 2728 4226 legem
2795 4159 3054 4204 summa
3114 4157 3262 4204 cum
3331 4136 3682 4204 rebellione
3748 4147 3815 4203 et
3886 4143 4263 4209 confusione

2329 4226 2529 4292 voluti
2609 4224 2878 4310 pedibus
2955 4223 3396 4291 conculcatam
3476 4223 3790 4290 violarit?
3898 4227 4041 4292 Iam
4105 4249 4263 4295 vero

2325 4311 2455 4378 Dei
2498 4312 2714 4378 cultus
2758 4310 3125 4390 instaurari,
3167 4329 3303 4373 non
3348 4318 3565 4375 tamen
3613 4311 3755 4376 sine
3800 4313 4105 4378 maximis
4143 4313 4264 4378 dif-

2325 4398 2741 4476 ficultatibus,
2805 4395 3053 4478 incipit.
3143 4394 3275 4459 Vix
3343 4396 3516 4460 enim
3583 4396 3831 4462 affulsit
3888 4397 4013 4462 Dei
4077 4399 4263 4465 favor

2323 4506 2482 4569 erga
2526 4483 2858 4568 populum,
2906 4484 3017 4546 vix
3062 4480 3389 4564 explicare
3434 4483 3646 4565 coepit
3678 4501 3865 4547 suam
3899 4482 4262 4550 beneficen-

2324 4572 2502 4648 tiam,
2571 4589 2774 4653 quum
2838 4587 2988 4633 ecce
3052 4566 3329 4650 populus
3392 4569 3582 4633 novis
3625 4567 3850 4645 turbis,
3919 4572 4091 4634 Arca
4133 4568 4260 4637 Dci

2323 4653 4259 4822 ΐὲἕῗῑιέἓῦὲοὲῗῗαὲἓηξῖώῚῗςὶῗέὥῖἶίοὲἕέἑέαἲῖἑῖῗ

2324 4837 2519 4893 tenus
2585 4762 2779 4891 hancp
2818 4825 3157 4903 historiam
3219 4822 3544 4891 Samuelis
3609 4824 3872 4888 nomine
3935 4825 4259 4910 insigniri,

2325 4912 2494 4996 quod
2545 4912 2725 4977 Deus
2770 4911 3007 4995 populo
3052 4911 3432 4977 conciliatus
3474 4908 3682 4993 patris
3716 4929 3792 4973 ac
3833 4912 4114 4993 pastoris
4156 4912 4256 4978 of·

2323 5001 2542 5066 ficium
2587 4999 2799 5064 facere
2839 5006 2998 5063 tunc
3054 4999 3332 5062 excitato
3377 4994 3685 5060 Samuele
3737 4997 3962 5078 coepit.

2499 5082 2906 5151 Accedamus
2982 5081 3062 5146 ad
3145 5081 3494 5146 Elcanam:
3589 5079 3700 5144 ubi
3777 5080 4252 5150 observandum

2326 5171 2543 5236 nullas
2586 5170 2695 5236 hic
2737 5169 2880 5234 eius
2928 5168 3229 5247 virtutes,
3272 5185 3474 5249 quum
3521 5164 3682 5230 duas
3725 5185 3965 5233 uxores
4010 5168 4253 5236 habere

270 5268 485 5331 fuerat
539 5261 826 5346 exiguus
880 5258 1347 5342 prophetarum
1408 5276 1732 5324 numerus.
1818 5255 1911 5320 Et
1962 5253 2222 5338 quidem
2327 5256 2586 5336 dicitur,
2643 5254 3024 5339 praedicari,
3082 5252 3194 5318 sed
3253 5250 3489 5316 vitium
3547 5259 3703 5316 tunc
3751 5252 3911 5318 satis
3966 5254 4256 5341 vulgare,

3741 5351 3841 5407 16·
