5059 6059
280 368 389 436 693

276 550 641 631 monstravit,
686 570 889 634 quum
935 549 1249 635 neglectis
1285 548 1532 616 divitiis
1571 557 1638 615 et
1674 548 1914 617 delitiis
1949 548 2170 633 regiae

274 643 476 709 domus
530 648 686 703 tunc
745 637 1054 702 miseram
1108 645 1175 702 et
1218 634 1536 703 abiectam
1578 636 1802 720 populi
1849 636 1974 702 Dei
2017 655 2168 702 con-

276 728 551 794 ditionem
595 732 911 807 sequutus
967 733 1085 802 est,
1145 729 1212 789 et
1276 721 1463 789 exsul
1527 721 1740 807 patria
1796 729 1865 787 et
1925 719 2171 787 laribus

276 826 389 880 tam
443 810 545 875 diu
597 810 669 873 in
727 809 1074 893 peregrina
1131 815 1309 873 terra
1352 820 1644 874 moratus
1687 816 1823 875 est:
1881 816 1947 874 et
1989 806 2171 873 dein-

273 919 416 983 ceps,
476 907 545 959 ut
599 894 744 960 Deo
800 894 1282 979 obsequeretur,
1336 902 1433 960 tot
1488 892 1775 961 insultus
1825 892 2052 978 populi
2108 900 2174 957 et

270 981 657 1070 gravissimos
715 979 971 1046 labores
1011 979 1301 1063 pertulit,
1362 989 1558 1064 atque
1599 978 1759 1045 adeo
1800 979 1872 1045 in
1916 978 2172 1045 deserto

271 1089 401 1138 cum
439 1073 532 1132 tot
573 1064 1068 1131 difficultatibus
1112 1066 1399 1132 luctatus
1442 1075 1559 1144 est,
1616 1074 1692 1130 ut
1734 1065 1877 1131 Dec
1920 1085 1991 1132 se
2033 1085 2172 1129 mo·

269 1155 530 1255 rigorum
621 1152 935 1228 raeberet,
979 1171 1064 1217 ex
1106 1151 1187 1218 iis
1231 1153 1674 1236 cognoscimus
1718 1150 1903 1217 illum
1938 1168 2172 1216 revera

267 1241 442 1307 fuisse
481 1258 519 1304 a
631 1257 704 1302 eo
737 1237 1002 1302 factum.
1091 1235 1181 1303 Et
1223 1236 1465 1304 idcirco
1506 1237 1673 1304 bene
1716 1235 1872 1303 dicit
1913 1245 2169 1322 aposto·

269 1327 374 1402 lus,
413 1324 591 1389 illum
652 1322 1037 1401 obduruisse,
1104 1324 1537 1390 constantiam
1602 1323 1810 1410 ipsius
1875 1321 2171 1400 laudans,

265 1412 326 1477 in
395 1408 772 1492 superandis
837 1407 1063 1475 multis
1129 1420 1197 1474 et
1262 1408 1603 1476 horrendis
1678 1408 2171 1474 tentationibus.

269 1495 383 1564 Sed
433 1493 604 1560 unde
661 1493 774 1559 illa
834 1495 1169 1577 patientia,
1225 1493 1401 1560 unde
1435 1496 1804 1563 constantia
1856 1495 1928 1559 in
1974 1492 2173 1559 tantis

265 1580 751 1659 difficultatibus,
811 1580 938 1645 nisi
990 1601 1030 1645 a
1071 1579 1237 1657 Deo,
1303 1580 1415 1664 qui
1473 1581 1661 1647 illum
1720 1579 1885 1661 fecit,
1952 1590 2019 1646 et
2062 1579 2173 1662 qui

260 1668 346 1734 illi
384 1667 548 1731 dona
591 1665 675 1731 ad
717 1664 1087 1732 faciendum
1130 1665 1415 1733 officium
1460 1666 1822 1734 necessaria
1866 1664 2063 1749 dedit,
2109 1672 2175 1730 et

261 1754 318 1819 in
372 1751 505 1818 dies
545 1751 754 1833 auxit,
811 1750 1014 1816 immo
1060 1759 1127 1818 et
1178 1773 1437 1835 semper
1478 1773 1651 1819 nova
1694 1753 1905 1838 gratia
1947 1772 2174 1818 cumu-

260 1838 423 1917 lavit,
476 1858 560 1902 ne
617 1837 691 1903 in
748 1826 952 1903 tantis
1009 1836 1502 1905 difficultatibus
1564 1840 1851 1905 animum
1899 1837 2176 1922 despon-

264 1923 444 2000 deret,
503 1931 567 1987 et
611 1920 1112 1989 succumberet?
1197 1923 1447 1989 Eadem
1491 1924 1774 1990 Aaronis
1832 1933 1933 1990 est
1972 1922 2174 1989 ratio:

261 2008 556 2094 quidquid
616 2010 793 2074 enim
837 2008 1010 2090 fecit,
1077 2030 1117 2075 a
1159 2009 1286 2075 Dei
1347 2031 1530 2075 mera
1593 2009 1806 2096 gratia
1864 2008 2175 2074 manavit.

261 2099 459 2178 Atque
521 2092 592 2165 id
660 2094 944 2160 maxime
1008 2095 1075 2160 in
1142 2098 1407 2161 Aarone
1470 2098 1909 2180 conspicuum.
2006 2093 2179 2160 Nam

262 2181 362 2247 ubi
401 2180 689 2265 primum
733 2178 916 2247 Deus
959 2179 1144 2247 illum
1205 2181 1408 2246 veluti
1451 2181 1692 2248 laxatis
1735 2180 2012 2247 habenis
2055 2178 2179 2246 sibi

261 2266 1302 2418 {ssffi23¹‘’.{‘“21¹30¹²3333.33·
1356 2265 2180 2438 Z‘unffipussssfiissoeffiffiissg

258 2438 482 2503 centies
537 2435 732 2502 illum
788 2438 955 2503 mori
1010 2404 1418 2522 oportuisset,
1477 2460 1670 2522 quam
1731 2437 1970 2523 populo
2027 2436 2178 2504 obe-

260 2522 385 2589 dire
436 2530 505 2589 et
563 2544 605 2588 a
648 2523 793 2588 Deo
837 2522 1158 2590 recedere.
1247 2523 1471 2605 Quare
1513 2545 1715 2610 quum
1759 2524 1842 2590 ad
1883 2524 2179 2591 Pharao·

258 2611 351 2674 nis
410 2608 949 2675 comminationes
1015 2610 1499 2693 imperterritus
1576 2610 1776 2691 stetit,
1855 2616 1925 2675 et
1987 2628 2181 2693 saepe

258 2716 456 2760 coram
499 2694 859 2760 furibunda
900 2694 1017 2760 illa
1058 2695 1198 2760 fera
1240 2694 1511 2774 adstitit,
1556 2703 1625 2762 et
1658 2704 1844 2761 tanta
1876 2702 2180 2761 constan-

257 2781 356 2859 tia,
408 2781 609 2846 minis
652 2779 836 2846 illius
877 2778 1213 2864 neglectis,
1274 2779 1401 2848 Dei
1445 2779 1753 2847 mandata
1793 2780 1890 2846 illi
1933 2779 2180 2859 retulit,

257 2887 374 2930 non
415 2886 764 2949 possumus
807 2866 999 2932 aliter
1040 2866 1345 2945 iudicare,
1404 2888 1598 2950 quam
1645 2888 1685 2932 a
1726 2867 1870 2932 Deo
1912 2866 2180 2945 factum,

257 2962 314 3016 et
363 2952 563 3017 talem
623 2960 693 3016 et
735 2952 878 3018 istis
920 2951 1343 3036 qualitatibus
1398 2962 1705 3019 ornatum
1749 2953 1966 3018 fuisse.
2055 2953 2182 3017 At-

256 3058 366 3120 que
405 3036 570 3103 haec
630 3038 1040 3103 observanda
1084 3039 1352 3104 fuerunt
1393 3059 1478 3104 ex
1520 3037 1652 3104 illis
1696 3038 1979 3116 vocibus,
2042 3035 2183 3102 Mo-

255 3142 350 3188 sen
410 3128 468 3188 et
530 3121 854 3189 Aaronem
918 3123 1100 3190 Deus
1171 3125 1337 3208 fecit.
1448 3123 1901 3191 Admonemur
1966 3123 2184 3207 itaque

255 3207 385 3274 Deo
442 3222 714 3292 accepta
770 3208 1015 3274 referre
1073 3230 1494 3294 quaecunque
1535 3210 1608 3275 in
1651 3231 1774 3276 nos
1818 3208 1988 3274 dona
2031 3230 2184 3275 con-

257 3294 393 3359 tulit
425 3304 494 3359 et
530 3292 823 3378 quotidie
859 3296 1128 3375 confert,
1173 3316 1260 3360 ne
1296 3295 1596 3381 sacrilegi
1639 3296 1864 3373 simus,
1910 3303 1978 3360 et
2011 3294 2184 3378 quod

255 3378 448 3462 ipsius
488 3388 593 3446 est
639 3380 827 3446 nobis
869 3380 1298 3447 vindicemus.
1359 3381 1582 3462 Quare
1626 3382 1923 3467 quisquis
1966 3379 2186 3464 aliqua

255 3465 314 3529 in
376 3487 446 3530 re
512 3465 805 3545 excellit,
867 3468 1126 3531 noverit
1192 3466 1356 3532 illud
1421 3487 1461 3532 a
1505 3468 1648 3533 Deo
1713 3487 2005 3546 manare,
2074 3466 2186 3549 qui

255 3552 445 3616 sancti
504 3552 614 3618 sui
673 3551 941 3634 spiritus
999 3552 1189 3618 donis
1233 3573 1384 3619 eum
1439 3552 1717 3630 ornavit,
1776 3570 1942 3635 quae
1986 3571 2026 3616 a
2068 3571 2187 3616 sua

257 3645 482 3701 natura
527 3657 671 3702 non
716 3637 962 3702 habuit.
1009 3637 1199 3705 Licet
1233 3640 1436 3724 igitur
1471 3637 1908 3705 haereditario
1945 3637 2186 3703 habere

257 3720 313 3786 id
365 3721 690 3800 videatur,
750 3736 974 3787 tamen
1031 3745 1102 3789 se
1158 3725 1357 3791 talem
1416 3745 1456 3789 a
1513 3724 1660 3790 Deo
1725 3723 1969 3789 factum
2035 3742 2185 3807 cog-

256 3808 525 3874 noscito:
588 3815 789 3892 atque
832 3810 923 3874 ita
964 3808 1078 3873 fiet
1113 3817 1189 3875 ut
1232 3831 1420 3876 nemo
1479 3810 1622 3876 aliis
1667 3808 2003 3888 excellere,
2059 3809 2185 3874 nisi

253 3913 288 3956 a
344 3894 562 3979 gratia
632 3892 876 3974 divina,
942 3893 1064 3959 sibi
1130 3895 1451 3962 videatur.
1561 3895 1808 3962 Contra
1871 3895 1928 3960 si
1992 3913 2183 3976 quem

255 3977 512 4045 idiotam
579 3979 1122 4063 contemplamur,
1203 3993 1320 4046 aut
1381 3981 1714 4064 stupidum
1780 3990 1848 4045 et
1908 3978 2185 4044 bardum

259 4063 601 4146 hominem,
662 4067 735 4131 in
793 4086 869 4131 eo
912 4074 1224 4149 tanquam
1282 4068 1355 4132 in
1400 4067 1662 4151 speculo
1706 4087 1825 4132 nos
1867 4066 2040 4150 ipsos
2084 4065 2185 4129 in·

257 4162 563 4237 tueamur,
628 4164 698 4217 et
755 4151 975 4235 quales
1021 4161 1256 4217 natura
1297 4153 1501 4218 futuri
1543 4172 1830 4218 essemus
1873 4171 2185 4235 agnosca·

258 4255 410 4319 mus,
432 4239 564 4303 nisi
586 4236 780 4303 Deus
815 4237 897 4303 ab
932 4236 1064 4303 illis
1109 4260 1226 4305 nos
1262 4238 1675 4305 discerneret.
1728 4236 1952 4318 Quare
1989 4235 2189 4303 disca-

256 4340 390 4387 mus
430 4323 532 4388 illi
579 4343 704 4407 pro
746 4321 1045 4389 omnibus
1088 4324 1291 4406 ipsius
1326 4345 1483 4410 erga
1516 4344 1636 4390 nos
1672 4323 2003 4389 beneficiis
2038 4344 2185 4406 gra-

258 4407 372 4471 tias
425 4422 666 4494 agere:
726 4417 792 4473 et
849 4430 981 4473 non
1042 4417 1297 4475 tantum
1356 4410 1436 4474 de
1491 4410 1572 4476 iis
1630 4408 1815 4475 donis
1856 4429 2020 4493 quae
2062 4408 2187 4491 ipsi

259 4494 636 4579 accepimus,
707 4514 933 4560 verum
1000 4496 1196 4560 etiam
1264 4495 1342 4561 de
1407 4496 1487 4560 iis
1540 4496 1842 4561 omnibus
1895 4514 2059 4576 quae
2116 4494 2186 4558 in

260 4578 407 4645 alios
449 4579 535 4645 ad
582 4588 877 4645 nostram
922 4580 1269 4646 utilitatem
1316 4580 1551 4647 collata
1595 4591 1765 4646 sunt.
1816 4578 1928 4646 Sic
1971 4599 2188 4644 exem-

258 4661 338 4744 pli
382 4686 599 4746 causa,
646 4686 850 4749 quum
894 4664 1023 4730 Dei
1067 4667 1339 4732 verbum
1382 4666 1659 4732 fideliter
1699 4666 1887 4731 nobis
1932 4686 2187 4730 annun-

260 4748 535 4831 tiabitur,
595 4752 882 4817 sciamus
938 4774 978 4816 a
1033 4748 1178 4817 Deo
1237 4754 1472 4819 missos
1528 4753 1719 4819 nobis
1777 4750 2000 4818 fideles
2042 4750 2188 4816 illos

260 4835 748 4916 praedicatores,
806 4835 887 4902 ad
931 4836 998 4902 id
1043 4858 1083 4902 a
1127 4837 1411 4903 Domino
1455 4838 1816 4921 suscitatos,
1875 4846 1952 4901 ut
1995 4856 2188 4919 saepe

261 4918 422 5004 loqui
466 4943 730 4989 sacram
784 4923 1173 5006 scripturam
1217 4922 1533 4990 videmus.
1620 4923 1811 5000 Nam,
1877 4925 1971 4987 ait
2015 4921 2186 4988 Pau-

263 5002 384 5073 lus:
433 5009 567 5092 Quo
601 5008 785 5074 modo
803 5009 1276 5092 praedicabunt,
1319 5010 1450 5075 nisi
1482 5007 1858 5074 mittantur?
1905 5018 1970 5072 et
2014 5008 2188 5088 alibi,

263 5091 374 5157 ait:
429 5093 568 5161 Nos
613 5116 750 5159 non
796 5115 935 5161 esse
977 5094 1245 5160 idoneos
1289 5116 1370 5161 ex
1415 5095 1600 5161 nobis
1645 5094 1727 5159 ad
1772 5093 2185 5178 cogitandum

265 5176 623 5265 quidquam,
694 5180 822 5247 nisi
887 5181 967 5246 ab
1034 5201 1110 5246 eo
1169 5180 1572 5260 adiuvemur,
1648 5182 1717 5245 in
1785 5200 1912 5263 quo
1976 5181 2188 5247 omnis

264 5263 585 5344 plenitudo
633 5267 882 5350 gratiae
928 5276 995 5331 et
1037 5267 1350 5333 virtutum
1397 5265 1702 5345 abundat,
1758 5267 1867 5349 qui
1912 5278 2010 5331 est
2053 5266 2186 5331 Do-

1549 358 1649 425 IN
1690 356 1747 423 Ῑ.
1795 354 1973 424 LIB.
2021 356 2422 426 SAMUEL.
2468 355 2667 425 OAP.
2726 355 2888 426 XII.

4079 334 4210 425 692

2274 548 2487 613 minus
2532 556 2757 613 noster
2798 547 2985 615 Iesus
3028 545 3354 625 Christus,
3398 567 3438 612 a
3480 566 3608 632 quo
3650 541 3913 634 linguae
3945 548 4208 629 nosti-ae

2272 654 2391 717 per
2433 633 2745 699 virtutem
2789 633 2999 700 sancti
3044 634 3314 719 spiritus
3356 632 3562 716 ipsius
3607 633 3999 718 diriguntur.
4090 636 4210 701 At·

2272 739 2397 804 que
2460 718 2555 784 ita
2618 719 3129 786 existimandum
3198 731 3300 785 est
3362 719 3577 785 Deum
3642 719 3960 785 virtutem
4025 716 4210 786 sua'm

2272 825 2597 883 exercere,
2639 806 3148 890 quotiescunque
3190 806 3441 872 sincere
3487 816 3551 871 et
3587 825 3750 889 pure
3785 806 3973 873 nobis
4006 827 4208 872 evan·

2270 891 2519 974 gelium
2586 892 3032 969 annuntiatur,
3105 899 3173 956 et
3236 891 3441 976 ipsius
3506 891 3790 957 ministri
3855 893 4210 958 mittuntur

2273 977 2358 1041 ad
2391 997 2531 1056 nos,
2578 977 2812 1060 quibus
2867 977 3294 1060 praeconibus
3352 976 3739 1043 testificetur
3794 998 3954 1044 cura
4011 994 4211 1061 quam

2272 1060 2354 1127 de
2419 1069 2647 1129 nostra
2723 1062 2932 1129 salute
3008 1064 3194 1148 gerit.
3284 1061 3399 1130 Sic
3463 1064 3661 1129 etiam
3741 1083 3945 1147 quum
4009 1063 4213 1129 bonos

2272 1148 2698 1233 magistratus
2750 1147 2937 1215 Deus
2995 1149 3258 1234 excitat,
3315 1148 3429 1233 qui
3484 1148 3681 1214 officii
3740 1149 3844 1215 sui
3899 1148 4213 1234 fungendi

2273 1235 2411 1299 zelo
2475 1234 2828 1312 ducuntur,
2889 1244 2954 1298 et
3010 1236 3120 1319 qui
3173 1234 3454 1301 fideliter
3507 1255 3587 1300 ea
3643 1254 3809 1319 quae
3867 1234 3949 1301 ad
4007 1235 4210 1301 vitam

2273 1320 2447 1387 hanc
2501 1320 2840 1404 pertinent
2895 1319 3247 1404 tranquille
3304 1319 3669 1406 degendam
3732 1318 4213 1403 administrant,

2274 1427 2315 1471 a
2358 1405 2486 1472 Dei
2542 1405 2935 1471 liberalitate
2990 1404 3127 1472 dari
3186 1405 3372 1472 nobis
3431 1405 3579 1473 illos
3641 1405 3943 1485 sciamus,
4005 1417 4074 1471 et
4131 1407 4212 1473 ab

2276 1492 2502 1558 eodem
2560 1492 2858 1557 suscitari
2903 1500 2968 1556 et
3021 1491 3313 1558 formari.
3401 1490 3537 1558 Sed
3580 1490 3731 1575 quid
3776 1492 3848 1556 in
3893 1490 4215 1559 excellen-

2268 1579 2445 1644 tibus
2487 1576 2853 1644 istiusmodi
2908 1577 3200 1679 personis
3262 1577 3506 1644 diutius
3571 1576 4044 1643 immoramur?
4106 1579 4215 1644 vel

2273 1666 2452 1748 ipsos
2529 1664 2849 1749 agricolas
2910 1672 3301 1745 intueamur,
3375 1662 3888 1748 quotiescunque
3965 1684 4200 1749 panem

2276 1748 2694 1828 comedimus,
2749 1758 2825 1815 ut
2865 1750 3147 1816 sciamus
3202 1750 3284 1815 ad
3338 1749 3487 1816 illos
3541 1766 3748 1834 usque
3803 1749 3931 1816 Dei
3986 1750 4206 1835 provi·

2279 1835 2566 1903 dentiam
2612 1857 2682 1901 se
2725 1835 3093 1916 extendere,
3137 1834 3679 1919 quemadmodum
3725 1834 3960 1901 Esaias
4005 1836 4213 1914 docet,

2278 1920 2597 2005 agricolas
2639 1920 2972 1987 frumenta
3014 1920 3319 2006 colligere
3353 1921 3435 1987 ad
3474 1941 3618 1988 eam
3663 1921 3978 1987 rationem
4016 1943 4211 2006 quam

2277 2007 2462 2074 Deus
2505 2026 2616 2072 eos
2662 2006 2899 2074 docuit.
2988 2008 3087 2074 Ac
3145 2028 3303 2073 sane
3361 2006 3488 2073 nisi
3534 2007 3716 2072 Deus
3757 2007 4074 2091 agricolas
4117 2010 4211 2075 fa·

2278 2102 2473 2173 ceret,
2530 2092 2643 2177 qui
2686 2103 2930 2158 terram
2976 2093 3261 2160 colerent
3317 2095 3398 2159 ad
3445 2112 3680 2177 panem
3722 2093 4211 2174 conficiendum,

2279 2187 2349 2246 et
2407 2178 2568 2246 alios
2627 2178 2875 2245 fructus
2931 2179 3164 2262 quibus
3222 2179 3513 2245 maxima
3569 2199 3652 2244 ex
3695 2188 3886 2262 parte
3928 2180 4215 2247 hominis

2279 2265 2416 2332 vita
2483 2272 2922 2331 sustentatur:
3002 2265 3129 2330 nisi
3211 2265 3407 2331 etiam
3474 2264 3751 2347 pistores
3814 2274 4068 2332 crearet
4131 2266 4213 2333 ad

2280 2371 2517 2435 panem
2586 2350 2658 2415 in
2724 2370 2915 2416 usum
2983 2362 3280 2416 nostrum
3342 2348 3760 2436 pinsendum,
3827 2371 3913 2417 ne
3978 2353 4213 2419 micam

2280 2436 2538 2521 quidem
2621 2436 2808 2520 panis
2887 2436 3296 2504 haberemus.
3407 2434 3520 2504 Sic
3591 2436 3843 2520 quoties
3920 2439 4213 2504 vestibus

2282 2521 2634 2601 induimur,
2699 2522 2826 2587 Dei
2893 2521 3254 2587 bonitatem
3336 2520 3579 2588 intueri
3643 2542 3764 2587 nos
3830 2532 4084 2607 oportet
4145 2526 4212 2589 in

2282 2607 2638 2692 opificibus,
2697 2627 2858 2691 quos
2900 2606 2982 2672 ad
3040 2615 3336 2675 nostrum
3382 2628 3573 2675 usum
3615 2605 3799 2674 Deus
3841 2608 4214 2695 intelligen-

2285 2694 2376 2759 tia
2429 2704 2741 2759 exornat:
2798 2703 2864 2759 et
2920 2692 3194 2777 denique
3251 2695 3322 2760 in
3380 2693 3524 2760 aliis
3581 2693 3883 2761 omnibus
3947 2697 4214 2772 artibus,

2284 2800 2558 2863 quarum
2599 2779 2888 2844 omnium
2924 2788 3220 2845 autorem
3265 2788 3333 2845 et
3368 2778 3661 2845 datorem
3695 2778 3917 2845 Deum
3951 2786 4214 2866 agnosci

2285 2886 2549 2931 necesse
2592 2874 2710 2931 est.
2768 2864 2852 2929 In
2896 2884 3169 2945 summa,
3215 2885 3334 2931 nos
3376 2886 3459 2931 ex
3505 2865 3625 2930 hac
3671 2862 3966 2931 doctrina
4010 2867 4211 2935 disca·

2286 2973 2433 3017 mus
2477 2949 2607 3015 Dei
2663 2969 2821 3035 erga
2877 2950 3176 3017 homiues
3238 2950 3593 3017 bonitatem
3650 2962 3717 3015 et
3760 2949 4215 3019 liberalitatem

2285 3045 2596 3120 tanquam
2639 3036 2708 3100 in
2755 3057 2787 3102 s
2833 3036 3014 3103 eculo
3058 3036 3325 3113 intueri,
3413 3036 3478 3102 ui
3522 3045 3658 3101 tam
3704 3038 4054 3104 munificus
4097 3049 4213 3118 est,

2286 3132 2362 3188 ut
2417 3122 2598 3187 nulla
2653 3142 2725 3187 re
2828 3122 3249 3206 estituamur,
3303 3141 3337 3187 s
3480 3121 3742 3207 singula
3783 3123 3854 3189 in
3901 3144 4055 3190 usus
4098 3124 4215 3191 ho-

2287 3209 2539 3273 minum
2584 3207 3010 3292 dispensarit:
3071 3219 3145 3273 ut
3200 3228 3400 3292 quum
3455 3217 3643 3274 tanta
3700 3209 3831 3275 sint
3887 3230 3960 3276 er
4005 3231 4042 3276 a
4097 3230 4216 3277 nos

2289 3295 2416 3361 Dei
2459 3294 2812 3373 benefacta,
2857 3314 2976 3360 nos
3018 3294 3308 3360 vicissim
3351 3315 3428 3359 eo
3470 3294 3805 3361 ardentius
3839 3302 3906 3361 et
3984 3295 4215 3387 iligen·

2287 3381 2418 3446 tius
2460 3379 2657 3445 officii
2694 3379 2898 3444 nostri
2933 3391 3152 3463 partes
3186 3379 3595 3463 impleamus,
3640 3380 3908 3464 eiusque
3943 3382 4216 3465 gloriam

2284 3485 2800 3549 promoveamus,
2879 3463 3404 3549 quandoquidem
3470 3465 3553 3531 ad
3618 3466 3805 3532 illum
3872 3467 4069 3534 finem
4134 3469 4215 3534 ab

2283 3551 2428 3635 ipso
2471 3552 2674 3618 creati
2716 3571 2962 3616 sumus.
3051 3552 3139 3615 Et
3186 3551 3519 3618 hactenus.

2459 3634 2792 3719 Sequitur,
2843 3634 3259 3702 clamantibus
3303 3635 3654 3703 maioribus
3710 3638 3932 3705 vestris
3988 3638 4075 3706 ad
4119 3639 4218 3705 Ie-

2286 3722 2527 3802 hovam,
2587 3723 2763 3788 misit
2817 3721 3044 3787 Ieltova
3089 3721 3313 3788 Mosen
3368 3726 3424 3787 et
3465 3722 3801 3802 Aaronem,
3852 3723 3963 3806 qui
3995 3725 4222 3793 eduxe-

2286 3813 2437 3873 runt
2488 3809 2760 3873 maiores
2800 3812 3033 3873 vestros
3074 3827 3152 3872 ex
3196 3808 3490 3891 Aeqypto,
3552 3808 3787 3892 quibus
3832 3808 4055 3876 verbis
4100 3808 4222 3878 Sa-

2289 3892 2460 3958 muel
2537 3892 2771 3976 populo
2839 3894 3143 3957 miseram
3215 3892 3397 3958 illam
3459 3905 3525 3959 et
3581 3894 3897 3960 abiectam
3959 3907 4220 3980 patrum

2290 3977 2728 4045 conditionem
2787 3979 3158 4062 exprobrat,
3227 3990 3292 4044 et
3355 3980 3425 4044 in
3492 3981 3873 4047 memoriam
3935 3990 4221 4064 revocat,

2289 4072 2362 4129 ut
2417 4063 2641 4131 doceat
2697 4085 2830 4130 non
2888 4064 3127 4131 habere
3182 4064 3355 4147 ipsos
3409 4065 3811 4131 occasionem
3865 4088 4006 4133 sese
4064 4067 4219 4134 effe-

2291 4148 2495 4215 rendi.
2586 4149 2756 4215 Nam
2810 4159 3032 4233 patres
3088 4150 3313 4235 vestri,
3373 4149 3485 4230 ait,
3556 4149 3834 4219 Iacobus
3878 4163 3946 4217 et
3990 4153 4101 4218 alii
4146 4155 4216 4219 in

2288 4236 2686 4320 Aegyptum,
2744 4236 2948 4301 veluti
2992 4236 3335 4320 mancipia,
3390 4235 3881 4316 descenderunt,
3939 4246 4215 4322 urgente

2288 4321 2599 4386 nimirum
2666 4323 2842 4405 ipsos
2902 4322 2972 4386 in
3021 4322 3155 4386 enti
3221 4320 3410 4398 fame,
3489 4320 3648 4388 adeo
3729 4333 3803 4388 ut
3864 4344 4012 4389 cum
4077 4331 4217 4391 tota

2288 4408 2536 4472 familia
2578 4428 2723 4474 sese
2760 4408 2930 4492 regis
3028 4410 3252 4492 egypti
3288 4408 3557 4491 imperio
3594 4408 3976 4474 submittere
4008 4412 4212 4477 coacti

2287 4495 2441 4558 sint.
2531 4491 2722 4559 Unde
2779 4492 3018 4559 factum
3079 4503 3153 4557 ut
3240 4493 3508 4559 aulatim
3555 4494 3901 4579 Aegyptiis
3943 4495 4212 4563 subiecti

2287 4579 2443 4659 sint,
2509 4593 2577 4643 et
2634 4579 2944 4663 gravibus
2999 4578 3183 4644 oneri
3229 4602 3307 4646 us
3371 4581 3680 4663 oppressi.
3770 4580 3947 4646 'Palis
4014 4581 4215 4665 igitur

2286 4665 2411 4730 fuit
2451 4676 2708 4748 patrum
2748 4672 3110 4730 vestrorum
3148 4676 3365 4730 ortus:
3410 4665 3560 4729 talis
3603 4663 3909 4750 dignitas.
3952 4664 4212 4734 Scimus

2288 4759 2503 4816 autem
2564 4760 2961 4834 quantopere
3016 4749 3306 4817 iudaicus
3362 4751 3485 4816 iste
3538 4751 3816 4834 populus
3859 4751 4213 4819 maioribus

2287 4837 2426 4903 suis
2466 4835 2871 4921 gloriaretur.
2958 4838 3060 4902 Ao
3102 4857 3260 4902 sane
3303 4833 3570 4920 gloriari
3614 4845 3917 4919 poterant
3958 4839 4214 4917 merito,

2288 4920 2479 4987 modo
2535 4921 2663 4986 Dei
2720 4921 2997 5021 gratiam
3042 4920 3125 4987 ad
3167 4921 3295 4987 Dei
3340 4920 3611 5005 gloriam
3653 4921 3727 4986 in
3771 4922 3949 4987 omni
3995 4923 4213 4989 humi-

2286 5009 2473 5075 litate
2510 5019 2950 5092 agnowsseut.
2999 5005 3131 5075 Sed
3173 5006 3310 5073 sola
3352 5006 3561 5071 inflati
3607 5009 3979 5091 arrogantia
4013 5010 4212 5077 stulta

2287 5103 2356 5161 et
2396 5094 2576 5160 inani
2623 5093 2703 5157 de
2745 5093 3101 5159 maioribus
3136 5091 3274 5159 suis
3309 5092 3767 5171 efferebantur,
3811 5113 4010 5176 quum
4049 5095 4213 5164 dice-

2287 5187 2455 5258 rent,
2512 5200 2742 5246 sumus
2799 5187 3094 5245 sanctum
3140 5198 3386 5259 semen,
3445 5197 3482 5240 a
3528 5176 3670 5243 Deo
3729 5179 3868 5261 ipso
3922 5179 4208 5269 adoptati

2286 5268 2357 5332 in
2419 5265 2716 5350 patribus
2761 5265 3027 5331 nostris:
3088 5262 3313 5330 foedus
3357 5262 3694 5330 nobiscum
3743 5269 4217 5350 sempiternum

3703 5364 3808 5423 ⁴4·
