5059 6059
780 287 908 353 367

781 476 978 544 minis
1048 469 1433 549 exseruerit,
1497 468 1685 535 cuius
1741 490 1811 535 se
1867 492 2105 538 manus
2171 472 2461 556 effugere
2532 492 2725 556 posse

783 563 1149 646 desperent,
1193 572 1332 623 tum
1375 554 1615 621 misere
1656 556 1921 622 attoniti
1951 566 2019 622 et
2053 558 2455 624 consternati
2499 557 2726 624 cohor·

785 654 1072 726 rescunt,
1139 650 1206 710 et
1262 644 1331 708 in
1391 642 1666 709 summis
1723 644 2046 727 angustiis
2102 644 2306 709 animi
2372 643 2455 709 de
2513 644 2726 709 salute

784 734 1156 818 desperant,
1200 729 1562 795 inferorum
1606 729 1932 795 cruciatus
1976 729 2271 807 horrent,
2316 728 2566 795 nullam
2613 728 2724 794 de·

785 821 982 905 nique
1044 815 1554 884 consolationem
1622 812 2010 881 admittunt:
2089 815 2272 881 nullo
2337 817 2726 899 insequente

786 904 1119 990 perpetuis
1145 902 1374 986 agitati
1414 898 1771 967 terroribus
1815 901 2092 986 fugiunt.
2154 901 2301 966 Non
2340 902 2436 967 ita
2477 901 2722 967 fideles.

785 993 976 1069 Nam,
1037 990 1135 1055 uti
1179 986 1486 1067 diximus,
1541 986 1693 1052 licet
1741 988 2034 1070 ipsorum
2076 987 2280 1053 vitam
2326 986 2473 1051 Deo
2518 989 2725 1054 fortu-

786 1087 988 1146 nante
1046 1085 1112 1141 et·
1157 1073 1439 1157 benigne
1499 1094 1574 1139 ac
1620 1071 1869 1156 placide
1911 1094 2063 1140 cum
2111 1073 2273 1155 ipsis
2326 1083 2580 1158 agente,
2625 1082 2724 1138 ta·-

787 1186 940 1230 men
994 1167 1314 1236 metuunt,
1372 1178 1447 1224 ac
1505 1159 1626 1223 sibi
1685 1159 1845 1243 ipsis
1897 1157 2201 1226 fraenum
2261 1159 2585 1240 inficiunt,
2644 1181 2726 1224 ne

789 1248 1107 1317 adversus
1166 1245 1571 1311 maiestatem
1635 1243 1841 1327 ipsius
1896 1243 2257 1310 calcitrent.
2347 1244 2531 1326 Quin
2592 1245 2725 1310 imo

789 1338 932 1403 Deo
972 1333 1128 1399 licet
1171 1330 1383 1415 plagis
1424 1329 1599 1414 ipsos
1644 1329 1967 1395 afficiente
2012 1333 2254 1411 gratias
2297 1341 2525 1415 agunt,
2570 1329 2723 1395 sibi-

786 1441 913 1508 que
954 1419 1128 1486 vitae
1168 1416 1368 1482 huius
1396 1414 1834 1483 conditionem
1871 1416 1942 1481 in
1968 1418 2350 1482 memoriam
2398 1425 2725 1500 revocant,

787 1518 864 1576 ut
917 1525 1118 1590 quum
1185 1503 1404 1570 omnia
1469 1512 1743 1566 mortem
1809 1501 2162 1581 intentent,
2231 1510 2413 1568 tanto
2480 1503 2724 1568 maiore

789 1590 1229 1662 sollicitudine
1286 1587 1368 1653 ad
1416 1588 1635 1654 Deum
1680 1595 2048 1671 assurgant.
2138 1588 2231 1652 Et
2273 1596 2349 1652 ut
2392 1589 2589 1654 rebus
2631 1608 2727 1654 se-

789 1677 1019 1748 cundis
1079 1685 1146 1742 et
1204 1675 1530 1758 prosperis
1588 1672 1812 1738 fideles
1857 1694 1989 1738 non
2032 1672 2225 1738 modo
2273 1695 2407 1739 non
2452 1674 2724 1739 efferan-

785 1778 911 1842 tur,
967 1762 1082 1830 sed
1140 1760 1348 1845 magis
1405 1767 1717 1836 metuant,
1777 1767 1854 1823 ut
1912 1767 2097 1824 tanto
2157 1761 2399 1826 maiore
2457 1780 2617 1825 cura
2660 1768 2728 1826 et

781 1848 1220 1920 sollicitudine
1264 1845 1388 1909 Dei
1445 1844 1652 1911 cultui
1710 1865 1851 1910 sese
1912 1853 2083 1911 totos
2124 1845 2410 1910 tradant.
2495 1846 2725 1929 Neque

782 1957 940 2006 vero
997 1930 1418 2018 cogitandum
1476 1929 1603 1996 hoc
1660 1931 1894 1997 timore
1952 1931 2099 1996 fieri
2141 1931 2583 1998 conditionem
2628 1930 2726 2015 ip-

784 2043 1010 2091 sorum
1077 2018 1497 2084 deteriorem:
1566 2036 1721 2080 nam
1800 2017 1921 2082 etsi
1996 2017 2194 2082 variis
2253 2017 2726 2084 afflictionibus

782 2117 851 2175 et
893 2103 1367 2174 calamitatibus
1427 2109 1806 2186 urgeantur,
1868 2122 2205 2185 nunquam
2263 2110 2482 2170 tamen
2528 2104 2723 2170 obru-

782 2204 1019 2261 untur:
1098 2191 1263 2275 quin
1329 2188 1543 2270 potius
1607 2188 1676 2251 in
1743 2185 1957 2253 medio
2023 2189 2472 2255 calamitatum
2539 2199 2724 2255 aestu

784 2285 1164 2348 recreantur
1206 2282 1274 2340 et
1333 2272 1797 2351 refocillantur,
1852 2274 1978 2341 Dei
2037 2274 2359 2339 auxilium
2416 2284 2725 2359 opportu-

787 2387 945 2434 num
1007 2363 1329 2446 patienter
1386 2359 1878 2443 praestolantes,
1944 2358 2030 2425 ad
2088 2359 2259 2442 quod
2315 2361 2386 2426 in
2450 2361 2727 2426 summis

784 2449 1107 2535 angustiis
1167 2456 1481 2530 tanquam
1525 2443 1607 2509 ad
1652 2445 1903 2529 asylum
1950 2445 2218 2511 unicum
2268 2446 2723 2530 confugerunt.

786 2537 894 2602 En
947 2546 1023 2600 ut
1093 2531 1320 2599 fideles
1377 2528 1642 2597 modum
1701 2532 1770 2595 in
1814 2531 2118 2597 omnibus
2166 2542 2451 2610 servant,
2518 2533 2726 2597 incre·

785 2620 960 2689 dulis
1002 2628 1233 2684 contra
1273 2617 1343 2682 in
1391 2615 1562 2683 hanc
1605 2615 1710 2682 vel
1754 2616 1936 2683 illam
1979 2625 2237 2700 partem
2271 2616 2725 2701 pendentibus,

784 2716 855 2776 et
895 2703 1322 2772 immoderate
1366 2724 1509 2769 sese
1573 2703 1971 2787 gerentibus,
2022 2713 2096 2768 ut
2160 2725 2501 2788 nunquam
2564 2724 2728 2772 vera

788 2789 1263 2876 tranquillitate
1306 2789 1625 2855 fruantur.

956 2879 1399 2943 Transeamus
1456 2873 1539 2940 ad
1596 2873 1798 2940 verba
1840 2873 1954 2939 illa
2012 2873 2252 2958 quibus
2292 2895 2360 2941 se
2403 2872 2589 2940 Deus
2634 2873 2724 2940 di-

786 2965 876 3034 cit
935 2963 1182 3047 fidelem
1235 2961 1610 3028 sacerdotem
1665 2959 1792 3026 sibi
1842 2960 2310 3041 suscitaturum,
2374 2961 2487 3043 qui
2542 2961 2728 3027 itata

783 3073 889 3120 cor
931 3069 1119 3117 suum
1161 3051 1216 3113 ct
1272 3048 1555 3114 animam
1602 3066 1789 3112 suam
1839 3044 2070 3128 faciat,
2130 3046 2308 3127 eique
2362 3067 2429 3112 se
2470 3046 2726 3112 domum

782 3136 1024 3220 fidelem
1077 3132 1557 3216 aedificaturum
1572 3181 1588 3212 ,
1644 3137 1700 3197 et
1754 3151 1963 3197 coram
2020 3129 2266 3197 Christo
2317 3152 2434 3197 suo
2486 3134 2727 3198 cuncti-s·

781 3222 1002 3291 diebus
1062 3223 1274 3304 ipsum
1330 3217 1814 3283 ambulaturum.
1904 3216 1986 3282 In
2046 3216 2278 3300 primis
2337 3217 2446 3285 hic
2501 3218 2726 3284 obser-

789 3306 1099 3391 vandum,
1143 3324 1386 3371 vanam
1428 3303 1611 3369 illam
1654 3302 1810 3369 Heli
1855 3305 2342 3385 persuasionem
2387 3300 2467 3369 de
2510 3324 2725 3370 sacer·

787 3395 945 3461 dotii
1005 3391 1441 3476 perpetuitate
1499 3387 1661 3455 tolli.
1751 3389 1921 3454 Nam
1981 3388 2107 3454 sibi
2162 3397 2398 3472 sponte
2441 3409 2563 3457 sua
2607 3390 2725 3455 ho-

786 3481 1002 3547 mines
1063 3478 1431 3562 imponunt,
1501 3484 1568 3540 et
1625 3473 1883 3540 delitias
1948 3475 2214 3554 faciunt,
2280 3474 2350 3541 in
2408 3497 2485 3543 eo
2551 3474 2724 3558 quod

789 3565 1181 3649 dignitatem
1227 3563 1513 3646 aliquam
1569 3560 1925 3644 assequuti,
2001 3572 2385 3659 perpetuam
2451 3559 2729 3627 eandem

788 3652 920 3716 ima
970 3651 1256 3728 ‘nantur,
1310 3647 1499 3730 quasi
1548 3647 1762 3712 Deum
1821 3646 1944 3713 sibi
1989 3645 2366 3712 devmotum
2409 3645 2725 3713 habeant:

789 3756 918 3819 quo
1006 3733 1129 3800 etsi
1167 3733 1380 3800 verbis
1418 3753 1547 3799 nou
1589 3732 2041 3816 profiteantur,
2086 3753 2157 3798 re
2178 3731 2323 3815 ipsa
2360 3742 2580 3798 tamen
2618 3732 2729 3798 de-

795 3828 1178 3887 monstrant.
1247 3819 1520 3885 Poterat
1558 3818 1763 3903 igitur
1805 3817 1965 3883 Heli
2008 3816 2326 3885 adversus
2369 3817 2730 3884 Dominum

793 3905 1114 3988 excipere,
1159 3903 1444 3970 debitam
1468 3903 1593 3970 sibi
1614 3905 1757 3969 iure
1799 3901 2269 3970 sacerdotalem
2314 3903 2729 3988 dignitatem,

790 4004 989 4074 atque
1047 3991 1476 4055 mutationem
1543 3989 1833 4056 eiusdem
1890 3989 2059 4074 legis
2124 3989 2252 4055 Dei
2310 3990 2727 4056 violationem

792 4098 967 4145 esse:
1029 4096 1162 4140 non
1220 4096 1409 4160 posse
1462 4084 1645 4141 recta
1699 4076 1878 4142 linea
1936 4073 2374 4141 sacerdotium
2432 4075 2515 4142 ad
2567 4075 2731 4142 alios

790 4183 988 4248 quam
1044 4161 1251 4245 ipsius
1317 4169 1627 4245 posteros,
1693 4161 1820 4227 nisi
1885 4170 2112 4228 contra
2166 4161 2437 4227 Domini
2495 4161 2730 4245 legem,

793 4249 1130 4317 devenire:
1193 4248 1320 4328 his,
1376 4247 1665 4331 inquam,
1725 4254 1840 4313 aut
1897 4247 2217 4314 similibus
2260 4247 2530 4316 vocibus
2573 4247 2730 4314 Heli

792 4335 1078 4403 Domino
1121 4353 1503 4416 responsare
1527 4355 1712 4417 posse
1756 4332 2121 4413 videbatur,
2163 4332 2412 4416 sibique
2435 4333 2732 4399 ordinem

791 4423 980 4487 illum
1035 4420 1238 4486 semel
1282 4438 1323 4483 a
1378 4417 1668 4485 Domino
1724 4418 2197 4503 praescriptum
2257 4420 2605 4485 immotum
2666 4427 2732 4484 et

791 4505 1265 4574 immutabilem
1321 4506 1460 4571 fore
1519 4505 1928 4591 persuadere.
2022 4505 2272 4570 Verum
2330 4505 2508 4570 enim
2552 4527 2732 4584 vero,

793 4592 976 4660 Deus
1010 4612 1212 4675 penes
1245 4611 1317 4658 se
1357 4599 1778 4675 protestatem
1833 4600 1901 4657 et
1959 4591 2370 4657 autoritatem
2415 4612 2558 4657 esse
2602 4601 2733 4658 tes-

799 4688 999 4757 tatur,
1059 4675 1430 4744 sacerdotes
1488 4698 1571 4743 ex
1616 4678 1886 4744 arbitrio
1930 4698 2049 4742 suo
2093 4675 2568 4757 constituendi,
2644 4700 2732 4743 ex

789 4764 1076 4830 Aaronis
1140 4763 1390 4830 familia
1449 4764 1607 4830 licet
1670 4762 1998 4829 oriundos.
2087 4762 2315 4846 Neque
2376 4764 2550 4828 enim
2608 4763 2733 4828 sibi

793 4851 979 4916 Deus
1058 4871 1150 4915 un
1198 4871 1350 4915 uam
1426 4848 1839 4916 contradixit.
1953 4848 2103 4914 Etsi
2179 4849 2389 4914 fateor
2467 4847 2733 4915 tandem

793 4957 989 5002 omne
1031 4936 1152 5002 illu
1239 4934 1447 5019 legale
1490 4933 1924 5002 sacerdotium
1948 4934 2031 4999 ab
2058 4936 2340 5017 ipsomet
2380 4932 2731 5001 abolitum:

794 5043 950 5087 nam
1008 5022 1090 5087 ad
1145 5032 1399 5103 tempus
1449 5027 1708 5086 tantum
1764 5020 2135 5088 ordinatum
2182 5020 2415 5090 fuerat.
2502 5021 2734 5088 Valuit

794 5116 1012 5172 tamen
1069 5104 1384 5191 quamdiu
1443 5104 1742 5172 duravit:
1807 5106 2093 5173 Aaronis
2147 5106 2461 5173 familiam
2504 5127 2732 5191 perpe-

790 5204 976 5259 tuum
1031 5192 1134 5258 ius
1192 5191 1276 5257 ad
1333 5191 1774 5261 sacerdotium
1830 5192 2144 5259 retinere:
2201 5190 2317 5258 sed
2360 5213 2444 5258 ex
2501 5193 2731 5260 eadem

2466 282 2885 352 HOMILIA
2925 283 3087 349 XII.

4628 287 4734 355 368

2832 473 2916 540 ad
2975 491 3268 540 summos
3326 471 3742 556 pontificatus
3809 470 4096 538 honores
4160 471 4480 539 evehendi
4538 496 4736 558 quem·

2829 580 3086 643 cunque
3170 557 3472 624 libuisset
3541 564 3930 641 potestatem
3999 566 4067 623 et
4147 559 4544 624 autoritaten
4605 563 4737 627 reti-

2830 646 2992 712 nuit.
3080 644 3182 710 Ac
3240 666 3418 721 sane,
3479 645 3625 727 quis
3686 665 3771 708 ex
3821 645 4108 711 Aaronis
4163 645 4413 710 familia
4468 646 4739 713 sacerdos

2827 733 3090 797 futurus
3147 751 3280 795 non
3324 752 3365 795 a
3407 728 3551 794 Deo
3608 741 3864 796 creatus
3921 739 4039 809 est,
4101 739 4168 794 et
4211 730 4292 795 ad
4337 728 4509 796 hanc
4552 731 4737 815 digni·

2826 826 3031 883 tatem
3089 814 3455 881 formatus?
3546 815 3714 897 Quis
3774 816 3889 896 illi,
3958 837 4218 899 quaeso,
4279 817 4484 882 vitam
4542 816 4737 884 dedit?

2828 902 3137 987 Denique
3180 901 3336 967 hinc
3381 902 3707 968 discamus
3753 901 4004 968 nullam
4049 900 4212 967 adeo
4253 905 4511 968 firmam
4537 912 4600 968 et
4619 924 4737 986 per·

2827 998 3093 1073 petuam
3137 987 3544 1073 dignitatem,
3592 988 3813 1054 nullos
3856 987 4019 1053 adeo
4059 997 4273 1054 certos
4319 987 4615 1068 honores,
4654 989 4740 1056 ni·

2827 1075 2924 1141 hil
2949 1074 3108 1140 adeo
3145 1083 3363 1139 tutum
3387 1074 3467 1139 ab
3514 1075 3818 1140 omnibus
3861 1074 4187 1157 periculis,
4234 1076 4393 1159 quin
4441 1085 4741 1140 momento

2829 1162 3010 1227 Deus
3071 1159 3518 1226 securissimos
3586 1168 4045 1236 exauctorare,
4110 1168 4179 1225 et
4241 1160 4312 1225 in
4380 1160 4738 1227 vilissimam

2829 1247 3471 1328 abiectissimamque
3492 1245 3930 1312 conditionem
3954 1244 4250 1331 redigere
4272 1248 4500 1330 possit.
4545 1244 4741 1327 Quare

2829 1332 2949 1400 sub
3008 1332 3263 1397 alarum
3320 1331 3346 1395 i
3392 1331 3528 1397 sius
3585 1332 3860 1397 tutelam
3917 1333 4269 1416 confugere
4314 1332 4649 1410 discamus,
4689 1341 4742 1398 et

2831 1417 2911 1483 de
2970 1416 3159 1484 nobis
3216 1353 3511 1483 mod’este
3564 1419 3831 1498 sentire,
3889 1439 3974 1484 ne
4031 1436 4234 1502 supra
4289 1417 4558 1484 modum
4611 1418 4742 1483 effe-

2827 1524 3070 1569 ramur.
3160 1502 3390 1586 Neque
3454 1502 3652 1583 enim,
3716 1503 3773 1570 si
3840 1503 4058 1568 altiori
4124 1503 4263 1570 aeri
4328 1525 4449 1569 nos
4517 1503 4743 1568 tradere

2829 1590 3155 1668 volumus,
3198 1588 3342 1653 alae
3384 1587 3752 1655 sufficiunt:
3812 1589 3926 1654 sed
3972 1588 4175 1655 altius
4235 1589 4492 1655 alarum
4535 1588 4745 1655 fiducia

2830 1677 3028 1744 fretos
3070 1675 3294 1741 volare
3339 1674 3693 1757 cupientes,
3738 1673 4109 1741 horrendus
4153 1674 4377 1758 lapsus
4398 1683 4469 1741 et
4510 1675 4743 1759 quidem

2829 1761 3122 1827 mortalis
3166 1768 3408 1825 manet.
3496 1759 3630 1826 Sed
3675 1761 3731 1826 si
3775 1770 4003 1826 contra
4044 1761 4406 1845 gratiarum
4443 1761 4574 1826 Dei
4612 1780 4742 1828 con·

2832 1847 3265 1913 tinuationem
3320 1846 3728 1929 supplicibus
3792 1847 3966 1912 votis
4016 1858 4494 1929 exspectemus,
4539 1850 4647 1913 fiet
4682 1855 4742 1911 ut

2830 1932 2897 1998 in
2944 1932 3083 1998 dies
3127 1941 3194 1997 et
3236 1932 3307 1997 in
3352 1952 3559 1997 annos
3614 1931 4062 2016 persistamus,
4127 1932 4297 1997 nihil
4344 1943 4563 1998 tamen
4603 1932 4741 1998 certi

2829 2018 3018 2084 nobis
3064 2021 3144 2084 de
3201 2016 3387 2084 nobis
3429 2016 3831 2101 pollicentes,
3883 2016 3997 2084 sed
4042 2016 4124 2082 ab
4169 2018 4368 2085 unius
4411 2019 4543 2084 Dei
4585 2018 4742 2084 boni·

2830 2113 2967 2170 tate
3011 2113 3079 2170 et
3120 2102 3573 2170 benevolentia
3615 2105 3735 2169 toti
3796 2103 4173 2188 pendentes,
4231 2125 4403 2188 quae
4445 2105 4514 2170 in
4558 2106 4742 2189 ipsam

2828 2189 3282 2257 recumbentes
3327 2210 3660 2272 nunquam
3707 2198 3807 2256 est
3849 2190 4218 2273 deceptura.

3002 2274 3197 2357 Quod
3273 2294 3469 2358 porro
3532 2274 3693 2340 dicit
3757 2276 4090 2341 Dominus
4152 2296 4223 2341 se
4295 2274 4742 2342 suscitaturum

2829 2360 3088 2427 fidelem
3141 2360 3565 2439 sacerdotem,
3626 2359 3891 2427 videtur
3948 2359 4193 2445 aliquid
4236 2361 4639 2428 difficultatis
4684 2361 4741 2425 in

2830 2467 2902 2514 se
2944 2446 3300 2527 continere,
3344 2468 3548 2530 quum
3573 2445 3640 2512 id
3668 2469 3707 2512 a
3731 2446 4082 2513 Salomone
4118 2446 4364 2513 factum
4410 2448 4740 2515 videamus.

2833 2530 2967 2600 Sed
3026 2531 3382 2598 tenendum
3440 2539 3559 2612 est,
3616 2534 3836 2599 Deum
3894 2533 4091 2599 rebus
4145 2533 4459 2600 omnibus
4515 2532 4742 2611 creatis,

2832 2629 2901 2685 et
2954 2640 3181 2683 earum
3225 2619 3520 2684 omnium
3562 2639 3759 2702 opera
3802 2618 3896 2685 sic
3940 2618 4059 2698 uti,
4105 2626 4181 2684 ut
4223 2618 4571 2685 hominum
4612 2639 4742 2686 con-

2832 2704 2995 2770 siliis
3030 2703 3112 2770 ad
3157 2704 3516 2771 faciendam
3563 2704 3839 2773 decretis
3884 2705 4020 2771 suis
4063 2705 4239 2772 viam
4283 2712 4354 2773 et
4396 2703 4481 2771 ad
4523 2706 4742 2770 exitum

2831 2790 2945 2855 illa
2989 2789 3422 2873 perducenda.
3483 2790 3676 2872 Quod
3721 2800 3788 2857 et
3829 2791 4043 2875 ipsum
4089 2791 4157 2855 in
4201 2789 4482 2856 historia
4523 2790 4647 2868 illa,
4685 2791 4741 2853 in

2830 2896 2961 2960 qua
2980 2876 3308 2942 Abiathar
3349 2886 3811 2943 exauctoratus
3852 2877 4110 2959 legitur,
4158 2884 4227 2941 et
4267 2877 4339 2941 in
4384 2877 4527 2942 eius
4562 2877 4743 2942 locum

2831 2962 3046 3029 Sadoc
3102 2961 3435 3041 suffectus,
3496 2963 3880 3029 nominatim
3922 2961 4054 3028 Dei
4109 2962 4386 3044 spiritus
4430 2970 4741 3028 memorat.

2828 3048 3000 3114 Nam
3060 3047 3184 3113 etsi
3242 3046 3554 3113 Solomon
3610 3048 4048 3114 Abiatharum
4111 3048 4325 3113 officio
4385 3046 4746 3114 sacerdotali

2831 3133 3085 3217 depulit
3126 3133 3516 3200 necessitate
3550 3133 3892 3217 impulsus,
3937 3146 4100 3217 puta
4143 3133 4349 3216 ipsius
4386 3131 4746 3201 Abiatharis

2830 3218 3124 3305 perfidia,
3169 3239 3366 3303 quam
3410 3219 3465 3284 1.
3488 3220 3655 3369 Re}
3700 3219 3761 3300 2,
3784 3220 3870 3286 26
3906 3219 4203 3304 pluribus
4246 3219 4315 3284 in
4360 3219 4530 3287 haec
4571 3218 4747 3285 verba

2830 3305 3278 3390 persequitur:
3325 3305 3422 3370 Es
3464 3306 3574 3388 qui
3623 3326 3746 3384 em,
3790 3305 4024 3388 inquit,
4069 3305 4173 3371 vir
4195 3306 4464 3374 mortis:
4509 3304 4618 3372 sed
4649 3303 4745 3369 ho·

2832 3391 2938 3457 die
2982 3399 3047 3456 te
3093 3412 3222 3457 non
3262 3390 3672 3472 interficiam,
3720 3392 3871 3476 quia
3916 3390 4193 3475 portasti
4236 3412 4461 3457 arcam
4506 3388 4747 3456 Domini

2831 3476 2960 3541 Dei
3003 3496 3225 3544 coram
3259 3474 3476 3544 David
3521 3489 3708 3560 patre
3751 3498 3914 3555 meo,
3960 3485 4024 3542 et
4067 3475 4447 3543 sustinuisti
4489 3478 4745 3544 laborem

2830 3563 2905 3628 in
2946 3561 3265 3642 omnibus,
3309 3562 3381 3628 in
3423 3562 3663 3645 quibus
3706 3562 4034 3628 laboravit
4074 3570 4263 3646 pater
4305 3584 4528 3629 meus:
4574 3573 4638 3628 tu
4676 3559 4745 3626 ad

2829 3669 3061 3733 agrum
3120 3655 3310 3714 tuum
3355 3648 3479 3729 abi,
3537 3669 3672 3714 non
3718 3650 3895 3715 enim
3941 3648 4220 3732 amplius
4260 3647 4566 3715 sacerdos
4604 3646 4741 3714 eris:

2831 3756 2905 3801 ao
2951 3733 3281 3800 Sadocum
3330 3735 3396 3801 in
3459 3733 3840 3802 Abiatharis
3896 3734 4113 3801 locum
4169 3734 4479 3818 deinceps
4535 3731 4742 3803 substi-

2832 3822 2992 3887 tuit:
3058 3841 3224 3903 quae
3289 3818 3551 3905 quidem
3616 3822 3830 3904 prima
3889 3821 4109 3887 fronte
4175 3820 4256 3887 ab
4312 3820 4441 3889 hae
4496 3817 4737 3886 Domini

2833 3906 3335 3974 comminatione
3396 3905 3603 3973 videri
3661 3913 3940 3990 possunt
3997 3907 4424 3972 alienissima:
4494 3922 4745 3988 namque

2834 3992 3158 4058 Abiathar
3216 4011 3488 4058 suorum
3544 3992 3908 4059 facinorum
3969 4014 4208 4074 poenas
4265 3992 4407 4073 luit,
4469 4013 4629 4076 quae
4676 3987 4742 4054 ad

2833 4078 3072 4144 liberos
3145 4077 3353 4162 ipsius
3418 4097 3552 4145 non
3617 4077 4029 4160 spectabant:
4099 4100 4174 4145 ac
4240 4077 4515 4162 proinde
4577 4076 4743 4142 huius

2833 4164 3212 4250 prophetiae
3278 4162 3358 4230 de
3422 4185 3552 4247 qua
3611 4163 3717 4230 hic
3775 4163 4032 4246 agimus
4092 4184 4223 4229 non
4281 4164 4484 4230 fuisse
4543 4161 4743 4246 imple·

2835 4252 3082 4316 tionem
3139 4248 3400 4328 factam,
3466 4247 3630 4315 illud
3690 4248 4045 4316 Solominis
4104 4257 4323 4315 tamen
4383 4247 4741 4316 nominatim

2831 4337 2907 4402 in
2966 4335 3277 4401 historiae
3342 4333 3521 4402 illius
3578 4335 3720 4402 loco
3776 4335 4103 4402 Dominus
4159 4335 4491 4402 adiectum
4547 4333 4744 4408 voluit,

2834 4423 3113 4489 eiectum
3159 4438 3201 4485 a
3243 4419 3594 4487 Solomone
3628 4419 4054 4487 Abiatharem
4092 4431 4169 4486 ut
4209 4421 4592 4506 impleretur
4628 4438 4741 4485 ser·

2835 4529 2941 4573 mo
2984 4506 3276 4584 Domini,
3334 4528 3525 4589 quem
3570 4506 3878 4591 loquutus
3921 4516 4022 4574 est
4063 4528 4263 4590 super
4306 4507 4569 4573 domum
4608 4501 4742 4572 Heli

2833 4595 2904 4659 in
2962 4592 3125 4661 Silo.
3214 4592 3471 4674 Quibus
3538 4593 3758 4659 verbis
3822 4591 3993 4660 oculi
4057 4594 4245 4659 nobis
4307 4594 4627 4742 patefiunt
4675 4584 4742 4653 ad

2833 4680 3105 4745 Domini
3184 4678 3670 4764 providentiam
3734 4680 4001 4762 propius
4079 4680 4304 4746 intuen
4352 4696 4489 4744 am:
4567 4692 4741 4761 quum

2834 4765 3226 4832 nominatim
3270 4764 3511 4831 dicitur
3551 4764 3877 4832 Abiathar
3896 4766 4196 4848 graviore
4232 4764 4566 4849 supplicio,
4606 4767 4743 4844 puta

2833 4861 3063 4934 morte,
3106 4851 3308 4918 fuisse
3350 4849 3613 4936 dignus,
3657 4858 3724 4916 et
3747 4858 3963 4916 tamen
4010 4851 4439 4917 nihilominus
4482 4845 4742 4943 effecisse

2832 4937 3215 5015 Dominum,
3267 4945 3341 5002 ut
3385 4935 3761 5020 prophetiae
3802 4936 3977 5003 illius
4019 4936 4177 5002 olim
4220 4937 4379 5002 Heli
4422 4935 4741 5028 denuncia-

2834 5030 2939 5091 tae
2984 5021 3337 5100 decretum,
3383 5043 3576 5088 suum
3621 5023 3922 5088 effectum
3969 5023 4336 5089 sortiretur.
4423 5022 4622 5088 Porro
4661 5015 4741 5079 dl·

2833 5110 2991 5177 vina
3046 5109 3164 5175 illa
3229 5107 3642 5194 providentia
3701 5108 4086 5193 plerumque
4150 5128 4271 5176 nos
4335 5108 4511 5174 latet.
4596 5103 4741 5170 Nam

2836 5216 3031 5280 saepe
3078 5194 3265 5265 Deus
3323 5193 3682 5279 quemlibet
3735 5196 3817 5262 ob
3875 5194 4198 5280 flagitium
4247 5193 4502 5279 aliquod
4543 5183 4740 5274 flagel-
