5059 6059
848 341 986 406 635

857 531 1030 598 bono
1093 536 1315 592 nostro
1360 524 1609 592 factum
1652 523 1966 589 sciamus:
2033 520 2203 605 quod
2263 522 2380 586 fiet
2435 521 2492 586 si
2539 520 2800 586 modes-

859 616 1054 694 tiam,
1127 609 1320 698 quam
1380 609 1580 685 decet,
1643 609 2131 686 retinuerimus,
2178 608 2327 673 licet
2372 607 2536 672 satis
2581 607 2801 690 ampla

858 723 981 768 nos
1038 719 1257 765 coram
1303 694 1681 762 hominibus
1724 692 2226 779 magnifaciendi
2272 693 2520 758 occasio
2565 692 2797 757 offera-

860 796 1006 852 tur:
1051 803 1261 868 neque
1305 781 1582 866 gloriam
1626 779 1891 847 inanem
1936 779 2471 864 quaesiverimus,
2558 775 2801 843 Exem-

852 872 1040 957 plum
1107 878 1245 936 esto
1310 867 1701 933 humilitatis
1757 866 1945 933 istius
1993 865 2232 944 David,
2299 863 2442 929 Deo
2498 877 2643 928 ses'e
2700 864 2800 928 in-

858 978 1073 1044 genue
1130 963 1342 1020 totum
1385 955 1791 1038 permittens.
1880 951 2052 1018 Nam
2109 971 2312 1034 quum
2357 948 2545 1015 exsul
2635 949 2802 1014 atria

854 1051 929 1109 et
964 1042 1158 1109 domo
1195 1040 1510 1124 profugus
1547 1040 1806 1123 magnis
1842 1036 2254 1104 contumeliis
2291 1058 2327 1100 a
2350 1036 2484 1101 filio
2509 1034 2583 1099 af
2626 1055 2800 1101 cere·

858 1139 987 1208 tur,
1013 1138 1082 1193 et
1104 1126 1395 1192 omnium
1419 1124 1698 1191 ludibrio
1725 1137 1789 1187 et
1802 1122 2237 1191 contumeliae
2262 1130 2432 1186 esset
2446 1122 2799 1204 expositus,

858 1216 1184 1299 patienter
1229 1212 1515 1277 tolerans
1559 1210 1684 1275 ait:
1733 1209 1808 1276 Si
1850 1211 2136 1275 invenero
2173 1209 2451 1290 qratiam
2494 1208 2565 1272 in
2607 1206 2803 1272 oculis

865 1299 1150 1379 Iehovae,
1215 1298 1428 1379 utique
1481 1297 1732 1364 reducet
1788 1316 1899 1375 me,
1957 1300 2013 1360 et
2064 1293 2253 1376 faciet
2296 1298 2364 1358 ut
2419 1292 2694 1357 revisam
2735 1313 2802 1357 se

860 1393 919 1452 et
958 1382 1380 1451 habitaculum
1422 1403 1628 1448 suum.
1683 1381 1861 1463 Quod
1900 1382 1963 1446 si
1981 1391 1987 1396 '
2005 1380 2097 1444 ita
2139 1377 2403 1445 dixerit.-
2443 1398 2571 1443 non
2613 1377 2803 1444 delec-

859 1478 959 1537 tor
1014 1473 1091 1553 te,
1140 1490 1265 1535 ecee
1322 1489 1452 1549 me;
1505 1468 1707 1551 faeiat
1747 1467 1907 1532 mihi
1936 1470 2131 1549 prout
2176 1464 2398 1530 bonum
2439 1465 2689 1529 videtur
2731 1465 2802 1528 in

842 1555 1047 1624 oeulis
1082 1556 1240 1621 suis.
1288 1554 1614 1619 Dominus
1659 1555 1835 1618 enim
1881 1563 2030 1702 est&
2047 1571 2121 1618 ac
2166 1558 2556 1633 potestatem
2601 1548 2801 1614 habet
2825 1583 2844 1600 ·

852 1643 926 1709 in
983 1662 1090 1707 res
1133 1661 1361 1708 omnes
1407 1661 1446 1705 a
1490 1661 1559 1708 se
1603 1649 1875 1706 creatas.
2035 1658 2111 1701 ae
2156 1633 2392 1712 David,
2440 1635 2571 1699 nisi
2616 1636 2800 1718 prius

854 1726 1298 1794 humilitatem
1346 1725 1612 1792 edoctus
1655 1745 1797 1790 sese
1840 1732 2052 1788 totum
2096 1721 2225 1788 Dei
2269 1722 2475 1788 cultui
2514 1720 2803 1787 'addixis-

854 1823 977 1891 set,
1018 1834 1147 1878 non
1192 1813 1263 1876 in
1308 1811 1430 1877 has
1476 1829 1665 1877 voces
1707 1811 2048 1892 erupisset,
2095 1829 2307 1891 neque
2352 1816 2484 1871 tam
2522 1805 2802 1872 demisse

852 1911 921 1968 et
979 1898 1319 1965 humiliter
1376 1897 1457 1961 de
1517 1918 1585 1964 se
1645 1898 1975 1962 sensisset.
2063 1893 2200 1959 Nos
2257 1894 2479 1976 itaque
2536 1914 2618 1957 ex
2678 1892 2802 1958 hoc

854 1984 1189 2053 Samuelis
1233 1981 1532 2068 exemplo
1576 1982 1958 2048 modestiam
1997 1979 2339 2058 discamus,
2385 1998 2423 2041 a
2459 1998 2585 2061 quo
2624 1976 2802 2043 vide-

858 2092 1010 2136 mus
1064 2069 1342 2136 Saulem
1400 2089 1593 2152 quem
1652 2069 1720 2132 in
1782 2088 1968 2132 suam
2038 2065 2426 2150 dignitatem
2483 2062 2806 2129 evehebat

860 2154 1034 2241 apud
1111 2155 1421 2239 populum
1498 2152 1961 2231 commendari,
2043 2149 2219 2234 quod
2299 2169 2427 2215 non
2516 2149 2805 2214 humana

858 2244 1113 2310 ratione
1189 2258 1397 2326 neque
1477 2239 1763 2319 consilio,
1843 2237 1956 2305 sed
2034 2234 2173 2303 sola
2253 2236 2381 2301 Dei
2458 2236 2804 2301 voluntate

861 2328 1096 2393 fuisset
1173 2326 1245 2391 in
1327 2325 1504 2394 hunc
1577 2324 1842 2392 honoris
1924 2323 2203 2409 gradum
2275 2330 2653 2406 promotus:
2728 2342 2804 2388 ac

857 2411 1134 2498 proinde
1178 2410 1322 2476 Deo
1366 2409 1859 2487 nosefferente,
1920 2431 2003 2475 ne
2045 2408 2405 2474 insolenter
2448 2429 2570 2472 nos
2615 2427 2802 2489 gera·

864 2519 1030 2577 mus,
1089 2505 1157 2562 et
1197 2501 1426 2562 contra
1482 2495 1905 2580 deprimente,
1938 2505 2048 2560 ‘ne
2105 2494 2397 2558 animum
2445 2491 2802 2575 desponde-

865 2604 1073 2662 amus,
1118 2593 1182 2647 et
1222 2604 1304 2647 ne
1348 2593 1424 2650 ut
1465 2603 1537 2647 re
1570 2581 1876 2648 insolenti
1910 2580 2387 2666 perturbemur,
2429 2577 2546 2644 sed
2581 2597 2800 2662 quam·

862 2663 1137 2753 cunque'
1162 2666 1600 2734 conditionem
1644 2663 2025 2752 imposuerit
2067 2665 2393 2749 patienter
2429 2664 2800 2731 toleremus.

864 2751 968 2822 Ne
1046 2749 1356 2837 tanquam
1439 2752 1911 2819 haereditatem
2005 2753 2307 2832 honores,
2388 2771 2551 2834 quos
2616 2750 2803 2817 nobis

865 2839 1194 2919 detulerit,
1248 2839 1724 2926 possideamus:
1786 2839 1901 2906 sed
1955 2858 2159 2988 qssmm
2215 2857 2476 2902 omnem
2521 2843 2802 2919 potesta-

866 2939 999 2994 tem
1044 2936 1109 2993 et
1153 2926 1572 2991 autoritatem
1616 2926 1686 2991 in
1733 2946 1849 2991 nos
1894 2924 1979 2990 ha
2025 2930 2146 3000 eat,
2205 2923 2265 2989 ei
2310 2931 2544 3007 sponte
2603 2919 2799 2989 subii-

758 3055 765 3064 ·
859 3014 1131 3089 ciamur,
1192 3022 1259 3075 et
1308 3010 1587 3077 libenter
1643 3010 1958 3096 quidquid
2001 3009 2245 3074 bonum
2306 3008 2430 3094 ipsi
2470 3006 2804 3074 videbitur

862 3099 944 3167 ab
1001 3097 1207 3181 ipsius
1263 3111 1466 3162 manu
1533 3097 1945 3180 accipiamus,
2012 3104 2082 3160 et
2137 3095 2209 3160 in
2265 3095 2472 3179 ipsius
2531 3094 2803 3160 arbitrio

903 3183 1147 3252 ositum
1206 3200 1367 3262 esse,
1426 3180 1510 3247 ad
1567 3204 1674 3247 ma
1723 3203 1841 3248 nos
1908 3181 2186 3247 honores
2252 3190 2535 3262 evectos,
2603 3182 2802 3246 etiam

857 3208 1226 3354 deprimere
1284 3267 1583 3334 sciamus.
1672 3204 1861 3348 &uod
1922 3287 2078 3335 vero
2123 3266 2396 3332 Samuel
2441 3266 2616 3345 dicit,
2672 3287 2800 3332 non

856 3376 1000 3423 esse
1057 3353 1339 3419 similem
1406 3352 1611 3438 Saulo
1681 3356 1748 3418 in
1811 3360 1947 3419 toto
2011 3352 2270 3437 populo,
2344 3373 2471 3416 non
2542 3359 2802 3417 tantum

857 3441 1052 3508 illum
1109 3460 1148 3504 a
1205 3439 1495 3523 corporis
1539 3440 1748 3505 forma
1791 3447 1860 3504 et
1902 3445 2157 3504 statura
2200 3437 2631 3514 commendat,
2692 3438 2804 3523 qui

858 3527 1233 3613 saepissime
1298 3524 1504 3590 fallax
1567 3535 1686 3591 est.
1776 3523 1975 3610 (Nam
2044 3535 2111 3589 et
2174 3525 2416 3606 passim
2480 3525 2806 3608 scriptura

858 3613 1046 3678 docet
1101 3633 1233 3675 non
1295 3631 1483 3693 posse
1543 3619 1795 3676 rectum
1856 3631 2000 3676 esse
2058 3609 2372 3675 iudicium
2416 3629 2642 3674 eorum
2692 3611 2803 3692 qui

860 3718 1173 3782 personas
1218 3695 1593 3778 inspiciunt,
1638 3696 1705 3760 id
1751 3702 1870 3777 est,
1915 3703 2253 3761 externam
2291 3693 2622 3781 speciem.)
2667 3693 2804 3761 Sed

864 3781 1041 3850 nihil
1097 3781 1371 3866 impedit
1429 3783 1590 3864 quin
1641 3778 1826 3848 Deus
1878 3781 2003 3847 hac
2045 3783 2252 3846 forma
2295 3781 2556 3847 fecisset
2597 3782 2802 3870 insig-

863 3889 1018 3934 nem
1076 3864 1367 3946 Saulem,
1428 3869 1658 3951 populi
1721 3867 1896 3933 illius
1955 3865 2223 3933 ruditati
2289 3865 2663 3947 consulens,
2729 3876 2804 3932 ut

862 3962 1170 4019 vocatum
1231 3974 1270 4018 a
1313 3951 1600 4020 Domino
1647 3954 1728 4019 ad
1772 3975 1842 4019 re
1893 3952 1963 4017 ni
2006 3952 2396 4038 dignitatem
2438 3951 2624 4018 illum
2668 3971 2802 4017 non

861 4035 1079 4105 dubiis
1123 4038 1330 4124 signis
1373 4047 1736 4121 appareret.
1829 3976 2096 4106 gamuel
2140 4039 2344 4124 igitur
2388 4059 2517 4102 non
2564 4039 2634 4103 in
2679 4038 2803 4106 hac

860 4126 1000 4192 sola
1052 4123 1341 4205 corporis
1399 4134 1657 4198 statura,
1715 4125 1962 4204 haeret,
2024 4147 2154 4208 qua
2213 4135 2509 4191 caeteros
2573 4145 2803 4191 omnes

861 4210 1326 4294 supereminet,
1371 4210 1484 4274 sed
1527 4219 1748 4275 tamen
1794 4211 2039 4275 donum
2080 4209 2244 4276 illud
2278 4211 2554 4276 caeteris
2599 4231 2804 4275 annu-

860 4305 1095 4370 merat,
1155 4294 1322 4378 quod
1384 4295 1511 4361 sibi
1566 4297 1899 4380 negotium
1955 4317 2098 4362 esse
2155 4317 2305 4362 cum
2357 4295 2506 4361 rudi
2565 4296 2802 4380 populo

860 4381 1433 4450 animadverteret.
1521 4380 1752 4464 Itaque
1810 4381 2080 4466 perinde
2122 4391 2223 4448 est
2267 4401 2342 4447 ac
2386 4382 2443 4447 si
2488 4381 2799 4464 populum

860 4468 955 4535 ita
1019 4466 1465 4550 compellaret:
1533 4467 1674 4547 Vos
1740 4488 1822 4533 ex
1890 4469 2029 4552 ipsa
2092 4468 2283 4533 istius
2347 4466 2631 4533 hominis
2688 4489 2801 4534 ex-

862 4566 1051 4619 terna
1092 4554 1305 4636 specie
1348 4553 1757 4636 conspicietis
1792 4575 1919 4619 non
1958 4575 2100 4619 esse
2135 4552 2480 4639 vulgarem
2517 4553 2802 4636 aliquem

861 4640 1217 4716 hominem,
1298 4638 1414 4705 sed
1478 4660 1518 4703 a
1587 4640 1727 4704 Deo
1804 4639 1887 4704 ad
1952 4639 2283 4722 singulare
2350 4647 2418 4704 et
2483 4640 2800 4704 eximium

862 4725 1123 4810 aliquod
1183 4745 1346 4806 opus
1405 4724 1821 4803 destinatum,
1881 4746 2074 4809 quem
2132 4724 2345 4790 voluit
2402 4726 2602 4790 etiam
2658 4727 2801 4808 ipsa

862 4823 1118 4877 statura
1185 4830 1411 4877 omnes
1479 4813 1984 4895 supereminere.
2075 4809 2226 4890 Qua
2290 4813 2347 4876 si
2411 4811 2552 4877 sola
2618 4811 2798 4877 vobis

860 4898 1161 4962 omnibus
1221 4893 1585 4974 excelleret,
1642 4918 1720 4962 ea
1776 4907 1997 4961 tamen
2057 4897 2239 4963 vobis
2284 4918 2428 4962 esse
2469 4918 2797 4963 commen-

860 4981 1083 5048 datum
1146 4994 1492 5067 oporteret,
1540 4989 1606 5047 et
1650 4982 1883 5048 adduci
1929 4982 2011 5047 ad
2057 4982 2155 5049 illi
2202 4980 2598 5047 reddendam
2646 4983 2797 5049 obe-

863 5067 1199 5144 dientiam,
1259 5079 1724 5151 cognoscentes
1768 5090 1806 5133 a
1852 5070 1993 5135 Deo
2041 5070 2134 5135 sic
2179 5081 2664 5152 praeparatum,
2727 5078 2799 5134 ut

861 5153 933 5217 in
992 5175 1067 5219 eo
1122 5155 1400 5238 gratiam
1460 5176 1651 5219 suam
1712 5156 2071 5222 confirmet.
2162 5153 2389 5237 Neque
2458 5176 2614 5221 vero
2671 5153 2796 5221 Sa-

860 5238 1037 5304 muel
1098 5239 1219 5305 hoo
1276 5241 1412 5305 solo
1472 5251 1862 5324 argumento
1906 5262 1945 5305 a
1987 5248 2243 5308 statura
2288 5241 2482 5307 ducto
2527 5242 2793 5306 nititur:

2465 331 2881 399 HOMILIA
2924 333 3257 399 XXXVI.
4672 346 4763 412 636

2902 520 3016 586 sed
3075 530 3292 587 tamen
3354 521 3628 589 alicuius
3686 545 3828 590 csse
3882 524 4049 591 illud
4096 527 4414 591 momenti
4461 525 4536 592 ad
4574 550 4772 599 moven-

2904 604 3055 672 dum
3105 609 3415 691 populum
3460 607 3721 675 indicat.

3074 692 3332 760 Deinde
3398 694 3630 760 dicitur
3692 694 3951 762 Samuel
4013 695 4337 778 eloquatus
4399 697 4484 764 ad
4532 701 4770 782 populum

2900 777 3006 843 ius
3047 781 3245 863 requi,
3305 785 3361 844 et
3402 781 3807 863 descripsisse
3847 783 3919 847 in
3962 782 4232 864 quodam
4273 781 4457 863 libro,
4499 805 4654 867 quem
4681 789 4768 854 col-

2903 863 3131 929 locavit
3180 885 3389 931 coram
3447 865 3693 932 Iehova.
3782 867 3963 933 Sane
4022 888 4154 933 non
4215 867 4484 934 dubium
4539 881 4626 935 est
4659 875 4771 956 quin

2901 948 3006 1015 ius
3061 949 3225 1015 illud
3289 953 3475 1037 regni
3521 951 3890 1018 desumtum
3938 953 4024 1018 sit
4065 975 4149 1019 ex
4196 954 4665 1021 Deuteronomii
4699 960 4772 1024 16.

2905 1043 2972 1099 et
3030 1034 3133 1100 17.
3191 1037 3549 1119 capitibus:
3610 1038 3804 1123 longe
3861 1059 4020 1104 sane
4079 1039 4256 1105 aliud
4314 1041 4398 1106 ab
4460 1062 4532 1106 eo
4585 1042 4653 1107 de
4686 1065 4776 1127 quo

2902 1121 3042 1186 fieri
3097 1125 3495 1187 mentionem
3554 1123 3924 1190 audivimus
3981 1125 4191 1208 capite
4246 1135 4498 1205 octavo,
4551 1137 4613 1192 et
4648 1130 4772 1212 quod

2904 1207 3209 1291 tyrannis
3269 1211 3489 1291 potius
3532 1230 3728 1293 quam
3773 1211 3875 1275 ius
3919 1212 4173 1295 regium
4211 1213 4452 1277 merito
4497 1213 4778 1280 dicendum

2904 1303 3078 1358 erat:
3137 1313 3266 1376 quo
3311 1295 3493 1360 Deus
3550 1294 3630 1359 ad
3680 1294 4070 1361 domandam
4112 1297 4335 1382 populi
4378 1301 4778 1383 arrogantiam,

2904 1387 2970 1442 et
3023 1377 3104 1443 ad
3165 1401 3317 1445 eum
3384 1380 3467 1445 ad
3512 1381 3848 1446 meliorem
3893 1382 4154 1467 frugem
4200 1384 4633 1449 revocandum
4667 1405 4779 1450 usu·

2902 1484 3012 1529 ros
3056 1483 3243 1549 reges
3289 1467 3573 1532 minatus
3618 1476 3737 1547 est,
3783 1488 3986 1551 quum
4032 1468 4228 1533 dixit:
4287 1468 4406 1535 Ius
4452 1468 4620 1534 istud
4652 1471 4782 1554 regie

2903 1550 3057 1627 fore,
3115 1561 3193 1615 ut
3246 1550 3422 1616 bona
3479 1552 3770 1634 ipsorum
3830 1552 4160 1636 diriperet,
4217 1553 4391 1620 filios
4439 1567 4691 1640 raperet,
4734 1569 4782 1621 et

2903 1635 3337 1701 substantiam
3400 1638 3709 1721 ipsorum,
3765 1659 4009 1718 servos,
4070 1638 4339 1705 ancillas
4398 1661 4518 1724 pro
4575 1640 4785 1706 arbitrio

2903 1720 3286 1787 abduceret:
3335 1732 3400 1787 et
3440 1743 3583 1787 eam
3630 1722 4138 1790 dominationem
4174 1725 4244 1789 in
4281 1724 4461 1808 ipsos
4495 1739 4782 1794 exerceret

2901 1816 2979 1871 ut
3035 1805 3104 1872 in
3159 1808 3461 1874 omnibus
3504 1808 3932 1893 obsequentes
3973 1809 4075 1875 illi
4120 1831 4261 1876 sese
4305 1813 4611 1894 praebere
4647 1833 4785 1896 coge·

2908 1901 3154 1973 rentur‚
3213 1913 3288 1959 ac
3321 1894 3622 1977 denique
3665 1896 3803 1960 fore
3860 1905 3937 1960 ut
3980 1895 4061 1962 de
4103 1895 4327 1963 liberis
4367 1898 4550 1962 servi
4589 1899 4784 1976 fierent,

2906 1988 3100 2061 atque
3181 1990 3251 2042 ut
3330 1979 3526 2045 unius
3605 1979 3888 2046 hominis
3967 1979 4309 2065 cupiditati
4376 1983 4785 2061 satisfacerent,

2904 2065 3033 2146 ipsi
3075 2063 3480 2130 substantiae
3522 2086 3700 2145 suae,
3747 2068 4060 2132 bonorum
4105 2078 4172 2133 et
4214 2067 4597 2135 facultatum
4630 2072 4785 2133 iactu·

2907 2170 3048 2214 ram
3127 2158 3531 2232 paterentur,
3593 2163 3662 2216 et
3728 2151 3959 2218 domus
4023 2153 4316 2237 ipsorum
4383 2167 4788 2232 vacuarentur,

2906 2255 2980 2302 ac
3050 2231 3418 2301 libertatem
3500 2239 3896 2304 amitterent.
4002 2238 4186 2321 Quas
4252 2238 4519 2323 quidem
4582 2240 4788 2323 rapinas

2906 2330 2973 2385 et
3045 2319 3441 2407 direptiones
3499 2321 3764 2389 Samuel
3821 2324 4090 2389 minime
4148 2324 4353 2391 veluti
4413 2345 4537 2391 suo
4594 2324 4788 2390 calculo

2904 2406 3330 2490 comprobans
3372 2408 3570 2474 licere
3614 2409 3879 2493 regibus
3933 2409 4183 2487 docuit:
4243 2409 4358 2476 sed
4419 2423 4498 2475 ut
4538 2411 4790 2495 populum

2907 2512 2946 2557 a
2999 2494 3333 2578 proposito
3394 2492 3474 2559 de
3542 2515 3700 2579 rege
3763 2496 4125 2579 flagitando
4191 2495 4580 2577 dimoveret,
4638 2505 4695 2562 et
4740 2495 4789 2559 in

2906 2579 3187 2729 gristina
3220 2579 3586 2646 conditione
3622 2582 3954 2660 retineret,
3992 2602 4119 2665 qua
4152 2582 4366 2647 Deum
4403 2594 4598 2649 antea
4627 2582 4793 2648 solum

2953 2665 3320 2730 efensorem
3385 2666 3768 2732 habuerant.
3869 2665 4002 2733 Hic
4065 2687 4225 2733 vero
4289 2668 4460 2735 iuris
4523 2668 4693 2752 regni
4742 2667 4794 2730 fit

2907 2753 3169 2836 mentio,
3228 2749 3312 2816 ad
3370 2762 3664 2817 mutuam
3724 2752 4187 2837 obligationem
4249 2755 4428 2820 inter
4494 2774 4701 2838 regem
4750 2759 4796 2815 et

2953 2836 3240 2921 epulum,
3283 2845 3350 2902 et
3391 2852 3620 2903 contra
3664 2839 3949 2904 vicissim
3994 2838 4492 2906 ostendendam.
4578 2840 4674 2904 Ex
4711 2837 4795 2901 hoo

2936 2929 3126 3006 taque
3176 2922 3318 2988 loco
3376 2925 3883 3005 observandum,
3945 2936 4091 3012 post
4153 2924 4396 2992 factam
4469 2924 4795 2991 electionem

2907 3008 3010 3073 cui
3051 3008 3230 3074 Deus
3282 3010 3422 3093 ipse
3481 3011 3781 3093 praefuit.
3841 3008 4223 3077 Samuelem
4281 3031 4617 3095 exponere
4655 3007 4798 3076 Sauli

2907 3115 3061 3158 suae
3119 3097 3477 3161 vocationis
3533 3115 3856 3161 summam
3918 3104 3986 3162 et
4040 3096 4347 3178 officium,
4408 3105 4483 3163 et
4537 3092 4797 3181 quomodo

2907 3180 2994 3244 sit
3056 3177 3154 3244 illi
3205 3178 3683 3264 imperandum,
3750 3181 3832 3248 ad
3889 3182 4016 3247 Dei
4082 3182 4336 3248 cultum
4383 3182 4706 3248 ·tuendum
4754 3187 4799 3242 et

2907 3266 3442 3352 promovendum,
3488 3278 3553 3332 ct
3597 3268 3819 3352 populi
3867 3269 4063 3333 totius
4109 3267 4529 3334 commodum
4576 3278 4638 3332 et
4672 3264 4800 3330 utili·

2905 3357 3110 3415 tatem
3191 3353 3684 3436 procurandam.
3795 3353 3894 3424 Ac
3957 3353 4262 3420 ¹vicissim
4346 3354 4598 3440 populo
4655 3370 4798 3417 suum

2906 3455 3066 3522 erga
3124 3457 3344 3522 regem
3388 3438 3673 3503 officium
3718 3437 4070 3521 declarare,
4131 3459 4367 3540 nempe
4415 3437 4799 3508 obedientiam

2906 3521 3066 3606 regi,
3123 3536 3199 3590 ut
3256 3525 3313 3589 si
3372 3542 3492 3589 rex
3553 3525 3825 3589 militem
3885 3525 4365 3609 conscripserit,
4427 3527 4489 3594 si
4534 3525 4800 3591 tributum

2906 3609 3267 3693 imperarit,
3320 3619 3388 3673 et
3444 3609 3706 3694 similia,
3764 3611 3975 3676 sciant
4031 3631 4102 3676 se
4147 3631 4218 3675 re
4266 3611 4282 3625 ⁶
4330 3611 4406 3676 in
4456 3612 4600 3677 istis
4640 3605 4799 3674 omni·

2903 3694 3027 3759 bus
3060 3694 3491 3760 obedientiam
3526 3694 3778 3762 debere.
3825 3695 4002 3763 Hinc
4031 3716 4191 3762 vero
4257 3697 4555 3774 iacimus,
4593 3711 4801 3762 omnem

2905 3777 3265 3864 legitimam
3303 3782 3695 3866 reipublicae
3732 3782 4365 3849 administrationem
4403 3783 4538 3848 niti
4577 3779 4802 3863 legibus

2906 3883 2980 3930 ac
3039 3864 3307 3950 proinde
3363 3890 3491 3932 non
3535 3868 3857 3949 sufficere,
3917 3868 3972 3933 si
4016 3868 4209 3934 multi
4256 3869 4384 3936 viri
4433 3870 4572 3935 sint
4611 3866 4802 3952 prima·

2907 3953 3040 4016 riae
3099 3954 3482 4032 autoritatis,
3544 3951 3658 4018 sed
3720 3955 4004 4019 maxime
4062 3953 4308 4038 requiri
4353 3963 4436 4020 ut
4481 3965 4688 4020 certae
4723 3967 4803 4034 po-

2906 4047 3149 4104 nantur
3231 4038 3425 4124 leges,
3506 4040 3739 4121 quibus
3804 4040 4013 4105 instar
4092 4040 4301 4106 fraeni
4368 4039 4704 4108 cuiusdam
4753 4036 4804 4098 in

2902 4123 3114 4189 officio
3151 4124 3392 4209 singuli
3431 4127 3919 4190 contineantur:
3964 4145 4039 4192 ac
4074 4147 4158 4191 ne
4193 4125 4316 4192 sibi
4353 4127 4625 4210 quidvis
4654 4124 4804 4189 licere

2906 4210 3019 4292 qui
3063 4209 3144 4274 ad
3205 4210 3645 4294 gubernacula
3698 4210 4098 4295 reipublicae
4143 4210 4374 4278 sedent
4421 4213 4800 4280 arbitrentur.

2904 4315 2979 4359 ac
3036 4296 3311 4378 proinde
3369 4317 3452 4361 ne
3511 4307 3703 4361 extra
3760 4318 3911 4364 suos
3965 4297 4209 4363 limites
4253 4319 4290 4363 e
4341 4299 4486 4364 redi
4532 4297 4653 4364 sibi
4693 4314 4804 4380 per·

2906 4382 3185 4447 mittant.
3277 4381 3367 4447 Et
3424 4383 3716 4447 vicissim
3760 4391 3833 4448 nt
3876 4384 4099 4467 populi
4142 4384 4213 4448 in
4257 4319 4480 4450 offficio
4524 4383 4803 4450 retinean-

2905 4476 3031 4548 tur,
3111 4475 3178 4531 et
3258 4466 3421 4532 nihil
3487 4477 3732 4534 temere
3811 4470 3935 4535 sibi
4018 4468 4563 4556 aggrediendum,
4639 4483 4806 4549 neque

2902 4552 3100 4617 etiam
3179 4554 3658 4639 insurgendum
3742 4553 4055 4621 adversus
4141 4556 4520 4638 superiores
4608 4554 4804 4620 sciant:

2901 4637 3011 4703 sed
3059 4638 3310 4723 legibus
3354 4652 3421 4705 et
3462 4641 3722 4706 statutis
3760 4649 4093 4724 regantur,
4139 4652 4205 4705 et
4247 4642 4527 4725 quisque
4564 4638 4807 4707 officium

2901 4723 2967 4787 in
3016 4727 3277 4810 propria
3322 4729 3655 4791 vocatione
3700 4723 3916 4791 faciat.
4006 4727 4194 4792 Istud
4250 4728 4464 4812 igitur
4507 4728 4580 4793 in
4622 4724 4806 4810 primis

2901 4810 3008 4874 hic
3068 4812 3567 4889 observandum,
3629 4819 3703 4876 ut
3762 4813 4073 4877 nimirum
4118 4813 4372 4898 legibus
4417 4823 4490 4879 et
4533 4805 4804 4880 institutis

2901 4897 3229 4979 quaelibet
3285 4898 3652 4981 respublica
3710 4900 4170 4964 constituatur.

2901 4981 3163 5048 unicum
3213 4983 3544 5048 hominem
3589 4983 3808 5084 logum
3857 4985 4151 5050 omnium
4187 4983 4399 5050 instar
4445 5006 4594 5053 esee
4635 4998 4802 5068 posse,

2900 5067 2956 5131 si
3016 5068 3208 5133 modo
3268 5069 3348 5134 ad
3409 5070 3875 5154 perfectionem
3920 5069 4367 5156 evangelicam
4413 5070 4800 5154 pervenisset.

2901 5149 3013 5218 sed
3074 5175 3265 5220 nemo
3329 5157 3532 5220 nescit
3590 5167 3993 5239 quantopere
4055 5158 4156 5222 sui
4219 5155 4525 5223 homines
4585 5152 4800 5222 oblivis·

2901 5251 3136 5305 cantur
3192 5251 3259 5307 et
3300 5241 3716 5323 insolescant,
3782 5254 3849 5308 et
3893 5243 4281 5327 praesertim
4324 5241 4437 5327 qui
4482 5243 4799 5328 plurimum

4259 4900 4594 4983 Equidem
4636 4899 4802 4963 fateor
4895 4959 4896 4982 ἶ
