5059 6059
876 296 1013 364 5¹25

881 485 1201 554 industria
1244 483 1553 546 meatum
1594 482 1687 542 est
1737 475 1872 555 tibi,
1921 475 2173 557 quando
2225 473 2536 557 populum
2592 474 2824 538 vocavi.

887 571 979 638 Et
1040 568 1292 636 oonoedit
1337 564 1497 630 Saul
1558 583 1698 629 cum
1743 560 2028 628 Samuele
2074 561 2146 626 in
2203 560 2307 625 die
2364 558 2498 624 illa.
2589 557 2694 622 25.
2740 557 2828 623 Et
2927 580 3139 643 neque
3216 557 3478 646 regredi
3540 582 3763 646 posse,
3852 584 4012 646 qum
4079 564 4141 627 D

888 657 1323 723 descenderunt
1362 652 1439 717 de
1463 650 1696 716 excelso
1718 649 1787 713 in
1821 647 2141 731 oppidum,
2163 651 2222 714 et
2252 645 2544 728 loquutus
2565 649 2654 710 est
2686 664 2827 710 cum

884 742 1084 809 Saule
1126 743 1194 806 iu
1234 737 1485 804 solario.

1056 912 1276 977 Antea
1319 908 1451 976 iam
1493 905 1863 971 audivimus
1899 904 2116 970 Deum
2143 898 2435 968 Samueli
2479 900 2824 979 revelasse,

889 1022 959 1067 se
1015 993 1326 1081 perendie
1382 992 1821 1058 indicaturum
1878 990 2002 1072 ipsi
2064 988 2395 1052 hominem
2455 1006 2648 1069 quem
2693 985 2823 1051 ele-

888 1089 1094 1171 gisset
1118 1079 1433 1146 Israelitis
1459 1081 1523 1142 in
1551 1098 1771 1161 regem
1793 1072 2319 1160 praeficiendum,
2366 1093 2544 1136 nunc
2588 1072 2823 1137 iterum

888 1173 1060 1237 idem
1128 1169 1222 1234 illi
1288 1165 1730 1232 confirmatur.
1830 1161 2001 1228 Nam
2059 1179 2263 1258 quum
2328 1157 2673 1224 accedente
2737 1156 2824 1222 ad

890 1255 1266 1324 Samuelem
1313 1249 1509 1318 Saule
1554 1268 1792 1316 novam
1836 1245 2301 1312 revelationem
2360 1243 2615 1326 accipit,
2671 1263 2824 1308 eum

890 1365 1034 1410 csse
1078 1340 1189 1423 qui
1232 1358 1429 1419 super
1473 1334 1785 1401 Israelem
1828 1334 1915 1398 sit
1958 1339 2375 1414 regnaturus,
2434 1328 2579 1394 ideo
2627 1329 2705 1394 fit
2749 1341 2826 1392 ut

890 1449 1054 1512 quae
1106 1425 1406 1505 deinceps
1482 1420 1922 1504 sequebantur
1952 1418 2285 1501 impleret.
2374 1414 2602 1499 Neque
2646 1413 2824 1479 enim

893 1515 987 1579 illi
1029 1512 1213 1578 Deus
1270 1510 1390 1574 hoc
1444 1527 1749 1572 arcanum
1809 1504 2111 1587 patefecit
2164 1511 2423 1567 tantum
2472 1511 2561 1566 .ut
2602 1499 2823 1584 cogni-

890 1603 1135 1666 tionem
1179 1595 1355 1662 illius
1398 1592 1683 1666 haberet,
1730 1601 1796 1654 et
1837 1588 2197 1656 curiositati
2232 1587 2373 1654 eius
2408 1587 2826 1667 satisfaceret,

890 1686 1004 1751 sed
1043 1682 1215 1765 quod
1261 1700 1414 1744 eum
1459 1679 1660 1742 vellet
1702 1676 2028 1740 unctionis
2070 1695 2215 1740 esse
2257 1674 2662 1738 ministrum:
2731 1681 2824 1736 at·

891 1792 1017 1854 que
1080 1770 1200 1834 Dei
1270 1767 1530 1831 nomine
1594 1773 1661 1828 et
1739 1761 2088 1826 autoritate
2154 1780 2293 1824 rem
2357 1760 2550 1844 istam
2619 1767 2823 1822 totam

892 1858 1223 1942 perficere.
1291 1850 1515 1931 Quare
1557 1847 1844 1931 oportuit
1885 1847 2073 1912 illum
2116 1844 2457 1910 certiorem
2502 1844 2648 1909 fieri
2693 1865 2824 1910 non

892 1942 1109 2008 dubiis
1152 1938 1359 2022 signis
1404 1936 1483 2000 de
1521 1936 1647 2000 Dei
1693 1934 2028 2000 voluntate
2085 1940 2151 1995 et
2193 1930 2540 1996 electione:
2599 1928 2826 2012 Neque

890 2049 1051 2094 sane
1085 2036 1327 2090 temere
1363 2021 1717 2104 quidquam
1751 2014 2270 2102 aggrediundum
2309 2031 2405 2080 est
2440 2014 2828 2099 susscipien-

892 2115 1133 2180 dumve
1177 2111 1245 2176 in
1289 2121 1423 2171 tam
1466 2106 1689 2171 arduis
1732 2105 2025 2185 tantique
2073 2101 2383 2167 momenti
2441 2100 2655 2180 rebus,
2712 2122 2824 2167 cu-

892 2196 1172 2266 iusmodi
1230 2204 1384 2260 sunt
1436 2213 1654 2257 rerum
1717 2189 2121 2272 publicarum
2166 2185 2661 2264 administratio,
2722 2187 2828 2254 vel

890 2286 1199 2352 ecclesiae
1263 2278 1578 2363 regimen.
1688 2278 1779 2342 Et
1841 2272 2203 2342 cavendum
2270 2292 2684 2354 summopere
2741 2294 2826 2340 ne

891 2372 1119 2436 ducem
1186 2366 1507 2432 rationem
1573 2372 1691 2427 aut
1746 2359 2089 2426 arbitrium
2141 2379 2331 2426 suum
2392 2360 2667 2441 quisque
2724 2378 2834 2436 se·⁸

892 2469 1135 2538 quatur
1176 2453 1245 2516 in
1291 2451 1484 2518 rebus
1529 2449 1694 2531 istis,
1751 2445 1994 2512 divinis
2038 2443 2454 2528 praesertim:
2514 2441 2627 2508 sed
2688 2441 2827 2510 sola

892 2541 1023 2606 Dei
1088 2537 1422 2604 voluntate
1486 2534 1611 2600 niti
1673 2538 1947 2615 oportet,
1995 2552 2078 2595 ne
2123 2530 2277 2614 quid
2320 2539 2579 2610 praeter
2639 2528 2823 2595 illam

892 2626 1304 2707 suscipiatur.
1396 2628 1608 2702 Atque
1648 2621 1873 2697 fateor,
1932 2617 2113 2684 nulla
2166 2613 2352 2681 nobis
2400 2614 2591 2679 hodie
2632 2615 2822 2682 coeli-

894 2725 1001 2778 tus
1046 2712 1239 2774 ‹latur
1281 2704 1644 2772 istiusmodi
1691 2704 2016 2780 revelatio,
2061 2723 2143 2767 ex
2188 2721 2315 2784 qua
2344 2701 2625 2767 sciamus
2661 2721 2823 2783 quos

894 2799 1076 2863 Deus
1120 2794 1391 2876 elegerit
1433 2792 1545 2875 qui
1589 2790 1958 2855 hominibus
2003 2788 2323 2870 praesint:
2366 2787 2481 2854 sed
2506 2807 2819 2852 canonem

891 2896 959 2948 et
1001 2881 1296 2965 regulam
1343 2878 1708 2961 generalem
1757 2875 2090 2953 habemus,
2134 2893 2327 2956 quam
2361 2873 2473 2955 qui
2508 2883 2822 2954 sequutus

890 2970 1107 3044 fuerit,
1173 2988 1213 3030 a
1278 2977 1451 3029 recto
1512 2982 1850 3045 nunquam
1917 2958 2264 3025 aberrabit.
2374 2957 2509 3023 Sed
2578 2958 2683 3025 hic
2742 2956 2822 3023 de

891 3053 1156 3137 speciali
1220 3050 1392 3117 facto
1458 3049 1704 3133 agitur,
1771 3055 1930 3131 puta
1995 3044 2074 3110 de
2139 3044 2646 3110 commutatione
2709 3043 2823 3108 illa

893 3141 1080 3224 regni
1123 3158 1286 3221 quae
1332 3136 1601 3200 fortuita
1640 3154 1783 3199 esse
1827 3153 1953 3198 non
2000 3129 2240 3216 potuit:
2292 3151 2368 3195 ac
2414 3129 2685 3212 proinde
2729 3129 2822 3194 lo-

889 3226 1002 3309 qui
1047 3246 1158 3290 ore
1202 3222 1463 3306 proprio
1508 3219 1724 3284 Deum
1768 3218 2066 3300 oportuit,
2110 3234 2186 3280 ac
2226 3226 2477 3282 certum
2523 3226 2591 3280 et
2632 3215 2825 3280 indu-

895 3314 1167 3378 bitatum
1213 3306 1662 3373 testimonium
1701 3304 1913 3382 edere,
1968 3323 2044 3367 ac
2093 3300 2425 3368 declarare
2468 3321 2664 3383 quem
2709 3321 2824 3384 po-

892 3397 1043 3481 pulo
1088 3416 1204 3461 suo
1248 3392 1452 3459 vellet
1490 3411 1711 3474 regem
1753 3389 2036 3472 praefici.
2124 3386 2353 3469 Neque
2396 3388 2570 3452 enim
2614 3385 2828 3454 adhuc

893 3498 1036 3550 erat
1059 3477 1491 3546 haereditaria
1517 3477 1703 3560 regni
1725 3474 2079 3541 successio:
2106 3493 2307 3555 quare
2328 3471 2648 3555 tantisper
2670 3470 2828 3537 dum

893 3579 1287 3650 oportunum
1379 3573 1635 3646 tempus
1726 3560 2065 3626 adveniret
2144 3559 2606 3641 temporariam
2683 3558 2825 3624 fieri

892 3654 1330 3735 provisionem
1374 3649 1679 3733 oportuit.
1770 3646 1902 3712 Sed
1949 3643 2125 3710 istud
2170 3665 2378 3727 neque
2418 3644 2500 3708 ab
2547 3644 2824 3710 homini-

895 3742 1013 3804 bus
1072 3757 1277 3818 neque
1335 3736 1415 3801 ab
1474 3734 1829 3800 eorundem
1874 3730 2198 3796 industria
2236 3750 2506 3798 manare
2551 3737 2825 3811 poterat,

893 3824 1006 3890 sed
1051 3823 1248 3888 solius
1275 3822 1395 3886 Dei
1430 3841 1594 3902 opus
1630 3827 1803 3898 erat3
1847 3817 2089 3882 idcirco
2134 3837 2264 3880 non
2311 3815 2428 3880 abs
2471 3837 2542 3879 re
2587 3815 2824 3881 dicitur

894 3911 1001 3973 hic
1048 3907 1311 3974 Samuel
1358 3907 1594 3971 iterum
1652 3904 2025 3970 admonitus
2069 3923 2108 3967 a
2150 3901 2439 3966 Domino
2504 3900 2706 3966 fuisse
2760 3911 2826 3966 et

892 4015 1130 4060 novam
1200 3992 1658 4057 revelationem
1722 3989 2061 4073 accepisse.
2170 3986 2340 4070 Nam
2401 4007 2594 4070 quem
2636 3986 2825 4054 Deus

892 4102 1051 4148 suae
1094 4077 1453 4142 voluntatis
1495 4075 1952 4141 administrum
1998 4094 2139 4139 esse
2184 4071 2461 4153 volebat,
2535 4073 2827 4156 oportuit

888 4168 968 4232 de
1013 4162 1238 4230 eadem
1286 4185 1414 4227 non
1461 4162 1675 4226 dubiis
1715 4161 1923 4246 signis
1966 4160 2105 4226 fieri
2149 4158 2512 4224 certiorem.

1064 4248 1378 4330 Sequitur
1430 4249 1650 4329 itaque
1692 4247 1759 4311 in
1806 4255 2135 4322 contextu,
2182 4242 2437 4310 Saulem
2481 4245 2825 4311 occurrisse

897 4335 1197 4411 Samueli,
1242 4339 1297 4398 et
1338 4355 1414 4398 ex
1457 4354 1522 4398 eo
1543 4334 1803 4414 petiisse
1834 4334 2085 4398 domum
2120 4330 2400 4409 videntis,
2445 4331 2560 4413 qui
2579 4351 2824 4412 respon·

891 4424 1080 4488 derit:
1149 4419 1287 4503 Eyo
1354 4418 1461 4484 ille
1524 4439 1681 4483 sum.
1785 4418 1890 4481 Ex
1954 4416 2189 4498 quibus
2251 4425 2520 4498 apparet
2582 4416 2823 4481 iterum

892 4507 1211 4591 quomodo
1237 4505 1459 4570 Saulis
1482 4525 1743 4588 gressus
1769 4503 2090 4568 Dominus
2126 4499 2472 4566 direxerit:
2518 4511 2585 4566 et
2626 4524 2820 4585 quam

890 4607 1141 4660 certum
1166 4591 1325 4656 illud
1351 4592 1435 4656 sit
1477 4589 1646 4673 qnod
1693 4588 1846 4654 alibi
1893 4589 2047 4652 dicit
2091 4589 2426 4670 propheta,
2469 4586 2612 4653 Deo
2641 4593 2824 4654 notas

889 4700 1022 4746 esse
1045 4681 1185 4743 vias
1206 4682 1471 4752 nostrae,
1514 4677 1751 4741 exitum
1773 4679 1829 4740 ct
1866 4694 2201 4758 cyrae-sum.
2236 4672 2335 4740 Ac
2360 4694 2520 4738 sane
2543 4694 2733 4758 saepe
2754 4673 2823 4740 id

894 4788 1025 4829 non
1071 4763 1641 4846 apprehendimus,
1686 4760 1799 4826 sed
1844 4771 2063 4826 tamen
2098 4781 2216 4843 pro
2251 4760 2612 4825 certissimo
2649 4761 2823 4842 prin-

890 4852 1059 4933 cipio
1105 4851 1384 4916 retinere
1428 4848 1757 4918 debemus.
1803 4848 1895 4912 sic
1939 4846 2133 4911 etiam
2174 4846 2302 4910 alio
2346 4845 2679 4927 Propheta
2736 4846 2825 4910 lo·

889 4949 1146 5018 quente,
1197 4935 1297 4999 his
1347 4936 1590 4999 verbis:
1638 4934 1812 4998 Novi
1846 4932 2091 5007 Iehova,
2150 4951 2271 4995 non
2315 4951 2447 4996 esse
2476 4952 2675 5012 penes
2717 4931 2822 4997 ho·

887 5024 1113 5086 minem
1156 5023 1326 5086 viam
1369 5020 1596 5102 ipsiu-3,
1643 5040 1769 5084 non
1789 5039 1922 5085 esse
1956 5038 2150 5098 penes
2182 5016 2393 5082 virum
2414 5017 2824 5083 ambtdantem

893 5107 985 5171 vel
1022 5109 1292 5188 diriyere
1331 5126 1614 5188 yressum
1646 5126 1851 5170 suum.
1940 5103 2196 5184 Quibus
2247 5104 2516 5168 vocibus
2572 5105 2714 5169 viae
2769 5108 2825 5169 et

884 5213 1143 5273 yressus
1208 5203 1415 5257 totam
1475 5191 1735 5274 quidem
1807 5190 2162 5256 humanam
2233 5187 2434 5254 vitam
2492 5188 2821 5273 intelligit,

2518 284 2934 351 HOMILIA
2975 286 3243 353 XXXI.

4678 297 4769 365 576

2928 474 3039 540 sed
3101 496 3184 540 ex
3241 474 3476 558 quibus
3528 476 3726 542 etiam
3787 485 4061 562 apparet
4115 496 4241 543 nos
4283 497 4493 562 neque
4529 484 4774 565 progredi,

3945 564 3958 577 ⁰
4145 583 4260 628 eus
4340 583 4560 647 passus
4613 587 4775 637 omnes

2928 659 3184 711 nostros
3231 647 3554 725 observet,
3601 647 3705 714 vel
3750 648 3947 714 etiam
3997 646 4258 733 dirigat.
4306 645 4481 716 Sane
4501 647 4656 716 Sauli
4683 675 4775 720 non

2931 742 3248 796 venerant
3268 734 3336 796 in
3361 745 3647 799 mentem
3692 754 3857 820 quae
3899 733 4026 800 sibi
4070 733 4504 820 contigerunt,
4542 747 4600 801 et
4633 758 4777 819 quum

2929 815 3302 884 Samuelem
3368 818 3657 896 offendit,
3723 829 4034 902 tanquam
4093 819 4178 884 ad
4234 821 4529 905 ignotum
4577 821 4636 886 in
4679 823 4779 890 loeo

2924 904 3150 988 ignoto
3190 903 3391 984 venit,
3436 904 3706 988 ignarus
3752 905 4092 971 hominum
4136 914 4204 972 et
4245 905 4546 970 locorum.
4620 905 4781 988 Quare

2925 989 3006 1056 de
3050 988 3242 1055 domo
3287 990 3578 1056 videntis
3622 991 4070 1060 sciscitaturus
4106 991 4175 1058 in
4202 989 4569 1057 Samuelem
4599 992 4784 1071 incidit,

2926 1073 3068 1140 Deo
3145 1074 3410 1140 interim
3485 1097 3635 1141 eum
3714 1088 3984 1162 agente,
4080 1086 4150 1142 et
4219 1087 4401 1143 recta
4471 1077 4549 1143 ad
4626 1079 4784 1161 ipsum

2927 1158 3295 1226 Samuelem
3384 1160 3723 1246 dirigente.
3831 1164 3943 1228 Ex
4009 1163 4135 1230 hac
4258 1183 4409 1229 orro
4474 1160 4669 1229 Saulis
4716 1165 4784 1228 in·

2925 1246 3395 1330 terrogatione,
3477 1248 3666 1314 facile
3744 1248 4126 1314 coniicimus
4233 1248 4606 1328 *amuolem‚
4682 1246 4787 1316 lieet

2926 1329 3306 1414 primarium
3356 1333 3564 1399 virum
3612 1342 3681 1399 et
3721 1355 4015 1400 summae
4059 1333 4235 1418 apud
4279 1354 4435 1400 suns
4476 1334 4789 1413 autoritatis,

2928 1438 3055 1482 non
3113 1428 3336 1484 tamen
3382 1418 3519 1483 ulla
3562 1438 3816 1502 pompa,
3863 1442 3991 1502 qua
4036 1420 4117 1486 ab
4178 1418 4323 1486 aliis
4382 1417 4791 1486 discerneretur

2925 1502 3251 1586 insignem
3316 1503 3546 1571 fuisse:
3625 1525 3779 1572 nam
3846 1507 4105 1588 quaerit
4170 1503 4336 1572 Saul
4401 1526 4485 1570 ex
4547 1504 4792 1570 Samuele

2926 1600 3233 1670 tanquam
3293 1587 3376 1654 ab
3432 1589 3655 1673 ignoto
3711 1590 3968 1658 Domus
4011 1589 4294 1657 videntis
4340 1588 4457 1654 ubi
4500 1589 4612 1655 sit:
4649 1610 4794 1672 quare

2927 1694 3235 1757 magnam
3288 1674 3486 1742 fuisse
3544 1675 3611 1740 in
3657 1674 3985 1743 Samuelis
4041 1676 4272 1742 habitu
4315 1685 4380 1740 et
4423 1676 4657 1742 vestitu
4689 1677 4794 1740 sim·

2926 1759 3281 1844 plicitatem
3361 1770 3646 1845 apparet.
3754 1761 4203 1828 Nihilominus
4267 1769 4490 1827 tamen
4552 1782 4658 1844 pro
4708 1759 4798 1824 Dei

2926 1844 3245 1928 propheta
3287 1844 3370 1910 ab
3411 1845 3716 1913 omnibus
3736 1847 4229 1931 agnoscebatur,
4276 1857 4343 1913 et
4377 1859 4678 1929 tanquam
4705 1845 4798 1910 dux

2925 1929 3146 2014 populi
3211 1940 3278 1997 et
3341 1931 3739 2015 gubernator
3803 1933 4185 2000 habebatur:
4253 1932 4369 2000 sed
4426 1953 4560 1998 non
4600 1941 4722 1996 erat
4750 1932 4798 1995 in

2924 2028 3200 2084 externa
3241 2038 3480 2100 pompa
3536 2029 3602 2084 et
3661 2019 4148 2103 magnificentia
4198 2017 4406 2084 honos
4453 2018 4566 2101 qui
4605 2016 4687 2081 illi
4723 2037 4801 2081 ex·

2925 2101 3289 2181 hibebatur,
3335 2103 3545 2185 qualis
3591 2126 3660 2169 re
3711 2125 3817 2169 um
3858 2114 3975 2172 aut
4019 2105 4389 2188 principum
4429 2118 4537 2168 est
4577 2102 4636 2168 di
4715 2101 4800 2166 ita

2925 2197 2991 2253 et
3048 2189 3548 2272 magnificentia.
3719 2201 3917 2255 uanta
3973 2190 4103 2258 fuit
4155 2190 4362 2275 igitur
4405 2186 4686 2256 Samue’
4760 2187 4805 2249 in

2927 2283 3112 2339 tanta
3157 2273 3475 2358 dignitate
3521 2274 3852 2355 modestia,
3908 2286 3983 2341 ut
4037 2296 4372 2359 nunquam
4416 2275 4526 2342 sui
4567 2274 4647 2342 sit
4693 2267 4805 2337 obli-

2927 2369 3052 2434 tus,
3097 2379 3307 2444 neque
3341 2380 3482 2426 sese
3524 2361 3853 2446 extulerit,
3919 2370 4037 2426 aut
4091 2359 4337 2444 aliquid
4390 2359 4719 2444 arrogarit,
4765 2365 4810 2420 et

2934 2445 3189 2514 animos
3246 2446 3643 2526 assumserit,
3709 2446 3828 2512 sed
3883 2445 4113 2534 habitu
4172 2445 4507 2514 communi
4565 2457 4808 2527 tanquam

2929 2553 3098 2596 unns
3144 2553 3180 2596 e
3223 2530 3409 2613 plebe
3465 2541 3810 2598 contentus
3867 2532 4110 2600 fuerit?
4202 2530 4352 2614 Quo
4413 2525 4705 2614 exemplo
4744 2549 4812 2592 sa·

2927 2637 3082 2701 pere
3109 2615 3405 2683 discunto
3437 2637 3713 2700 quorum
3751 2640 3830 2684 ea
3864 2628 3964 2684 est
3986 2619 4267 2697 ambitio,
4315 2629 4389 2684 ut
4411 2638 4594 2683 nova
4615 2632 4810 2699 pompe,

2927 2723 3103 2767 nova
3163 2702 3379 2786 specie
3441 2723 3702 2786 semper
3757 2701 4164 2787 splendidam
4232 2701 4626 2788 dignitatem
4675 2718 4810 2766 suam

2925 2789 3139 2854 facere
3183 2797 3519 2868 conentur,
3564 2800 3633 2854 et
3676 2791 3976 2858 omnibus
4021 2787 4348 2873 conspicui
4395 2791 4583 2854 fiant.
4646 2786 4812 2867 Quan-

2926 2883 3088 2957 tum,
3134 2875 3417 2958 obsecro,
3464 2872 3707 2940 distant
3750 2896 3791 2940 a
3832 2876 4207 2960 prophetico
4247 2874 4514 2958 spiritu,
4559 2873 4662 2957 qui
4700 2889 4810 2936 sane

2925 2959 3190 3044 spiritus
3235 2960 3357 3028 fuit
3400 2960 3924 3028 mansuetudinis
3968 2970 4035 3026 et
4078 2959 4562 3029 humanitatis?
4648 2958 4814 3040 Quare

2925 3046 2983 3113 si
3046 3045 3117 3112 in
3177 3044 3310 3109 Dei
3375 3045 3528 3112 filiis
3592 3046 3817 3112 haberi
3881 3047 4222 3127 volumus,
4287 3045 4654 3123 discamus,
4705 3043 4814 3107 licet

2926 3151 3220 3200 summos
3278 3131 3672 3214 dignitatum
3730 3133 3975 3217 gradus
4016 3143 4084 3200 et
4127 3133 4409 3198 honores
4457 3130 4692 3214 adepti,
4720 3147 4816 3191 nou

2925 3217 3133 3283 altum
3167 3237 3414 3299 sapere,
3458 3217 3569 3282 sed
3617 3240 3734 3284 nos
3777 3218 3859 3285 ad
3903 3218 4287 3286 modestiam
4322 3228 4389 3284 et
4424 3217 4813 3282 humilitatem

2926 3323 3332 3386 componere,
3375 3311 3450 3368 ut
3493 3325 3611 3368 nos
3655 3306 3795 3387 ipse
3835 3303 4095 3370 habitus
4133 3311 4415 3370 testetur
4442 3325 4581 3370 uon
4606 3303 4818 3367 inanem

2928 3388 3206 3474 gloriam
3271 3396 3340 3453 et
3399 3388 3821 3472 cupiditatem
3879 3389 4219 3474 regnandi,
4286 3399 4354 3456 et
4410 3387 4631 3454 levem
4680 3385 4816 3451 illam

2927 3472 3266 3562 gloriolam
3321 3486 3647 3557 appetere,
3707 3486 3781 3541 ut
3834 3485 4325 3560 praetereuntes
4383 3473 4599 3560 digito
4650 3489 4820 3536 mons·

2927 3571 3202 3625 tremur:
3240 3558 3356 3625 sed
3395 3560 3606 3628 fastus
3649 3562 4012 3630 istiusmodi
4057 3573 4256 3644 atque
4298 3559 4681 3646 arrogantia
4717 3575 4821 3640 pro-

2926 3646 3034 3713 cul
3087 3645 3431 3714 facessant.
3536 3646 3882 3714 Caeterum
3941 3648 4273 3730 responsio
4327 3644 4447 3711 illa
4511 3641 4821 3714 Samuelis:

2929 3729 3010 3797 Se
3050 3730 3233 3796 illum
3274 3731 3578 3797 videntem
3620 3752 3749 3799 esse
3791 3754 3980 3816 quom
4024 3730 4391 3816 quaerebat,
4443 3753 4586 3797 non
4628 3731 4822 3795 iactan-

2927 3819 3055 3884 tiae
3112 3827 3230 3895 est,
3291 3816 3405 3882 sed
3466 3819 3759 3884 veritatis
3820 3820 4286 3898 testimonium,
4350 3817 4537 3901 quod
4593 3817 4818 3881 interro-

2926 3914 3117 3988 gatus
3173 3902 3446 3969 reddere
3489 3903 3859 3989 cogebatur.
3946 3903 4046 3972 Ac
4092 3915 4442 3988 praeterea
4482 3904 4822 3988 dignitatem

2924 3990 3121 4056 etiam
3168 4009 3354 4056 suam
3399 3990 3684 4055 retinere
3721 3990 3892 4073 apud
3917 3988 4186 4058 Saulem
4223 3989 4414 4054 illum
4440 3989 4740 4074 oportuit,
4773 3993 4820 4046 ut

2925 4073 3114 4140 dictis
3178 4074 3386 4157 ipsius
3445 4075 3749 4159 deinceps
3803 4073 4001 4141 fidem
4058 4074 4420 4142 adhiberet.
4523 4074 4615 4142 Se
4656 4075 4824 4153 itaque

2923 4160 3257 4226 videntem
3324 4170 3436 4226 aut
3500 4163 3888 4246 prophetam
3957 4160 4256 4240 Samuel,
4337 4160 4520 4228 hanc
4588 4159 4824 4224 maxime

2924 4246 3005 4312 ob
3050 4265 3312 4311 causam
3357 4247 3606 4327 asserit,
3670 4260 3746 4312 ut
3788 4258 4115 4314 attentum
4159 4244 4430 4312 Saulem
4497 4245 4739 4320 reddat,
4781 4253 4829 4303 et

2924 4330 3006 4397 ad
3052 4331 3436 4414 excipienda
3480 4334 3678 4399 verba
3717 4354 3837 4400 sua
3880 4354 4027 4399 cum
4074 4333 4453 4398 humilitate
4502 4339 4823 4416 praeparet,

2924 4438 3007 4483 ne
3052 4417 3131 4483 ab
3177 4417 3465 4483 humano
3510 4418 3772 4503 ingenio
3815 4420 4102 4503 profecta
4143 4417 4502 4496 existimet,
4549 4417 4666 4486 sed
4704 4413 4826 4481 divi·
4903 4435 4904 4438 ¹

2924 4504 3105 4570 nitus
3148 4524 3487 4570 emanasse
3528 4505 3650 4570 sibi
3696 4505 4086 4589 persuadeat
4129 4503 4726 4588 quamaSamuele
4757 4513 4827 4563 eet
4903 4585 4904 4588 Ἴ

2923 4600 3306 4674 accepturus
3349 4590 3765 4672 sententiam,
3808 4611 3972 4674 quae
4018 4590 4144 4657 Dei
4188 4589 4532 4656 decretum
4577 4601 4677 4657 est
4712 4590 4827 4654 irre-

2924 4673 3235 4753 vocabile,
3301 4675 3404 4740 cui
3470 4677 3683 4760 ipsum
3749 4677 4155 4760 acquiescere
4220 4677 4309 4742 sit
4372 4697 4673 4744 necesse.
4757 4673 4829 4736 Ae

2923 4782 3078 4826 sane
3148 4761 3272 4826 Dei
3350 4781 3574 4828 servos
3638 4762 3762 4830 sibi
3839 4762 4013 4846 apud
4087 4761 4383 4828 homines
4446 4764 4826 4828 autoritatem

2922 4846 3377 4913 conciliaturos
3451 4855 3707 4931 oportet
3770 4870 3966 4914 suum
4032 4869 4272 4914 munus
4337 4854 4406 4913 et
4478 4848 4828 4933 dignitatem

2924 4953 3299 5016 proponere,
3368 4933 3474 4999 cui
3537 4954 3606 4998 se
3672 4935 3785 5001 uni
3851 4933 4097 5001 servire
4164 4955 4427 5000 necesse
4498 4935 4612 5000 sit.
4697 4932 4826 4997 Nam

2923 5039 3080 5084 sane
3139 5038 3328 5083 nemo
3377 5019 3501 5084 sibi
3547 5029 3800 5085 tantam
3837 5020 4277 5099 autoritatem,
4324 5041 4400 5085 ac
4423 5042 4514 5086 ne
4540 5029 4830 5104 praestan·

2924 5104 3211 5170 tissimus
3270 5105 3612 5188 quisquam
3671 5106 3963 5176 omnium
4021 5105 4363 5171 hominum
4432 5101 4829 5192 arrogaverit.

2922 5199 3000 5258 ut
3056 5210 3219 5274 quae
3272 5192 3411 5276 ipse
3465 5191 3735 5258 finxerit
3786 5192 3858 5258 in
3915 5190 4206 5258 medium
4249 5191 4513 5258 adferat
4558 5203 4832 5277 tanquam
