5059 6059
778 2252 782 2255 >
853 2212 971 2276 fiat
1033 2227 1395 2274 commune.

847 307 974 372 447

851 506 921 564 et
963 492 1255 577 dispositi
1316 489 1659 558 videantur
1716 490 1799 556 ad
1860 492 2074 556 Deum
2134 500 2204 555 et
2262 489 2535 555 verbum
2587 486 2797 572 ipsius

850 578 1272 664 sequendum,
1317 589 1647 643 momento
1693 584 2053 654 mutantur,
2113 585 2180 639 et
2238 573 2319 639 ad
2378 595 2497 640 sua
2541 595 2796 657 semper

851 665 1166 752 principia
1210 662 1505 729 redeunt.
1577 661 1725 728 Non
1771 663 1862 727 ita
1904 682 2062 727 sane
2106 659 2347 740 David,
2393 660 2505 743 qui
2550 658 2630 723 de
2668 657 2797 724 Dei

848 752 1186 819 voluntate
1241 749 1479 816 certior
1534 749 1775 828 faetus,
1845 769 1973 813 non
2048 746 2304 811 dubitat
2369 747 2524 829 quin
2592 745 2798 828 ipsius

846 840 976 905 iter
1018 837 1102 902 sit·
1148 833 1642 902 emundaturus,
1736 836 1827 898 At
1870 833 2181 917 quoniam
2225 853 2357 897 non
2419 840 2560 896 erat
2603 830 2797 911 solus,

851 923 964 992 sed
1009 921 1205 989 sociis
1250 919 1603 987 incredulis
1646 920 1949 1003 stipatus,
1993 918 2234 984 idcirco
2274 917 2489 982 Deum
2536 937 2797 981 rursum

848 1008 1247 1093 interpellat,
1292 1016 1360 1071 et
1402 1004 1558 1089 quid
1605 1005 1773 1070 facto
1816 1006 1902 1070 sit
1945 1026 1982 1069 o
2031 1026 2107 1070 us
2149 1004 2538 1087 interrogat.
2615 1001 2796 1068 Hinc

849 1095 1178 1163 discamus
1238 1093 1380 1158 Deo
1438 1113 1555 1157 nos
1616 1090 1699 1156 ad
1757 1090 1973 1172 aliquo
2079 1110 2240 1173 opus
2295 1097 2605 1172 vocante,
2665 1109 2796 1152 non

845 1182 1023 1248 affici
1064 1180 1268 1246 nimio
1314 1185 1511 1257 metu,
1558 1187 1625 1243 et
1667 1176 1726 1242 si
1767 1177 1878 1259 qui
1915 1176 1996 1241 ab
2019 1174 2231 1240 officio
2255 1174 2417 1239 alios
2440 1173 2794 1251 deterrent,

850 1275 1175 1351 quantum
1219 1266 1290 1329 in
1335 1263 1523 1329 nobis
1566 1261 1693 1328 erit
1713 1261 1969 1327 animos
2012 1258 2171 1343 ipsis
2215 1259 2553 1326 faciamus.
2622 1259 2793 1325 Nam

851 1354 968 1419 illa
1010 1350 1203 1418 Pauli
1249 1350 1541 1415 doctrina
1583 1349 1655 1413 in
1699 1367 1890 1413 usum
1930 1356 2227 1412 nostrum
2267 1344 2633 1411 revocanda
2676 1354 2794 1422 est,

852 1439 976 1507 etsi
1034 1436 1114 1503 de
1172 1435 1333 1503 cibis
1389 1445 1455 1500 et
1513 1433 1936 1500 caeremoniis
1996 1432 2427 1497 exterioribus
2487 1431 2795 1513 loquitur,

852 1545 963 1592 eos
1017 1522 1127 1607 qui
1185 1523 1256 1586 in
1308 1520 1437 1586 fide
1493 1520 1741 1586 robusti
1799 1529 1958 1585 sunt
2015 1539 2150 1582 non
2205 1515 2440 1583 debere
2497 1518 2796 1582 infirmos

850 1609 1237 1694 opprimere,
1295 1606 1408 1672 sed
1455 1607 1671 1688 potius
1726 1604 1977 1688 erigere
2035 1615 2102 1669 et
2152 1605 2562 1669 confirmare.
2648 1601 2798 1668 Hoc

850 1717 969 1762 nos
1011 1692 1217 1778 igitur
1259 1712 1378 1758 suo
1423 1691 1721 1774 exemplo
1765 1689 1985 1756 David
2029 1687 2232 1765 docet,
2293 1690 2511 1754 Deum
2571 1709 2797 1753 rursus

850 1801 986 1847 non
1042 1787 1311 1864 propter
1381 1798 1452 1844 se
1516 1776 1631 1844 sed
1696 1785 1959 1860 propter
2016 1795 2279 1841 suorum
2340 1774 2797 1839 infirmitatem

848 1868 1286 1949 interrogans,
1333 1873 1411 1929 ut
1454 1863 1511 1928 si
1555 1863 1886 1947 proximos
1931 1870 2189 1926 nostros
2233 1858 2446 1925 adhuc
2489 1859 2689 1924 rudes
2732 1869 2798 1924 et

847 1954 1143 2019 infirmos
1185 1948 1560 2026 viderimus,
1606 1970 1723 2031 pro
1760 1946 2011 2012 viribus
2048 1966 2158 2011 eos
2193 1947 2690 2012 confirmemus:
2729 1951 2798 2009 et

847 2040 917 2104 in
965 2037 1089 2103 Dei
1134 2035 1360 2101 schola
1403 2035 1836 2118 proficiamus,
1883 2041 1956 2097 ut
2001 2043 2068 2097 et
2111 2032 2273 2097 alios
2315 2032 2547 2098 iuvare
2589 2030 2797 2114 possi-

850 2146 1018 2201 mus,
1064 2129 1136 2187 ut
1179 2119 1350 2205 quod
1395 2121 1518 2206 ipsi
1564 2119 1987 2185 didicerimus
2032 2116 2327 2183 omnium
2363 2116 2798 2182 aedificationi

1506 2207 1857 2271 Praeterea
1934 2202 2258 2270 discamus
2325 2223 2458 2268 non
2526 2202 2797 2281 turbari,

853 2297 1006 2362 licet
1049 2293 1240 2360 multi
1284 2292 1657 2358 excitentur
1699 2289 1882 2356 venti
1940 2300 2006 2355 et
2063 2297 2500 2372 tempestates,
2561 2286 2799 2371 quibus

856 2381 1149 2466 graviter
1192 2378 1633 2444 concutimur:
1695 2385 1771 2441 ut
1827 2396 2020 2459 saepe
2062 2374 2249 2440 Deus
2308 2372 2633 2458 permittit
2677 2394 2798 2440 nos

854 2463 1173 2533 eiusmodi
1214 2462 1588 2529 hominibus
1632 2461 1828 2546 cingi,
1888 2462 2000 2545 qui
2042 2481 2163 2526 nos
2205 2480 2247 2525 a
2286 2469 2465 2526 recta
2509 2459 2618 2527 via
2660 2468 2798 2524 stu-

855 2551 1014 2618 dent
1056 2568 1351 2616 avocare.
1439 2547 1659 2629 Quare
1715 2547 2079 2614 constantia
2134 2557 2201 2612 et
2256 2544 2799 2629 magnanimitate

855 2658 978 2703 nos
1022 2643 1278 2719 oportet
1321 2633 1586 2711 muniri,
1644 2653 1729 2699 ne
1774 2653 2061 2716 unquam
2119 2653 2158 2697 a
2203 2631 2310 2697 via
2355 2631 2794 2709 deflectamus,

854 2724 1011 2790 licet
1067 2720 1258 2788 multi
1317 2720 1726 2786 occasionem
1782 2719 1969 2785 nobis
2040 2719 2121 2784 ab
2179 2717 2393 2783 officio
2452 2716 2798 2784 recedendi

854 2806 1229 2893 praebeant.
1316 2805 1548 2888 Neque
1591 2826 1743 2871 vero
1785 2802 2121 2870 sufficiens
2163 2804 2287 2869 erit
2330 2803 2684 2883 excusatio,
2742 2802 2799 2868 si

853 2915 975 2960 nos
1019 2891 1378 2958 dixerimus
1425 2891 1825 2958 voluntatem
1869 2890 2131 2974 quidem
2188 2888 2430 2955 habere
2471 2888 2619 2955 Deo
2662 2908 2799 2955 ser-

851 2977 1111 3066 viendi,
1166 2977 1281 3044 sed
1325 2976 1408 3042 ab
1452 2977 1576 3043 hoc
1622 2976 1725 3042 vel
1767 2974 1883 3042 illo
1926 2975 2129 3042 fuisse
2191 2984 2499 3042 avocatos
2557 2995 2677 3041 nos
2730 2976 2800 3038 in

854 3085 1059 3151 prava
1101 3064 1425 3130 consortia
1469 3062 1806 3129 incidisse:
1875 3083 2007 3127 non
2050 3061 2248 3128 fuisse
2291 3060 2577 3127 oblatam
2621 3080 2799 3128 occa·

851 3153 1102 3219 sionem
1147 3147 1622 3215 benefaciendi:
1669 3168 1837 3231 quae
1879 3168 2038 3214 sane
2081 3146 2301 3215 omnia
2342 3167 2474 3212 non
2522 3147 2800 3212 veniunt

851 3257 1075 3307 coram
1119 3235 1261 3300 Deo
1316 3235 1388 3299 in
1440 3236 1766 3300 rationem
1824 3232 2092 3317 accepti.
2181 3231 2624 3313 Quamobrem
2671 3231 2800 3298 Dei

850 3320 1182 3393 ⁴voluntati
1225 3328 1364 3386 tam
1406 3320 1684 3386 firmiter
1727 3318 2082 3386 adhaerere
2126 3316 2472 3398 discamus,
2531 3328 2604 3383 ut
2646 3317 2803 3383 licet

854 3409 1012 3475 hinc
1063 3405 1219 3471 inde
1261 3406 1453 3471 multi
1511 3427 1633 3471 nos
1686 3406 1766 3471 ab
1824 3404 2028 3489 ipsius
2082 3404 2387 3488 obsequio
2464 3403 2801 3470 dimovere

853 3496 1169 3571 nitantur,
1214 3491 1647 3559 nihilominus
1680 3501 2055 3558 constanter
2087 3490 2157 3555 in
2192 3490 2397 3573 ipsius
2430 3489 2801 3556 obedientia

939 3598 1369 3644 rseveremus.
1473 3578 1565 3644 Et
1625 3579 1766 3662 ipse
1823 3574 2044 3642 David
2099 3577 2288 3642 nobis
2349 3574 2551 3641 huius
2609 3596 2801 3641 usum

853 3600 1169 3730 ᾔθεοι-ἰαῦ
1212 3664 1477 3730 Psalmo
1523 3663 1722 3728 tertio
1765 3662 2091 3746 proponit,
2153 3682 2358 3745 quum
2418 3661 2545 3725 ait:
2606 3660 2803 3726 Multi

854 3750 1087 3828 dicunt,
1145 3750 1287 3831 quis
1340 3750 1438 3814 de-
1467 3749 1761 3821 manibus
1818 3748 2098 3814 hostium
2153 3753 2209 3813 te
2265 3746 2603 3814 liberabit?
2669 3745 2801 3812 Ubi

857 3835 1130 3901 minime
1174 3834 1444 3900 dubium
1483 3843 1583 3900 est
1625 3835 1785 3917 quin
1822 3832 1903 3900 de
1945 3833 2083 3899 suis
2125 3832 2434 3916 loquatur
2467 3831 2801 3910 militibus,

859 3931 929 3987 et
971 3931 1125 4003 agat
1170 3919 1251 3985 de
1294 3919 1497 3988 variis
1539 3918 2032 3986 incredulorum
2075 3918 2505 3997 sermonibus,
2568 3918 2802 4000 quibus

855 4007 1072 4074 iustus
1114 4004 1487 4072 labefactari
1531 4019 1599 4069 et
1618 4005 1780 4071 fides
1817 4004 2026 4088 ipsius
2046 4004 2306 4071 concuti
2339 4024 2525 4087 posse
2548 4003 2802 4070 videre-

856 4101 986 4171 tur,
1032 4112 1233 4175 quum
1277 4090 1464 4156 Deus
1517 4112 1651 4156 non
1709 4091 1919 4175 primo
1979 4110 2233 4174 quoque
2289 4098 2585 4174 tempore
2641 4089 2803 4174 ipsis

856 4178 1186 4246 subvenit.
1297 4176 1431 4243 Sed
1524 4176 1670 4242 istis
1745 4175 2230 4243 incredulorum
2327 4175 2802 4242 tentationibus

857 4263 1079 4331 obiicit
1122 4263 1344 4331 vultus
1386 4263 1515 4327 Dei
1559 4262 1971 4345 splendorem
2007 4282 2209 4345 supra
2243 4283 2333 4346 se,
2398 4283 2594 4346 quem
2636 4261 2804 4327 mul-

799 4397 808 4404 ·
859 4359 1076 4416 torum
1121 4349 1404 4415 militum
1449 4349 1661 4413 instar
1702 4347 1843 4413 fore
1889 4347 2063 4428 dicit,
2111 4355 2178 4413 et
2211 4348 2571 4432 perfectam
2614 4368 2803 4414 suam

855 4435 1238 4503 felicitatem
1297 4444 1366 4500 et
1420 4433 1763 4500 laetitiam.
1866 4432 2315 4514 Quamobrem
2385 4434 2442 4500 si
2500 4433 2804 4501 volumus

858 4521 1004 4586 Deo
1059 4522 1340 4586 firmiter
1397 4520 1771 4598 adhaerere,
1829 4529 1897 4585 et
1955 4520 2035 4584 ab
2091 4541 2167 4586 eo
2226 4540 2359 4585 non
2418 4520 2627 4585 averti
2687 4540 2803 4586 nos

855 4606 1423 4676 circumstantium
1478 4605 1822 4670 hominum
1866 4605 2332 4682 incredulitate,
2394 4604 2613 4672 Deum
2658 4626 2803 4687 pre·

859 4714 1103 4770 cemur,
1150 4702 1226 4757 ut
1270 4711 1390 4757 nos
1434 4690 1540 4756 sui
1583 4689 1930 4775 splendore
1977 4690 2204 4756 vultus
2247 4690 2534 4771 irradiet,
2593 4690 2660 4756 id
2706 4698 2805 4757 est

859 4800 930 4844 se
974 4787 1271 4844 nostrum
1295 4785 1728 4860 protectorem
1774 4787 1840 4841 et
1862 4775 2265 4842 defensorem
2301 4798 2375 4842 re
2408 4778 2552 4860 ipsa
2586 4785 2804 4843 osten-

859 4863 987 4946 dat,
1035 4874 1111 4930 ut
1156 4866 1224 4929 in
1266 4864 1471 4948 ipsius
1516 4862 1970 4928 benevolentia
2012 4864 2578 4946 conquiescamus:
2637 4884 2803 4946 quae

857 4949 1044 5016 nobis
1112 4950 1307 5015 unica
1381 4950 1574 5031 longe
1650 4949 1738 5015 sit
1814 4949 2159 5032 pretiosior
2232 4969 2429 5032 quam
2507 4949 2802 5014 omnium

859 5034 1199 5101 hominum
1245 5035 1570 5118 quaelibet
1615 5046 1771 5100 vota
1814 5035 2053 5118 quibus
2096 5035 2520 5101 vehementer
2556 5036 2802 5119 agitan-

859 5129 984 5187 tur.
1073 5121 1135 5186 N
1139 5142 1242 5187 am
1281 5122 1407 5187 nisi
1447 5122 1735 5205 penitius
1771 5121 2009 5187 animis
2046 5122 2287 5186 nostris
2324 5121 2608 5186 haeserit
2642 5121 2802 5187 haec

855 5208 1202 5286 sententia,
1262 5207 1475 5273 Deum
1524 5207 1712 5273 nobis
1755 5207 1991 5286 favere,
2047 5217 2114 5272 et
2168 5216 2471 5291 paratum
2529 5228 2673 5274 esse
2729 5207 2799 5271 in

2417 299 2827 367 HOMILIA
2886 299 3250 367 LXXXII.
4645 311 4729 377 448

2899 490 3095 556 rebus
3139 489 3439 573 angustis
3465 488 3785 555 auxilium
3809 487 4259 555 laborantibus
4278 489 4460 565 ferre,
4497 513 4736 577 nunquam

2898 575 3098 640 fidem
3157 574 3566 641 servabimus
3624 596 3835 657 neque
3894 574 4161 639 modum
4215 576 4625 645 retinebimus:
4666 582 4740 649 ssd

2899 661 3286 744 inexplebili
3330 659 3648 727 desiderio
3692 681 3952 743 semper
3995 658 4381 727 ardebimus.

3070 746 3400 829 Deinceps
3446 767 3603 812 vero
3638 747 3956 829 sequitur,
4001 744 4327 811 Davidem
4367 746 4442 812 de
4463 749 4569 813 Dei
4586 751 4740 816 volun·

2899 842 3035 898 tate
3092 835 3434 898 certiorem
3487 832 3731 897 factum
3799 852 4225 915 progressum
4292 853 4431 898 esse
4486 834 4740 901 adversum

2896 917 3314 1001 Philistaeos‚
3373 927 3440 983 et
3481 918 3776 982 iumenta
3828 917 4125 1000 ipsorum
4183 918 4485 1002 abegisse,
4533 932 4587 985 et
4631 923 4743 1004 ipsos

2898 1025 3141 1089 magna
3195 1003 3390 1086 plaga
3443 1003 3857 1085 percussisse.
3945 1002 4081 1068 Hic
4137 1007 4465 1086 quaeritur
4512 1007 4746 1088 quomodo

2898 1091 3014 1154 fiat
3058 1089 3304 1154 mentio
3340 1087 3663 1171 pecudum
3699 1097 3814 1154 aut
3847 1087 4293 1153 iumentorum
4328 1089 4745 1170 Philistinorum,

2897 1173 3427 1258 quandoquidem
3481 1173 3922 1258 oppugnaturi
3976 1183 4301 1240 venerant
4372 1174 4575 1241 urbem
4629 1178 4747 1242 illam

2899 1260 3100 1327 Ceila.
3191 1260 3327 1327 Sed
3362 1258 3839 1326 observandum
3886 1259 4085 1326 urbes
4128 1282 4255 1324 non
4302 1260 4567 1327 obsideri
4601 1282 4633 1326 a
4663 1273 4748 1327 tam

2898 1368 3245 1412 numeroso
3289 1347 3601 1420 exercitu,
3648 1346 3775 1411 nisi
3821 1346 4067 1411 abactis
4110 1346 4420 1430 gregibus
4474 1357 4535 1412 et
4570 1367 4753 1413 armen·

2899 1434 2984 1499 tis
3028 1453 3223 1516 quam
3268 1432 3464 1517 longe
3506 1431 3773 1515 lateque
3815 1444 4107 1515 possunt,
4168 1442 4244 1497 ut
4298 1430 4577 1498 hostibus
4611 1434 4752 1497 maius

2899 1517 3382 1585 incommodum
3427 1516 3747 1595 adferant,
3806 1527 3873 1580 et
3915 1518 4089 1582 fame
4130 1517 4277 1583 illos
4320 1518 4506 1583 citius
4542 1535 4754 1584 enecent

2899 1604 3157 1670 Deinde
3202 1603 3283 1668 ad
3327 1604 3495 1670 tanti
3539 1604 3863 1669 exercitus
3907 1604 4151 1670 cibaria
4194 1623 4328 1669 non
4390 1604 4593 1687 paucis
4626 1624 4756 1687 pecu·

2898 1689 3090 1756 dibus
3134 1711 3296 1773 opus
3339 1699 3501 1755 erat.
3572 1690 3923 1754 Praeterea
3955 1710 4156 1772 quum
4201 1690 4359 1756 urbs
4400 1688 4510 1754 illa
4539 1688 4756 1754 Philisti·

2899 1796 3137 1841 norum
3158 1775 3401 1841 finibus
3444 1787 3616 1840 esset
3649 1775 3973 1859 proxima,
4018 1788 4085 1840 et
4118 1774 4463 1841 Philistaei
4504 1775 4761 1859 planitiem

2899 1872 3312 1945 occuparent,
3373 1859 3652 1946 pecudes
3695 1881 3849 1927 suas
3893 1872 3960 1927 et
4017 1871 4314 1927 armenta
4372 1871 4681 1945 potuerunt
4717 1862 4760 1922 in

2897 1956 3162 2032 pastum
3227 1946 3583 2024 adducere,
3654 1946 3726 2011 in
3800 1947 4088 2013 hostium
4152 1946 4633 2013 incommodum.
4696 1944 4764 2008 Its

2900 2034 3136 2099 dicitur
3191 2032 3409 2098 David
3469 2032 3763 2116 abegisse
3805 2032 4312 2098 Philistaeorum
4372 2053 4606 2117 greges,
4650 2043 4764 2113 post·

2898 2140 3092 2202 quam
3135 2118 3313 2200 ipsos
3376 2139 3612 2203 magna
3659 2118 3852 2202 plaga
3910 2118 4356 2202 percussisset,
4417 2131 4484 2184 et
4534 2139 4645 2183 non
4690 2116 4765 2180 ali-

2899 2225 3066 2287 quos
3124 2213 3382 2270 tantum
3438 2203 3573 2270 levi
3628 2204 3877 2287 praelio
3948 2203 4357 2269 sustulisset:
4424 2202 4533 2270 sed
4596 2220 4766 2284 magns

2899 2290 3344 2355 internecione
3407 2299 3619 2356 totum
3686 2291 4047 2356 exercitum
4127 2291 4553 2373 profligasset.
4644 2286 4765 2351 Hine

2902 2386 3171 2460 apparet
3213 2375 3671 2442 miraculosam
3708 2376 3910 2442 fuisse
3934 2376 4212 2442 Davidis
4248 2375 4600 2442 victoriam.
4652 2372 4768 2436 Nam

2904 2463 3025 2528 etsi
3096 2482 3405 2528 numerus
3471 2462 3579 2528 hic
3656 2483 3789 2527 non
3851 2463 4263 2545 exprimatur
4328 2459 4770 2534 Philistinorum,

2903 2557 3125 2612 tamen
3168 2568 3252 2613 ex
3294 2547 3379 2611 iis
3422 2568 3588 2631 quae
3631 2555 3784 2612 ante
3826 2547 4115 2615 vidimus
4150 2567 4498 2629 possumus
4535 2544 4772 2613 coniioem

2905 2655 3036 2698 non
3081 2642 3340 2698 tantum
3377 2643 3477 2699 ter
3521 2640 3637 2699 aut
3670 2643 3904 2715 quater
3938 2631 4118 2698 mille
4153 2631 4457 2698 homines
4490 2628 4772 2696 excurrisse

2903 2718 2987 2784 ad
3032 2719 3254 2785 Ceilae
3298 2718 3632 2786 vexandos
3689 2719 3968 2786 incolas:
4026 2716 4141 2785 sed
4199 2729 4313 2783 tan
4363 2737 4516 2783 uam
4566 2716 4775 2780 lucunas

2902 2805 3156 2889 ingenti
3216 2825 3487 2871 numero
3545 2802 3830 2870 militum
3890 2814 4135 2870 terram
4189 2804 4328 2887 imp
4358 2804 4584 2869 evisse.
4643 2795 4774 2880 Quod

2901 2891 3091 2957 facile
3147 2890 3308 2969 fuit,
3377 2899 3721 2976 propterea
3780 2889 3955 2973 quod
4012 2889 4254 2955 finibus
4317 2889 4605 2973 ipsorum
4653 2881 4778 2951 Ceiln

2906 2977 3124 3043 vicina
3165 2987 3357 3060 esset,
3400 2988 3468 3042 et
3509 2978 3579 3043 in
3616 2975 3937 3042 eiusmodi
3979 2976 4247 3059 regione
4282 2975 4589 3044 facillime
4618 2989 4777 3037 omnes

2901 3063 3122 3129 vocati
3199 3063 3616 3129 conveniant.
3742 3059 3853 3128 Sic
3949 3059 4141 3127 hodie
4210 3061 4468 3127 'furcas
4551 3057 4779 3126 videmus

2903 3148 3207 3215 facillime
3251 3160 3515 3214 centum
3558 3168 3876 3231 equorum
3920 3146 4130 3212 millia
4182 3146 4250 3212 in
4301 3146 4571 3230 planitie
4608 3142 4780 3223 exiguo

2902 3243 3169 3318 sumptu
3212 3234 3424 3300 alere:
3480 3255 3685 3318 quum
3730 3233 3882 3299 alibi
3927 3233 4151 3299 decem
4193 3232 4412 3299 millia
4468 3232 4688 3312 maiore
4714 3228 4780 3291 in·

2900 3320 3239 3387 commodo
3284 3330 3349 3384 et
3392 3320 3733 3402 dispendio
3757 3319 3872 3384 vix
3914 3321 4321 3384 nutriantur.
4389 3320 4484 3385 Et
4524 3324 4782 3401 praetem

2899 3405 3153 3471 incolae
3212 3406 3498 3490 regionis
3561 3405 3742 3471 illius
3818 3403 4073 3471 facilius
4150 3404 4335 3470 tenui
4403 3405 4577 3472 victu
4633 3401 4782 3494 vitea

2905 3490 3206 3572 tolerant,
3267 3512 3462 3574 quam
3507 3493 3780 3558 istarum
3833 3493 4198 3575 regionum.
4290 3488 4408 3556 Sic
4467 3490 4657 3574 igitur
4696 3483 4784 3548 ius

2902 3575 3303 3659 temporibus
3368 3577 3561 3644 facile
3627 3577 3781 3656 fuit,
3844 3575 4021 3659 quod
4087 3575 4331 3642 nostris
4400 3573 4783 3641 difficillimum

2901 3661 3184 3742 videtur,
3224 3673 3357 3729 tam
3387 3684 3812 3729 numerosum
3848 3661 4213 3729 exercitum
4248 3661 4575 3746 colligere.
4628 3649 4785 3751 David

2904 3769 3057 3814 vero
3101 3750 3426 3816 sexcentis
3470 3758 3734 3815 tantum
3777 3747 4127 3815 comitatus
4171 3747 4355 3826 viris,
4413 3757 4485 3814 et
4538 3744 4657 3811 illis
4690 3759 4785 3825 qm·

2902 3834 3052 3899 dem
3120 3855 3254 3899 non
3320 3844 3457 3899 tam
3523 3834 3862 3901 instructis
3930 3854 4128 3916 quam
4190 3848 4389 3899 erant
4448 3833 4671 3908 hostes,
4712 3819 4787 3892 sed

2902 3931 3148 3985 temere
3193 3921 3450 4000 coactis,
3495 3929 3569 3986 ut
3611 3940 3812 4004 supra
3856 3920 4158 4000 vidimus,
4202 3939 4291 3985 ex
4313 3919 4479 3986 viris
4524 3922 4588 3984 in
4609 3933 4786 3996 angus·

2904 4006 2996 4071 tia
3039 4006 3244 4072 consti
3253 4006 3428 4085 tutis,
3486 4015 3557 4072 et
3608 4027 3761 4072 aere
3819 4005 4032 4071 alieno
4086 4008 4439 4089 oppressis,
4497 4017 4563 4072 et
4612 4001 4787 4094 idciroq

2903 4112 3113 4177 paene
3155 4092 3536 4171 inermibus,
3582 4103 3648 4157 et
3689 4102 4030 4176 praeterea
4052 4102 4232 4156 metu
4258 4091 4581 4170 attonitis,
4621 4100 4685 4154 ut
4715 4104 4787 4167 qm

2906 4179 3222 4244 hactenus
3257 4179 3327 4242 in
3350 4178 3679 4262 speluncis
3702 4177 4132 4257 delituissent,
4169 4176 4600 4243 nihilominus
4629 4186 4788 4240 tamen

2902 4265 2975 4328 in
3018 4272 3271 4330 tantam
3312 4264 3497 4330 illam
3539 4262 4030 4330 multitudinem
4074 4284 4319 4347 magno
4366 4264 4588 4328 animo
4639 4261 4788 4341 impe-

2904 4358 3045 4415 tum
3110 4349 3280 4430 fecit,
3347 4357 3414 4414 et
3478 4350 3775 4434 sequitur
3841 4351 4094 4434 impetu
4157 4348 4331 4415 facto
4349 4399 4368 4428 ‚
4438 4349 4787 4434 profligatum

2902 4435 3241 4520 ingentem
3306 4434 3499 4501 illum
3568 4437 3932 4502 exercitum
3998 4434 4545 4520 Philistinorum,
4602 4432 4696 4517 qui
4741 4429 4788 4491 in

2904 4522 3105 4588 armis
3147 4529 3339 4587 erant
3380 4522 3721 4588 exercitati
3763 4529 3828 4587 et
3861 4542 4102 4604 magno
4126 4542 4405 4588 numero
4441 4518 4787 4606 superabant·

2904 4617 2972 4673 et
3028 4608 3252 4673 multis
3308 4607 3575 4691 praeliis
3631 4607 3901 4674 fuerunt
3954 4607 4272 4673 Israelitis
4330 4610 4710 4692 superiores,
4748 4609 4789 4661 θ*

2904 4691 3166 4777 quidem
3224 4694 3479 4777 ingenti
3551 4692 3747 4760 caede
3817 4701 4347 4778 prostraverant,
4414 4705 4490 4760 ut
4558 4688 4786 4776 superius

2904 4779 3300 4846 audivimus.
3403 4779 3556 4845 Non
3615 4779 3808 4845 aliter
3865 4779 4070 4863 igitur
4128 4778 4429 4846 iudicare
4488 4794 4786 4864 possumus,

2901 4886 3097 4949 quam
3142 4865 3319 4948 quod
3362 4866 3543 4931 Deus
3605 4864 3946 4931 brachium
4007 4885 4198 4930 suum
4260 4887 4296 4931 e
4352 4866 4537 4932 coelo
4593 4859 4784 4929 extulit.

2904 4961 2981 5016 ut
3039 4950 3284 5018 Davidi
3344 4952 3691 5018 victoriam
3746 4951 3828 5015 de
3883 4950 4182 5016 hostibus
4237 4950 4462 5029 daret,
4539 4946 4691 5034 quod
4732 4963 4786 5009 ex

2903 5051 3144 5101 eventu
3211 5038 3370 5102 satis
3436 5048 3536 5102 est
3608 5037 4051 5121 perspicuum.
4163 5035 4330 5118 Quis
4416 5037 4590 5103 enim
4648 5035 4783 5098 unius

2902 5121 3184 5188 Davidis
3218 5122 3602 5188 fortitudine
3626 5132 3882 5188 tantum
3906 5143 4143 5206 agmen
4182 5125 4599 5208 profligatum
4629 5112 4781 5185 diost?

2902 5207 3322 5275 Fortitudine
3365 5209 3625 5293 quidem
3671 5209 3860 5275 illum
3915 5207 4165 5293 insigni
4219 5209 4592 5292 praeditum
4644 5206 4783 5274 fuisse
