5059 6059
728 336 860 406 279

730 531 948 592 terum
1008 525 1223 592 Deum
1282 522 1579 590 venerari
1626 541 1703 587 ac
1745 521 1956 589 colere
2001 522 2296 590 disceret.
2385 522 2476 587 Et
2517 521 2667 589 hac·

731 620 932 679 tenus
974 611 1232 694 quidem
1280 610 1357 675 de
1403 610 1525 675 hoc
1569 608 1796 691 capite.

911 695 1250 780 Sequitur:
1318 695 1634 761 Elcanam
1680 694 1854 759 domi
1898 715 2166 759 uxorem
2213 693 2417 759 donec
2460 693 2669 758 filium

734 804 926 850 suum
1013 783 1399 848 ablactasset
1482 781 1840 864 reliquisse.
1927 783 2028 846 Ac
2114 780 2326 864 prima
2406 779 2670 862 quidem

737 867 951 933 fronte
1031 868 1205 934 istud
1275 868 1560 933 intuenti
1635 864 1840 932 videri
1893 879 2112 950 posset
2168 869 2368 931 Anna
2429 867 2670 949 ingrati

736 955 936 1018 animi
1004 976 1133 1032 rea,
1199 975 1382 1036 quae,
1447 954 1501 1017 si
1573 951 1745 1035 quod
1814 951 2352 1036 impedimentum
2421 950 2669 1028 fuisset,

737 1039 1081 1106 videbatur
1176 1039 1335 1103 illud
1424 1059 1615 1103 omne
1701 1057 2005 1121 superare
2083 1038 2398 1103 debuisse.
2486 1036 2669 1101 Nihil

736 1127 912 1191 enim
980 1125 1188 1191 zelum
1248 1126 1410 1205 eius,
1487 1134 1743 1188 tantum
1820 1123 2199 1188 beneficium
2277 1144 2317 1187 a
2387 1123 2670 1188 Domino

736 1220 1195 1294 consequutae,
1232 1210 1452 1275 debuit
1488 1209 1821 1274 remorari.
1908 1209 2144 1274 Nonne
2179 1209 2355 1274 enim
2392 1230 2669 1292 aequum

741 1297 1004 1362 videtur
1080 1309 1154 1361 ut
1223 1316 1387 1379 quae
1458 1295 1769 1361 miraculo
1823 1295 2072 1378 prolem
2133 1295 2416 1379 suscepit
2472 1296 2669 1360 etiam

741 1385 814 1450 in
888 1383 1331 1448 sanctuarium
1417 1382 1669 1461 veniat,
1754 1382 1971 1465 palam
2041 1393 2304 1465 gratum
2379 1381 2670 1445 animum

742 1477 1057 1535 tentatura
1101 1466 1367 1550 Deoque
1411 1467 1650 1550 gratias
1686 1467 1956 1532 actura?
2004 1466 2226 1548 Quare
2267 1466 2444 1531 omni
2480 1486 2672 1532 excu-

740 1555 995 1621 satione
1028 1554 1298 1638 indigna
1335 1552 1506 1617 domi
1544 1551 1819 1617 haerens
1857 1551 2066 1617 videri
2100 1561 2327 1635 potest.
2418 1553 2670 1617 Verum

742 1640 1008 1708 minime
1051 1640 1121 1704 in
1167 1638 1628 1722 impedimento
1675 1640 1857 1721 ponit
1897 1638 2020 1702 sibi
2067 1649 2293 1703 natum
2332 1638 2668 1715 infantem,

739 1725 853 1793 sed
897 1747 968 1792 se
1010 1739 1207 1810 negat
1251 1726 1346 1789 ire
1391 1745 1577 1806 posse
1621 1724 1825 1789 donec
1868 1722 2011 1788 Deo
2053 1744 2244 1806 quem
2283 1734 2553 1790 voverat
2597 1746 2671 1790 ac

740 1811 986 1879 dicarat
1044 1812 1360 1876 infantem
1407 1810 1654 1888 offerat,
1701 1830 1892 1892 quem
1939 1809 2178 1892 alioqui
2222 1809 2527 1875 credibile
2571 1820 2672 1875 cst

742 1898 957 1982 potius
1000 1898 1210 1980 ipsam
1257 1895 1547 1960 humeris
1591 1907 1990 1979 gestaturum
2037 1895 2256 1974 fuisse,
2303 1896 2428 1960 nisi
2475 1895 2669 1977 longe

741 1984 871 2050 alia
912 1986 1121 2067 ipsam
1162 1983 1406 2048 occasio
1442 1992 1613 2046 esset
1649 1994 2007 2046 remorata:
2051 2002 2248 2063 quum
2285 1981 2667 2064 praesertim

742 2068 1083 2136 videamus
1119 2067 1456 2147 Elcanam,
1499 2077 1564 2130 et
1598 2067 1873 2131 farinam
1910 2079 1975 2132 et
2012 2067 2234 2131 vinnm
2259 2088 2333 2133 ac
2357 2068 2668 2131 iuvencos

743 2176 961 2220 secum
1030 2153 1397 2233 abduxisse,
1462 2152 1635 2217 unde
1701 2152 1858 2217 satis
1933 2162 2204 2235 apparet
2274 2174 2406 2216 non
2464 2151 2669 2218 fuisse

745 2261 1000 2324 egenos,
1066 2239 1224 2322 quin
1286 2238 1472 2304 facile
1529 2238 1845 2302 infantem
1907 2238 2012 2302 vel
2079 2238 2263 2303 asino
2335 2236 2667 2303 veherent.

744 2326 966 2408 Quare
1020 2326 1222 2391 Anna
1264 2324 1533 2389 minime
1577 2323 2023 2389 difficultatem
2069 2323 2326 2388 itineris
2368 2324 2668 2407 respicit:

739 2411 854 2477 sed
919 2411 1042 2476 hac
1108 2409 1417 2493 religione
1478 2419 1759 2489 tenetur,
1827 2430 1911 2474 ne
1975 2431 2190 2475 coram
2261 2407 2405 2473 Deo
2461 2429 2669 2474 vacua

737 2504 1064 2579 appareat,
1141 2495 1251 2561 sed
1320 2504 1393 2560 ut
1456 2493 1768 2559 infantem
1838 2494 2227 2559 adultiorem
2296 2494 2468 2560 ulnis
2531 2495 2669 2561 suis

738 2582 883 2647 Deo
962 2581 1245 2648 dicatum
1312 2580 1558 2654 offerat,
1646 2591 1840 2664 atque
1906 2580 2065 2645 adeo
2129 2581 2253 2646 sibi
2321 2581 2519 2646 veluti
2585 2581 2666 2645 ad

740 2675 997 2750 tempus
1062 2686 1441 2733 concessum
1501 2666 1748 2733 reddat.
1837 2666 2070 2749 Itaque
2114 2666 2285 2731 domi
2346 2666 2474 2731 alio
2535 2668 2666 2730 ritu

736 2775 931 2837 quam
969 2754 1219 2819 Elcaua
1251 2754 1523 2817 maritus
1561 2753 1627 2816 in
1665 2753 2039 2820 sanctuario
2076 2753 2415 2818 sacrificat.
2487 2753 2669 2836 Lege

738 2839 997 2922 quidem
1064 2837 1287 2904 divina
1351 2837 1580 2904 saltem
1646 2839 1716 2903 in
1782 2857 1954 2904 anno
2012 2836 2213 2904 semel
2271 2859 2411 2903 sese
2455 2858 2670 2903 mares

738 2926 1028 2991 Domino
1101 2925 1173 2989 in
1229 2926 1601 2990 sanctuario
1660 2925 1890 2990 sistere
1942 2923 2370 2989 iubebantur:
2441 2944 2669 2989 verum

739 3013 937 3077 etiam
983 3013 1179 3077 Anna
1224 3031 1353 3076 non
1398 3021 1540 3074 erat
1587 3013 1802 3076 nescia
1846 3009 1989 3075 Deo
2034 3022 2292 3094 gratum
2339 3017 2405 3074 et
2448 3029 2671 3092 accep·

741 3106 884 3162 tum
930 3117 1072 3162 esse
1117 3094 1288 3179 quod
1334 3095 1429 3161 illi
1473 3096 1647 3160 domi
1694 3095 2081 3163 sacrificium
2127 3094 2470 3161 offerebat:
2515 3097 2670 3177 quin

734 3183 870 3248 imo
903 3181 1146 3267 pudore
1185 3181 1464 3266 quodam
1505 3181 1909 3247 retinebatur
1943 3184 2350 3265 praesentiae
2388 3180 2671 3260 divinae,

740 3268 945 3334 donec
988 3277 1143 3334 voto
1185 3268 1622 3344 satisfecisset,
1683 3266 1952 3350 Deoque
2008 3288 2145 3332 rem
2209 3265 2485 3333 dicatam
2522 3286 2673 3330 con-

740 3363 1076 3433 secrasset,
1132 3363 1203 3417 ut
1259 3375 1335 3418 ea
1396 3353 1757 3417 frueretur:
1824 3358 2016 3435 atque
2060 3374 2131 3417 re
2175 3352 2314 3438 ipsa
2358 3374 2427 3418 se
2472 3361 2669 3417 testa·

742 3450 925 3507 retur
979 3447 1054 3504 ut
1096 3437 1581 3522 consequendae
1624 3439 1863 3504 sobolis
1902 3437 2185 3522 avidam,
2242 3440 2335 3504 sic
2379 3437 2672 3505 eiusdem

742 3528 960 3603 etiam,
1009 3522 1529 3607 quandoquidem
1575 3524 1882 3589 exaudita
1924 3535 2042 3600 est,
2084 3523 2452 3590 offerendae
2494 3524 2673 3607 cupi·

746 3610 927 3676 dam:
969 3611 1153 3693 quasi
1198 3609 1458 3688 diceret,
1508 3632 1635 3674 non
1696 3621 1798 3676 est
1840 3609 2028 3676 nobis
2075 3632 2233 3693 puer
2276 3611 2400 3675 iste
2446 3610 2672 3677 minis·

746 3704 1056 3772 traturus,
1101 3694 1214 3761 sed
1254 3695 1374 3761 soli
1412 3697 1517 3760 cui
1563 3695 1815 3762 dicatus
1850 3706 1947 3761 est
1983 3696 2368 3762 sanctuario.
2458 3695 2674 3761 Habe-

746 3804 894 3847 mus
950 3783 1185 3848 Annae
1243 3782 1580 3846 consilium
1636 3794 1704 3846 et
1758 3791 2081 3846 mentem:
2139 3782 2321 3847 cuius
2376 3791 2674 3847 autorem

745 3868 941 3934 etiam
988 3869 1297 3931 maritum
1335 3866 1648 3946 videmus,
1696 3869 1817 3933 hoc
1851 3867 2058 3932 solum
2094 3867 2175 3933 ad
2212 3869 2441 3933 uxoris
2474 3867 2677 3933 verba

746 3953 1189 4019 adiicientem:
1237 3952 1416 4018 Deus
1450 3955 1725 4018 verbum
1764 3974 1952 4019 suum
1990 3954 2299 4036 perficiat.
2386 3954 2493 4018 Ex
2531 3953 2672 4036 qui-

742 4040 865 4105 bus
922 4037 1089 4104 duae
1148 4058 1290 4104 sese
1333 4038 1615 4104 offerunt
1660 4039 2087 4122 quaestiones,
2145 4059 2296 4117 uua,
2356 4039 2547 4123 quale
2592 4039 2676 4104 sit

741 4125 918 4193 istud
958 4125 1036 4189 de
1071 4145 1199 4207 quo
1236 4124 1480 4189 Elcana
1511 4125 1797 4207 loquitur
1820 4125 2113 4208 verbum,
2150 4124 2674 4209 quandoquidem

741 4211 995 4277 nullam
1065 4231 1101 4273 e
1157 4208 1333 4276 coelo
1392 4211 1628 4275 factam
1683 4211 1808 4293 ipsi
1866 4212 2329 4275 revelationem
2387 4219 2674 4277 constat:

744 4298 970 4377 altera,
1042 4295 1362 4378 quomodo
1419 4297 1640 4378 perfici
1695 4305 1963 4381 expetat
2008 4297 2179 4379 quod
2238 4297 2372 4362 iam
2431 4297 2676 4362 factum

743 4396 904 4450 erat.
994 4381 1215 4463 Quare
1258 4381 1733 4447 observandum
1779 4383 1872 4447 ita
1915 4382 2260 4465 loquutum
2306 4405 2391 4448 ex
2430 4383 2677 4447 usitata

744 4471 1105 4552 scripturae
1188 4467 1439 4551 phrasi:
1528 4466 1742 4533 Deum
1807 4469 2071 4533 verbum
2142 4491 2334 4534 suum
2402 4465 2673 4544 dedisse,

744 4576 947 4641 quum
1025 4555 1260 4618 Annae
1317 4573 1540 4637 preces
1598 4552 1907 4619 exaudiit.
2000 4554 2295 4638 Namque
2352 4556 2678 4637 scriptura

743 4643 910 4710 solet
967 4638 1178 4706 dicere
1234 4639 1446 4705 Deum
1508 4639 1689 4704 nobis
1747 4639 2160 4722 respondere,
2219 4663 2416 4724 quum
2463 4642 2678 4723 ipsum

747 4746 1111 4815 precamur.
1200 4725 1401 4808 Atqui
1462 4746 1682 4791 vocem
1736 4725 1984 4790 nullam
2043 4726 2147 4791 edi
2201 4728 2473 4793 scimus:
2546 4746 2676 4790 non

747 4816 922 4883 enim
967 4811 1214 4878 eoelum
1263 4812 1535 4888 intonat,
1582 4832 1709 4876 non
1757 4812 2106 4876 mittuntur
2151 4833 2190 4877 a
2235 4813 2377 4877 Deo
2417 4811 2677 4897 Angeli,

748 4901 1029 4982 denique
1073 4897 1324 4963 nullum
1371 4918 1599 4962 sonum
1647 4896 1913 4963 auribus
1955 4898 2385 4981 percipimus:
2454 4920 2677 4963 verum

751 5008 953 5070 quum
1030 5006 1101 5048 re
1180 4985 1321 5067 ipsa
1389 4983 1599 5048 Deum
1669 4984 1875 5048 nostri
1940 4983 2276 5050 misertum
2336 4985 2678 5065 sentimus,

748 5083 947 5154 atque
1009 5072 1221 5152 ipsum
1276 5067 1359 5133 ad
1402 5078 1659 5135 nostras
1702 5090 1926 5152 preces
1968 5070 2323 5154 benignum
2369 5072 2680 5136 annuisse

746 5159 1010 5232 seimus,
1050 5157 1284 5220 merito
1331 5176 1713 5240 responsum
1764 5155 1923 5220 illud
1959 5154 2254 5220 divinum
2292 5156 2678 5240 appellatur.

750 5244 899 5316 Etsi
967 5241 1146 5307 Deus
1212 5240 1415 5325 igitur
1478 5264 1590 5306 ore
1654 5242 1963 5324 loquutus
2031 5264 2157 5308 uon
2202 5253 2319 5324 est,
2388 5241 2678 5310 Elcanae

2432 331 2842 399 HOMILIA
2885 332 3008 400 IV.

4575 332 4709 398 280

2771 529 2995 588 tamen
3033 521 3306 588 minime
3341 521 3549 587 defuit
3582 530 3830 588 certum
3868 519 4336 600 testimonium,
4369 541 4497 603 quo
4521 519 4710 588 Deus

2770 608 2957 673 illum
3024 609 3103 675 de
3170 609 3495 673 exauditis
3555 607 3790 672 Annae
3854 607 4077 671 uxoris
4141 606 4348 690 ipsius
4405 607 4709 692 precibus

2769 696 3108 761 certiorem
3153 695 3325 760 fecit.
3412 693 3592 760 Hinc
3634 691 3977 773 discamus,
4034 694 4092 757 si
4134 713 4264 775 qua
4308 692 4471 758 bona
4520 691 4709 760 nobis

2770 781 3179 866 contigerint,
3226 802 3304 846 ea
3346 779 3565 844 omnia
3600 800 3640 844 a
3675 779 3819 843 Deo
3851 797 4132 858 manare,
4177 789 4252 844 ut
4285 798 4472 845 sacra
4508 778 4638 843 scri

2771 876 2916 931 tura
2979 867 3161 951 loqui
3226 866 3411 947 solet,
3475 873 3542 929 et
3606 866 3719 930 nni
3780 875 4042 947 accepta
4099 863 4402 929 ferenda:
4470 864 4623 930 dein
4669 883 4708 930 ο

2770 952 2994 1019 laudes
3029 967 3094 1018 et
3130 952 3447 1018 sacrificia
3484 949 3682 1035 digna
3713 950 3813 1014 illi
3846 949 4193 1028 offerenda,
4229 949 4346 1015 sed
4368 950 4460 1014 ita
4483 961 4709 1016 tamen

2772 1050 2844 1103 ut
2889 1040 3050 1104 nihil
3097 1039 3223 1104 nisi
3269 1052 3621 1123 praeeunte
3657 1036 3856 1101 verbo
3891 1034 4223 1101 faciamus.
4310 1035 4443 1102 Hic
4481 1045 4707 1103 tamen

2771 1124 3269 1204 observandum,
3326 1146 3445 1190 nos
3501 1123 3627 1189 etsi
3683 1123 3894 1186 Deum
3941 1142 4280 1204 nunquam
4323 1133 4400 1187 ut
4445 1143 4565 1205 par
4608 1129 4709 1187 est

2773 1212 3088 1277 bonorum
3150 1211 3441 1277 omnium
3498 1220 3791 1275 autorem
3845 1226 4295 1292 agnoscamus,
4352 1208 4484 1273 nisi
4543 1227 4707 1290 qua·

2776 1309 2966 1363 tenus
3025 1301 3224 1364 verbo
3283 1297 3422 1362 eius
3479 1292 3843 1360 erudimur:
3907 1305 4126 1359 tamen
4181 1306 4479 1378 oportere
4523 1303 4708 1358 tran-

2773 1383 2974 1467 quillo
3046 1386 3264 1449 animo
3333 1403 3474 1447 esse
3535 1400 3735 1464 quum
3791 1378 4195 1444 voluntatem
4253 1389 4547 1444 nostram
4606 1379 4708 1446 illi

2772 1483 3026 1553 gratam
3095 1468 3526 1554 agnoscimus.
3614 1465 3842 1547 Neque
3901 1464 4075 1528 enim
4135 1466 4576 1548 exspectanda
4637 1467 4706 1530 in

2774 1556 2913 1622 dies
2947 1555 3237 1640 singulos
3275 1574 3448 1619 nova
3482 1550 3800 1635 quaedam
3837 1550 4170 1627 revelatio,
4213 1572 4343 1633 qua
4379 1551 4484 1616 vel
4527 1552 4709 1617 Deus

2775 1643 2912 1725 ipse
2969 1642 3053 1708 ad
3100 1662 3215 1706 nos
3259 1638 3623 1715 descendat,
3671 1636 3775 1702 vel
3821 1637 4121 1720 angelum
4169 1636 4386 1701 mittat
4429 1638 4708 1702 nuncia-

2775 1740 3013 1808 turum,
3068 1750 3137 1793 se
3197 1727 3318 1793 hoc
3376 1725 3480 1790 vel
3534 1721 3699 1788 illud
3757 1721 4017 1787 fecisse:
4092 1742 4242 1786 nam
4300 1722 4708 1805 experientia

2776 1814 2961 1879 nobis
3017 1813 3271 1879 abunde
3329 1810 3702 1878 satisfacere
3759 1807 3968 1886 debet,
4035 1828 4160 1890 qua
4215 1808 4503 1874 divinam
4565 1809 4707 1876 vim

2775 1911 2969 1983 atque
3012 1900 3324 1965 virtutem
3372 1895 3628 1980 impleri
3674 1892 4036 1974 edocemur,
4092 1901 4285 1976 atque
4328 1893 4490 1958 adeo
4536 1894 4708 1961 tanti

2772 2007 2912 2052 esse
2971 1986 3269 2069 ponderis
3329 1982 3519 2049 debet
3562 1989 3757 2063 atque
3801 1980 3856 2045 si
3900 1977 4085 2045 Deus
4131 1979 4267 2063 ipse
4309 1979 4703 2062 loqueretur.

2773 2072 2862 2136 Et
2950 2071 3028 2136 de
3116 2071 3325 2155 prima
3411 2066 3787 2152 quaestione
3863 2063 4198 2131 hactenus.
4286 2064 4476 2146 Quod
4547 2087 4705 2132 vero

2771 2157 3020 2223 Elcana
3074 2167 3373 2240 precatur
3438 2165 3513 2219 ut
3568 2154 3750 2217 Deus
3808 2151 4084 2216 verbum
4143 2171 4331 2216 suum
4389 2153 4703 2234 perficiat,

2773 2264 2902 2308 non
2972 2243 3217 2308 frustra
3284 2242 3378 2306 fit.
3467 2239 3636 2304 Nam
3696 2236 3821 2302 etsi
3880 2237 4059 2302 Deus
4117 2257 4274 2302 vere
4337 2236 4435 2301 illi
4491 2238 4708 2304 filium

2773 2328 3059 2414 dederat,
3135 2348 3349 2394 nonne
3408 2333 3627 2390 tamen
3684 2322 3789 2387 vel
3848 2321 4158 2405 perendie
4211 2323 4399 2403 mori,
4470 2323 4580 2389 vel
4634 2324 4708 2390 in

2774 2414 3105 2481 hominem
3165 2432 3446 2496 nequam
3504 2431 3580 2475 ac
3638 2408 4035 2493 flagitiosum
4095 2407 4372 2473 evadere
4427 2418 4710 2493 poterat,

2771 2511 2964 2584 atque
3002 2523 3041 2567 a
3077 2499 3242 2578 Deo,
3287 2509 3600 2580 tanquam
3634 2491 3718 2558 ad
3751 2492 4000 2560 cultum
4036 2514 4227 2559 suum
4252 2514 4384 2560 non
4408 2494 4707 2574 idoneus,

2773 2585 2993 2651 reiici‘?
3038 2585 3261 2667 Quare
3295 2585 3418 2649 hoc
3452 2582 3703 2647 Elcana
3738 2601 3778 2645 a
3811 2579 3953 2645 Deo
3989 2579 4256 2663 expetit,
4301 2589 4369 2645 et
4401 2583 4708 2664 precibus

2774 2673 3049 2755 supplex
3131 2671 3535 2754 deprecatur,
3621 2675 3692 2730 ut
3756 2662 4277 2749 quandoquidem
4343 2667 4710 2733 masculam

2774 2760 3020 2843 prolem
3075 2757 3202 2841 ipsi
3259 2758 3442 2822 Deus
3485 2753 3763 2837 largitus
3807 2761 3964 2830 erat,
4022 2750 4301 2816 eundem
4347 2762 4709 2834 conservet,

2776 2855 2843 2908 et
2899 2844 2981 2910 ad
3038 2865 3231 2910 suum
3289 2840 3536 2907 cultum
3596 2836 3898 2903 idoneum
3945 2836 4156 2914 faciat,
4218 2838 4558 2922 sanctique
4603 2838 4710 2904 sui

2775 2931 3040 3013 spiritus
3100 2929 3344 2995 virtute
3411 2931 3627 3009 regat:
3717 2943 3845 3006 quo
3911 2933 4170 3007 gratum
4236 2931 4302 2989 et
4367 2935 4710 3008 acceptum

2776 3014 2919 3082 Deo
2985 3017 3071 3081 sit
3134 3015 3276 3080 eius
3338 3009 3790 3078 ministerium.
3881 3009 3977 3074 Ac
4043 3028 4219 3085 sane,
4288 3018 4364 3075 ut
4402 3009 4710 3095 deinceps

2778 3101 2979 3168 visuri
3024 3121 3274 3184 snmus,
3331 3120 3463 3163 non
3511 3096 3625 3162 abs
3669 3116 3741 3159 re
3783 3093 3948 3159 tales
3996 3093 4241 3160 Elcana
4282 3116 4513 3180 preces
4557 3099 4707 3164 fun-

2777 3186 3000 3253 debat:
3045 3208 3199 3252 nam
3230 3184 3536 3252 veniente
3561 3180 3869 3247 Samuele
3914 3178 3995 3244 ad
4040 3180 4441 3247 sacerdotale
4477 3184 4709 3249 minis·

2775 3274 3037 3353 terium,
3094 3293 3284 3358 quam
3334 3265 3755 3335 metuendum
3793 3287 3875 3331 ne
3910 3266 3978 3330 in
4015 3273 4149 3331 tam
4187 3266 4372 3332 foedo
4405 3267 4710 3353 lupanari

2776 3356 3290 3442 depravaretur?
3402 3355 3572 3421 Nam
3678 3352 3801 3419 etsi
3883 3352 3991 3417 Eli
4080 3353 4354 3418 minime
4442 3355 4708 3438 quidem

2773 3445 3131 3528 improbus,
3188 3448 3302 3509 aut
3359 3440 3442 3506 ad
3495 3439 3810 3524 flagitium
3870 3437 4133 3520 aliquod
4189 3439 4501 3522 proclivis
4545 3450 4707 3522 erat,

2774 3531 2993 3614 quales
3039 3540 3282 3612 tamen,
3324 3547 3580 3611 quaeso,
3626 3524 3896 3589 fuerunt
3938 3525 4077 3589 eius
4120 3523 4330 3607 liberi,
4375 3529 4706 3594 scortatio-

2776 3615 2969 3682 nibus
3013 3632 3078 3681 et
3122 3613 3329 3682 foedis
3370 3613 3505 3679 suis
3550 3609 3945 3687 libidinibus,
4005 3630 4080 3674 ac
4124 3610 4710 3680 furtis'ordinariis

2774 3701 3217 3768 sanctuarium
3262 3698 3391 3764 Dei
3436 3693 3846 3783 polluentes?
3893 3694 4074 3776 Quid
4116 3697 4320 3781 igitur
4363 3698 4708 3782 infantem,

2775 3788 2926 3855 licet
2968 3787 3153 3854 velut
3199 3786 3322 3851 Dei
3365 3784 3672 3868 angelum
3708 3782 3776 3846 in
3812 3782 4025 3847 medio
4060 3793 4244 3848 coetu
4279 3782 4707 3866 diabolorum,

2776 3884 2987 3958 putas,
3052 3874 3333 3949 obsecro,
3395 3869 3572 3936 aliud
3630 3887 3839 3952 posse,
3908 3887 4102 3952 quam
4159 3868 4436 3954 quodvis
4497 3873 4710 3939 scelus

2776 3981 2852 4027 ac
2885 3960 3227 4044 flagitium,
3266 3956 3392 4024 nisi
3426 3955 3649 4021 divina
3686 3974 3886 4019 manu
3920 3974 3995 4020 ac
4033 3954 4280 4021 virtute
4316 3957 4707 4025 miraculose

2776 4055 3250 4124 conservatum,
3297 4042 3541 4109 discere
3587 4039 3817 4123 posse?
3867 4037 3978 4106 Sic
4023 4062 4154 4106 non
4199 4042 4314 4107 abs
4349 4064 4422 4108 re
4457 4044 4710 4111 Eloana

2778 4132 2941 4197 tales
2999 4152 3222 4215 preces
3278 4128 3450 4212 apud
3513 4129 3726 4192 Deum
3783 4124 3968 4200 fudit,
4027 4147 4188 4210 quas
4246 4128 4445 4194 etiam
4493 4131 4709 4197 Deum

2776 4216 3117 4283 exaudisse
3216 4214 3521 4298 deinceps
3617 4211 3875 4297 plenius
3960 4212 4417 4297 intelligemus.
4533 4216 4710 4282 Hinc

2777 4316 3081 4386 parentes
3127 4302 3426 4368 discunto
3471 4299 3822 4365 liberorum
3895 4306 4143 4363 tantam
4189 4320 4411 4366 curam
4460 4324 4706 4387 gerere,

2779 4395 2850 4453 ut
2906 4388 3118 4454 Deum
3175 4407 3359 4453 orare
3424 4405 3552 4450 non
3612 4383 3935 4463 desinant,
3992 4382 4148 4449 dum
4208 4387 4363 4471 ipsis
4422 4390 4707 4471 gratiam

2778 4475 2948 4541 hanc
3002 4474 3419 4557 impetrarint
3480 4483 3553 4536 ut
3609 4492 3648 4535 a
3709 4471 3849 4535 Deo
3909 4478 4224 4554 regantur
4281 4483 4347 4537 et
4394 4474 4468 4537 in
4522 4474 4709 4541 cultu

2776 4560 2978 4643 ipsius
3022 4558 3422 4626 erudiantur.
3509 4556 3680 4623 Nam
3724 4576 3914 4639 saepe
3959 4554 4255 4623 videmus
4298 4579 4538 4642 pueros
4573 4569 4709 4626 tam

2776 4645 3047 4711 effraeni
3103 4645 3367 4712 licentia
3422 4643 3579 4708 ferri
3638 4651 3715 4707 ut
3771 4641 3908 4706 nati
3965 4662 4096 4707 non
4157 4643 4285 4709 nisi
4328 4643 4411 4709 ad
4455 4646 4708 4712 malum

2779 4730 3143 4797 videantur.
3237 4729 3365 4797 Sed
3443 4730 3516 4794 in
3591 4750 3751 4812 quos
3814 4727 4031 4811 potius
4096 4728 4289 4812 culpa
4353 4731 4710 4797 reiicienda

2778 4838 2970 4899 quam
3030 4819 3095 4881 in
3154 4827 3475 4900 parentes,
3538 4816 3648 4899 qui
3684 4835 3872 4881 caeco
3917 4814 4134 4881 nescio
4179 4836 4308 4899 quo
4351 4815 4707 4884 liberorum

2778 4923 2998 4967 amore
3051 4904 3219 4986 capti
3277 4901 3488 4966 multa
3543 4900 3804 4984 quidem
3860 4899 4143 4966 laetitiae
4184 4901 4376 4985 signa
4419 4903 4488 4969 in
4534 4924 4708 4970 com·

2777 4989 3216 5072 potationibus
3275 4995 3341 5053 et
3384 4986 3584 5052 nimio
3630 4986 3788 5053 luxu
3836 4986 4059 5060 edunt,
4117 4985 4230 5052 sed
4276 4988 4399 5054 Dei
4445 4992 4704 5073 penitus

2777 5072 3269 5153 obliviscuntur,
3313 5083 3377 5139 et
3422 5072 3562 5138 eius
3598 5073 3870 5156 gratiam
3910 5091 3985 5138 ac
4024 5071 4542 5141 benedictionem
4575 5096 4703 5142 non

2779 5159 2922 5225 sine
2977 5180 3218 5244 magna
3270 5160 3518 5225 offensa
3574 5157 3941 5243 sepeliunt?
4006 5160 4098 5225 At
4138 5169 4368 5226 contra
4409 5161 4596 5229 Dens
4633 5183 4703 5230 re

2778 5245 2919 5331 ipsa
2997 5253 3274 5314 testatur
3337 5266 3410 5312 se
3476 5244 3792 5312 bonorum
3853 5245 4143 5312 omnium
4208 5253 4529 5331 autorem,
4602 5247 4700 5316 vel
