5059 6059
306 341 417 409 297

303 527 879 616 locupletissimum,
923 541 1124 615 atque
1167 537 1527 615 perpetuae
1563 532 1708 599 eius
1750 530 2222 618 providentiae,

301 638 416 702 qua
478 624 895 700 tempestates
949 638 1032 683 ex
1085 618 1355 685 arbitrio
1412 617 1592 685 solus
1651 620 2044 697 moderatur,
2115 617 2227 682 ha-

301 704 531 769 bemus.
621 701 711 768 [tt
766 705 834 770 in
897 704 1073 770 bunc
1132 725 1399 769 sensum
1458 705 1583 770 scri
1638 715 1786 769 tura
1843 703 1999 772 dicit
2041 703 2221 770 Psal.

302 789 433 870 147,
493 788 575 854 16
632 788 849 855 Deum
909 791 1169 856 minuta
1226 791 1463 874 pruina
1517 811 1590 856 so
1620 811 1730 855 um
1777 791 1962 873 quasi
2004 790 2225 856 cinere

299 895 729 958 conspergere.
818 875 939 942 Sic
1001 876 1186 941 Deus
1245 878 1493 942 coelum
1556 876 1848 942 nubibus
1906 878 2068 942 atris
2124 877 2225 939 in-

298 961 505 1037 volvit,
569 971 640 1025 et
703 960 875 1026 idem
943 983 1099 1027 mox
1164 973 1445 1040 serenat,
1527 961 1666 1027 sole
1730 963 1932 1028 radiis
1997 959 2222 1027 orbem

294 1046 687 1112 illustrante:
766 1059 907 1112 tum
978 1048 1238 1131 pluvias
1306 1048 1502 1113 terris
1558 1048 1877 1112 immittit.
1967 1046 2224 1128 Quibus

295 1132 444 1199 coeli
499 1132 968 1199 mutationibus
1026 1134 1390 1199 excitamur
1444 1132 1523 1197 ad
1572 1133 1697 1199 Dei
1742 1133 2221 1217 providentiam

292 1218 868 1303 contemplandam,
926 1240 1056 1302 qua
1113 1220 1288 1285 solus
1347 1222 1568 1285 omnia
1606 1219 1983 1285 moderatur
2027 1231 2222 1301 atque

291 1325 365 1369 ex
407 1304 608 1368 animi
652 1306 981 1369 sententia
1024 1306 1194 1390 regit
1231 1316 1300 1370 et
1334 1305 1769 1371 administrat.
1862 1305 2042 1369 Idem
2082 1316 2221 1370 esto

290 1390 361 1455 de
402 1392 596 1456 variis
641 1391 711 1454 in
757 1389 1097 1455 hominum
1147 1393 1284 1456 vita
1326 1390 1615 1457 casibus:
1684 1410 1836 1455 nam
1886 1392 1943 1455 si
1987 1401 2223 1455 cuncta

287 1473 499 1541 eodem
578 1485 811 1541 tenore
874 1475 1209 1542 ferrentur
1291 1477 1435 1542 sine
1498 1478 1657 1541 ullis
1720 1477 2221 1555 mutationibus,

286 1581 397 1626 nae
431 1560 649 1627 Deum
689 1562 936 1628 honore
968 1562 1235 1645 proprio
1272 1562 1646 1647 spoliantes,
1682 1561 1991 1628 fortunae
2021 1562 2225 1626 admi-

286 1646 725 1712 nistrationem
770 1646 945 1713 orbis
990 1650 1449 1726 tribueramus,
1494 1659 1689 1732 atque
1733 1648 1802 1712 in
1848 1650 2089 1712 erroris
2127 1660 2221 1712 te·

286 1734 507 1798 nebras
558 1733 1128 1818 immergeremur.
1219 1737 1312 1800 At
1354 1755 1558 1817 quum
1607 1733 1687 1799 de
1734 1734 1935 1799 divite
1978 1753 2221 1817 paupe·

287 1839 413 1884 rem
454 1820 741 1902 aliquem
782 1819 1030 1885 factum
1074 1820 1492 1903 adspicimus,
1557 1830 1623 1884 et
1667 1821 1748 1885 de
1794 1829 2057 1904 potente
2096 1820 2223 1883 mi-

290 1923 489 1968 serum
547 1916 615 1969 et
676 1904 1022 1984 abiectum,
1082 1916 1277 1989 atque
1339 1905 1508 1970 nihil
1569 1920 1705 1970 tam
1767 1906 2003 1971 stabile
2049 1903 2219 1989 quod

290 1990 698 2056 commoveri.
734 2012 862 2056 non
923 1991 1149 2074 possit,
1208 1990 1809 2069 animadvertimus,
1872 2004 2032 2074 tum,
2092 1991 2218 2055 nisi

291 2095 534 2157 prorsus
590 2076 663 2141 in
716 2078 931 2142 media
974 2077 1120 2144 luce
1165 2077 1543 2161 caligamus,
1601 2077 1681 2141 ad
1729 2076 1959 2142 harum
2004 2090 2221 2140 muta-

290 2161 519 2227 tionum
576 2183 815 2228 causas
870 2165 1182 2246 quasdam
1225 2164 1656 2230 abstrusiores
1699 2176 1989 2228 mentem
2036 2161 2225 2228 attol-

288 2246 411 2313 lere
474 2248 873 2332 divinaeque
944 2249 1395 2331 providentiae
1456 2249 1687 2315 effecta
1740 2269 1855 2315 sus
1903 2251 2073 2316 icere
2126 2247 2226 2313 iu-

286 2331 514 2400 bemur.
605 2336 834 2418 Atque
891 2333 1055 2400 haec
1105 2336 1390 2418 primum
1446 2357 1525 2400 ex
1587 2334 1691 2399 his
1739 2356 1851 2400 ver
1901 2336 1952 2399 ‘s
2001 2334 2220 2399 bauri-

282 2418 443 2488 enda
476 2418 797 2486 doctrina.
886 2418 1147 2486 Deinde
1192 2432 1256 2486 et
1302 2421 1425 2486 hoc
1483 2419 1969 2486 observandum
2017 2421 2218 2495 venit,

284 2504 479 2571 Deum
514 2506 1077 2590 depauperantem
1117 2507 1370 2581 divites,
1422 2514 1489 2571 et
1523 2515 1776 2572 saturos
1812 2505 1892 2571 ad
1929 2506 2218 2588 inopiam

284 2599 343 2655 ct
393 2591 631 2657 famem
701 2591 1130 2676 redigentem,
1196 2596 1403 2659 iustas
1450 2613 1616 2676 apus
1672 2613 1743 2657 se
1805 2594 1904 2656 sui
1964 2591 2219 2657 consilii

282 2697 491 2743 causas
531 2677 815 2744 habere:
860 2679 981 2744 etsi
1021 2701 1148 2744 non
1187 2679 1492 2744 omnibus
1528 2679 1749 2744 statim
1786 2690 1994 2743 notas.
2086 2676 2221 2743 Sed

277 2783 435 2839 eum,
488 2764 782 2846 exempli
825 2767 1055 2848 gratia,
1115 2766 1227 2849 qui
1269 2762 1750 2849 depauperatus
1792 2772 1910 2842 est,
1964 2773 2221 2847 oportet

278 2849 434 2931 apud
501 2871 572 2916 se
641 2848 865 2933 ipsum
933 2850 1194 2916 easdem
1263 2851 1680 2935 investigare,
1749 2869 1948 2933 seque
2004 2860 2216 2916 totum

278 2934 465 3001 vitam
514 2956 599 3002 ue
648 2956 839 3001 suam
885 2936 1271 3020 expendere,
1318 2957 1478 3001 num
1524 2936 1828 3001 videlicet
1873 2936 1998 3001 Dei
2044 2933 2218 3000 dona

281 3019 344 3084 in
385 3042 486 3086 ma
513 3043 588 3088 os
650 3043 815 3087 usus
874 3023 1292 3101 converterit,
1367 3031 1436 3087 et
1494 3022 1685 3087 malis
1744 3022 1998 3087 artibus
2058 3040 2218 3104 opes

280 3113 478 3174 tantas
522 3107 903 3185 cumularit,
950 3108 1268 3192 quomodo
1311 3108 1539 3173 iisdem
1589 3130 1746 3174 usus
1791 3109 1894 3185 sit,
1940 3128 2097 3172 num
2144 3107 2213 3170 in

278 3190 509 3271 luxum,
568 3193 976 3278 superbiam,
1035 3204 1152 3260 aut
1207 3196 1336 3259 alia
1396 3194 1713 3260 eiusmodi
1766 3194 1935 3258 vitia
1978 3192 2215 3276 quibus

278 3298 405 3344 sese
444 3279 801 3365 indignum
847 3280 977 3346 illis
1022 3281 1330 3347 effecerit.
1418 3280 1721 3364 Denique
1769 3282 1890 3345 etsi
1926 3279 2215 3345 occultae

277 3364 652 3450 plerumque
694 3365 1067 3432 divinorum
1102 3366 1494 3433 indiciorum
1518 3387 1755 3432 causae
1780 3374 1956 3444 sunt,
1995 3377 2211 3429 tamen

277 3469 454 3535 saepe
496 3453 563 3518 in
626 3452 857 3519 oculos
901 3453 1165 3518 eaedem
1211 3463 1578 3528 occurrunt,
1639 3464 1715 3517 ut
1758 3451 1982 3516 nullus
2027 3450 2213 3516 dubi-

276 3538 491 3603 tationi
536 3539 725 3604 locus
770 3538 1201 3622 relinquatur.
1292 3537 1515 3620 Quare
1552 3539 1778 3603 divina
1811 3537 2053 3603 iudicia
2091 3556 2211 3602 nos

277 3621 569 3690 admirari
640 3636 714 3689 et
766 3626 1052 3690 revereri
1108 3624 1202 3689 sic
1257 3635 1529 3708 oportet,
1575 3625 1840 3707 eiusque
1884 3623 2211 3688 infinitam

276 3710 653 3792 sapientiam
703 3711 1051 3794 suspicere,
1115 3722 1189 3775 ut
1233 3711 1590 3776 humanam
1633 3710 2023 3793 sapientiam
2070 3709 2213 3774 sine

278 3791 383 3857 illa
432 3819 572 3863 esse
632 3798 905 3862 inanem
965 3807 1162 3880 atque
1208 3797 1552 3862 evanidam
1597 3797 1798 3881 probe
1844 3815 2210 3861 noscamus.

280 3878 563 3966 Denique
622 3882 943 3967 quidquid
1001 3883 1082 3948 ab
1126 3882 1266 3966 ipso
1311 3882 1406 3960 fit,
1464 3883 1711 3947 iustum
1758 3902 1901 3948 esse
1945 3903 2020 3946 ac
2064 3900 2210 3965 per-

278 3964 501 4032 feetum
566 3969 911 4035 fatendum
981 3978 1100 4035 est.
1195 3968 1384 4034 Hanc
1448 3968 1530 4033 ob
1594 3987 1855 4034 causam
1915 3978 1978 4032 et
2025 3966 2215 4031 beata

278 4052 453 4138 virgo
512 4055 756 4137 Maria,
824 4055 976 4121 huic
1045 4056 1494 4140 prophetissae
1557 4064 2009 4130 consonanter,
2089 4054 2212 4132 ait,

273 4136 476 4205 Deum
532 4142 879 4208 famelicos
938 4140 1312 4224 implevisse
1367 4139 1571 4216 bonis,
1632 4151 1697 4206 et
1754 4139 1991 4205 divites
2035 4137 2210 4204 able·

273 4225 517 4309 gavisae
574 4228 835 4293 inanes.
925 4227 1095 4292 Nam
1141 4227 1525 4312 plerumque
1568 4226 1797 4292 videas
1840 4225 2075 4291 divites
2118 4225 2213 4288 ita

273 4311 445 4378 bonis
488 4314 631 4380 suis
679 4322 749 4378 et
793 4313 1037 4378 divitiis
1082 4313 1470 4379 insolescere
1513 4322 1585 4376 ut
1616 4324 2029 4396 rumpantur,
2077 4331 2211 4374 non

272 4398 595 4466 absimiles
652 4400 741 4464 iis
798 4400 907 4483 qui
972 4400 1173 4464 nimio
1232 4400 1372 4465 cibo
1416 4420 1558 4465 sese
1603 4399 2085 4483 ingurgitantes
2131 4397 2212 4462 de

271 4490 681 4552 concoctione
739 4485 1061 4552 laborant.
1154 4486 1268 4550 Fit
1323 4486 1496 4549 enim
1560 4487 1845 4568 ipsorum
1892 4484 2210 4567 intempe-

272 4572 511 4636 rantiae
570 4573 740 4638 vitio
799 4580 890 4652 ut,
948 4570 1116 4655 quod
1171 4572 1239 4636 in
1300 4570 1685 4636 alimentum
1747 4569 1975 4635 cedere
2023 4590 2209 4653 opor·

270 4657 454 4737 tebat,
499 4658 942 4741 perniciosum
990 4657 1117 4723 illis
1150 4665 1218 4723 et
1255 4656 1597 4722 exitiosum
1637 4657 1743 4722 sit.
1832 4656 2013 4721 Idem
2054 4675 2212 4720 sane

272 4745 642 4823 potentibus
683 4744 754 4809 in
799 4744 925 4810 hoc
968 4743 1213 4809 mundo
1256 4744 1392 4810 fere
1437 4744 1792 4827 contingit:
1855 4762 2007 4806 nam
2054 4760 2212 4825 prae

271 4831 646 4914 arrogantia
728 4830 961 4895 tumidi
1028 4843 1443 4915 rumpuntur,
1533 4831 1821 4912 adeoque
1886 4828 2215 4894 satiantur

274 4934 385 4979 sua
440 4916 756 5000 potentia,
818 4926 892 4980 ut
945 4915 1126 4981 nulla
1171 4916 1331 4999 ipsis
1374 4917 1459 4980 sit
1503 4915 1808 4982 salutaris
1851 4914 2212 4979 evacuatio.

270 4997 511 5067 Contra
570 5022 734 5068 vero
769 5002 1085 5068 salutaria
1120 5012 1277 5066 sunt
1313 5000 1678 5067 istiusmodi
1710 4999 2016 5080 remedia,
2061 4998 2216 5064 fide-

270 5083 431 5152 libus
476 5088 609 5154 Dei
657 5089 864 5174 servis
908 5109 1039 5153 non
1104 5087 1708 5154 inemendabilibns.
1802 5090 2017 5170 Atque
2078 5086 2211 5169 ple·

274 5190 541 5257 rumque
587 5175 829 5241 multos
874 5175 1100 5240 videas
1147 5195 1275 5239 non
1323 5175 1481 5240 satis
1525 5182 1876 5239 evacuatos
1923 5183 2037 5237 aut
2081 5175 2215 5236 exi-

274 5260 547 5342 nanitos,
602 5261 774 5344 quod
834 5282 1050 5328 coram
1116 5259 1243 5326 Dei
1300 5261 1646 5327 maiestate
1691 5279 1833 5324 sese
1877 5280 2005 5324 non
2054 5258 2216 5324 didi-

1649 340 1751 408 IN
1794 340 1850 410 Ι.
1896 343 2077 410 LIB.
2125 338 2531 408 SAMUEL.
2578 338 2778 407 OAP.
2822 337 2915 407 11.

4148 344 4285 413 298

2327 527 2553 598 corint·
2603 527 2901 597 abiicere.
2989 530 3088 597 Et
3137 551 3459 617 pauperes
3519 551 3714 617 saepe
3757 539 3984 600 eontra
4026 535 4284 618 conspi-

2326 616 2461 682 cias
2502 613 2665 684 adeo
2707 616 2991 696 inflatos,
3050 626 3126 684 ut
3170 619 3253 685 ad
3300 617 3514 685 Deum
3558 619 3911 705 confugere
3952 619 4281 703 supplices

2326 703 2639 769 abnuant.
2728 703 2956 785 Neque
3011 706 3190 769 enim
3238 705 3399 771 adeo
3443 706 3737 787 sapimus
3774 724 4021 787 omnes,
4080 715 4151 770 ut
4190 706 4277 772 ad

2329 787 2546 856 Deum
2591 788 2789 854 etiam
2835 808 2957 855 uos
2998 790 3457 857 sollicitantem
3503 811 3941 875 assurgamus.
4034 794 4127 857 At
4160 809 4277 858 ne-

2327 874 2634 940 cessitate
2696 886 2764 940 et
2827 875 3192 960 indigentia
3256 887 3554 961 urgente,
3628 878 3753 943 etsi
3819 878 4002 960 prius
4070 877 4275 946 veluti

2326 957 2571 1043 stupidi
2618 968 2687 1024 et
2733 959 2995 1027 hebetes
3039 961 3478 1046 torpebamus‚
3524 974 3744 1028 tamen
3789 962 3972 1029 velut
4012 962 4095 1029 ab
4138 964 4274 1031 alto

2326 1058 2603 1111 veterno
2636 1048 2905 1112 excitati
2941 1048 3296 1134 confugere
3326 1047 3409 1114 ad
3431 1050 3648 1133 ipsum
3685 1049 3999 1131 cogimur.
4046 1048 4271 1131 Quare

2327 1132 2563 1197 merito
2610 1132 2793 1198 Deus
2835 1153 3156 1216 pauperes
3191 1146 3256 1200 et
3307 1135 3641 1201 famelicos
3684 1133 3951 1218 explere
3990 1143 4058 1198 ct
4098 1146 4276 1201 satu-

2327 1238 2476 1283 rare
2521 1216 2775 1284 dicitur.
2863 1219 3188 1303 Equidem
3237 1241 3394 1286 vero
3433 1221 3641 1286 fateor
3685 1221 3809 1285 ista
3844 1239 3976 1285 non
4014 1241 4275 1305 semper

2325 1316 2392 1369 et
2437 1315 2753 1386 perpetua
2790 1307 2959 1369 serie
2993 1308 3088 1372 sic
3124 1306 3543 1390 contingere:
3588 1306 3816 1371 multis
3850 1307 4273 1372 nascentibus

2324 1391 2727 1473 pauperibus
2807 1404 2875 1455 et
2938 1391 3220 1473 afflictis,
3303 1413 3465 1475 quos
3531 1391 3613 1457 ad
3680 1392 4003 1457 tumulum
4064 1413 4272 1477 usque

2327 1485 2680 1559 paupertas
2726 1477 3106 1542 comitatur:
3153 1487 3381 1544 contra
3425 1477 3651 1543 multis
3695 1497 3737 1542 a
3793 1478 4139 1544 nativitate
4181 1479 4272 1545 lo·

2326 1561 2712 1643 oupletibus,
2772 1583 2923 1628 suas
2981 1564 3176 1628 etiam
3238 1563 3319 1630 ad
3375 1573 3669 1648 posteros
3722 1584 3878 1646 opes
3933 1566 4273 1630 transmit—-

2326 1647 2635 1725 tentibus,
2680 1657 2747 1712 et
2789 1648 3050 1731 quidem
3095 1651 3163 1714 in
3212 1650 3452 1716 multas
3497 1652 3976 1735 generationes:
4029 1649 4273 1717 idcireo

2324 1734 2527 1798 etiam
2576 1733 2801 1799 multis
2848 1734 3003 1801 locis
3046 1734 3362 1819 propheta
3405 1747 3856 1819 conquerente,
3902 1745 3980 1800 ut
4026 1736 4268 1802 Psalm.

2330 1820 2429 1898 17,
2494 1819 2595 1883 14.
2650 1831 2716 1886 et
2758 1819 2861 1899 ⁷3,
2909 1820 3020 1885 12:
3082 1822 3211 1887 Dei
3251 1831 3732 1905 contemptores
3777 1824 3978 1886 tantis
4023 1821 4272 1889 deliciis

2327 1906 2659 1982 exsatiari,
2705 1921 2767 1970 et
2807 1919 3106 1971 ventrem
3137 1909 3438 1991 'ipsorum
3486 1907 3770 1991 impleri,
3814 1916 3890 1971 ut
3931 1907 4272 1974 residuum

2325 2012 2516 2056 suum
2557 1991 2905 2074 nepotibus
2942 1992 3332 2076 relinquant.
3413 1994 3667 2058 Verum
3703 1993 4057 2072 enimvero,
4102 1993 4270 2059 sicut

2326 2077 2516 2156 attigi
2580 2078 2898 2160 superius,
2945 2099 3071 2143 non
3134 2090 3237 2144 est
3293 2080 3357 2144 in
3417 2077 3539 2144 hoc
3599 2077 3847 2143 mundo
3890 2076 4271 2146 divinorum

2325 2163 2712 2228 iudiciorum
2794 2165 3238 2248 exspectanda
3311 2166 3623 2249 perfectio
3702 2176 3772 2228 et
3850 2163 4269 2247 adimpletio:

2324 2248 2497 2313 Nam
2581 2249 2890 2331 alioquin,
2949 2250 3234 2328 obsecro,
3302 2250 3458 2334 quid
3527 2270 3642 2336 spe
3723 2260 3953 2314 nostra
4027 2250 4266 2315 fieret?

2324 2333 2526 2414 Quid,
2584 2335 2873 2419 inquam,
2918 2336 2971 2401 si
3032 2338 3250 2402 omnia
3296 2337 3567 2420 impleta
3623 2335 3811 2401 nobis
3869 2334 4271 2416 viderentur,

2324 2420 2677 2503 praecipuo
2718 2420 2834 2487 illo
2881 2433 3144 2486 nostrae
3193 2422 3689 2488 resurrectionis
3724 2422 3999 2487 articulo
4032 2422 4269 2488 fieret?

2325 2504 2553 2586 Quare
2605 2507 2890 2573 sciamus
2944 2506 3160 2573 Deum
3217 2510 3285 2573 in
3333 2507 3532 2573 huius
3577 2507 3807 2572 mundi
3849 2507 4272 2574 administra·

2326 2593 2504 2656 tione
2576 2604 2833 2658 tantum
2879 2594 3163 2677 aliquem
3228 2615 3497 2660 suorum
3560 2594 3953 2661 iudiciorum
4000 2603 4271 2678 gustum

2322 2678 2513 2743 nobis
2574 2679 2748 2759 dare,
2805 2688 2881 2744 ut
2924 2680 3226 2745 sensibus
3285 2684 3525 2746 nostris
3586 2682 3650 2744 in
3711 2680 3991 2746 sublime
4033 2681 4270 2747 erectis
4391 2699 4394 2702 ·

2320 2764 2571 2829 maiora
2639 2774 3110 2848 exspectemus,
3201 2766 3474 2831 Interim
3546 2785 3703 2833 vero
3774 2765 4129 2849 potentiam
4200 2775 4269 2830 et

2322 2851 2808 2933 providentiam
2856 2852 2999 2917 eius
3042 2860 3292 2917 attente
3338 2852 3430 2917 sic
3474 2851 3904 2936 suspiciamus
3949 2865 4016 2915 et
4059 2850 4268 2915 admi·

2320 2958 2575 3021 remur,
2631 2956 2717 3001 ne
2763 2936 2920 3020 quid
2981 2938 3350 3004 divinorum
3399 2957 3665 3021 operum
3710 2937 4012 3002 fortunae
4055 2937 4264 3002 tribu-

2318 3043 2540 3088 amus:
2607 3022 2722 3088 sed
2770 3024 2968 3089 unius
3013 3025 3138 3089 Dei
3191 3026 3530 3108 proprium
3587 3044 3730 3090 esse
3790 3022 3908 3087 hos
3966 3021 4074 3088 vel
4117 3022 4266 3089 illos

2321 3110 2517 3173 etiam
2589 3107 2672 3173 ad
2715 3110 3087 3175 satietatem
3150 3110 3435 3194 explere,
3515 3119 3743 3176 contra
3801 3128 3961 3174 vero
4021 3105 4263 3191 depau-

2319 3215 2569 3278 perare,
2615 3204 2684 3260 et
2739 3195 3044 3278 fortunis,
3090 3196 3243 3262 licet
3284 3196 3723 3279 amplissimis,
3769 3192 4072 3259 omnibns
4115 3215 4263 3277 spo-

2318 3281 2499 3346 liare.
2589 3281 2822 3364 Neque
2886 3302 3045 3348 vero
3105 3303 3328 3347 rerum
3385 3282 3661 3347 istarum
3705 3279 4008 3363 exempla
4053 3299 4264 3363 panca

2318 3387 2461 3432 esse
2516 3366 3034 3434 existimandum
3094 3379 3229 3434 est:
3288 3377 3483 3451 atque
3542 3389 3578 3431 o
3636 3368 3888 3432 utinam
3946 3385 4080 3430 non
4124 3375 4262 3431 tam

2319 3453 2526 3517 multa
2582 3463 2939 3519 exstarent.
3026 3453 3219 3533 Nam,
3277 3474 3534 3537 quaeso,
3587 3450 3906 3535 adspicite
3951 3470 4118 3536 quae
4159 3452 4264 3516 in-

2317 3539 2604 3604 fortunia
2661 3540 2904 3604 nostris
2948 3548 3014 3603 et
3057 3539 3500 3624 superioribus
3542 3548 3770 3603 exorta
3813 3536 3981 3602 bella
4018 3548 4265 3626 tempo-

2316 3624 2499 3690 ribus
2523 3626 2917 3708 exceperint,
2942 3634 3042 3691 tot
3063 3624 3633 3708 amplissimarum,
3660 3623 4264 3707 potentissimarum

2316 3711 3098 3796 opulentissimarumque
3142 3713 3536 3777 familiarum
3582 3730 3736 3776 casu
3773 3720 3839 3773 et
3873 3708 4267 3791 calamitate,

2318 3807 2413 3861 tot
2460 3797 2845 3862 miserorum
2908 3797 3260 3863 hominum
3308 3797 3601 3873 interitu,
3665 3817 3940 3878 quorum
3987 3794 4099 3859 alii
4147 3795 4267 3859 fri·

2316 3904 2493 3969 gere,
2552 3883 2662 3948 alii
2724 3883 2917 3963 fame,
2977 3883 3087 3948 alii
3144 3883 3379 3969 gladio,
3437 3882 3550 3947 alii
3596 3881 3875 3965 denique
3919 3881 4049 3945 alia
4093 3880 4267 3947 cala-

2316 3970 2548 4034 mitate
2606 3983 2674 4034 et
2761 3969 3150 4035 necessitate
3234 3970 3590 4052 perierunt.
3701 3965 3919 4048 Quam
4000 3965 4263 4044 multos,

2316 4077 2575 4138 quaese,
2623 4076 2740 4120 nos
2786 4057 2984 4120 etiam
3030 4056 3236 4122 oculis
3280 4055 3520 4122 nostris
3566 4054 3900 4136 adspicere
3944 4054 4262 4137 cog-imur,

2315 4142 2470 4205 olim
2509 4142 3060 4224 opulentissimos,
3100 4162 3275 4207 nunc
3310 4161 3467 4206 vero
3492 4141 3728 4224 stipem
3756 4138 4261 4214 emendicantes,

2316 4239 2507 4311 atque
2555 4229 2880 4293 sexcentis
2927 4228 3075 4292 aliis
3118 4226 3545 4293 incommodis
3590 4223 3903 4290 obrutos?
3965 4225 4056 4289 Et
4099 4223 4264 4289 haec

2316 4313 2581 4397 quidem
2642 4334 2680 4376 a
2740 4314 2929 4378 nobis
2974 4314 3248 4379 fortasse
3295 4314 3648 4378 remotiora
3704 4310 3944 4375 dixerit
3987 4309 4259 4391 aliquis:

2317 4419 2549 4464 verum
2589 4419 2794 4483 quum
2832 4399 2937 4465 vel
2985 4399 3066 4464 ad
3115 4421 3232 4465 nos
3271 4419 3479 4482 usque
3519 4399 3910 4481 perveniant
3940 4405 4252 4476 tanquam

2315 4508 2351 4551 e
2397 4487 2738 4569 naufragio
2785 4484 3068 4566 tabulae,
3126 4487 3272 4568 quis
3317 4496 3551 4567 stupor
3596 4494 3766 4549 esset
3798 4483 3948 4546 illas
3986 4500 4114 4544 non
4152 4479 4256 4543 in-

2315 4571 2534 4638 tueri?
2572 4571 2820 4637 Verum
2850 4573 3026 4636 enim
3053 4568 3569 4636 verocavendum
3612 4587 3838 4635 eontra
3860 4588 3944 4631 ne
3966 4566 4260 4630 animum

2313 4658 2458 4724 ideo
2547 4656 3083 4741 despondeamus,
3169 4655 3693 4740 quandoquidem
3767 4652 4092 4718 Dominus
4174 4648 4259 4713 ad

2316 4753 2607 4810 nostram
2643 4743 3074 4809 eruditionem
3110 4745 3390 4828 ipsemet
3426 4741 3737 4825 patefacit
3772 4759 3842 4804 se
3876 4758 4018 4803 esse
4053 4757 4091 4801 a
4128 4754 4259 4819 quo

2316 4832 2585 4897 divitiae
2643 4846 2706 4897 et
2751 4830 3085 4913 opulentia
3126 4840 3411 4906 manant,
3469 4837 3535 4890 et
3580 4825 3855 4892 eundem
3903 4843 3943 4887 a
3985 4842 4115 4905 quo
4158 4821 4259 4886 fa-

2318 4940 2452 4983 mes
2522 4927 2591 4983 et
2654 4927 3048 5001 paupertas:
3131 4937 3205 4982 ac
3266 4932 3611 4999 precemur
3675 4930 3826 4975 eum
3906 4918 3979 4974 ut
4035 4907 4257 4973 oculos

2318 5004 2572 5088 aperiat
2677 5002 2914 5088 quibus
3003 5022 3205 5085 quum
3308 5000 3539 5064 harum
3628 5016 3847 5060 rernm
3955 5015 4144 5059 exem
4194 4994 4260 5058 la

2317 5090 2637 5176 producit,
2697 5111 2776 5154 ea
2819 5090 2912 5155 sic
2955 5090 3331 5152 intueamur
3385 5093 3461 5149 ut
3517 5080 3826 5166 quamdiu
3889 5082 4089 5146 vitam
4198 5080 4261 5144 ic

2315 5180 2661 5262 egerimus,
2730 5177 2795 5240 in
2863 5176 2945 5240 iis
3009 5175 3219 5258 magis
3286 5181 3480 5253 atque
3546 5168 3757 5253 magis
3821 5168 4257 5252 proficiamus.

2317 5265 2406 5329 Et
2450 5261 2530 5327 de
2574 5262 2679 5328 his
2723 5261 2982 5346 quidem
3030 5260 3367 5325 hactenus.
