5059 6059
820 326 950 392 619

824 519 1010 583 sione
1066 535 1105 579 a
1160 510 1451 597 patribus
1506 508 1588 574 ad
1644 507 1911 574 liberos:
1966 504 2080 572 sed
2139 524 2387 570 meram
2447 523 2591 568 esse
2633 502 2763 568 Dei

825 602 1125 689 gratiam.
1214 599 1313 664 Ac
1391 596 1545 662 licet
1623 611 2093 676 nonnunquam
2159 591 2277 656 filii
2352 590 2627 655 veniant
2690 590 2762 653 in

822 698 1076 774 partem
1137 683 1456 749 donorum
1526 681 1761 764 quibus
1830 687 2132 763 parentes
2189 675 2658 751 excelluerunt,
2723 693 2764 739 a

825 771 1141 857 singulari
1201 768 1329 834 Dei
1389 767 1603 852 gratia
1659 776 1726 832 et
1766 762 2226 831 benevolentia
2270 781 2544 827 manare
2586 770 2763 826 certo

823 877 1209 945 persuasum
1254 855 1631 936 habeamus,
1688 873 1811 918 sua
1853 849 2023 916 dona
2064 847 2299 932 quibus
2342 855 2409 912 et
2452 843 2762 930 quemad-

825 946 1094 1011 modum
1124 940 1267 1006 vult
1302 940 1752 1006 distribuente.
1839 935 2286 1017 Quamobrem
2321 932 2448 999 Dei
2478 932 2762 1017 gratiam

822 1042 889 1098 et
942 1031 1224 1098 virtutes
1282 1026 1651 1107 ubicunque
1694 1028 2015 1107 apparent
2056 1039 2514 1105 agnoscamus;
2571 1038 2648 1083 ac
2690 1024 2765 1082 ut

822 1138 944 1201 par
1001 1124 1104 1181 est
1159 1112 1582 1179 aestimemus
1635 1118 1702 1175 et
1762 1108 2176 1182 honoremus,
2233 1106 2363 1171 nisi
2416 1106 2489 1169 in
2546 1103 2765 1169 Deum

822 1206 1038 1287 ipsum
1113 1196 1559 1266 contumeliosi
1632 1215 1772 1261 esse
1831 1193 2152 1259 volumus.
2242 1191 2334 1256 Et
2390 1189 2564 1255 hanc
2623 1208 2765 1255 esse

825 1289 1198 1356 divinorum
1242 1303 1513 1367 operum
1555 1282 1871 1348 rationem
1917 1279 2234 1345 sciamus:
2282 1285 2476 1360 atque
2512 1275 2594 1342 ab
2629 1294 2764 1340 uno

827 1374 975 1440 Deo
1018 1373 1262 1440 bonum
1310 1390 1505 1433 omne
1547 1377 1614 1433 et
1655 1366 2026 1433 felicitatem
2069 1384 2354 1443 manare,
2414 1371 2482 1428 et
2525 1362 2607 1427 ab
2649 1361 2764 1426 illo

825 1461 965 1527 solo
1008 1456 1291 1543 pendere
1333 1454 1692 1521 discamus:
1738 1452 1818 1517 ab
1862 1449 2172 1516 humanis
2213 1448 2510 1514 omnibus
2552 1448 2766 1513 causis

823 1547 1042 1614 oculos
1088 1550 1457 1609 avertentes
1502 1539 1586 1606 ad
1631 1537 1829 1605 unius
1871 1536 2001 1602 Dei
2043 1533 2522 1619 providentiam
2569 1532 2764 1598 attol-

826 1634 1060 1711 lamus,
1104 1630 1288 1694 cuius
1333 1627 1529 1693 unius
1566 1634 1739 1691 nutu
1773 1631 1841 1688 et
1876 1621 2214 1687 voluntate
2249 1629 2486 1686 cuncta
2522 1618 2763 1704 guber·

825 1730 1089 1784 nantur.
1177 1714 1325 1780 Hac
1383 1713 1587 1797 igitur
1642 1707 1966 1776 sententia
2029 1706 2301 1772 stultam
2370 1705 2552 1771 illam
2621 1703 2765 1789 opi-

824 1806 1085 1869 nionem
1140 1797 1533 1884 reprehendi
1591 1797 1872 1863 sciamus
1926 1813 2150 1858 eorum
2208 1792 2319 1877 qui
2376 1812 2459 1856 ex
2503 1798 2653 1855 ortu
2698 1797 2767 1854 et

821 1890 1072 1955 familia
1131 1886 1258 1950 viri
1315 1884 1590 1949 alicuius
1631 1880 1942 1947 iudicium
1984 1880 2203 1944 ferant
2249 1877 2326 1943 de
2369 1878 2581 1960 ipsius
2625 1876 2766 1941 vir-

823 1975 1105 2042 tutibus:
1142 1967 1689 2055 quemadmodum
1726 1968 1835 2032 isti
1872 1964 2290 2049 quaerebant,
2330 1963 2483 2048 quid
2520 1963 2766 2028 factum

824 2072 997 2128 esset
1038 2059 1170 2126 filio
1215 2056 1365 2123 Gis:
1412 2053 1732 2139 quomodo
1776 2051 1939 2117 Saul
1982 2051 2158 2115 inter
2203 2047 2604 2133 prophetas?
2668 2048 2766 2113 Ao

825 2145 1099 2232 proinde
1177 2142 1524 2227 diligenter
1599 2158 1945 2205 caveamus
2020 2157 2105 2201 ne
2169 2136 2385 2201 Deum
2451 2134 2560 2201 vel
2624 2134 2767 2199 eius

825 2233 997 2298 dona
1081 2228 1428 2296 hominum
1508 2224 1801 2310 personis
1876 2222 2240 2306 alligemus.
2328 2220 2503 2287 Nam
2569 2238 2762 2301 expe·

823 2317 1064 2384 rientia
1128 2315 1313 2380 testis
1381 2320 1498 2391 est,
1570 2310 1788 2376 Deum
1852 2328 1984 2373 non
2048 2308 2341 2373 conferre
2406 2306 2580 2373 dona
2644 2324 2768 2370 sua

826 2414 1084 2470 tantum
1145 2401 1214 2465 in
1275 2398 1534 2479 divites,
1594 2416 1802 2480 neque
1846 2411 2139 2477 semper:
2196 2390 2310 2460 sed
2353 2400 2582 2458 contra
2623 2411 2766 2457 sae·

828 2489 978 2574 pius
1034 2487 1102 2552 in
1158 2484 1479 2570 ignobiles
1540 2495 1606 2547 et
1665 2481 1930 2548 infimae
1986 2480 2181 2545 sortis
2222 2478 2539 2556 homines,
2604 2497 2767 2560 quos

826 2575 910 2640 ab
982 2573 1142 2656 ipsis
1197 2569 1474 2637 stabulis
1533 2566 1615 2634 ad
1673 2585 1958 2632 summos
2017 2566 2299 2630 honores
2355 2573 2561 2631 vocat.
2650 2563 2767 2628 Sic

825 2658 1157 2725 Davidem
1201 2655 1585 2740 prophetam
1630 2652 1930 2720 videmus
1975 2650 2099 2716 hoc
2141 2651 2356 2734 ipsum
2399 2647 2482 2714 de
2515 2670 2588 2715 se
2620 2667 2768 2732 pro-

824 2746 1141 2823 fitentem,
1207 2743 1486 2808 electum
1551 2760 1621 2804 se
1686 2738 1997 2803 nimirum
2054 2758 2095 2801 a
2138 2737 2301 2813 Deo,
2368 2743 2435 2801 et
2478 2755 2517 2801 a
2561 2735 2768 2803 caulis

825 2831 1045 2918 gregis
1112 2829 1194 2894 ad
1260 2828 1511 2912 regiam
1576 2824 1962 2910 dignitatem
2021 2831 2344 2904 evectum,
2407 2820 2574 2887 nihil
2634 2819 2766 2885 tale

824 2915 1283 3001 promeritum:
1353 2932 1507 2978 nam
1548 2910 1643 2976 sic
1680 2912 1957 2993 ipsemet
1999 2908 2262 2975 Psalmo
2305 2908 2409 2973 78.
2455 2906 2766 2991 loquitur,

822 3003 1014 3071 Ele·
1092 2999 1407 3067 Davidem
1466 3016 1714 3064 servum
1761 3015 1970 3076 suum,
2028 2998 2086 3060 et
2138 3011 2768 3061 assummseumex

819 3110 895 3156 ca
964 3090 1022 3153 is
1075 3086 1304 3170 ρνερίε,
1368 3105 1413 3149 a
1469 3087 1634 3167 terqo
1689 3082 2004 3165 saetarum
2044 3080 2226 3145 duxit
2266 3099 2426 3158 eum,
2485 3079 2574 3146 ad
2609 3097 2767 3160 pas-

816 3175 1078 3242 cendum
1112 3170 1407 3237 Iacobum
1441 3168 1749 3252 populum
1784 3186 1988 3231 suum.
2074 3164 2262 3231 Idem
2306 3167 2516 3232 Amos
2559 3163 2641 3230 de
2685 3186 2755 3229 se

822 3260 1170 3346 praedicat,
1229 3278 1299 3322 se
1357 3276 1591 3339 nempe
1649 3262 1845 3318 antea
1903 3271 2036 3318 non
2090 3250 2294 3318 fuisse
2352 3251 2765 3335 prophetam,

823 3366 1035 3431 neque
1104 3341 1484 3428 prophetiae
1557 3339 1801 3406 donum
1856 3337 2183 3403 habuisse.
2270 3336 2467 3418 Nam,
2500 3336 2767 3421 inquit,

820 3453 1000 3499 eram
1060 3429 1244 3515 prius
1286 3426 1623 3505 bubulcus,
1693 3444 1894 3507 quum
1941 3422 2084 3488 Deo
2131 3423 2345 3489 visum
2386 3431 2489 3489 est
2530 3444 2639 3488 me
2682 3422 2764 3490 ad

815 3519 940 3585 hoc
985 3535 1226 3581 munus
1273 3532 1527 3579 vocare.
1615 3509 1799 3576 Haec
1832 3509 2037 3593 igitur
2069 3509 2400 3574 intuentes
2437 3507 2766 3575 discamus

816 3604 1036 3670 Deum
1070 3602 1140 3665 in
1175 3597 1480 3667 omnibus
1514 3596 1703 3662 donis
1740 3597 1876 3662 suis
1912 3603 2094 3660 tanto
2130 3595 2340 3681 magis
2369 3594 2764 3679 praedicare,

816 3698 885 3755 et
943 3687 1276 3771 propriam
1321 3683 1582 3749 laudem
1627 3681 1727 3748 illi
1769 3700 2141 3757 reservare,
2203 3700 2616 3764 summopere
2658 3699 2764 3747 ca-

820 3787 1052 3839 ventes
1118 3793 1201 3837 ne
1258 3770 1598 3836 hominum
1644 3768 1715 3833 in
1760 3788 1921 3851 quos
1965 3766 2138 3832 dona
2179 3786 2300 3833 sua
2342 3766 2619 3833 contulit
2661 3767 2761 3833 vi·

818 3860 975 3925 litas
1010 3866 1076 3924 et
1110 3865 1525 3939 contemptus
1561 3852 1643 3919 de
1681 3852 1808 3919 Dei
1841 3851 2037 3918 laude
2070 3851 2400 3936 quidpiam
2438 3851 2761 3930 detrahat,

818 3956 886 4011 et
946 3944 1116 4010 dona
1171 3944 1312 4008 eius
1354 3949 1621 4027 propter
1663 3958 1970 4024 personas
2010 3938 2354 4004 vilescant.
2445 3936 2764 4022 Sequitur

822 4031 1128 4113 deinceps
1200 4025 1354 4093 inde
1410 4026 1586 4093 istud
1643 4025 1986 4110 vulgatum
2043 4024 2243 4089 fuisse
2305 4022 2758 4107 proverbium:

817 4117 1055 4183 Annon
1102 4113 1264 4180 Saul
1305 4114 1466 4178 inter
1496 4110 1891 4195 prophetae?
1933 4108 2344 4193 Usurpatum
2387 4110 2594 4195 igitur
2639 4111 2760 4177 hoc

818 4203 1079 4271 videtur
1137 4200 1405 4275 dictum,
1472 4218 1674 4282 quum
1730 4196 2052 4281 quispiam
2110 4194 2194 4261 ad
2251 4195 2537 4280 aliquam
2581 4196 2760 4261 vitae

813 4287 1275 4364 conditionem,
1312 4283 1393 4350 de
1429 4304 1560 4367 qua
1593 4304 1928 4367 nunquam
1964 4282 2332 4365 cogitasset,
2370 4281 2755 4348 vocabatur:

813 4385 932 4440 aut
976 4393 1180 4459 quum
1223 4371 1368 4454 quis
1411 4390 1553 4435 rem
1595 4368 1867 4434 arduam
1912 4374 1978 4434 et
2018 4366 2354 4434 difficilem
2388 4388 2755 4452 aggressus,

813 4471 1075 4545 praeter
1153 4458 1449 4522 omnium
1515 4456 2071 4538 exspectationem
2138 4474 2281 4519 eam
2348 4451 2756 4538 perficiebat3

813 4556 959 4612 tum
994 4543 1350 4625 dicebatur,
1389 4540 1547 4608 Saul
1582 4542 1759 4606 inter
1789 4539 2161 4624 prophetas.
2247 4538 2481 4622 Itaque
2514 4539 2574 4605 si
2607 4540 2757 4622 quis

813 4633 1000 4716 prius
1057 4628 1260 4697 idiota
1314 4637 1429 4693 aut
1484 4626 1568 4693 ad
1625 4647 1731 4692 res
1789 4624 2108 4711 gerendas
2162 4624 2508 4708 stupidior,
2566 4624 2757 4710 quid-

814 4718 992 4802 piam
1050 4735 1401 4801 aggressus
1453 4712 1773 4778 industrie
1828 4712 2187 4796 perficeret,
2250 4721 2395 4776 tum
2454 4711 2758 4777 veniebat

810 4805 885 4869 in
939 4800 1386 4888 proverbium:
1447 4799 1685 4865 Nonne
1742 4796 1907 4865 Saul
1969 4798 2145 4863 inter
2201 4795 2602 4882 prophetae?
2675 4795 2755 4863 Si

810 4890 960 4973 quis
1028 4908 1159 4953 non
1226 4885 1307 4952 ab
1372 4885 1654 4951 infantia
1715 4884 1948 4951 fuisset
2008 4883 2330 4963 literatus,
2394 4893 2461 4948 et
2518 4882 2756 4949 deinde

812 4975 1227 5059 prudentiam
1272 4979 1341 5038 et
1382 4971 1776 5037 industriam
1819 4968 2294 5054 acquisivisset,
2338 4978 2416 5033 ut
2458 4969 2564 5034 vir
2606 4989 2757 5035 acer

812 5070 879 5126 et-
922 5060 1283 5125 industrius
1326 5058 1397 5124 in
1440 5054 1637 5123 rebus
1679 5055 1972 5142 agendis,
2016 5064 2083 5121 et
2128 5054 2294 5121 bono
2337 5053 2554 5121 dando
2597 5074 2755 5122 con·

808 5145 954 5211 silio
991 5157 1181 5219 esset,
1224 5153 1366 5210 tum
1404 5144 1603 5210 etiam
1637 5142 2055 5227 proverbium
2090 5141 2551 5226 usurpabatur,
2590 5140 2756 5209 Saul

804 5232 979 5297 inter
1023 5229 1393 5315 prophetas.
1483 5227 1809 5316 Equidem
1853 5228 2064 5296 fateor
2106 5235 2336 5295 natum
2382 5227 2627 5313 partim
2670 5249 2755 5296 ex

2439 313 2843 380 HOMILIA
2888 316 3188 384 XXXV.

4647 309 4743 378 620

2864 506 4281 660 ὶξῖἓέἷῗῑὲωῗωρῖἷέιῗῶῗᾚὲῑέῗὶιῗὲωωῑῗ
4325 501 4746 655 (ἓέὶὲοὲῗὲ

2866 680 3107 745 tionem
3166 678 3497 759 admirari,
3554 685 3631 743 ut
3672 687 3895 743 tamen
3950 677 4021 742 in
4082 675 4463 742 memoriam
4504 674 4613 739 sibi
4634 674 4745 775 ,Dei

2866 772 3684 928 {sfflffifflffit
3723 760 4750 916 ἷῗέθᾶἶζῗῖωξὲἳήέἳὲωζῗξὲῗ

2867 958 2978 1005 sae
3024 938 3320 1001 homines
3363 936 3629 1001 lateant.
3719 936 4188 1001 Verumtamen
4233 955 4369 1000 non
4406 933 4544 997 sine
4578 933 4749 998 fructu

2868 1033 2936 1088 et
3000 1022 3283 1088 utilitate
3347 1021 3571 1105 aliqua
3635 1020 3974 1103 vulgatum
4037 1021 4190 1088 fuit:
4263 1039 4422 1083 nam
4484 1018 4572 1083 its
4609 1019 4751 1083 Deus

2869 1109 3078 1174 voluit
3120 1117 3381 1173 exstare
3427 1106 3871 1173 testimonium
3937 1126 4096 1172 suae
4149 1105 4499 1191 potentiae,
4556 1103 4750 1168 immu-

2869 1195 3070 1261 tantis
3147 1194 3448 1261 homines
3527 1201 3854 1258 momento
3920 1193 4171 1276 quoties
4235 1192 4332 1255 ita
4396 1192 4604 1255 visum
4658 1191 4750 1271 ipsi

2869 1281 3079 1362 fuerit,
3124 1289 3193 1346 et
3234 1300 3439 1345 novas
3480 1298 3755 1362 prorsus
3798 1287 4128 1345 creaturas
4162 1276 4482 1343 facientis.
4565 1274 4753 1358 Itaque

2867 1367 3021 1434 licet
3073 1364 3156 1432 ab
3197 1365 3573 1450 ignorantia
3613 1362 4033 1448 proverbium
4075 1363 4252 1430 istud
4294 1363 4642 1447 profectum
4678 1360 4756 1439 sit,

2867 1452 3096 1518 utilem
3139 1461 3362 1517 tamen
3405 1450 3476 1516 in
3521 1472 3592 1517 se
3636 1450 3998 1517 doctrinam
4042 1449 4392 1529 continuit,
4436 1457 4512 1512 ut
4552 1466 4623 1511 eo
4657 1466 4756 1510 mo·

2867 1548 3135 1605 neretur
3178 1536 3477 1621 populus,
3536 1537 4044 1621 quotiescunque
4089 1533 4312 1601 Saulis
4350 1536 4596 1600 mentio
4631 1531 4756 1597 inci·

2869 1623 3080 1704 debat,
3125 1623 3269 1689 Deo
3314 1623 3699 1690 decernente
3741 1642 3962 1705 regem
4007 1621 4212 1687 fuisse
4245 1619 4679 1697 constitutum,
4711 1625 4759 1681 et

2868 1709 2951 1788 ab
2984 1707 3210 1776 eodem
3244 1708 3328 1773 ad
3364 1729 3606 1774 munus
3639 1707 3804 1773 illud
3841 1715 4306 1792 praeparatum
4341 1716 4410 1769 et
4437 1705 4757 1770 formatum.

2866 1795 3040 1862 Nam
3114 1794 3398 1878 alioquin
3463 1791 3828 1861 istiusmodi
3899 1793 4367 1858 mutationibus
4425 1791 4760 1874 contingen·

2868 1880 3059 1962 tibus,
3124 1880 3400 1964 populus
3455 1881 3526 1944 in
3585 1900 3730 1944 eam
3790 1878 4291 1944 admirationem
4350 1887 4422 1943 et
4476 1886 4760 1958 stuporem

2870 1965 3257 2047 devenisset,
3301 1966 3372 2031 in
3394 1985 3587 2048 quam
3611 1964 3950 2048 delapsum
3990 1963 4303 2040 videmus,
4340 1962 4527 2046 quasi
4562 1962 4765 2029 coelum

2870 2062 3103 2131 terrae,
3149 2060 3224 2118 ut
3266 2052 3357 2116 ita
3391 2052 3621 2127 dicam,
3665 2051 4067 2117 misceretur.
4158 2047 4343 2114 Deus
4376 2050 4584 2134 igitur
4612 2046 4765 2112 huius

2870 2133 3026 2206 facti
3080 2137 3460 2205 memoriam
3505 2137 3715 2202 veluti
3757 2136 4223 2219 sempiternam
4283 2149 4548 2201 exstare
4585 2132 4766 2208 voluit,

2869 2231 2947 2289 ut
2987 2222 3203 2307 palam
3250 2224 3690 2289 innotesceret
3733 2222 4129 2288 mutationes
4174 2240 4308 2285 non
4349 2220 4474 2286 ulli
4519 2220 4766 2286 fortunae

2871 2308 3275 2389 tribuendas,
3333 2308 3448 2375 sed
3492 2307 3693 2375 solius
3736 2307 3865 2375 Dei
3909 2307 4140 2374 virtuti
4150 2329 4168 2386 ;
4230 2326 4402 2390 quae
4446 2325 4572 2390 quo
4611 2305 4766 2387 insig-

2871 2396 3018 2462 nior
3072 2403 3172 2461 est
3228 2416 3304 2459 eo
3358 2394 3674 2461 maiorem
3735 2392 4233 2459 admirationem
4291 2393 4584 2459 excitare
4621 2388 4767 2455 debet

2870 2482 2944 2546 in
3002 2480 3258 2559 animis,
3325 2492 3392 2545 et
3449 2480 3530 2545 ad
3589 2477 3807 2545 Deum
3852 2477 4249 2545 laudandum
4296 2478 4517 2565 magis
4559 2476 4766 2543 influm-

2869 2587 3070 2634 mare.

3041 2650 3333 2717 Tandem
3396 2672 3552 2717 vero
3614 2650 3854 2718 dicitur
3915 2649 4075 2716 Saul
4131 2649 4395 2716 desii-see
4442 2647 4769 2732 prophetare

2868 2758 3061 2823 quum
3133 2738 3207 2803 in
3283 2737 3583 2804 excelsum
3661 2737 3859 2803 locum
3921 2737 4205 2802 venisset.
4294 2733 4492 2817 Quae
4555 2733 4767 2820 quidem

2870 2826 3076 2890 verba
3115 2833 3393 2908 possunt
3430 2821 3511 2888 de
3556 2831 3693 2888 toto
3727 2822 3839 2888 illo
3876 2831 4065 2889 coetu
4098 2819 4402 2905 intelligi,
4453 2821 4631 2905 quasi
4659 2839 4768 2904 pro-

2871 2910 3144 2995 phetare
3183 2908 3528 2975 desierint:
3575 2907 3745 2992 quod
3790 2907 4265 2992 prophetarent
4306 2916 4492 2973 certo
4534 2907 4678 2982 loco,
4724 2913 4770 2967 et

2872 2998 3185 3078 temporis
3235 2994 3464 3078 spatio,
3523 2993 4069 3079 quemadmodum
4128 2991 4323 3058 hodie
4380 2994 4584 3059 certis
4635 2990 4770 3056 boris

2870 3081 3093 3148 concio
3161 3080 3470 3147 habetur:
3542 3101 3619 3146 ac
3675 3089 3905 3164 postea
3955 3079 4243 3164 populus
4302 3079 4653 3145 universus
4698 3074 4769 3140 ‹li-

2872 3166 3175 3233 mittitur.
3261 3167 3430 3232 'l’um
3504 3167 3725 3250 itaque
3792 3186 3995 3248 quum
4062 3165 4134 3229 in
4201 3164 4419 3230 locum
4483 3163 4768 3230 excelsum

2870 3255 3226 3333 venissent,
3297 3250 3568 3318 Saulem
3626 3252 3709 3317 ab
3764 3252 3881 3318 illo
3935 3249 4417 3336 prophetarum
4473 3260 4654 3317 coetu
4696 3266 4770 3312 ro-

2870 3339 3158 3406 cessisse'
3182 3337 3543 3406 verisimile
3577 3347 3695 3418 est,
3737 3347 3887 3421 poet
3920 3336 4228 3420 impletas
4261 3337 4587 3420 cuiusque
4618 3335 4768 3399 vicen-

2868 3424 3090 3510 Atque
3155 3425 3351 3490 etiam
3409 3423 3611 3490 fuisse
3666 3425 4132 3507 temporarium
4189 3419 4368 3487 istud
4439 3420 4769 3507 prophetice

2870 3511 3115 3577 donum
3158 3511 3230 3575 in
3275 3509 3476 3576 Saule
3519 3518 3774 3576 certum
3818 3519 3950 3576 est:
3995 3529 4071 3575 ac
4116 3529 4248 3574 non
4292 3508 4623 3591 accepisse
4655 3523 4768 3591 pro-

2868 3594 3184 3681 phetandi
3243 3595 3566 3681 spiritum,
3619 3602 3698 3659 ut
3754 3595 3866 3660 alii
3924 3594 4038 3679 qui
4098 3594 4168 3659 in
4212 3615 4291 3660 eo
4333 3593 4588 3660 diutius
4624 3595 4769 3657 eraut

2868 3681 3226 3750 exercitati.
3311 3680 3545 3747 Voluit
3587 3680 3763 3745 enim
3809 3679 3994 3747 Deus
4036 3679 4226 3746 illum
4264 3699 4341 3745 eo
4374 3681 4570 3762 signo
4602 3678 4771 3744 tumre

2865 3768 3306 3852 conspicuum,
3376 3776 3442 3832 et
3502 3766 3720 3852 palam
3778 3765 4148 3851 patefacere
4207 3765 4396 3830 illum
4448 3786 4489 3830 a
4531 3766 4661 3831 Deo
4693 3779 4770 3826 re-

2911 3875 3014 3919 em
3093 3856 3544 3922 constitutum.
3630 3850 3747 3919 Sic
3820 3853 4039 3936 itaque
4116 3850 4623 3935 intelligendum
4695 3855 4770 3914 ent

2863 3875 3134 4007 Saulem
3176 3961 3297 4026 pro
3347 3939 3622 4019 hetasse,
3668 3947 3744 4003 ut
3787 3958 3919 4003 non
3963 3937 4164 4005 fuerit
4215 3947 4607 4037 perpetuum
4645 3929 4769 3999 illud

2862 4025 3247 4110 prophetiae
3334 4045 3555 4110 onum,
3600 4023 3716 4091 sed
3762 4035 4023 4090 tantum
4067 4043 4400 4107 specimen
4449 4020 4651 4088 divini
4687 4019 4767 4085 be-

2863 4112 3101 4192 neficii,
3145 4121 3224 4176 ut
3266 4111 3348 4177 ab
3391 4110 3507 4176 illo
3550 4109 3856 4194 deinceps
3899 4129 4214 4195 magnum
4261 4107 4511 4192 aliquid
4544 4106 4658 4175 sibi
4686 4122 4766 4187 po·

2860 4196 3058 4281 pulus
3122 4196 3571 4281 polliceretur:
3644 4208 3841 4281 atque
3906 4198 4003 4262 ita
4065 4195 4268 4261 fuisse
4335 4191 4766 4280 temporarium

2859 4280 3039 4350 istud
3084 4281 3327 4350 donum
3370 4282 3808 4367 prophetandi
3853 4281 4043 4349 Sauli
4087 4281 4424 4349 collatum.

3034 4368 3179 4435 Iam
3223 4389 3382 4436 vero
3424 4370 3618 4455 agite,
3662 4367 3992 4453 supplices
4032 4372 4141 4435 etc.

3374 4713 3877 4797 HOMILIA
3919 4711 4267 4795 XXXV.

3034 4882 3806 4966 14.Di:0itquepatmus
3864 4881 4026 4949 Saul
4077 4882 4363 4965 adm,
4428 4881 4759 4962 etadpuo·
4879 4865 4880 4950 ⁷

2856 4991 3003 5037 rum
3045 4973 3213 5038 eius.-
3262 4970 3395 5053 Quo
3433 4968 3736 5036 abiistis?
3788 4969 3913 5052 Qui
3953 4968 4441 5052 responderunt:
4493 4968 4760 5051 ρυααω

2857 5058 3113 5123 asina-3.-
3356 5075 3551 5139 quum
3591 5075 3717 5121 non
3759 5056 4205 5138 reperissemus
4245 5056 4531 5121 venitus
4560 5052 4640 5120 ad
4668 5047 4762 5115 So·

2855 5143 3135 5209 muelem.
3223 5142 3325 5209 15.
3372 5140 3464 5207 Et
3502 5142 3671 5207 dixit
3710 5141 4081 5225 cipum
4117 5159 4311 5207 suus.-
4375 5140 4600 5209 Ina-‘oa
4634 5131 4758 5202 nib

2856 5230 3013 5313 quid
3067 5230 3308 5298 dixerit
3358 5227 3475 5295 tibi
3533 5226 3810 5295 Samuel.
3898 5227 4001 5294 16.
4047 5224 4135 5291 Et
4174 5227 4270 5292 ait
4315 5227 4494 5310 saul,
4552 5225 4756 5303 adpa-
