5059 6059
265 280 377 348 545
1544 274 1636 339 IN
1688 275 1739 340 Ι.
1787 274 1965 339 LIB.
2009 271 2408 339 SAMUEL.
2457 271 2656 338 CAP.
2702 272 2932 384 ΧᾏῩ.
3514 265 3525 272 ’
4086 272 4214 339 546

261 473 342 535 ita
377 464 572 531 vero?
616 463 870 547 Nempe
907 462 1078 546 quod
1122 463 1539 529 involvamus
1572 483 1716 527 eam
1750 462 1991 527 nostris
2012 477 2161 545 pra·

262 557 348 620 vis
399 549 750 615 affectibus.
856 549 968 616 Sic
1031 548 1327 614 videmus
1399 548 1909 614 inexcusabilem
1965 547 2164 612 fuisse

259 637 513 704 Davidis
575 635 1061 714 crudelitatem,
1140 654 1340 717 quare
1405 634 1606 719 igitur
1670 654 1816 700 eam
1881 632 2166 697 nominis

258 723 444 791 divini
485 722 954 804 imprecatione
1007 719 1395 785 confirmat?
1456 718 1900 801 Quamobrem
1962 737 2163 802 quum

253 810 558 878 Davidem
602 827 677 871 eo
712 827 918 889 usque
954 805 1298 870 devenisse
1332 805 1691 879 videamus,
1739 817 1811 870 ut
1854 806 2165 886 abreptus

252 893 589 968 iracundia,
616 891 743 957 Dei
770 913 1001 956 nomen
1029 902 1513 957 sacrosanctum
1537 889 1818 970 violarit,
1856 910 1931 954 eo
1955 889 2165 973 magis

253 982 421 1046 nobis
454 981 814 1055 timeamus,
852 990 915 1041 et
949 988 1476 1041 momentaneum
1512 997 1735 1041 casnm
1772 987 2163 1054 metuamus,

251 1067 351 1150 qui
407 1065 510 1130 vel
568 1062 1006 1146 integerrimis
1067 1072 1131 1127 et
1190 1063 1687 1144 simplicissimis
1750 1063 1907 1126 viris
1952 1067 2166 1143 potest

252 1150 543 1227 accidere,
605 1149 727 1213 nisi
779 1149 899 1213 Dei
945 1149 1194 1212 virtute
1240 1149 1609 1212 miserentis
1652 1148 1940 1231 ipsorum
1987 1146 2163 1211 cohi-

247 1239 522 1302 beantur.
589 1235 726 1300 Nos
768 1235 977 1316 igitur
1017 1243 1247 1299 contra
1301 1233 1591 1299 fidelium
1638 1233 1762 1298 Dei
1806 1252 2163 1308 servorum,

244 1331 551 1405 quatenns
635 1340 705 1385 se
793 1319 873 1383 ad
951 1318 1081 1384 Dei
1166 1319 1569 1384 voluntatem
1658 1320 2162 1396 conformarent,

241 1406 604 1489 exemplum
640 1404 1019 1470 intueamur
1060 1412 1128 1469 et
1171 1405 1529 1469 imitemur:
1579 1425 1787 1486 neque
1831 1404 2163 1469 existime-

241 1514 376 1558 mus
420 1493 622 1557 unius
682 1501 795 1554 aut
856 1489 1129 1554 alterius
1188 1489 1432 1556 factum
1481 1510 1684 1556 unum
1726 1499 1840 1554 aut
1885 1489 2164 1553 alterum

236 1580 299 1643 in
326 1577 698 1660 exemplum
730 1588 846 1640 aut
875 1576 1167 1658 regulam
1199 1576 1570 1659 generalem
1597 1575 2005 1654 trahendum,
2043 1574 2164 1638 etsi

233 1663 472 1745 reliqua
488 1664 630 1729 vita
643 1663 1007 1726 sanctitatis
1023 1672 1092 1725 et
1105 1662 1503 1745 integritatis
1518 1662 1856 1745 exemplar
1868 1681 2012 1726 sese
2023 1680 2165 1742 pro·

237 1749 544 1833 posuerit.
593 1746 889 1812 Verbum
926 1748 1096 1811 enim
1122 1746 1252 1810 Dei
1289 1768 1477 1812 suum
1523 1746 1698 1831 apud
1742 1755 1864 1812 nos
1907 1743 2164 1829 pondus

227 1836 511 1901 obtineat
555 1845 824 1916 oportet,
885 1844 962 1896 ut
1005 1832 1084 1896 ad
1130 1832 1306 1897 illius
1363 1834 1834 1917 praescriptum
1879 1832 2165 1897 actiones

228 1941 449 1986 omnes
492 1928 787 1994 nostras,
849 1919 1182 2000 vitamque
1240 1928 1446 1982 totam
1489 1920 1851 2002 exigamus.
1928 1914 1994 1981 A
2037 1936 2165 1999 quo

228 2007 281 2072 si
323 2006 453 2072 viri
485 2005 752 2088 quidam
799 2003 1182 2068 infirmitate
1216 2002 1507 2068 humana
1549 2004 1717 2087 lapsi
1759 2009 2168 2069 recesserunt

222 2094 328 2175 qui
371 2092 567 2175 prius
611 2088 975 2172 angelicam
1013 2089 1220 2153 vitam
1259 2099 1550 2173 egerant,
1599 2111 1726 2154 non
1762 2089 1905 2154 ideo
1944 2099 2163 2153 tamen

220 2178 368 2242 licet
412 2175 611 2241 nobis
651 2178 939 2257 ipsorum
969 2174 1342 2257 exemplum
1387 2175 1646 2254 imitari,
1691 2174 1806 2239 sed
1845 2176 2060 2258 potius
2095 2173 2166 2237 in

221 2263 348 2327 Dei
387 2260 675 2328 verbum
709 2260 969 2338 intueri,
1015 2269 1083 2324 et
1117 2272 1526 2344 perpetuum,
1575 2281 1804 2325 verum
1826 2272 1890 2324 et
1925 2261 2165 2324 irrevo-

222 2348 429 2414 cabile
443 2348 628 2414 vitae
659 2347 1115 2426 actionumque
1148 2361 1520 2410 nostrarum
1549 2347 1837 2410 omnium
1861 2347 2163 2410 retinere.

393 2436 844 2499 Transeamus
901 2452 943 2496 a
999 2430 1247 2495 Nabalo
1305 2429 1387 2494 ad
1433 2452 1701 2496 uxorem
1754 2432 1962 2513 ipsius
2005 2429 2164 2496 Abi-

217 2521 460 2603 gailem
510 2530 580 2583 et
624 2518 830 2601 ipsius
889 2536 1133 2593 servos,
1198 2535 1273 2581 ac
1329 2517 1616 2599 primum
1673 2517 1959 2583 occurrit
2001 2516 2163 2580 illud

217 2605 797 2686 considerandum,
844 2622 1047 2667 unum
1093 2622 1175 2667 ex
1200 2600 1467 2666 Nabalis
1504 2602 1763 2667 famulis
1800 2623 1935 2666 rem
1960 2612 2164 2666 totam

215 2690 514 2775 Abigaili
539 2709 864 2766 narrasse,
900 2696 976 2752 ut
998 2697 1185 2771 gesta
1207 2697 1368 2768 erat,
1403 2689 1766 2771 periculum
1789 2690 2166 2770 exposuisse

212 2777 386 2860 quod
414 2775 660 2841 Nabali
706 2774 1088 2838 imminebat
1131 2774 1378 2857 totique
1423 2774 1705 2839 familiae
1729 2774 2163 2848 admonuisse,

214 2871 289 2927 ut
329 2863 486 2946 ipsa
533 2858 926 2943 provideret,
973 2881 1057 2924 ne
1103 2860 1255 2942 quid
1303 2858 1672 2925 detrimenti
1715 2864 2051 2942 acciperet,
2096 2880 2165 2923 se

207 2951 431 3034 ipsum
482 2944 805 3011 Nabalem
852 2945 1340 3009 admoniturum
1386 2945 1606 3023 fuisse,
1653 2946 1777 3010 nisi
1825 2952 1963 3009 tam
2007 2944 2165 3009 feris

207 3033 515 3099 moribus
563 3044 755 3104 esset,
800 3040 875 3094 ut
919 3051 1047 3094 non
1091 3031 1297 3095 cnivis
1341 3030 1421 3094 ad
1459 3031 1676 3113 ipsum
1723 3030 1941 3095 aditus
1987 3040 2167 3112 pate-

207 3132 331 3185 ret.
403 3119 523 3183 Ex
569 3137 699 3200 quo
745 3117 1034 3198 primum
1078 3127 1365 3198 apparet,
1411 3116 1707 3182 difficiles
1753 3136 1829 3181 ac
1875 3136 2166 3181 morosos

205 3207 528 3271 homines
613 3201 738 3267 sibi
849 3201 1184 3284 letumque
1269 3202 1514 3266 malum
1582 3219 1944 3267 accersere:
2011 3222 2165 3265 nam

200 3292 314 3374 qui
363 3289 546 3355 adeo
595 3287 712 3352 feri
758 3222 845 3353 ef
868 3286 1213 3351 inhumani
1264 3298 1438 3366 sunt,
1499 3299 1572 3352 ut
1615 3287 2167 3353 admonitionibus

198 3378 426 3444 locum
476 3374 747 3439 nullum
792 3373 1187 3455 relinquant,
1231 3394 1457 3438 eorum
1502 3374 1611 3457 qui
1659 3376 1822 3439 bene
1866 3374 2027 3457 ipsis
2061 3394 2167 3439 cu-

197 3465 423 3546 piunt,
493 3471 570 3525 et
613 3460 968 3525 commodis
1013 3459 1304 3542 ipsorum
1347 3458 1629 3539 student,
1688 3481 1763 3526 ac
1809 3460 1970 3524 bene
2015 3479 2166 3524 con-

194 3550 442 3615 sulunt
509 3566 651 3612 non
709 3544 1049 3609 adulantes
1111 3545 1325 3620 vitiis,
1386 3543 1501 3610 sed
1546 3565 1620 3609 ea
1664 3544 2048 3610 damnantes
2093 3554 2168 3609 ut

193 3655 319 3717 par
381 3643 520 3716 est,
584 3651 711 3714 quo
770 3630 998 3713 fugere
1055 3629 1171 3693 illa
1228 3630 1506 3707 discant,
1568 3632 1808 3714 duplici
1868 3630 2167 3696 condem-

185 3721 484 3787 natione
533 3726 607 3782 et
648 3736 905 3782 summa
947 3716 1120 3797 apud
1165 3736 1394 3780 omnes
1446 3717 1718 3782 infamia
1771 3717 1953 3799 digni
1993 3729 2166 3781 sunt.

189 3807 444 3889 Neque
474 3822 645 3870 vero
675 3810 934 3865 tantum
969 3805 1138 3881 apud
1167 3801 1479 3881 homines,
1524 3823 1750 3866 verum
1776 3805 1971 3866 etiam
1997 3800 2167 3883 apud

186 3891 430 3957 Deum
481 3908 698 3973 grave
741 3885 1133 3969 supplicium
1179 3889 1540 3966 incurrunt,
1589 3888 1753 3970 quod
1779 3908 1900 3952 sua
1944 3888 2164 3971 ingra-

186 3978 507 4042 titudine
573 3984 832 4037 tantum
897 3971 1134 4035 bonum
1196 3972 1356 4055 ipsis
1413 3972 1705 4038 oblatum
1774 3974 2164 4054 respuerint,

181 4063 490 4148 Deoque
545 4058 753 4125 veluti
791 4060 1050 4121 ianuam
1088 4058 1493 4135 occluserint‚
1541 4079 1669 4142 quo
1707 4058 2167 4140 nomineipsos

181 4151 517 4214 Satanae
555 4142 944 4209 cruciandos
1001 4143 1221 4222 tradit,
1283 4156 1348 4208 et
1386 4145 1633 4210 meritis
1677 4147 1899 4227 poenis
1944 4143 2165 4210 afficit.

181 4234 487 4317 Quanta
539 4230 718 4295 enim
763 4238 883 4304 est,
944 4228 1229 4306 obsecro,
1292 4230 1598 4313 superbia
1654 4239 1721 4294 et
1774 4232 2167 4313 arrogantia,

180 4322 320 4386 Dei
370 4317 669 4385 nomine
711 4316 914 4380 factas
948 4312 1425 4380 admonitiones
1460 4316 1727 4381 reiicere
1763 4326 1829 4379 et
1851 4315 2166 4381 fastidire.

177 4407 338 4473 Nae
399 4401 710 4469 inultam
758 4399 942 4464 Deus
1002 4410 1252 4465 tantam
1313 4402 1751 4485 arrogantiam
1808 4421 1937 4465 non
1983 4402 2171 4480 sinet,

174 4504 248 4558 et
298 4509 488 4558 snae
542 4486 798 4571 gratiae
842 4494 1307 4568 contemptum,
1353 4507 1551 4569 quum
1597 4487 1677 4550 ad
1727 4487 1900 4551 viam
1942 4486 2171 4551 salutis

173 4579 314 4644 iter
364 4575 593 4641 nobis
639 4581 983 4636 monstrat.
1031 4569 1142 4636 Sic
1183 4573 1402 4654 itaque
1439 4572 1646 4636 Nabal
1682 4572 1812 4637 Dei
1855 4571 2171 4639 iudicium

171 4666 244 4730 in
298 4686 384 4730 se
435 4655 833 4727 accersebat
885 4656 1221 4722 indomitis
1278 4668 1345 4722 et
1401 4658 1616 4723 efferis
1670 4659 1805 4722 suis
1864 4658 2170 4724 moribus,

173 4751 369 4815 Nam
423 4748 495 4813 si
551 4741 815 4810 facilem
859 4763 929 4806 se
973 4742 1456 4827 benignumque
1501 4746 1924 4826 praebuisset,
1967 4744 2173 4828 ipsius

165 4855 442 4902 servus
497 4848 667 4896 eum
711 4828 793 4892 de
836 4826 1118 4893 admisso
1160 4837 1424 4911 peccato
1458 4828 1923 4905 admonuisset,
1966 4850 2172 4894 reme·

169 4923 546 5003 dinmque
610 4923 865 4982 mature
916 4932 1231 4995 quaerere
1281 4913 1362 4978 ad
1408 4913 1801 4997 placandum
1844 4913 2173 4979 Davidem

163 5008 568 5075 iussisset:
643 4998 758 5066 sed
818 4998 1121 5081 quoniam
1181 5020 1481 5065 morosus
1538 5019 1613 5064 ac
1669 4998 1955 5065 difficilis
2012 5009 2173 5076 erat,

163 5094 351 5177 qnid
405 5085 624 5156 aliud
673 5091 1016 5168 supererat
1068 5106 1263 5166 quam
1322 5094 1396 5150 ut
1454 5107 1494 5150 a
1536 5085 1672 5151 suis
1714 5084 2061 5151 derelictus
2102 5086 2174 5149 in

162 5178 516 5245 amentia
570 5191 686 5237 sua
735 5171 904 5235 male
956 5170 1245 5253 periret?
1307 5171 1443 5237 Nos
1485 5191 1644 5237 vero
1703 5181 1931 5237 contra
1974 5170 2178 5236 disca·

408 5273 671 5333 Galoim‘
695 5289 891 5344 opera.
960 5271 1079 5330 Vol.
1102 5273 1298 5330 XXX.

2268 481 2415 525 mus
2458 481 2616 544 erga
2660 479 2886 527 omnes
2930 461 3024 525 ita
3066 468 3412 526 mansuete
3445 467 3513 526 et
3557 460 3835 544 benigne
3881 482 4095 547 agere,
4140 471 4218 528 ut

2268 546 2476 612 cuivis
2501 546 2776 611 liberum
2802 547 2890 612 ad‘
2930 565 3050 612 nos
3072 564 3406 612 accessum
3454 546 3791 626 faciamus,
3838 556 3907 612 et
3943 548 4023 612 de
4067 569 4215 632 pee-

2266 634 2428 697 catis
2495 630 2832 697 admoneri
2898 631 3335 716 gaudeamus,
3404 640 3478 697 ut
3541 643 3800 698 mature
3866 632 4211 699 consilium

2267 718 2677 799 accipiamus,
2724 728 2789 782 et
2811 714 2965 801 quid
2993 718 3162 782 facto
3199 717 3286 782 sit
3308 739 3490 801 opus,
3536 726 3604 782 et
3627 716 3783 802 quid
3820 719 3978 785 utile
4000 719 4212 786 disca·

2267 824 2436 868 mus.
2482 802 2665 868 Idem
2705 824 2899 886 porro
2921 801 3207 886 Abigaili
3253 802 3425 887 quod
3470 823 3664 869 servo
3700 806 4009 889 contigit:
4055 826 4211 871 nam

2267 890 2484 953 mariti
2535 910 2782 955 morum
2831 911 2956 954 non
3004 890 3256 973 ignara,
3303 889 3541 955 dicitur
3573 910 3650 954 eo
3681 888 3784 954 die
3828 892 4040 974 ipsum
4076 913 4211 957 non

2269 975 2467 1040 fuisse
2512 975 2860 1058 alloquuta.
2950 973 3176 1058 Neque
3221 977 3398 1040 enim
3459 995 3617 1039 sane
3660 975 4012 1059 quidquam
4058 997 4210 1059 pro·

2266 1062 2607 1140 movisset,
2666 1059 2778 1125 sed
2841 1062 3144 1124 insanum
3207 1058 3538 1124 hominem
3598 1062 3809 1145 magis
3870 1061 4208 1129 irritasset.

2266 1146 2518 1212 Idcirco
2565 1167 2704 1211 rem
2748 1156 2951 1210 totam
2998 1145 3057 1210 ei
3105 1144 3495 1223 dissimulat,
3542 1157 3610 1211 et
3654 1146 3915 1213 obviam
3962 1146 4210 1213 Davidi

2267 1232 2602 1296 festinanti
2626 1232 2824 1296 venit.
2880 1230 3020 1296 Nae
3043 1231 3215 1314 frugi
3262 1232 3572 1296 feminam
3599 1242 3665 1296 et
3688 1232 4079 1299 industriam
4125 1255 4209 1299 ex

2265 1316 2409 1382 istis
2454 1328 2730 1400 apparet
2773 1317 3005 1382 fuisse:
3050 1335 3245 1399 quam
3283 1329 3613 1383 momento
3659 1320 3869 1401 parati
3907 1319 3988 1384 ad
4023 1318 4209 1385 obse-

2266 1404 2486 1486 quium
2548 1401 2796 1480 famnli,
2857 1403 3048 1467 rebus
3108 1403 3490 1468 necessariis
3550 1402 3632 1468 ad
3696 1404 4016 1469 Davidem
4078 1405 4212 1487 pla-

2266 1487 2547 1554 candum
2614 1489 3003 1552 instructam
3071 1487 3360 1553 comitati
3438 1497 3613 1555 sunt.
3703 1490 3875 1555 Nam
3941 1502 4211 1574 repente

2267 1573 2429 1639 duos
2476 1585 2657 1638 utres
2703 1574 2863 1650 vini,
2900 1574 3343 1655 ducentosque
3389 1595 3590 1656 panes
3637 1574 3840 1641 asinis
3878 1578 4209 1661 imposuit,

2265 1681 2414 1726 cum
2462 1659 2607 1723 aliis
2652 1658 2856 1737 donia,
2912 1679 3078 1742 quae
3124 1657 3279 1722 dum
3328 1661 3603 1726 maritus
3650 1661 3844 1746 genio
3887 1663 4206 1747 indulget,

2266 1754 2333 1810 et
2398 1744 2668 1810 liberius
2746 1751 2960 1828 potat⁸,
3040 1764 3298 1809 summa
3379 1744 3722 1831 diligentia
3786 1750 4204 1832 comparavit.

2265 1829 2552 1914 Quanta,
2578 1849 2835 1913 quaeso,
2859 1830 3139 1895 feminae
3162 1828 3529 1913 vigilantia,
3567 1840 3813 1916 quanta
3848 1832 4207 1918 diligentia,

2266 1935 2459 1999 quam
2507 1917 2625 1980 vix
2670 1936 2945 2000 aequare
2991 1915 3193 2000 possit
3230 1915 3335 1979 vir
3380 1917 3790 1983 fortissimus.
3838 1919 4011 1985 Nam
4058 1942 4217 2005 quo-

2266 2000 2456 2066 modo
2501 2012 2828 2067 momento
2885 2002 3095 2085 potuit
3149 2011 3248 2065 tot
3293 2020 3516 2086 panes,
3577 2003 3873 2086 pecudes,
3931 2008 4217 2092 quinque

2266 2097 2409 2153 sata
2466 2089 2705 2153 aristae
2764 2096 2989 2164 tostae,
3051 2099 3317 2152 centum
3381 2110 3545 2155 uvas
3597 2109 3841 2174 passas,
3903 2090 4216 2161 ducentas

2267 2173 2568 2257 palathas
2613 2174 2852 2238 ficuum
2911 2173 3150 2238 habere
3207 2173 3273 2236 in
3324 2183 3654 2259 promptu,
3714 2177 3840 2242 nisi
3882 2175 4217 2246 habuisset

2267 2262 2334 2325 iu
2381 2280 2552 2342 penu
2598 2260 2901 2341 reposita.
2991 2257 3333 2339 Quomodo
3398 2260 3598 2326 etiam
3655 2280 3882 2328 servos
3941 2265 4217 2333 educere

2269 2345 2459 2410 domo
2527 2346 2741 2429 potuit
2802 2345 3006 2408 inscio
3066 2345 3336 2424 marito,
3408 2346 3540 2412 nisi
3604 2347 3829 2413 fuisset
3893 2348 4216 2418 industria

2270 2430 2508 2495 mulier
2552 2443 2619 2495 et
2664 2428 3214 2514 vigilantissima?
3263 2427 3675 2515 Conspicuas
3711 2443 3867 2499 sunt
3909 2435 4111 2519 igitur
4153 2445 4220 2502 et

2267 2516 2564 2599 insignes
2598 2515 2665 2580 in
2715 2515 2835 2580 hac
2880 2514 3124 2580 femina
3169 2517 3467 2584 virtutes.
3520 2517 3743 2599 Quare
3780 2539 3944 2602 quae
3992 2521 4220 2588 haberi

2270 2602 2501 2667 volunt
2561 2601 2910 2685 prudentes
2967 2611 3033 2665 et
3083 2601 3447 2669 industriae
3525 2604 3832 2688 frugique
3891 2608 4218 2689 mulieres,

2269 2688 2443 2752 istud
2489 2687 2864 2770 exemplum
2908 2685 3151 2750 imitari
3197 2685 3471 2769 discant,
3522 2699 3591 2756 et
3634 2711 3785 2756 cum
3824 2693 4082 2758 maritis
4120 2709 4221 2760 to-

2271 2784 2465 2857 taque
2510 2773 2759 2837 familia
2814 2769 3063 2854 placide
3108 2771 3354 2852 vivere,
3417 2776 3512 2841 sic
3574 2787 3797 2841 tamen
3846 2799 3927 2841 ne
3972 2780 4219 2846 otiosae

2270 2860 2423 2942 sint,
2483 2858 2599 2923 sed
2644 2857 2956 2923 familiam
3003 2868 3255 2936 curent,
3317 2859 3640 2943 rebusque
3688 2864 4074 2930 necessariis
4117 2866 4218 2929 in-

2268 2953 2529 3010 struant
2572 2953 2638 3009 et
2673 2944 2740 3008 in
2801 2964 2974 3027 penu
3032 2942 3427 3010 recondant:
3486 2950 3885 3032 meritosque
3932 2951 4219 3017 vicissim

2268 3028 2559 3113 alioquin
2603 3050 2892 3094 morosos
2937 3043 3001 3093 et
3047 3027 3363 3107 difficiles,
3426 3031 3685 3099 lenibus
3733 3034 3950 3101 verbis
3995 3035 4217 3101 admo·

2271 3127 2486 3193 neant,
2535 3125 2602 3179 et
2645 3115 2726 3180 ad
2772 3113 3150 3181 facilitatem
3200 3114 3554 3183 reducant:
3602 3139 3685 3183 ne
3723 3118 3925 3187 elatos
3962 3121 4217 3188 animos

2269 3214 2535 3286 gerant:
2582 3200 2694 3266 sed
2735 3198 2940 3266 aDeo
2984 3221 3239 3265 morum
3285 3205 3678 3279 comitatem,
3722 3203 4219 3290 humanitatem,

2271 3286 2720 3370 prudentiam,
2781 3284 3159 3350 modestiam
3231 3286 3703 3370 deprecentur,
3772 3301 3845 3357 ut
3903 3303 4218 3377 perpetuo

2269 3372 2556 3437 familiae
2600 3371 2968 3457 invigilent,
3013 3372 3125 3435 sed
3171 3373 3237 3437 in
3288 3374 3515 3454 primis
3562 3396 3731 3457 quae
3776 3377 3858 3442 ad
3904 3379 4032 3444 Dei
4077 3378 4219 3464 glo*-

2270 3459 2436 3523 riam
2482 3468 2550 3524 et
2594 3459 2910 3523 honorem
2970 3459 3217 3523 faciunt
3271 3480 3388 3542 pro
3435 3461 3615 3526 virili
3679 3484 3798 3528 sua
3847 3475 4219 3547 procurent.

2271 3544 2440 3609 Nam
2507 3543 2753 3609 multae
2818 3543 3058 3627 probae
3126 3543 3353 3609 haberi
3423 3547 3689 3626 volunt,
3759 3559 3824 3613 et
3886 3548 4220 3616 blanditiis

2269 3630 2631 3696 officiorum
2678 3631 2955 3715 gratiam
3014 3630 3135 3695 sibi
3181 3629 3552 3713 conciliare,
3614 3654 3783 3717 quae
3827 3643 4052 3701 tamen
4095 3637 4220 3702 mi-

2270 3715 2447 3780 nime
2491 3715 2664 3799 frugi
2710 3725 2882 3790 sunt,
2941 3723 3010 3780 et
3044 3714 3354 3781 familiam
3418 3717 3637 3785 labore
3683 3741 3801 3787 suo
3844 3741 3981 3786 non
4029 3720 4221 3789 modo

2272 3822 2403 3865 non
2449 3811 2711 3883 augent,
2762 3800 2877 3866 sed
2938 3801 3156 3884 potius
3214 3800 3379 3866 luxu
3427 3815 3494 3868 et
3554 3805 3795 3872 inertia
3852 3806 4222 3888 destruunt,

2271 3897 2338 3951 et
2390 3886 2701 3952 aculeatis
2759 3887 2895 3951 suis
2954 3886 3199 3968 linguis
3257 3889 3581 3956 maximas
3640 3891 3710 3957 in
3770 3893 4020 3958 familia
4061 3893 4222 3959 dant

2273 3970 2513 4037 turbas.
2565 3974 2656 4037 At
2694 3971 2894 4055 proba
2936 3970 3099 4037 haec
3143 3972 3382 4037 mulier
3419 3976 3701 4060 Abigail,
3749 3978 4086 4061 exemplar
4120 3988 4222 4045 est

2273 4080 2495 4123 eorum
2557 4078 2725 4140 quae
2790 4059 3051 4141 sapiens
3117 4058 3186 4121 in
3248 4058 3627 4128 Proverbiis
3696 4065 3767 4128 in
3834 4064 4218 4132 mulieribus

2274 4143 2511 4208 laudat.
2574 4143 2745 4209 Nam
2770 4143 2848 4208 de
2891 4142 3066 4227 frugi
3112 4142 3386 4226 loquens
3412 4147 3704 4226 muliere,
3746 4148 3905 4215 dicit
3925 4170 4068 4215 eam
4113 4171 4217 4216 so-

2273 4230 2480 4295 briam
2527 4250 2670 4294 esse
2715 4230 2784 4294 in
2832 4227 3047 4294 verbis
3092 4237 3159 4293 et
3201 4229 3345 4295 cibo
3381 4252 3458 4297 ac
3502 4242 3679 4316 potu,
3726 4254 3799 4299 os
3839 4256 4032 4299 suum
4070 4256 4219 4319 ape-

2272 4317 2403 4381 rire
2461 4315 2826 4398 sapienter,
2895 4323 2963 4379 et
3017 4313 3382 4381 doctrinam
3451 4316 3595 4383 beni
3648 4320 3875 4385 nitatis
3930 4319 4218 4387 insidere

2272 4400 2535 4483 linguae
2578 4400 2755 4465 eius:
2812 4400 3197 4484 vigilantem
3245 4401 3310 4467 in
3357 4404 3598 4468 rationi
3648 4426 3723 4470 us
3782 4405 4066 4472 familiae
4108 4406 4218 4471 ad-

2276 4485 2745 4563 ministrandis,
2783 4506 3140 4571 egenorum
3165 4489 3494 4553 misereri:
3541 4499 3609 4553 et
3634 4488 4215 4575 quidquid'iustum

2276 4581 2343 4636 et
2399 4592 2681 4655 aequum
2741 4581 2842 4637 est
2899 4573 3127 4637 facere.
3214 4572 3468 4654 Quibus
3527 4574 3830 4642 omnibus
3888 4577 4215 4661 insignem

2275 4659 2472 4723 fuisse
2507 4657 2876 4741 Abigailem
2922 4658 3237 4724 videmus.

2445 4743 2653 4808 Porro
2697 4745 2993 4826 quaestio
3035 4764 3165 4808 non
3210 4763 3416 4825 parva
3453 4743 3558 4810 hic
3590 4745 3815 4823 oritur,
3863 4747 4213 4815 Mulierine

2274 4829 2534 4895 licuerit
2577 4828 2657 4893 de
2701 4829 2918 4893 mariti
2965 4829 3147 4893 bonis
3207 4830 3348 4911 ipso
3404 4828 3608 4895 inscio
3667 4830 4022 4916 quidquam
4092 4835 4216 4899 tol·

2275 4916 2440 4980 lere:
2485 4915 2669 4980 cuius
2694 4915 2923 4979 saltem
2962 4915 3176 4998 ipsum
3201 4914 3550 4980 admonere
3589 4914 3845 4983 debuit:
3889 4918 4216 5002 siquidem

2277 5021 2408 5064 non
2468 5000 2783 5084 exiguum
2838 5000 2982 5075 fuit,
3039 5000 3199 5065 duos
3255 5009 3432 5065 utres
3489 5000 3652 5079 vini,
3712 5023 3861 5069 cum
3926 5004 4214 5072 docentis

2277 5085 2559 5168 panibus
2618 5097 2684 5151 et
2742 5085 2887 5151 aliis
2945 5084 3310 5150 istiusmodi
3371 5086 3564 5150 rebus
3622 5088 3824 5158 asinis
3860 5091 4221 5190 imponere,

2278 5180 2345 5236 et
2388 5171 2592 5237 inscio
2630 5171 2866 5237 marito
2910 5182 3260 5255 asportare.
3320 5170 3545 5236 Nimia
3586 5171 3715 5239 ista
3758 5177 4030 5245 audacia
4070 5197 4221 5240 mu-

3738 5281 3813 5345 35

4928 1205 4952 1284 ἈΕΔ-
4932 1133 4952 1188 Ι-“.
4930 891 4952 1116 -ζ--ῑ-
4932 861 4937 876 “

4934 1775 4952 2062 Ι-ΞΙΙΪῊἮ-
4948 1677 4952 1730 -

4938 2341 4952 2580 ““-..-Ι-“-..
4937 2229 4952 2314 v'-
