5059 6059
286 298 398 369 541

320 494 548 559 rimum
605 489 1078 558 observandum
1133 490 1208 556 in
1262 490 1561 558 omnibus
1601 492 1880 577 publicis
1922 499 1990 560 et
2030 493 2189 560 civi-

329 578 442 644 bus
507 575 1078 644 consultationibus
1149 583 1217 643 et
1276 576 1868 658 deliberationibus,
1967 580 2185 645 omnia

284 663 596 731 moderate
639 661 905 746 agenda,
948 669 1025 728 ιιι
1064 661 1251 730 docet
1291 663 1522 730 Esaias
1563 662 1909 748 propheta:
1965 684 2040 731 ac
2082 685 2188 730 ro-

284 747 555 837 gandam
592 747 948 814 Dominum
991 756 1068 813 ut
1098 747 1385 815 consiliis
1418 769 1536 832 per
1568 770 1762 816 suum
1796 771 1848 816 s.
1883 749 2186 833 spiritum

284 835 529 921 praesit,
583 854 670 898 ne
711 833 1055 900 temeraria
1092 832 1304 900 multa
1344 833 1616 902 consilia
1656 836 1969 912 ineamus,
2026 856 2187 919 quo-

282 941 413 987 rum
473 918 691 985 exitus
743 927 861 986 aut
908 918 1123 986 inanis
1179 920 1266 986 sit
1329 929 1442 985 aut
1496 920 1841 987 luctuosus.
1929 921 2186 987 Deinde

283 1004 481 1074 danda
534 1024 750 1088 opera,
808 1015 882 1070 ut
923 1003 1076 1072 licet
1118 1005 1286 1072 bona
1326 1017 1543 1071 mente
1584 1005 1830 1089 aliquid
1872 1007 2183 1089 suscipia-

281 1112 430 1170 mus,
488 1090 814 1173 finemque
865 1111 905 1156 a
958 1089 1149 1155 nobis
1188 1100 1521 1175 speratum
1564 1091 1808 1158 bonum
1852 1113 1993 1158 esse
2034 1113 2184 1176 per-

279 1197 526 1244 suasum
569 1175 943 1253 habeamus,
1000 1185 1220 1241 tamen
1263 1175 1479 1242 omnia
1520 1185 1743 1243 nostra
1782 1177 2049 1244 consilia
2089 1179 2183 1245 sic

279 1264 575 1336 ineamus,
610 1282 696 1326 ne
728 1259 887 1344 qu‘id
928 1269 1154 1328 contra
1173 1262 1299 1329 Dei
1340 1260 1617 1347 gloriam
1660 1272 1728 1327 et
1769 1264 1909 1329 eius
1951 1262 2180 1330 volun·

279 1355 483 1427 tatum,
525 1354 642 1412 aut
683 1347 965 1430 proximi
996 1346 1205 1413 nostri
1235 1347 1587 1413 utilitatem
1620 1346 1965 1415 faciamus:
2009 1346 2182 1432 quod

280 1434 331 1500 si
377 1433 755 1517 praestitum
807 1432 951 1532 erit,
1009 1451 1162 1533 non·
1195 1434 1322 1499 nisi
1377 1453 1539 1499 sana
1590 1441 1658 1498 et
1697 1443 1874 1534 recta
1913 1434 2181 1501 consilia

279 1515 1928 1703 wetmfflzmfflffifflssz?
1942 1517 2178 1671 3:22:

277 1697 451 1755 munt
501 1687 939 1766 deliberaturi,
996 1689 1153 1772 quid
1209 1689 1377 1756 sacto
1437 1689 1522 1756 sit
1577 1709 1759 1773 opus,
1814 1710 1896 1756 ne
1937 1690 2178 1756 misera

277 1773 441 1860 plebs
519 1772 766 1840 diutius
843 1775 1117 1840 istorum
1202 1774 1449 1859 rapinis
1506 1783 1574 1840 et
1613 1774 2177 1859 compilationibus

277 1865 523 1944 pateret.
608 1858 926 1944 Dignum,
979 1859 1265 1944 inquam,
1321 1880 1579 1927 summa
1614 1859 1806 1927 laude
1848 1861 2175 1927 seniorum

276 1947 338 2012 in
387 1945 691 2012 afflictam
734 1944 990 2027 plebem
1030 1945 1392 2025 consilium,
1449 1946 1521 2010 in
1563 1966 1689 2029 quo
1730 1966 1865 2012 non
1907 1945 2173 2013 dubium

274 2037 363 2098 est
422 2035 576 2113 quin
633 2030 905 2113 spiritus
959 2051 1011 2096 s.
1069 2051 1178 2097 ecs
1234 2029 1632 2116 gubernarit.
1720 2030 1889 2112 Quis
1950 2040 2172 2097 tamen

274 2115 499 2184 consilii
534 2116 733 2182 istius
765 2114 1083 2183 eventus?
1120 2115 1459 2183 Infaustus
1491 2136 1669 2197 sane,
1704 2115 1875 2201 quod
1907 2116 2170 2184 modum

273 2204 337 2268 in
386 2223 455 2268 eo
504 2223 639 2268 non
683 2199 1117 2267 adhibuerint.
1202 2200 1394 2269 Unde
1438 2201 1764 2281 discimus,
1823 2223 1961 2279 nos,
2019 2203 2173 2269 licet

276 2288 458 2354 bonus
517 2287 672 2353 finis
733 2288 821 2354 sit
882 2295 1255 2353 nostrorum
1315 2287 1754 2372 consiliorum,
1817 2296 1978 2371 puta
2039 2286 2171 2354 Dei

275 2373 459 2458 gloria
512 2382 578 2439 et
630 2372 1078 2458 proximorum
1131 2372 1398 2451 utilitas,
1472 2380 1693 2438 tamen
1745 2393 1786 2438 a
1841 2374 2169 2458 proposito

275 2478 443 2542 scopo
494 2478 684 2541 posse
740 2458 1060 2536 aberrare,
1117 2458 1243 2524 nisi
1295 2459 1561 2541 spiritus
1599 2479 1650 2524 s.
1695 2458 1940 2526 virtute
1982 2479 2169 2610 refin-

276 2565 423 2624 mur,
461 2553 526 2611 et
565 2544 640 2609 in
685 2542 868 2612 verbi
910 2542 1116 2609 divini
1149 2543 1513 2611 obedientia
1544 2544 1957 2610 retineamur.
2110 2555 2165 2609 t·

275 2650 385 2713 que
432 2628 630 2695 buius
684 2628 784 2694 rei
827 2628 1203 2712 quotidiana
1244 2628 1644 2712 experientia
1680 2629 1889 2696 multa
1930 2630 2167 2714 ubique

276 2714 547 2800 exempla
610 2714 1003 2797 suppeditat.
1091 2714 1262 2779 Nam
1334 2716 1390 2781 si
1446 2715 1878 2800 perturbatior
1934 2714 2168 2815 aliquis

274 2809 454 2867 status
493 2799 598 2867 vel
644 2799 951 2883 civitatis,
1008 2799 1121 2865 vel
1163 2801 1464 2885 regionis,
1523 2799 1626 2867 vel
1668 2800 1914 2868 ordinis
1953 2821 2164 2867 cuius-

274 2885 410 2952 libet
437 2885 803 2971 contigerit,
838 2886 1073 2951 merito
1107 2906 1263 2951 sane
1285 2885 1640 2952 remedium
1660 2885 1757 2951 illi
1780 2894 2164 2970 quaeretur:

276 2971 371 3038 sed
430 2971 617 3056 longe
678 2991 721 3037 a
781 2973 1109 3054 proposito
1151 2970 1573 3050 aberrabitur,
1642 2972 1698 3038 si
1741 2992 2166 3055 personarum

275 3054 397 3123 odio
445 3056 570 3124 Dei
632 3058 832 3122 timor
884 3056 1221 3123 reiiciatur
1261 3067 1328 3122 et
1369 3057 1580 3123 omnis
1620 3056 1952 3141 legitimus
2011 3056 2167 3124 crdo

277 3149 330 3206 ει
364 3141 698 3226 disciplina
738 3149 1171 3226 pervertatur.
1256 3142 1563 3226 Exempli
1607 3143 1837 3227 gratia,
1889 3144 1945 3210 si
1987 3144 2166 3209 verbi

275 3227 379 3293 Dei
416 3227 751 3295 ministros
792 3227 1132 3313 contigerit
1206 3236 1283 3294 ut
1323 3248 1512 3311 saepe
1554 3228 1648 3306 fit,
1707 3249 1839 3295 non
1880 3231 2004 3295 rite
2047 3250 2163 3295 suo

273 3313 453 3378 officio
507 3313 720 3398 fungi,
786 3334 873 3379 an
914 3313 1060 3379 ideo
1102 3275 1233 3379 fici
1274 3313 1548 3380 verbum
1588 3313 2031 3394 reiiciendum,
2093 3325 2165 3379 ut

275 3397 493 3465 nullum
547 3399 831 3482 amplius
886 3397 1124 3465 habeat
1180 3398 1434 3483 pondus
1491 3420 1700 3482 neque
1750 3402 2166 3466 autoritatem

276 3483 342 3548 ad
377 3484 595 3552 salutis
638 3485 818 3552 viam
860 3484 1098 3569 populo
1142 3483 1653 3551 ostendendam?
1696 3484 1839 3552 Nae
1882 3485 1962 3552 ab
2004 3486 2164 3569 ipsis

275 3568 681 3637 fundamentis
746 3570 838 3635 ita
900 3569 1184 3637 convelli
1241 3591 1345 3637 res
1399 3571 1689 3654 publicas
1739 3578 1987 3638 certum
2043 3580 2161 3638 est.

276 3652 461 3734 Quam
517 3656 764 3722 multos
821 3664 1041 3722 tamen
1099 3654 1289 3722 hodie
1344 3657 1644 3740 reperias,
1707 3657 1819 3740 qui
1876 3676 1961 3721 ex
2002 3677 2162 3739 quo·

273 3741 520 3808 rundam
594 3739 907 3809 ecclesiae
987 3741 1433 3808 ministrorum
1507 3742 1685 3808 vitiis
1764 3743 2162 3809 occasionem

275 3835 506 3904 captant
558 3828 664 3894 ius
718 3827 1018 3893 divinum
1060 3825 1380 3911 abolendi,
1452 3834 1520 3894 et
1562 3847 1820 3893 omnem
1865 3825 2158 3893 ordinem

1745 3912 2163 3998 agistratibus

276 3929 308 3973 a
340 3910 467 3977 Dec
506 3914 879 3978 institutum
921 3910 1299 3980 evertendi?
1344 3911 1529 3978 Idem
1564 3914 1644 3979 de
1676 3933 1741 3979 m

278 4002 334 4059 et
358 3998 641 4065 omnibus
666 3998 758 4064 -iis
793 3998 1024 4082 quibus
1059 3998 1496 4084 gubernacula
1514 4019 1733 4065 rerum
1755 3997 2160 4082 publicarum

277 4084 585 4151 εοιιιιιιίεειι.
649 4092 807 4151 sunt
863 4082 1110 4149 dictum
1151 4092 1305 4150 esto.
1394 4083 1565 4150 Nam
1606 4085 1900 4150 omnium
1941 4104 2163 4150 saecu-

276 4164 456 4232 lorum
495 4169 795 4253 exempla
836 4167 1273 4254 comprobant,
1315 4176 1381 4235 et
1422 4177 1556 4235 tam
1589 4189 1772 4237 sacra
1804 4189 1996 4253 quam
2019 4190 2164 4253 pro·

278 4251 405 4317 fana
438 4256 832 4321 monimenta
887 4263 1231 4356 testantur,
1294 4254 1781 4339 magistratibus
1836 4255 1958 4322 sibi
2014 4254 2162 4339 plus

279 4341 1927 4520 2⁸3..⁶303&”⁰‘⁰.sst⁸.2221t„2522d25103‚23333.”2.
1949 4347 2163 4492 ῖξιξῗ.

280 4505 456 4577 hones
506 4520 813 4596 tanquam
870 4511 955 4578 ad
1006 4532 1335 4578 summum
1392 4512 1648 4596 asylum
1704 4532 1845 4578 esse
1895 4530 2161 4579 concur-

282 4613 418 4660 sum.
494 4596 659 4664 Inde
702 4603 859 4664 nata
898 4596 1169 4665 consilia
1203 4597 1652 4664 mutationum.
1743 4595 1919 4665 Sane
1952 4617 2163 4663 reme-

281 4676 435 4747 dium
490 4691 855 4768 quaeratur,
914 4682 1030 4750 scd
1087 4702 1216 4765 quc
1259 4682 1506 4748 malum
1562 4683 1841 4749 tollatur.
1927 4681 2161 4766 Itaque

281 4774 468 4833 sontes
519 4771 890 4852 puniuntor,
945 4777 1026 4834 ut
1077 4768 1171 4835 ita
1210 4768 1569 4835 remedium
1612 4768 2008 4837 conveniens
2048 4766 2161 4832 ad-

283 4847 560 4920 hibeatur.
646 4853 780 4922 Sed
834 4854 1216 4938 plerumque
1267 4852 1566 4921 videmus
1618 4875 1784 4938 quae
1836 4853 1963 4920 Dei
2006 4861 2163 4920 sunt

283 4934 351 4998 ab
402 4936 752 5007 hominibus
816 4940 998 5007 reiici
1066 4949 1135 5005 et
1189 4939 1395 5007 veluti
1449 4939 1719 5024 pedibus
1776 4939 2159 5006 conculcari.

282 5017 404 5086 Nae
458 5024 810 5093 istiusmodi
873 5025 1172 5093 homines
1227 5025 1536 5092 videntur
1587 5026 1671 5093 iis
1723 5024 1988 5104 similes,
2049 5025 2161 5108 qui

283 5119 513 5190 aegroto
553 5111 832 5196 cuipiam
875 5113 955 5179 de
996 5110 1312 5179 stomachi
1356 5109 1682 5178 doloribus
1724 5109 2160 5195 conquerenti,

286 5187 489 5275 dicant,
540 5217 648 5265 cor
702 5220 842 5266 esse
893 5204 1119 5284 aperto
1174 5204 1430 5282 pectore
1483 5195 1988 5265 detrahendum:
2047 5204 2162 5263 aut

1553 302 1654 368 IN
1698 304 1750 370 1.
1796 304 1975 371 Lm.
2022 301 2420 372 SAMUEL.
2465 304 2664 372 OAP.
2710 275 2901 371 vm'.

4095 309 4226 378 542

2287 491 2369 558 de
2408 491 2567 560 tibia
2599 494 2916 577 querenti,
2961 492 3180 563 dicant
3213 492 3486 561 eandem
3518 493 4014 563 rescindendam
4047 516 4212 564 esse.

2286 576 2452 660 Quis
2494 578 2670 645 enim
2713 599 2847 645 non
2891 587 2966 647 ut
3005 579 3299 648 crudeles
3342 579 3488 647 illos
3529 578 3935 662 condemnet,
3978 602 4053 649 ac
4097 603 4211 666 po-

2285 664 2417 730 tius
2486 665 2945 733 convenientia
3007 664 3327 732 leniendis
3392 664 3823 750 tollendisque
3884 665 4217 735 doloribus

2285 768 2429 815 esse
2458 748 2837 833 quaerenda
2877 750 3230 836 pharmaca
3270 749 3489 817 dicat?
3531 750 3780 818 Eadem
3802 753 3972 818 ratio
3993 760 4098 819 est
4116 774 4217 819 re-

2284 854 2433 900 rum
2468 833 2872 918 publicarum
2915 837 2987 904 in
3024 836 3259 920 quibus
3282 836 3443 904 vitia
3462 837 3855 918 moriuntur,
3897 844 3965 903 ει
3983 836 4057 902 in
4079 839 4220 923 qui·

2285 918 2406 987 bus
2445 919 2738 987 diabolus
2790 928 3069 1013 tantum·
3088 922 3426 1005 promovit,
3486 932 3559 988 ut
3591 921 3703 1007 qui
3732 921 3878 989 aliis
3918 922 4215 1006 exemplo

2282 1006 2534 1089 praeire
2577 1005 2953 1085 debuerant,
3007 1007 3270 1091 ipsimet
3313 1006 3650 1091 depravati
3692 1008 3845 1087 sint,
3890 1017 3957 1074 et
3996 1008 4068 1074 in
4110 1028 4213 1073 ec-

2283 1090 2545 1158 clesiam
2589 1091 2715 1159 Dei
2755 1092 3193 1162 confusionem
3235 1092 3626 1169 invexerint,
3689 1091 3804 1159 ubi
3844 1090 4204 1160 cavendum

2284 1197 2368 1243 ne
2423 1176 2609 1260 peius
2648 1177 2824 1243 malo
2866 1178 3006 1277 ipsc
3047 1176 3405 1246 remedium
3446 1198 3852 1260 quaeramus.
3938 1176 4110 1245 Nam
4153 1180 4208 1244 si

2280 1261 2453 1329 malo
2515 1261 2614 1327 illi
2666 1262 2915 1330 mederi
2967 1263 3290 1342 volumus,
3356 1263 3669 1348 neglectis
3724 1262 3964 1330 divinis
4027 1284 4207 1330 man-

2281 1345 2466 1427 datis,
2532 1348 2844 1415 maiorem
2908 1348 3349 1416 confusionem
3403 1349 3794 1428 invehimus,
3863 1350 4205 1432 minusque

2278 1432 2453 1499 malo
2495 1431 2594 1499 illi
2635 1433 2989 1501 medemur.
3074 1433 3336 1519 Dignus
3375 1434 3576 1517 igitur
3617 1435 3726 1501 hic
3769 1434 3952 1501 locus
3985 1432 4204 1501 obser·

2279 1519 2560 1599 vatione,
2624 1539 2826 1603 quum
2868 1518 3154 1586 seniores
3196 1518 3645 1586 Israelitarum
3684 1519 4066 1587 convenisse
4109 1519 4205 1585 di-

2277 1611 2537 1685 cuntur,
2594 1613 2659 1671 et
2701 1605 2771 1670 in
2813 1624 2959 1671 eam
3000 1604 3199 1671 ivisse
3240 1605 3650 1684 sententiam,
3707 1625 3930 1690 regem
3972 1606 4207 1672 consti-

2277 1688 2614 1771 tuendum,
2655 1690 2769 1774 qui
2810 1689 3120 1774 populum
3164 1699 3436 1775 regeret,
3480 1688 3563 1756 ad
3596 1690 3891 1775 gentium
3926 1689 4200 1756 aliarum

2276 1795 2441 1858 quse
2503 1774 2754 1859 regiam
2818 1774 3327 1843 dominationem
3384 1775 3681 1860 probant,
3749 1775 4200 1841 imitationem.

2274 1859 2411 1927 Sed
2453 1862 2668 1945 potius
2709 1860 2781 1926 in
2823 1860 3214 1927 contrariam
3259 1861 3650 1928 sententiam
3692 1860 3976 1944 pendere
4011 1860 4203 1928 debe·

2273 1946 2454 2026 bant,
2511 1966 2589 2012 ac
2630 1945 2915 2013 filiorum
2957 1945 3285 2014 Samuelis
3325 1946 3669 2012 avaritiam
3711 1959 4026 2025 coercere,
4085 1956 4203 2012 aut

2273 2040 2687 2099 contumaces
2739 2038 3174 2108 exauctorare,
3231 2038 3298 2097 et
3350 2050 3547 2099 causa
3599 2030 3771 2098 dicta
3810 2031 4201 2099 sententiam

2272 2115 2586 2186 adversus
2627 2115 2774 2183 illos
2805 2116 2994 2182 ferre.
3081 2116 3333 2183 Verum
3365 2117 3482 2183 ubi
3514 2116 3762 2183 malum
3795 2114 4200 2198 detexerunt,

2272 2200 2354 2267 de
2396 2223 2553 2288 rege
2596 2201 2896 2288 eligendo
2930 2201 3272 2270 consilium
3305 2202 3558 2283 ineunt,
3600 2210 3667 2268 et
3703 2200 4080 2284 decernunt,
4124 2223 4200 2269 ac

2271 2286 2657 2368 libertatem,
2720 2307 2917 2372 quam
2981 2291 3165 2354 aiunt
3227 2307 3364 2354 non
3431 2286 3597 2355 bene
3660 2309 3778 2373 pro
3843 2293 3979 2355 toto
4043 2307 4200 2354 auro

2270 2373 2483 2523 Hendi,
2542 2381 2612 2441 et
2664 2394 2861 2458 quam
2917 2371 3102 2439 Deus
3142 2372 3271 2440 illis
3315 2374 3634 2440 hactenus
3675 2373 3963 2453 dederat,
4006 2393 4197 2458 repu-

2315 2460 2470 2525 iant.

2437 2544 2689 2612 Verum
2744 2545 2921 2611 enim
2979 2563 3135 2613 vero
3192 2545 3483 2627 quaestio
3541 2543 3649 2611 hic
3705 2565 3838 2610 non
3880 2543 4046 2614 levis
4086 2565 4193 2612 oc·

2269 2631 2490 2708 currit,
2544 2628 2859 2714 quomodo
2899 2649 3194 2712 peccasse
3239 2627 3555 2707 dicantur,
3597 2630 3709 2712 qui
3750 2650 3835 2695 ex
3876 2629 4004 2696 Dei
4045 2649 4197 2696 con-

2269 2715 2417 2782 silio
2458 2736 2681 2803 regem
2715 2714 2977 2798 petiisse
3018 2712 3344 2781 videntur.
3433 2715 3602 2782 Nam
3642 2715 3830 2781 Deus
3870 2715 4069 2781 Deut.
4095 2716 4196 2781 17.

2267 2801 2362 2868 sic
2417 2822 2534 2885 per
2575 2802 2808 2868 Mosen
2851 2799 3007 2867 clim
3051 2799 3357 2883 loquutus
3401 2809 3573 2865 crat:
3635 2801 3910 2867 Tantum
3948 2801 4197 2867 statuite

2267 2906 2461 2970 super
2495 2891 2554 2953 te
2605 2906 2805 2972 reyem
2861 2905 3041 2968 quent
3080 2885 3322 2969 eleyon-it
3362 2884 3596 2952 lebona
3637 2885 3815 2952 Deus
3854 2890 4019 2966 tuae,
4073 2893 4195 2952 etc.

2270 2970 2346 3040 Si
2402 2971 2585 3039 Deus
2639 2972 2842 3057 igitur
2902 2970 3109 3039 voluit
3162 2969 3308 3036 illos
3366 2989 3589 3056 regem
3646 2970 3770 3037 sibi
3828 2971 4195 3054 praeficere,

2267 3078 2399 3124 non
2442 3057 2750 3125 videntur
2792 3077 2832 3122 a
2873 3056 2998 3124 Dei
3040 3056 3243 3125 verbo
3285 3055 3643 3135 recessisse,
3709 3075 3918 3138 neque
3962 3055 4192 3121 adver·

2267 3164 2378 3210 sus
2411 3142 2624 3228 legem
2658 3141 3024 3220 offendisse,
3062 3140 3576 3226 quandoquidem
3614 3161 3691 3207 ea
3724 3140 3854 3206 Dei
3893 3139 4193 3207 voluntas

2267 3237 2423 3294 erat.
2510 3227 3009 3312 Respondemus
3051 3226 3419 3293 habendam
3460 3225 3590 3292 illis
3632 3225 3831 3292 fuisse
3866 3226 4190 3292 rationem

2266 3320 2655 3398 temporum,
2693 3321 2759 3379 et
2796 3312 3204 3393 conditionis,
3239 3333 3433 3396 quam
3457 3310 3644 3378 Deus
3663 3310 4192 3396 praescripserat,

2265 3401 2400 3467 fore
2457 3399 2768 3465 nimirum
2824 3407 2900 3464 ut
2955 3396 3219 3464 tandem
3275 3397 3348 3464 in
3404 3396 3639 3482 populo
3682 3397 3864 3481 regia
3903 3404 4189 3480 potestas

2266 3485 2597 3552 emineret.
2686 3483 2907 3566 Quare
2940 3482 3092 3551 licet
3125 3482 3414 3551 nondum
3449 3481 3736 3549 stabilita
3769 3491 3958 3562 esset,
3995 3481 4190 3548 debe-

2262 3570 2420 3637 bant
2461 3591 2504 3636 a
2544 3571 2688 3636 Deo
2726 3570 3090 3654 praefixum
3132 3578 3385 3652 tempus
3421 3568 3743 3650 patienter
3775 3574 4189 3651 exspectare:

2262 3676 2397 3722 non
2449 3663 2669 3723 autem
2720 3653 2856 3721 suis
2907 3654 3191 3722 consiliis
3245 3661 3314 3720 et
3355 3653 3715 3719 rationibus
3755 3659 4016 3736 praeter
4058 3653 4186 3718 Dei

2260 3740 2665 3809 voluntatem
2708 3741 2923 3808 locum
2968 3739 3140 3805 dare.
3227 3738 3377 3805 Non
3421 3736 3782 3805 debuerunt
3817 3738 4022 3823 igitur
4055 3737 4186 3804 Dei

2261 3827 2598 3927 consilium
2633 3832 3078 3926 praevertere,
3121 3824 3236 3891 sed
3270 3825 3583 3925 tantisper
3616 3843 3733 3889 exs
3853 3832 3992 3889 tare
4025 3822 4183 3889 dum

2259 3909 3055 4081 kffissessssffffefifflffi
3056 3909 3494 4077 1¹¹32¹202¹31¹1²1¹32
3516 3916 3818 4077 &3223
3820 3915 4183 4078 ³12²&ssssss

2262 4082 2468 4149 Porro
2524 4082 2677 4149 licet
2717 4081 3088 4149 Samuelem
3133 4080 3514 4164 prophetam
3559 4094 3998 4165 agnoscerent,
4056 4100 4186 4144 non

2261 4168 2452 4235 modo
2512 4187 2598 4234 ex
2652 4188 2729 4234 eo
2785 4187 2914 4235 non
2956 4166 3268 4234 sciscitati
3309 4176 3465 4234 sunt
3507 4186 3593 4231 an
3635 4186 3856 4250 regem
3897 4163 4186 4230 habituri

2263 4260 2500 4337 essent,
2587 4273 2824 4321 necne:
2905 4252 3021 4319 sed
3076 4253 3274 4318 etiam
3322 4272 3479 4319 suae
3523 4250 3848 4318 voluntati
3889 4250 4075 4315 illum
4117 4250 4186 4314 in

2262 4337 2673 4423 exsequendo
2717 4339 2842 4404 hoc
2884 4337 3149 4406 consilio
3185 4336 3533 4406 voluerunt
3565 4335 3847 4404 obedire.
3932 4334 4186 4401 Malum

2263 4446 2419 4491 sane
2461 4423 2825 4503 consilium,
2870 4422 3044 4507 quod
3088 4421 3234 4488 Deo
3273 4443 3407 4489 non
3449 4421 3791 4506 probatum
3828 4440 3967 4487 esse
4005 4418 4186 4485 dein·

2260 4508 3316 4679 assummum
3338 4503 4184 4675 mutamus

2261 4689 2369 4748 tus
2419 4681 2620 4747 etiam
2659 4679 2876 4747 docuit
2917 4701 3049 4746 non
3090 4700 3235 4746 esse
3277 4678 3639 4764 legitimum
3683 4697 3754 4742 re
3800 4696 3922 4756 em,
3977 4695 4183 4757 neque

2261 4765 2447 4833 illum
2491 4765 2574 4831 de
2615 4786 2741 4850 quo
2784 4766 2967 4833 Deus
3001 4785 3118 4849 per
3150 4764 3382 4831 Mosen
3416 4762 3720 4847 loquutus
3825 4768 3984 4827 erat.
4053 4760 4182 4827 Hic
4223 4809 4224 4812 ,

2260 4852 2696 4932 observemus,
2756 4872 2890 4917 non
2954 4871 3096 4917 esse
3157 4847 3601 4917 festinandum
3661 4866 3862 4931 quum
3933 4865 3973 4911 a
4035 4843 4178 4912 Deo

2257 4937 2716 5020 promissiones
2771 4935 3084 5020 quasdam
3141 4935 3522 5017 accepimus,
3578 4952 3663 4999 ne
3713 4941 3934 4998 nostra
3974 4932 4179 5016 impa-

2260 5022 2488 5088 tientia
2544 5021 2836 5089 ordinem
2886 5042 3146 5088 omnem
3199 5017 3671 5105 perturbemus.
3756 5017 3976 5100 Atque
4018 5018 4178 5084 haec

2263 5107 2559 5176 doctrina
2608 5106 2797 5175 valde
2852 5108 3035 5175 utilis
3090 5115 3156 5173 ει
3197 5103 3563 5172 necessaria
3608 5108 3739 5170 est:
3800 5122 3949 5169 nam
3993 5101 4178 5169 vide·

2263 5215 2409 5261 mus
2449 5192 2831 5279 plerumque
2871 5213 3097 5259 omnes
3140 5190 3266 5257 Dei
3307 5190 3767 5274 promissiones
3807 5188 4083 5282 obiicere
4098 5189 4174 5255 in
