5059 6059
818 298 945 366 551

824 486 1417 553 animadvertunto.
1508 485 1654 551 Hoc
1697 504 1855 552 vero
1899 485 2041 550 loco
2086 483 2166 550 de
2215 482 2422 550 altera
2456 483 2570 550 illa
2605 484 2768 551 iuris

825 585 1030 658 parte,
1067 572 1223 655 quid
1261 571 1526 657 regibus
1561 568 1806 638 subditi
1842 570 2121 636 debeant
2159 579 2495 649 tractatur,
2532 591 2770 654 nempe

825 680 960 725 non
1021 666 1279 724 tantum
1322 658 1514 726 bonis
1556 655 1821 742 regibus
1866 666 1936 722 et
1979 655 2495 722 dominatoribus
2539 656 2770 723 subiici

824 746 846 812 i
1044 753 1375 828 oportere:
1438 742 1555 810 sed
1590 745 1790 808 etiam
1834 742 1916 807 iis
1958 762 2000 807 a
2042 742 2276 825 quibus
2321 744 2667 827 tyrannice
2706 750 2774 809 et

873 831 1075 895 uriter
1131 829 1395 897 tractati
1438 830 1712 894 fuerint:
1771 839 1969 912 atque
2008 826 2171 893 adeo
2214 829 2540 912 patienter
2582 848 2815 914 opor-.

825 925 967 982 tere
1012 917 1186 1000 ipsos
1228 915 1648 1000 tyrannidem
1689 913 1869 981 illam
1915 913 2105 995 ferre,
2167 923 2594 999 agnoscentes
2638 933 2774 980 non

824 1003 1110 1079 fortuite,
1192 1001 1306 1069 sed
1374 1022 1416 1066 a
1477 1000 1609 1067 Dei
1671 998 2086 1084 providentia
2150 999 2312 1067 haec
2371 1001 2774 1085 contingere,

827 1108 957 1172 qua
998 1088 1183 1155 Deus
1226 1088 1403 1172 ipsos
1446 1086 1766 1171 explorat.

999 1173 1142 1240 Iam
1189 1194 1361 1252 vero,
1406 1175 1601 1258 agite,
1646 1177 1749 1239 etc.

968 1274 1286 1332 Bresioi-em
1348 1276 1493 1331 hanc
1559 1277 1871 1331 conciam
1922 1274 2301 1342 superioribus
2352 1273 2485 1342 fecit
2534 1273 2780 1344 pastoris

827 1346 1062 1412 morbus,
1106 1362 1145 1400 a
1197 1360 1303 1415 qao
1344 1345 1658 1414 prohibitus
1701 1351 1782 1400 est
1828 1344 2062 1400 ulterius
2099 1357 2339 1413 peracre.
2411 1342 2613 1416 Itaque
2657 1359 2780 1400 cam

827 1421 1078 1484 sequeme
1109 1413 1491 1483 coniunqenda
1526 1418 1618 1468 est.

1379 1808 1886 1892 HOMILIA
1931 1808 2244 1891 XXIX.

998 2016 1102 2080 11.
1124 2013 1223 2081 Ac
1257 2012 1457 2079 dixit.-
1492 2011 1668 2078 Haec
1702 2013 1825 2079 erit
1858 2013 2023 2080 ratio
2060 2014 2206 2096 ipsa
2226 2015 2395 2099 reqis
2416 2014 2528 2096 qui
2549 2034 2778 2096 reyna-

823 2101 911 2168 bit
951 2121 1144 2182 super
1187 2119 1331 2166 vos.-
1386 2097 1559 2180 filios
1600 2103 1837 2164 vestros
1881 2100 2153 2182 accipiet,
2210 2106 2281 2164 ut
2320 2098 2447 2165 sibi
2489 2099 2780 2183 disponat

823 2188 896 2252 in
938 2185 1230 2253 curribus
1271 2184 1415 2250 suis
1456 2187 1515 2249 ct
1556 2184 1630 2248 in
1671 2184 1979 2268 equitibus
2020 2186 2177 2265 suis,
2235 2190 2290 2251 et
2330 2191 2595 2252 currant
2638 2191 2780 2252 ante

824 2292 1084 2339 currum
1115 2290 1324 2338 suum
1364 2269 1466 2335 12.
1508 2268 1709 2336 Ponet
1740 2290 1976 2354 quoque
2007 2271 2137 2337 sibi
2171 2271 2473 2355 tribunos,
2509 2275 2566 2337 et
2597 2272 2778 2354 quin-

824 2357 1266 2440 quamnam&
1332 2360 1389 2420 et
1431 2354 1518 2421 ad
1560 2357 1877 2423 arandum
1916 2357 2262 2423 arationem
2318 2377 2523 2438 suam,
2590 2363 2646 2423 et
2690 2359 2777 2423 acl

1063 2463 1173 2508 um
1212 2460 1474 2507 messem
1515 2461 1720 2518 suam,
1765 2446 1820 2507 et
1861 2442 1948 2507 ad
1975 2442 2335 2526 faciendum
2367 2462 2528 2509 vasa
2561 2442 2775 2510 bellica

822 2548 967 2608 sua,
1035 2532 1094 2593 et
1157 2528 1570 2594 instrumenta
1633 2547 1935 2593 curruum
1997 2548 2278 2594 suorum.
2387 2528 2488 2594 13.
2557 2527 2773 2595 Filias

812 2618 1145 2699 praeterea
1198 2616 1436 2679 vestras
1475 2612 1640 2678 tollet
1677 2632 1806 2698 pro
1863 2615 2324 2699 aumentarias,
2382 2620 2440 2680 et
2481 2616 2770 2698 coquina-

822 2700 950 2766 riis
992 2704 1047 2765 et
1076 2698 1396 2783 panificis.
1447 2697 1547 2764 14.
1593 2699 1810 2782 Apros
1850 2700 2115 2782 insuper
2155 2705 2408 2783 vestros,
2455 2705 2514 2766 et
2554 2701 2774 2767 vineas

824 2790 1079 2864 vestms,
1115 2790 1171 2851 et
1213 2785 1433 2850 oliveta
1474 2789 1682 2851 vestra
1724 2785 1961 2868 optima
1998 2785 2274 2867 accipiet,
2318 2786 2617 2869 dabitque
2648 2808 2774 2854 ser·

823 2873 923 2937 vis
976 2871 1136 2940 suis.
1228 2867 1328 2936 15.
1386 2867 1477 2935 Et
1516 2870 1593 2936 de
1635 2870 1979 2938 seminibus
2021 2873 2244 2937 vestris
2300 2876 2355 2938 et
2397 2871 2600 2940 vineis
2640 2894 2768 2939 ves-

821 2957 943 3023 tris
984 2957 1187 3041 capiet
1228 2956 1527 3035 decimas,
1583 2960 1642 3023 et
1681 2955 1859 3023 dabit
1900 2956 2204 3024 eunuchis
2247 2959 2387 3025 suis
2646 2979 2773 3026 ser-

819 3043 919 3109 vis
971 3043 1130 3110 suis.
1222 3043 1325 3108 16.
1387 3039 1736 3126 Sei-vosque
1790 3048 2022 3112 vestros
2080 3048 2136 3108 et
2186 3043 2455 3111 ancillas
2510 3049 2771 3126 vestras,

821 3131 1190 3212 iuvenesque
1243 3132 1476 3194 vestros
1533 3130 1813 3209 optimos,
1875 3133 1933 3193 et
1995 3130 2217 3195 asinos
2284 3135 2518 3197 vestros
2585 3130 2770 3209 tollet,

821 3219 892 3282 ut
930 3214 1132 3299 faciat
1162 3235 1286 3297 per
1328 3213 1476 3280 illos
1520 3233 1680 3295 opus
1722 3234 1925 3280 suum.
1988 3215 2090 3281 17.
2134 3214 2238 3281 De
2270 3216 2598 3296 pecoribus
2639 3237 2771 3283 ves-

822 3301 945 3367 tris
985 3302 1292 3367 decimam
1335 3299 1554 3384 capiet,
1600 3304 1655 3365 et
1696 3300 1876 3367 eritis
1916 3300 1977 3366 ei
2018 3303 2202 3371 servi.
2261 3301 2363 3369 18.
2408 3300 2497 3367 Et
2539 3302 2771 3368 clama-

820 3385 972 3452 bitis
1013 3387 1118 3454 die
1161 3385 1278 3452 illa
1322 3406 1365 3451 a
1408 3390 1733 3468 conspectu
1787 3387 1957 3469 reqis
1996 3387 2183 3455 vestri
2240 3408 2419 3471 quem
2463 3387 2775 3471 eleqeritis

824 3472 1025 3539 vobis.-
1068 3477 1125 3537 et
1167 3492 1292 3538 non
1335 3471 1629 3538 exaudiet
1672 3492 1778 3537 vos
1821 3471 2103 3540 Iekovah
2145 3473 2247 3540 die
2289 3473 2424 3540 illa.
2504 3475 2604 3540 19.
2648 3473 2774 3541 Re-

826 3559 965 3622 nuit
1020 3577 1164 3624 vero
1199 3558 1486 3641 populus
1544 3557 1770 3623 audire
1813 3578 2014 3626 vocem
2053 3557 2358 3628 Semuelis
2376 3585 2395 3624 .·
2451 3561 2563 3627 sed
2604 3561 2777 3628 dixe-

828 3646 1006 3712 runt.-
1062 3642 1503 3727 Nequaquam,
1562 3643 1670 3711 sed
1724 3664 1840 3710 rex
1891 3645 2011 3710 erit
2066 3666 2260 3727 super
2300 3666 2435 3713 nos.
2524 3645 2627 3713 20.
2689 3643 2778 3712 Ec

830 3729 1068 3794 erimus
1124 3748 1240 3795 nos
1295 3749 1538 3812 quoque
1591 3730 1756 3795 sicat
1808 3731 2141 3798 universae
2177 3737 2399 3816 yentcs,
2442 3731 2775 3799 iudicabit·

830 3835 948 3898 que
1004 3833 1122 3879 nos
1163 3834 1276 3879 rex
1334 3817 1556 3888 noster.
1601 3819 1658 3882 ct
1700 3816 2046 3900 egredietur
2089 3822 2231 3882 ante
2272 3839 2402 3895 nos,
2438 3818 2777 3903 puynabit-

832 3921 950 3984 que
1004 3899 1159 3966 bella
1206 3905 1438 3966 nostra.
1530 3901 1633 3966 21.
1680 3901 1951 3967 Audivit
2004 3903 2217 3986 itaque
2265 3903 2510 3970 Semuel
2565 3907 2779 3970 omnia

831 3984 1019 4052 verba
1050 3985 1294 4068 populi,
1341 3991 1397 4050 et
1438 3987 1603 4052 dixit
1643 4008 1716 4052 ea
1760 3988 1830 4052 in
1866 3987 2128 4054 auribus
2170 3988 2459 4057 Ichovae.
2541 3990 2645 4056 22.
2691 3987 2781 4056 Et

831 4073 924 4138 ait
956 4071 1229 4138 Iehovah
1263 4071 1350 4137 ad
1388 4070 1753 4139 Semuelem:
1798 4072 1980 4140 Audi
2025 4095 2224 4141 vocem
2266 4096 2493 4156 eorum,
2539 4081 2594 4141 et
2637 4096 2780 4143 con-

830 4158 1014 4226 stitue
1054 4159 1146 4223 eis
1190 4177 1410 4241 reqem.
1473 4156 1663 4223 Dixit
1695 4161 1906 4241 itaque
1945 4157 2193 4228 Semuez
2226 4162 2312 4229 ad
2346 4161 2515 4228 viros
2552 4161 2781 4243 Israel,

834 4243 933 4309 Ite
973 4244 1239 4327 quisque
1280 4243 1353 4307 in
1394 4242 1607 4309 urbem
1648 4265 1851 4312 suam.

1005 4430 1425 4516 Explicanda
1481 4431 1670 4498 nobis
1724 4433 1856 4498 iam
1909 4443 2280 4518 superesset
2326 4433 2653 4502 Samuelis
2698 4436 2782 4504 ad

833 4517 1148 4604 populum
1185 4516 1613 4585 israeliticum
1656 4518 1882 4595 oratio,
1927 4541 2056 4604 qua
2090 4520 2391 4587 hortatur
2424 4521 2661 4604 ipsum,
2709 4533 2784 4588 ut

834 4603 1149 4690 quamdiu
1216 4602 1432 4670 adhuc
1510 4624 1628 4687 per
1692 4602 2062 4672 libertatem
2128 4607 2280 4673 licet
2343 4628 2383 4673 a
2448 4609 2780 4692 proposito

832 4689 1106 4769 recedat,
1153 4697 1221 4756 et
1262 4688 1604 4757 consilium
1647 4689 1884 4756 initum
1929 4689 2010 4757 de
2053 4714 2208 4777 rege
2271 4693 2549 4776 petendo
2608 4715 2781 4762 com·

835 4785 1064 4842 mutet.
1132 4775 1314 4841 Dicit
1348 4777 1570 4860 itaque
1604 4797 1827 4862 regem
1865 4779 1980 4859 qui
2017 4778 2317 4863 regnabit
2350 4799 2549 4864 super
2584 4781 2779 4865 ipsos,

834 4862 1006 4928 filios
1046 4863 1340 4947 ipsorum
1385 4872 1823 4946 accepturum,
1868 4883 2030 4947 quos
2066 4865 2137 4929 in
2179 4886 2371 4931 usum
2407 4887 2601 4933 suum
2639 4889 2783 4934 ver·

831 4957 949 5028 tat,
1007 4967 1082 5014 ac
1138 4948 1368 5015 multis
1424 4947 1992 5032 compilationibus
2058 4958 2126 5015 et
2166 4952 2416 5035 rapinis
2480 4973 2777 5019 usurum.

830 5032 980 5099 Iam
1034 5053 1193 5099 vero
1248 5035 1582 5117 superiore
1636 5037 1948 5103 concione
2012 5034 2318 5123 diximus,
2385 5038 2490 5104 his
2555 5038 2777 5104 verbis

832 5118 1195 5184 Dominum
1252 5140 1385 5186 nou
1447 5119 1603 5186 dare
1659 5121 1844 5188 illam
1901 5130 2291 5207 potestatem
2352 5123 2633 5210 regibus,
2703 5133 2780 5190 ut

829 5203 1247 5291 tyrannidem
1292 5206 1360 5271 iu
1404 5204 1727 5276 subiectos
1770 5208 2049 5292 populos
2090 5222 2458 5277 exerceant.
2522 5211 2778 5277 Verum

2457 292 2871 361 HOMILIA
2917 291 3187 360 XXJX.

4637 295 4722 362 552

2871 483 3179 567 quoniam
3219 484 3636 570 tyrannidem
3672 480 4140 565 occupantibus
4176 477 4557 563 principibus
4575 482 4731 548 subdi·

2872 569 2958 633 tis
3017 568 3358 636 resistendi
3419 570 3685 636 libertas
3725 564 4033 652 adempta
4075 565 4354 640 videtur,
4411 567 4605 648 quaeri
4638 590 4731 634 me-

2871 654 3001 719 rito
3066 664 3298 738 potest,
3364 676 3469 734 an,
3533 675 3734 739 quum
3794 673 3983 737 reges
4048 665 4113 717 et
4174 652 4496 736 principes
4546 655 4735 736 populis

2871 739 3289 808 iureiurando
3345 741 3543 807 fidem
3597 758 3782 808 suam
3837 738 4231 822 astringunt,
4289 758 4360 803 se
4415 737 4511 803 ius
4545 759 4735 806 summa

2874 827 3222 910 aequitate,
3268 827 3643 894 sinceritate
3686 833 3753 890 et
3795 825 4170 909 integritate
4229 823 4739 904 administraturus,

2875 912 2933 978 si
2987 910 3184 979 fidem
3243 913 3555 999 frangant
3597 920 3664 979 et
3720 910 4138 996 tyrannidem
4178 919 4509 992 usurpent,
4553 912 4740 976 omnia·

2877 1018 3003 1082 que
3059 997 3181 1065 sibi
3241 999 3643 1082 permittant,
3701 997 3924 1081 populi
3982 1015 4117 1061 non
4185 995 4438 1078 possint
4497 996 4610 1078 ipsi
4656 998 4742 1066 sibi

2877 1083 3233 1162 consulere,
3294 1094 3360 1154 et
3418 1085 3569 1152 huic
3627 1082 3799 1148 malo
3853 1081 4253 1149 conveniens
4311 1081 4554 1147 adferre
4589 1103 4743 1148 reme-

2879 1168 3082 1236 dium.
3173 1169 3488 1251 Quaestio
3532 1189 3691 1236 sane
3736 1167 4038 1245 difficilis,
4099 1187 4293 1251 quam
4354 1166 4478 1234 hoc
4518 1177 4746 1251 tempore

2877 1254 3181 1323 subtilius
3242 1255 3613 1340 expendere
3670 1274 3879 1338 neque
3945 1252 4354 1320 commodum
4421 1263 4533 1330 est,
4589 1274 4749 1337 neque

2878 1342 3077 1408 ctiam
3134 1342 3418 1426 expedit.
3503 1341 3675 1408 Nam
3734 1340 3980 1407 multos
4036 1338 4230 1406 hodie
4287 1339 4574 1405 videmus
4620 1361 4750 1406 occa·

2878 1427 3129 1495 sionem
3193 1449 3417 1494 rerum
3482 1426 3937 1496 novandarum
4001 1446 4333 1508 quaerere,
4411 1426 4750 1508 nimiumque

2880 1512 3004 1580 sibi
3068 1516 3448 1599 permittere
3511 1515 3578 1579 in
3644 1510 4073 1597 potestatibus
4140 1518 4206 1577 et
4270 1511 4753 1577 dominationibus

2880 1599 3223 1666 movendis
3276 1608 3345 1665 et
3400 1597 3909 1666 commutandis:
3963 1616 4164 1681 quare
4218 1597 4433 1664 sobrie
4475 1597 4594 1662 ista
4629 1607 4756 1662 trac-

2882 1685 3080 1752 tanda
3129 1694 3302 1752 sunt.
3393 1685 3757 1752 contentos
3812 1684 4019 1767 igitur
4062 1703 4204 1749 esse
4263 1704 4382 1749 000
4442 1683 4520 1749 iis
4560 1695 4758 1767 oportet

2879 1791 3044 1854 quae
3087 1791 3272 1839 sacra
3316 1771 3554 1855 pagina
3596 1768 3803 1852 docet,
3863 1769 4082 1837 Deum
4117 1769 4434 1834 nimirum
4477 1790 4585 1852 per
4622 1769 4757 1851 prin·

2878 1858 3055 1942 cipes
3121 1858 3191 1926 in
3258 1856 3679 1942 tyrannidem
3745 1856 4164 1922 deflectentes
4228 1857 4468 1938 punire
4528 1874 4630 1920 eos
4682 1856 4760 1936 qui

2878 1943 3240 2028 legitimam
3305 1941 3847 2027 gubernationem
3915 1962 4046 2007 non
4113 1951 4471 2007 merentur.
4573 1940 4762 2006 Fateor

2876 2028 3245 2096 latronibus
3290 2029 3425 2096 vim
3487 2028 3920 2095 inferentibus
3964 2047 4154 2111 posse
4197 2027 4438 2106 resisti,
4481 2025 4636 2109 quod
4663 2027 4763 2091 vim

2877 2114 3074 2183 alicui
3114 2115 3365 2181 inferre
3408 2134 3542 2180 non
3603 2114 3689 2181 sit
3744 2113 4016 2180 licitum.
4108 2112 4186 2178 Si
4232 2115 4378 2197 quis
4415 2122 4659 2180 nostras
4693 2132 4767 2174 res

2878 2201 3106 2268 invitis
3165 2202 3355 2268 nobis
3413 2200 3663 2284 eripiat,
3725 2220 3884 2266 sane
3942 2198 4074 2264 Dei
4129 2219 4364 2265 manus
4425 2206 4493 2263 et
4534 2195 4771 2263 vindicta

2877 2296 2979 2353 est
3022 2285 3462 2372 agnoscenda:
3521 2285 3635 2352 sed
3689 2284 3881 2368 longe
3923 2285 4053 2349 alia
4096 2293 4194 2351 est
4236 2285 4407 2350 ratio
4451 2283 4766 2368 principum

2875 2382 2943 2440 et
2986 2373 3393 2456 superiorum
3440 2372 3857 2457 dignitatum,
3903 2370 4139 2454 quibus
4181 2370 4369 2437 Deus
4415 2370 4556 2437 vult
4593 2367 4770 2436 subdi·

2877 2467 2975 2527 tos
3019 2458 3394 2526 obedientes
3429 2477 3588 2524 esse.
3634 2457 3734 2525 Ac
3770 2459 3976 2523 fateor
4011 2477 4049 2522 a
4085 2457 4229 2521 Deo
4274 2457 4436 2540 ipsis
4469 2454 4770 2540 praescrip-

2876 2553 2976 2614 tos
3030 2566 3174 2611 esse
3216 2544 3560 2630 potestatis
3604 2544 3935 2623 terminos,
3993 2544 4171 2609 intra
4224 2563 4388 2626 qnos
4433 2561 4574 2609 sese
4612 2539 4772 2606 conti·

2874 2651 3032 2699 nere
3054 2631 3311 2707 debent,
3349 2640 3423 2698 ut
3455 2631 3786 2696 communi
3816 2629 4087 2695 utilitati
4109 2631 4445 2707 studeant,
4480 2637 4546 2693 et
4565 2645 4772 2691 summa

2875 2717 3202 2802 aequitate
3247 2724 3313 2783 et
3357 2716 3611 2782 iustitia
3643 2714 3917 2799 populos
3961 2714 4336 2800 gubernent
4368 2733 4452 2780 ao
4486 2711 4774 2779 moderen-

2876 2813 3020 2870 tur:
3062 2824 3140 2870 ac
3181 2822 3268 2867 ne
3311 2800 3632 2887 dignitate
3674 2823 3796 2868 sua
3837 2801 4218 2880 efferantur,
4263 2800 4380 2867 sed
4428 2821 4500 2867 se
4537 2796 4773 2865 vicissim

2875 2889 3020 2956 Deo
3063 2888 3356 2955 subditos
3397 2907 3543 2953 esse
3587 2888 4045 2955 meminerint-z
4090 2908 4290 2970 seque
4331 2887 4494 2954 licet
4535 2883 4616 2951 ad
4644 2901 4775 2949 sum·

2874 2996 3019 3042 mos
3075 2974 3415 3059 dignitatis
3472 2971 3756 3040 honores
3814 2982 4092 3051 evectos,
4154 2983 4377 3039 tamen
4439 2971 4691 3055 fragiles
4724 2986 4790 3063 at,

2875 3068 3370 3128 momentaneos
3428 3079 3603 3124 esse:
3661 3079 3737 3125 ac
3781 3060 3908 3125 Dei
3966 3058 4243 3144 gloriam
4288 3077 4667 3144 promovere
4700 3073 4776 3118 sm

2875 3168 3018 3215 csse
3062 3146 3277 3213 officii.
3367 3143 3637 3212 Samuel
3683 3166 3836 3212 vero
3880 3145 4190 3228 populum
4235 3146 4569 3224 admonet,
4611 3144 4778 3208 semn-

2876 3232 3028 3299 dam
3063 3253 3205 3298 esse
3243 3230 3751 3298 dominationem
3788 3251 4038 3315 regum,
4073 3240 4139 3298 et
4174 3230 4344 3298 oolla
4383 3232 4410 3297 i
4507 3251 4547 3296 o
4580 3228 4779 3314 patien-

2875 3328 2979 3386 ter
3023 3315 3515 3385 summittenda.
3569 3317 3679 3382 Ex
3723 3317 3960 3401 quibus
4001 3326 4273 3402 apparet
4314 3251 4615 3384 subxgitos
4651 3309 4779 3393 regi·
4899 3353 4900 3364 κ

2874 3406 2998 3472 bus
3042 3425 3120 3472 ao
3175 3403 3576 3488 principibus
3636 3423 3756 3470 nec
3799 3423 3993 3487 posse
4034 3425 4155 3470 000
4221 3402 4463 3470 debere
4520 3400 4783 3492 adversus
4899 3427 4900 3434 ¹

2874 3492 3055 3575 ipsos
3097 3488 3434 3569 rebellare,
3475 3496 3592 3554 aut
3627 3488 3985 3573 quidquam
4020 3510 4307 3568 movere,
4342 3489 4510 3556 lieet
4544 3497 4786 3572 tyranm-

2878 3577 3027 3644 dem
3068 3583 3437 3654 exerceant,
3483 3582 3549 3639 et
3584 3575 4156 3657 compilationibus
4190 3596 4265 3642 ac
4300 3574 4563 3659 rapinis
4595 3587 4783 3654 graves

2879 3664 3012 3731 sint
3054 3662 3353 3739 subditis,
3413 3659 3791 3744 nullamque
3837 3680 3959 3727 000
3992 3661 4121 3727 Dei
4157 3681 4279 3729 nec
4314 3663 4516 3744 aequi
4549 3657 4785 3737 rectique
4899 3691 4900 3694 =

2879 3749 3198 3817 rationem
3233 3746 3537 3813 habeant.
3584 3745 3923 3826 Attamen,
3965 3746 4198 3826 fateor,
4241 3747 4573 3830 quaedam
4607 3743 4787 3835 adven-7

2880 3857 2991 3902 sus
3058 3835 3231 3900 hanc
3296 3832 3715 3918 tyrannidem
3772 3832 3950 3900 licita
4012 3845 4170 3900 sunt
4227 3833 4560 3900 remedia:
4621 3827 4788 3922 veluti

2880 3939 3082 4004 quum
3118 3919 3455 3987 constituti
3490 3918 3602 3984 alii
3638 3930 3796 3984 sunt
3829 3920 4252 4004 magistratus
4289 3927 4357 3985 et
4393 3918 4656 3986 ordines
4685 3932 4788 3996 qm·
4899 3981 4900 4006 Ὺ

2881 4008 3001 4074 bus
3059 4004 3451 4090 reipublicae
3506 4023 3665 4070 cura
3716 4013 3815 4070 est
3870 4007 4244 4074 commissa:
4302 4006 4420 4089 qui
4469 4001 4788 4095 principes
4899 4035 4900 4060 ι

2881 4095 2954 4158 in
2997 4093 3209 4158 officio
3263 4091 3596 4157 continere
3654 4097 3983 4174 poterunt,
4039 4102 4234 4175 atque
4288 4092 4522 4170 etiam,
4582 4091 4633 4156 si
4669 4082 4786 4169 quid

2883 4179 3173 4257 tentarit,
3218 4197 3367 4243 eum
3409 4189 3723 4243 coercere.
3769 4180 3863 4244 At
3903 4176 4036 4243 illis
4076 4178 4364 4244 officium
4414 4198 4553 4244 non
4593 4173 4790 4240 facien·

2882 4265 3076 4344 tibus,
3112 4270 3226 4328 aut
3260 4283 3392 4330 non
3423 4262 3821 4329 audentibus
3855 4283 3998 4330 sese
4032 4264 4212 4330 illius
4244 4284 4587 4347 opponere
4611 4273 4790 4345 tyran·

2885 4350 3041 4429 nidi,
3085 4358 3226 4415 tum
3276 4348 3567 4433 privatos
3623 4350 3820 4414 etiam
3867 4370 4218 4435 agnoscere
4274 4358 4540 4433 oportet
4585 4349 4731 4414 hanc
4755 4361 4790 4438 ‘a

2882 4437 3028 4502 Deo
3083 4434 3337 4503 cladem
3395 4434 3555 4518 ipsis
3609 4434 3896 4516 immitti,
3961 4444 4225 4519 peecata
4280 4435 4586 4520 ipsorum
4641 4439 4792 4524 cast}-

2882 4531 3099 4608 gante.
3189 4520 3360 4588 Nam
3418 4529 3495 4585 ut
3546 4521 3872 4603 scriptura
3937 4521 4123 4588 docet
4189 4543 4307 4588 nos
4359 4522 4540 4588 bene
4596 4527 4791 4587 const]-

2881 4616 3097 4674 tutam
3157 4607 3628 4692 rempublicam
3673 4606 3804 4673 Dei
3845 4608 4182 4692 singulare
4225 4609 4624 4676 beneficium
4662 4618 4794 4697 eosq:

2882 4696 2977 4761 ita
3003 4695 3203 4760 etiam
3238 4703 3465 4761 contra
3495 4693 3948 4776 perturbatum
3984 4703 4246 4771 statum,
4281 4694 4371 4760 im
4425 4693 4609 4760 robis
4631 4691 4794 4757 doun·

2883 4780 3213 4857 nantibus,
3270 4787 3336 4845 et
3394 4780 3497 4845 ius
3549 4782 4094 4863 pervertentibus,
4154 4802 4294 4848 esse
4411 4782 4635 4848 'vinae
4689 4775 4795 4840 irae

2881 4867 3166 4950 signum,
3203 4886 3321 4931 uos
3357 4865 3798 4930 humiliantis:
3836 4887 3912 4934 ac
3946 4866 4218 4950 proinde
4255 4886 4372 4933 nos
4415 4866 4547 4933 hac
4583 4863 4796 4932 ratione

2883 4951 2966 5018 ad
3009 4959 3425 5036 peccatorum
3470 4950 3874 5036 agnitionem
3931 4954 4248 5030 vocantis,
4306 4962 4383 5018 ut
4430 4961 4575 5019 toto
4616 4948 4795 5018 animo

2881 5037 2965 5104 ad
3029 5039 3245 5122 ipsum
3312 5046 3778 5103 convertamur
3841 5046 3910 5106 et
3971 5059 4128 5105 eum
4189 5040 4598 5107 invocemus.
4681 5034 4796 5100 Nou

2881 5124 3010 5191 alio
3066 5125 3274 5209 igitur
3331 5143 3530 5189 sensu
3589 5121 3697 5189 hic
3739 5122 4004 5191 Samuel
4053 5124 4213 5194 dicit
4255 5126 4430 5191 hane
4477 5124 4653 5211 regis
4691 5122 4796 5185 fore

2881 5210 3221 5291 rationem,
3265 5217 3341 5277 ut
3383 5207 3793 5276 subditorum
3828 5230 3983 5295 opes
4019 5219 4087 5277 et
4117 5212 4472 5280 facultates
4519 5206 4797 5279 corradat-
