5059 6059
812 323 936 390 631

819 514 991 593 miis,
1035 514 1391 594 adulteriis,
1433 514 1950 595 scortationibus,
2010 534 2250 598 poenas
2294 514 2490 579 etiam
2536 512 2763 597 augeri
2869 533 3062 596 quam
3122 512 3434 579 sinamus.

818 612 1104 684 oportet,
1162 613 1236 666 ut
1287 621 1514 665 earum
1575 602 1869 685 gravitas
1928 620 1967 664 a
2025 599 2351 683 peccando
2413 599 2761 665 deterreat.

821 684 1073 753 Idcirco
1121 687 1324 771 igitur
1351 685 1532 752 Deus
1567 708 1875 769 expresse
1922 708 2150 752 omnes
2187 688 2510 751 veneficas
2555 695 2622 750 et
2661 686 2764 748 in-

818 773 1212 839 cantatrices
1254 774 1482 855 capitis
1537 773 1856 857 supplicio
1913 771 2087 838 affici
2140 773 2362 839 iussit:
2424 770 2593 854 quod
2655 772 2764 835 lex

814 858 954 923 Dei
999 859 1325 943 generalis
1384 872 1588 923 esset:
1651 859 1730 923 de
1789 881 1920 923 non
1981 858 2269 925 ferendis
2326 858 2554 923 inultis
2614 856 2764 922 ullis

821 943 1367 1011 divinationibus:
1413 944 1587 1027 quod
1633 943 1764 1010 illis
1811 945 2109 1017 homines
2156 944 2379 1010 ludere
2425 943 2630 1010 Satan
2676 942 2765 1007 sit

819 1030 1082 1096 solitus:
1150 1046 1215 1094 et
1280 1051 1359 1095 ea
1422 1032 1509 1095 sit
1572 1031 1896 1096 humanae
1955 1040 2228 1095 naturae
2282 1030 2631 1113 corruptio,
2694 1038 2762 1093 ut

820 1136 987 1200 quae
1031 1130 1188 1182 sunt
1231 1116 1602 1200 cognitione
1648 1116 1848 1200 digna
1906 1129 1971 1181 et
2029 1117 2393 1183 necessaria
2454 1113 2767 1198 negligat,

819 1210 891 1267 et
933 1204 1148 1286 potius
1193 1224 1386 1268 omne
1444 1203 1737 1267 studium
1785 1203 1850 1266 in
1900 1224 2003 1268 res
2046 1202 2332 1268 curiosas
2390 1212 2455 1267 et
2497 1199 2765 1266 inutiles

820 1298 1191 1365 convertat,
1237 1302 1302 1353 et
1347 1288 1652 1353 inanibus
1698 1287 2250 1371 speculationibus
2274 1289 2567 1353 animum
2614 1308 2765 1370 pas·

819 1385 937 1440 cat.
1031 1373 1161 1440 Sed
1208 1375 1273 1438 in
1323 1375 1550 1457 primis
1593 1375 1649 1438 si
1707 1395 1839 1456 qua
1883 1395 2002 1439 nos
2054 1374 2239 1458 angit
2290 1373 2646 1438 difficultas
2702 1378 2769 1437 et

820 1460 1208 1529 sollicitudo,
1258 1482 1386 1524 non
1433 1461 1824 1542 quiescimus
1869 1460 2028 1542 quin
2090 1459 2301 1542 qualis
2359 1460 2447 1525 sit
2507 1459 2768 1524 futurus

819 1546 1040 1612 exitus
1083 1548 1388 1613 certiores
1408 1546 1686 1610 fiamus:
1731 1545 1786 1611 si
1832 1545 1989 1628 quid
2024 1546 2416 1628 suscipimus
2455 1556 2769 1611 eventum

818 1634 985 1697 scire
1030 1633 1347 1715 cupimus.
1424 1632 1572 1712 Qua
1616 1633 1869 1696 ratione
1911 1631 2035 1697 sibi
2080 1632 2334 1697 facilem
2381 1632 2546 1713 petit
2591 1631 2769 1694 viam

818 1715 1028 1782 Satan
1090 1717 1172 1783 ad
1229 1717 1529 1783 homines
1598 1717 2012 1799 decipiendos
2071 1718 2258 1782 vanis
2330 1715 2767 1790 illusionibus,

818 1804 932 1885 qui
990 1816 1223 1886 sponte
1275 1804 1638 1869 curiositati
1697 1803 2062 1886 indulgent.
2153 1802 2288 1869 Sed
2343 1814 2565 1868 tamen
2621 1822 2766 1883 spe-

820 1890 1036 1955 ciosus
1081 1888 1204 1954 fuit
1251 1901 1653 1972 praetextus,
1718 1889 1990 1956 venefici
2034 1889 2212 1953 enim
2258 1902 2324 1954 et
2368 1888 2768 1953 divinatores

821 1975 1241 2041 revelationis
1286 1996 1527 2040 nomen
1570 1996 1828 2058 semper
1871 1974 2191 2041 adferunt.
2265 1974 2767 2040 Revelationem

822 2072 1041 2126 autem
1086 2082 1346 2127 omnem
1393 2060 1597 2126 aDeo
1642 2082 1910 2125 manare
1934 2060 2058 2126 sibi
2101 2082 2327 2126 omnes
2352 2058 2766 2144 persuadent,

821 2146 984 2211 adeo
1054 2159 1127 2212 ut
1187 2149 1297 2230 qui
1365 2147 1447 2212 ad
1510 2148 1820 2213 veneficia
1891 2167 2032 2211 sese
2092 2146 2571 2231 applicuerunt,
2644 2143 2768 2211 sibi

823 2232 1172 2298 videantur
1239 2232 1480 2298 habere
1557 2232 1775 2297 Deum
1857 2232 2245 2316 propitium,
2325 2244 2392 2298 et
2468 2253 2618 2297 cum
2693 2252 2768 2296 eo

819 2319 1335 2385 familiaritatem
1381 2318 1639 2395 habere,
1689 2334 1753 2382 et
1796 2319 2217 2384 consiliorum
2260 2319 2465 2402 ipsius
2532 2337 2770 2382 arcana

821 2406 1071 2469 rimari.
1139 2404 1304 2469 Inde
1347 2406 1423 2469 fit
1467 2414 1543 2469 ut
1565 2404 1983 2470 divinationis
2019 2425 2126 2471 ars
2161 2404 2429 2481 nefaria,
2475 2404 2769 2486 specioso

824 2503 1045 2555 tamen
1091 2491 1355 2556 virtutis
1402 2490 1665 2555 nomine
1701 2503 1999 2574 tegatur:
2043 2512 2240 2573 quum
2278 2502 2499 2555 tamen
2548 2488 2767 2554 diabo-

822 2575 907 2640 lis
943 2577 1313 2656 servierint,
1348 2577 1459 2661 qui
1503 2598 1574 2641 se
1607 2576 1737 2641 Dei
1776 2577 2183 2642 voluntatem
2228 2575 2544 2644 sciscitari
2580 2584 2767 2658 puta·

823 2661 1006 2728 bant.
1094 2662 1540 2745 Quamobrem
1595 2662 1824 2728 divina
1880 2662 2025 2746 lege
2084 2663 2363 2745 quodvis
2418 2662 2767 2728 divinatio·

821 2772 979 2816 num
1025 2771 1233 2834 genus
1278 2749 1663 2813 damnatum
1711 2760 1827 2815 est.
1894 2748 2123 2831 Neque
2159 2750 2334 2813 enim
2361 2770 2489 2814 una
2512 2756 2770 2811 tantum

823 2857 978 2905 voce
1023 2835 1459 2902 divinationes
1494 2833 1783 2913 damnat,
1828 2834 1940 2900 sed
1966 2834 2225 2900 illarum
2266 2834 2483 2901 varias
2517 2833 2770 2917 species

823 2933 1196 2988 enumerat:
1260 2942 1336 2987 ac
1378 2919 1685 3004 prohibet
1727 2919 2111 2986 nominatim
2164 2920 2311 3005 lege
2365 2941 2488 2985 sua
2546 2941 2632 2984 ne
2684 2940 2768 2984 ex

819 3008 1142 3076 sideribus
1187 3020 1302 3073 aut
1324 3005 1471 3072 aliis
1515 3005 1724 3090 signis
1767 3027 1803 3070 e
1826 3005 2003 3071 coelo
2039 3006 2119 3070 de
2142 3006 2380 3072 futuris
2407 3005 2767 3088 inquirant,

822 3112 942 3161 nec
984 3118 1067 3160 ex
1112 3093 1390 3159 mortuis
1452 3113 1663 3174 neque
1719 3114 1803 3157 ex
1862 3092 2186 3174 auspicio:
2246 3092 2523 3173 denique
2584 3102 2769 3156 vetat

820 3182 905 3248 ad
949 3180 1305 3246 familiares
1347 3178 1615 3262 spiritns
1659 3179 2013 3262 confugere
2060 3177 2160 3243 vel
2212 3200 2295 3243 ex
2339 3177 2497 3262 ipsis
2541 3197 2766 3241 rerum

819 3269 1190 3334 futurarum
1236 3275 1514 3330 eventus
1556 3264 1890 3341 sciscitari,
1951 3273 2025 3328 ut
2081 3285 2343 3342 omnem
2396 3262 2766 3329 excusatio·

822 3375 974 3421 nem
1018 3352 1206 3418 tollat
1248 3350 1486 3434 populo
1531 3351 1585 3415 si
1634 3349 1874 3415 talibus
1917 3350 2291 3432 imposturis
2335 3361 2401 3415 et
2447 3347 2769 3414 illusioni-

822 3439 943 3505 bus
988 3440 1282 3504 animum
1327 3435 1671 3502 adiecerit:
1718 3446 1785 3501 et
1827 3436 2189 3502 cautionem
2258 3435 2567 3501 adhibere
2621 3433 2767 3499 illos

821 3524 1048 3591 doceat
1089 3545 1174 3589 ne
1216 3545 1287 3588 se
1329 3521 1698 3587 istiusmodi
1741 3521 2009 3605 flagitiis
2043 3527 2373 3605 corrumpi
2408 3521 2766 3605 patiantur.

822 3610 1073 3676 Idcirco
1114 3610 1338 3691 itaque
1383 3607 1568 3673 Deus
1612 3629 1741 3672 non
1788 3615 2043 3672 tantum
2090 3608 2159 3672 in
2219 3629 2457 3691 genere
2515 3607 2768 3671 divina·

821 3696 1066 3762 tionem
1112 3706 1225 3760 aut
1268 3693 1654 3759 beneficium
1692 3691 2055 3776 prohibuit:
2106 3714 2332 3759 verum
2376 3692 2765 3758 nominatim

825 3782 1021 3849 etiam
1081 3780 1356 3846 aliarum
1418 3780 1776 3862 specierum
1838 3779 2173 3856 meminit,
2245 3802 2329 3844 nc
2388 3778 2446 3844 si
2504 3786 2767 3844 tantum

824 3889 1029 3934 unum
1079 3888 1286 3950 genus
1332 3863 1603 3930 dixisset
1624 3864 2004 3949 exciperent
2023 3864 2339 3941 homines,
2388 3886 2521 3930 non
2567 3863 2766 3929 fuisse

816 3952 1223 4038 prohibitum
1283 3951 1678 4035 auspicium,
1740 3950 1908 4033 quod
1966 3973 2122 4016 aves
2175 3952 2312 4015 sint
2367 3951 2576 4016 bonae
2634 3947 2765 4015 Dei

814 4061 923 4106 res
978 4049 1265 4115 creatae,
1337 4058 1412 4101 ac
1467 4036 1737 4120 proinde
1795 4058 1927 4101 non
1982 4036 2374 4103 claudendos
2429 4037 2650 4102 oculos
2708 4035 2766 4101 si

815 4127 999 4193 Deus
1042 4125 1233 4208 signa
1277 4122 1442 4188 velit
1498 4142 1619 4187 nos
1662 4144 1746 4186 ex
1790 4123 1951 4207 ipsis
2005 4124 2296 4207 accipere
2356 4124 2761 4188 futurorum:

816 4213 1100 4294 denique
1181 4209 1310 4275 nisi
1387 4209 1586 4273 semel
1662 4228 1890 4273 ansam
1974 4209 2335 4275 istiusmodi
2417 4207 2759 4273 hominum

817 4296 1179 4364 curiositati
1224 4295 1409 4361 Deus
1456 4294 1876 4377 praecidisset
1923 4294 2085 4359 nihil
2149 4317 2281 4359 non
2341 4294 2463 4360 sibi
2522 4293 2646 4359 hac
2692 4295 2761 4358 in

817 4405 890 4448 re
925 4381 1224 4447 homines
1268 4380 1757 4465 permisissent:
1814 4380 2110 4445 diabolus
2172 4402 2325 4445 vero
2388 4381 2584 4445 etiam
2632 4380 2763 4444 alia

814 4491 898 4536 ex
969 4480 1150 4551 parte
1216 4466 1404 4533 nobis
1469 4464 1820 4531 insidiatur
1883 4476 1950 4530 et
2020 4468 2319 4533 incautos
2396 4463 2764 4531 istiusmodi

815 4555 1185 4639 praestigiis
1230 4553 1464 4632 obruit,
1511 4549 1684 4635 quod
1730 4552 2205 4618 tentationibus
2249 4552 2555 4618 resistere
2598 4551 2764 4634 vigi-

815 4641 1012 4707 lando
1056 4660 1188 4704 non
1234 4637 1670 4705 didicerimus.
1764 4636 2118 4704 Cavendae
2161 4648 2317 4704 sunt
2358 4639 2580 4719 itaque
2623 4656 2761 4702 om-

815 4748 932 4793 nes
987 4725 1226 4792 diaboli
1283 4724 1574 4803 fraudes,
1634 4736 1707 4789 ut
1764 4726 1818 4789 si
1879 4724 2162 4807 aliquam
2220 4724 2623 4790 evaserimus
2682 4723 2763 4788 ab

794 4812 945 4879 alia
1005 4810 1192 4877 nobis
1254 4823 1641 4890 metuamus,
1696 4810 2043 4892 Deumque
2102 4809 2359 4876 assidue
2402 4829 2763 4892 precemur,

810 4909 893 4964 ut
914 4919 1032 4981 pro
1066 4919 1186 4964 sua
1230 4895 1677 4963 misericordia
1722 4917 1840 4962 nos
1888 4905 2154 4976 tueatur
2196 4906 2265 4961 et
2306 4895 2375 4961 in
2421 4906 2559 4959 tam
2604 4893 2764 4959 den-

798 4984 909 5050 ·sis
934 4984 1124 5049 istius
1159 4982 1388 5048 mundi
1427 4980 1713 5048 tenebris
1758 4992 2017 5048 nostras
2061 4990 2317 5047 mentes
2360 5002 2481 5048 suo
2527 4980 2764 5063 spiritu

818 5086 885 5135 et
906 5069 1249 5152 splendore
1272 5069 1559 5134 illustret
1597 5088 1798 5152 eaque
1839 5067 2183 5151 prudentia
2220 5078 2289 5134 et
2330 5067 2766 5151 intelligentia

818 5167 1126 5233 exornet,
1187 5175 1317 5237 qua
1374 5163 1748 5221 constanter
1805 5153 2123 5220 adversus
2180 5152 2500 5238 quaslibet
2558 5163 2763 5217 tenta·

812 5241 1030 5307 tiones
1085 5240 1532 5318 subsistamus,
1591 5247 1658 5305 et
1701 5261 1738 5304 a
1786 5252 1962 5308 recta
2008 5239 2115 5307 via
2159 5239 2392 5307 deduci
2437 5259 2554 5304 nos
2599 5260 2765 5303 nun-

2417 321 2832 391 HOMILIA
2874 320 3200 391 XCVIII.
4614 329 4703 396 632

3536 513 3746 579 Porro
3806 512 3972 597 quod
4029 512 4452 593 Pythonissae
4497 517 4707 585 mulieris

2868 598 3116 664 mentio
3163 598 3270 678 fit,
3319 600 3400 665 ab
3441 598 3721 666 ethnicis
3771 599 4202 683 promanavit,
4259 600 4423 683 apud
4463 621 4596 684 quos
4623 603 4710 669 init

2867 684 3290 751 divinationis
3314 705 3523 769 genus
3560 707 3686 768 quo
3722 686 3962 769 impuri
4006 686 4273 768 spiritus
4314 706 4448 751 sese
4485 686 4714 755 humanis

2866 772 3252 854 corporibus
3309 772 3759 852 insinuantes,
3818 770 4096 837 edebant
4154 774 4427 851 oracula,
4479 784 4538 836 et
4571 772 4716 838 divini

2866 856 2964 920 illi
3008 856 3415 923 vocabantur
3437 856 3791 942 Pythones.
3840 857 4032 939 Quod
4078 878 4285 942 genus
4326 857 4717 924 divinationum

2869 964 2985 1025 per
3028 942 3368 1027 Pythones
3428 943 3745 1009 factarum
3794 942 3979 1009 Deus
4039 944 4277 1009 diserte
4321 942 4614 1027 prohibuit
4643 966 4718 1027 po·

2867 1028 3020 1112 pulo
3065 1050 3201 1107 suc,
3247 1036 3505 1110 praeter
3550 1029 3708 1094 alias
3752 1028 4232 1094 divinationum
4276 1031 4511 1112 species
4549 1030 4724 1094 Deute-

2869 1115 3148 1180 ronomii
3195 1115 3296 1179 18.
3342 1115 3434 1180 Et
3480 1137 3559 1180 ne
3606 1115 3883 1198 populus
3928 1116 4366 1198 conquerendi
4409 1118 4720 1181 occasionem

2870 1200 3050 1265 illam
3071 1199 3342 1266 haberet
3362 1202 3548 1283 quasi
3586 1223 3705 1267 sua
3751 1201 4032 1268 conditio
4076 1200 4357 1266 deterior
4399 1211 4553 1266 esset
4586 1223 4722 1284 quam

2869 1287 3146 1352 aliorum
3184 1287 3592 1371 populorum,
3639 1288 3750 1370 qui
3784 1309 3934 1353 suos
3980 1294 4161 1354 vates
4207 1297 4271 1352 et
4318 1286 4555 1352 divinos
4587 1287 4724 1352 habe-

2869 1374 3051 1456 bant,
3110 1372 3349 1457 quibus
3409 1384 3627 1439 tamen
3689 1374 3829 1457 ipse
3887 1372 4016 1438 Dei
4076 1373 4362 1456 populus
4421 1375 4724 1456 privaretur,

2869 1459 3057 1524 Deus
3117 1458 3442 1540 pollicitus
3485 1469 3585 1524 est
3630 1480 3701 1525 se
3744 1460 4051 1525 daturum
4094 1460 4257 1542 ipsis
4304 1481 4429 1542 quo
4468 1472 4725 1524 contentos

2873 1565 3012 1609 esse
3074 1556 3401 1628 oporteat:
3466 1545 3774 1610 nimirum
3835 1562 4093 1629 praeter
4151 1545 4368 1628 legem
4413 1566 4579 1610 suam
4613 1564 4725 1626 quae

2870 1632 3062 1695 firma
3121 1642 3186 1694 et
3243 1632 3514 1696 immota
3572 1653 3715 1697 esse
3782 1631 4057 1697 debebat
4115 1633 4276 1713 ipsis
4337 1631 4503 1696 vitae
4551 1630 4726 1713 regula,

2874 1716 3180 1781 daturum
3248 1717 3445 1780 etiam
3514 1716 3896 1801 prophetas,
3962 1716 4126 1782 fidos
4195 1717 4546 1782 voluntatis
4587 1716 4728 1799 ipsius

2872 1805 3282 1884 interpretes.
3373 1802 3569 1868 Hanc
3623 1803 3703 1868 ob
3762 1822 4025 1869 causam
4069 1802 4261 1868 Deus
4314 1805 4580 1886 graviter
4608 1801 4727 1883 apud

2872 1888 3138 1953 Esaiam
3199 1888 3516 1972 populum
3576 1890 3902 1971 increpat,
3978 1889 4152 1971 quod
4218 1889 4606 1955 consulerent
4640 1887 4729 1971 Py·

2873 1973 3111 2038 thoues
3168 1984 3284 2038 aut
3340 1974 3578 2039 ariolos
3632 1974 3749 2057 qui
3793 1976 4050 2058 pipiunt
4095 1984 4160 2038 et
4205 1976 4322 2057 qui
4369 1976 4666 2041 mussitant
4691 1979 4734 2035 et

2871 2059 3040 2142 quod
3102 2080 3221 2141 pro
3264 2060 3639 2139 viventibus
3686 2073 3976 2127 mortuos
4020 2060 4518 2145 interrogarent,
4568 2076 4733 2140 eosque

2871 2145 3053 2211 iubet
3089 2144 3298 2229 legem
3327 2147 3599 2210 Domini
3634 2146 3995 2224 consulere,
4041 2145 4213 2229 quod
4260 2148 4336 2211 in
4381 2146 4489 2211 illa
4529 2144 4737 2210 habeant

2873 2232 3252 2297 testimonia
3309 2232 3469 2296 satis
3515 2232 3862 2298 manifesta
3905 2231 4168 2298 divinae
4218 2231 4572 2298 voluntatis
4604 2242 4654 2292 et
4682 2230 4739 2291 fv

2872 2318 3188 2383 cultatem
3247 2316 3619 2399 inquirendi
3677 2317 3757 2383 de
3816 2318 4118 2384 omnibus
4176 2339 4352 2400 quae
4412 2316 4491 2383 ad
4540 2316 4736 2383 salutm

2874 2404 3166 2487 ipsorum
3190 2403 3460 2469 faciunt.
3508 2404 3809 2486 Denique
3834 2406 4017 2470 Deus
4039 2423 4153 2470 eos
4187 2405 4253 2468 in
4301 2405 4482 2469 verbi
4523 2405 4607 2469 sui
4635 2403 4735 2465 sim·

2874 2490 3163 2572 plicitate
3223 2489 3495 2555 retineri
3555 2490 3764 2555 voluit
3819 2491 3887 2554 in
3947 2512 4071 2572 quo
4115 2498 4434 2573 tanquam
4481 2490 4734 2554 unicosa·

2873 2576 3161 2659 pientiae
3216 2595 3413 2659 seopo
3472 2575 3648 2641 salus
3691 2585 3919 2641 nostra
3961 2576 4298 2642 consistit:
4361 2577 4609 2658 ideoque
4639 2572 4739 2636 reli·

2839 2683 3036 2745 ,quas
3059 2682 3288 2726 omnes
3324 2661 3617 2745 gentium
3657 2660 3997 2727 divinandi
4044 2662 4298 2746 species
4344 2680 4484 2728 esse
4525 2659 4740 2727 reiicien·

2875 2748 3011 2827 das,
3047 2762 3113 2812 et
3135 2767 3557 2830 quaecunque
3582 2757 3893 2831 appareat
3915 2750 4332 2814 extrinsecus
4371 2748 4519 2813 boni
4549 2744 4741 2828 species,

2875 2844 3096 2898 tamen
3155 2834 3426 2898 omnino
3485 2833 3857 2900 abolendas.
3956 2834 4050 2898 Et
4106 2833 4280 2900 hanc
4341 2834 4542 2918 legem
4592 2829 4740 2895 adhuc

2876 2919 3013 2984 vim
3072 2939 3258 2984 suam
3304 2918 3494 2984 bodie
3538 2920 3825 2985 retinere
3869 2918 4042 3002 apud
4085 2919 4501 2986 Christianos
4540 2939 4649 2983 non
4681 2922 4745 2978 en

2876 3004 3330 3084 dubitandum,
3388 3025 3464 3070 ac
3521 3003 3798 3088 proinde
3856 3006 4146 3088 impuros
4192 3004 4509 3089 quosdam
4550 3025 4614 3068 ac
4646 3020 4744 3084 pro-

2874 3092 3058 3157 fanos
3141 3090 3437 3157 homines
3517 3090 3700 3157 verbi
3766 3090 3972 3156 divini
4040 3104 4528 3176 contemptores
4583 3083 4746 3172 procul

2873 3175 3335 3257 eliminandos,
3395 3174 3510 3258 qui
3563 3176 3909 3243 ridiculum
3969 3198 4111 3243 esse
4156 3178 4559 3243 arbitrantur
4593 3174 4746 3266 istius

2872 3261 3048 3328 modi
3106 3262 3430 3328 veneficos
3486 3272 3551 3327 et
3607 3261 3866 3329 divinos
3907 3261 4082 3328 velle
4127 3265 4582 3338 extermi‘nare,
4618 3276 4747 3342 quasi

2871 3348 3052 3414 Deus
3089 3369 3207 3432 per
3243 3347 3598 3430 prophetas
3640 3370 3791 3414 suos
3835 3348 4146 3430 loquutus
4194 3349 4506 3432 deceptus
4544 3350 4618 3412 sit
4651 3362 4746 3425 pro-

2870 3434 3154 3500 hibendo
3193 3433 3671 3500 divinationum
3711 3436 4352 3518 praestigiarumque
4373 3454 4556 3500 omne
4585 3448 4749 3516 genus,

2869 3520 3109 3603 quibus
3150 3518 3355 3584 Satan
3414 3518 3797 3587 hominibus
3854 3521 4190 3602 imponere
4246 3534 4320 3587 et
4364 3534 4598 3586 mentes
4632 3519 4750 3597 ipso-

2868 3626 3016 3670 rum
3075 3604 3393 3670 fascinare
3436 3608 3798 3672 consuevit.
3888 3605 4156 3673 Diaboli
4199 3607 4414 3691 igitur
4456 3605 4675 3672 fraudes
4703 3606 4747 3661 et

2870 3702 3175 3757 naturam
3231 3689 3522 3756 humano
3580 3693 3806 3775 generi
3864 3691 4195 3757 inimicam
4256 3711 4649 3774 summopere
4681 3706 4747 3750 αὶ·

2870 3777 3153 3844 vendam
3177 3775 3363 3841 nobis
3385 3778 3701 3843 sciamus:
3747 3778 3921 3862 quod
3969 3797 4170 3859 quum
4219 3781 4310 3844 sit
4356 3788 4582 3843 natura
4615 3792 4745 3839 men·

2869 3862 3017 3940 dax,
3063 3862 3242 3927 mille
3287 3861 3550 3928 fraudes
3598 3862 3854 3941 habeat,
3900 3863 4138 3946 quibus
4183 3867 4465 3929 miseros
4511 3859 4746 3953 mortale

2870 3949 3179 4033 pellectos
3224 3969 3264 4015 a
3306 3957 3488 4014 recta
3534 3949 3641 4013 via
3686 3949 3983 4015 deducat.
4050 3948 4402 4033 Quidquid
4446 3950 4624 4034 igitur
4655 3944 4743 4008 Des

2867 4039 3012 4119 lege
3063 4033 3467 4118 prohibitum
3525 4046 3641 4111 est,
3706 4055 3822 4119 pro
3882 4035 4135 4102 viribus
4180 4039 4431 4103 nostris
4473 4034 4744 4120 fugiamus,

2868 4141 3111 4204 nosque
3176 4121 3242 4184 in
3298 4119 3503 4203 ipsius
3561 4122 3800 4204 populo
3853 4121 4108 4188 censeri
4153 4143 4283 4187 non
4332 4143 4522 4205 posse
4559 4118 4660 4185 nisi
4689 4112 4743 4177 ab

2866 4205 3172 4272 omnibus
3215 4205 3359 4271 istis
3417 4204 3886 4289 pollutionibus
3939 4228 4139 4289 puros
4198 4228 4630 4292 agnoscamus.
4680 4199 4740 4265 Et

2865 4289 3391 4376 quandoquidem
3451 4292 3759 4375 populum
3818 4292 4282 4376 israeliticum,
4343 4304 4597 4377 accepta
4635 4288 4738 4351 licet

2867 4380 3092 4445 divina
3137 4377 3298 4458 lege,
3353 4377 3653 4443 videmus
3699 4390 3830 4444 tam
3873 4378 4229 4463 proclivem
4278 4379 4366 4446 ad
4412 4380 4534 4445 hoc
4573 4375 4741 4441 vitium

2867 4465 3087 4540 fuisse,
3134 4485 3209 4527 eo
3255 4462 3574 4529 cautiores
3619 4464 3823 4530 simus
3864 4465 3936 4530 in
3984 4465 4310 4546 fugiendis
4357 4465 4585 4531 diaboli
4619 4465 4738 4552 frsnf

2867 4550 3094 4615 dibus:
3140 4570 3348 4631 neque
3395 4549 3567 4614 enim
3611 4550 3917 4617 meliores
3959 4572 4186 4617 sumus
4221 4551 4507 4629 Iudaeis,
4551 4567 4674 4634 quot
4698 4561 4737 4640 s}

2867 4635 3162 4701 diabolus
3227 4634 3387 4701 adeo
3452 4634 3823 4717 fascinavit,
3891 4650 3965 4701 ut
4030 4648 4164 4702 tam
4230 4658 4606 4721 expressum
4654 4630 4737 4696 DC!

2865 4720 3251 4787 mandatum
3312 4728 3823 4801 contemnerent,
3884 4731 3950 4787 et
4007 4722 4072 4787 in
4131 4725 4530 4789 contrarium
4574 4719 4739 4784 vitium

2867 4817 3154 4886 ruerent,
3213 4805 3408 4891 longe
3466 4806 3776 4873 maiorem
3839 4810 3973 4875 vim
4027 4809 4096 4873 in
4154 4808 4348 4876 nobis
4406 4806 4672 4874 fallendis
4697 4806 4742 4865 οἱ

2868 4892 3290 4977 decipiendis,
3371 4891 3498 4959 nisi
3563 4891 3752 4959 nobis
3816 4915 4195 4973 caveamus,
4277 4894 4610 4961 habiturus
4659 4900 4740 4983 oet

2866 4979 3288 5064 Quapropter
3355 4979 3533 5044 intra
3601 4979 3786 5045 verbi
3844 4979 4052 5045 divini
4110 4981 4437 5047 cancellos
4489 4976 4742 5046 contineri

2867 5088 2986 5132 nos
3021 5072 3294 5149 oportet,
3353 5072 3422 5130 et
3473 5063 3546 5128 in
3606 5064 3813 5148 ipsius
3871 5066 4103 5131 timore
4147 5076 4500 5150 noctesque
4539 5066 4742 5142 diesque

2867 5152 3136 5232 versari,
3193 5161 3259 5216 et
3314 5149 3639 5216 curiosam
3682 5151 4016 5218 scientiam
4064 5173 4179 5235 pro
4221 5151 4476 5222 viribus
4509 5150 4741 5218 reiioere:

2870 5237 3035 5304 nihil
3080 5235 3255 5303 aliud
3301 5236 3469 5302 scire
3510 5248 3891 5320 appetentes
3956 5258 4150 5322 quam
4209 5239 4384 5321 quod
4443 5240 4574 5322 ipss
4609 5234 4740 5299 Dens
