5059 6059
867 298 997 368 523

859 506 992 571 tur,
1048 508 1243 557 suum
1300 485 1552 553 cultum
1614 493 2022 571 praetexant,
2079 507 2211 571 quo
2268 484 2392 554 sibi
2434 484 2657 554 Deum
2711 487 2806 554 ita

865 574 1246 644 devinctum
1300 573 1729 651 arbitrantur,
1794 581 1869 639 nt
1939 571 2261 640 bonorum
2326 579 2580 657 partem
2684 593 2806 640 uae

868 664 1053 730 Deus
1095 659 1390 744 largitur,
1435 659 1574 726 suis
1617 659 1872 726 meritis
1907 657 2130 726 deberi
2164 659 2584 726 arbitrentur.
2689 679 2806 725 on·

867 759 973 815 tra
1036 767 1190 815 vero
1255 744 1437 811 locus
1499 742 1606 813 hic
1671 744 2010 811 manifeste
2076 744 2281 824 docet,
2345 744 2588 829 Deum,
2653 744 2805 812 licet

867 833 951 901 ad
1006 851 1280 899 suorum
1336 850 1562 914 preces
1618 839 1943 898 attentum
2001 836 2068 897 et
2124 829 2208 896 ad
2271 829 2589 898 auxilium
2644 829 2805 913 ipsis

864 917 1206 987 ferendum
1271 923 1592 1001 paratum,
1669 937 1801 984 non
1880 924 2099 982 tamen
2179 916 2435 983 meritis
2494 914 2646 983 ullis
2688 924 2803 982 aut

864 1024 1132 1089 precum
1153 1009 1271 1069 aut
1289 1002 1574 1068 iustitiae
1594 1000 1860 1068 illorum
1880 1001 2148 1079 moveri,
2170 998 2288 1068 sed
2305 1001 2442 1069 sola
2463 1021 2585 1069 sua
2608 1002 2801 1069 mise-

864 1086 1163 1158 ricordia.
1253 1086 1475 1169 Quare
1531 1086 1616 1155 ad
1659 1086 1877 1155 Deum
1921 1085 2229 1155 accedant
2279 1107 2543 1154 necesse
2585 1095 2685 1154 est
2725 1108 2803 1155 eo

863 1175 1015 1243 freti
1057 1174 1195 1242 solo
1237 1194 1435 1258 quem
1476 1172 1662 1240 Deus
1704 1174 2061 1252 constituit,
2106 1194 2183 1240 ac
2224 1172 2496 1257 proinde
2531 1180 2804 1241 noscant

868 1260 1135 1330 unicum
1177 1259 1398 1326 Iesum
1442 1258 1780 1327 Christum
1824 1258 2187 1325 Dominum
2221 1268 2515 1326 nostrum
2558 1258 2803 1327 factum

867 1368 1012 1416 esse
1064 1344 1451 1413 advocatum
1515 1354 1584 1412 et
1645 1342 2065 1412 mediatorem
2130 1352 2532 1429 perpetuum,
2599 1364 2802 1428 quum

868 1432 1070 1503 semel
1121 1432 1193 1497 in
1230 1452 1300 1498 se
1342 1430 1731 1499 sacrificium
1774 1430 2013 1498 obtulit
2068 1430 2238 1515 patri
2296 1438 2632 1514 acceptum
2677 1450 2805 1514 quo

870 1539 913 1587 a
964 1529 1378 1604 peccatorum
1429 1516 1747 1583 servitute
1804 1515 1876 1583 in
1931 1515 2300 1583 libertatem
2363 1536 2805 1583 assereremur

866 1610 937 1673 et
991 1603 1072 1671 ab
1129 1602 1309 1669 omni
1365 1610 1547 1668 metu
1599 1601 2043 1669 liberaremur.
2133 1600 2355 1685 Quare
2397 1602 2806 1687 quotiescun-

868 1709 994 1779 que
1038 1686 1121 1756 ad
1163 1696 1419 1773 patrem
1457 1687 1664 1771 ipsius
1706 1688 1970 1754 nomine
2014 1689 2409 1765 venerimus,
2468 1708 2805 1772 nunquam

869 1774 950 1842 ab
990 1774 1198 1858 ipsius
1244 1774 1457 1859 gratia
1499 1772 1911 1857 repellemur.
1957 1771 2399 1855 Quamobrem
2443 1795 2519 1841 eo
2564 1773 2808 1841 maiore

868 1860 1083 1928 studio
1126 1859 1510 1940 cavendum,
1569 1881 1653 1926 ne
1711 1859 1779 1925 in
1835 1858 2031 1925 istam
2075 1859 2514 1943 arrogantiam
2557 1858 2807 1927 incida-

868 1967 1021 2014 mus
1052 1946 1330 2013 istorum
1363 1943 1723 2024 hominum,
1766 1943 1876 2028 qui
1911 1942 2040 2011 Dei
2074 1942 2244 2012 bona
2281 1944 2352 2010 in
2385 1966 2505 2012 nos
2541 1957 2808 2029 propter

865 2040 1093 2101 nostra
1128 2032 1362 2098 merita
1398 2030 1686 2099 derivari
1719 2029 2130 2098 existimant:
2174 2029 2335 2115 quin
2369 2032 2586 2114 potius
2624 2030 2807 2097 dam·

867 2116 1092 2186 nanda
1165 2127 1266 2185 est
1331 2117 1491 2184 haec
1568 2115 1886 2195 doctrina,
1964 2127 2031 2182 et
2095 2125 2407 2201 tanquam
2473 2115 2677 2200 impia
2740 2123 2808 2183 et

870 2203 1254 2289 blasphema
1297 2201 1663 2281 reiicienda,
1717 2210 1785 2268 et
1844 2201 2330 2287 agnoscendum
2374 2200 2689 2287 quidquid
2731 2201 2807 2268 in

875 2290 1002 2358 Dei
1038 2288 1292 2357 cultum
1324 2288 1621 2370 facimus,
1656 2288 1794 2355 sive
1833 2308 2058 2373 preces
2092 2286 2440 2368 fundimus,
2475 2289 2616 2357 sive
2650 2287 2806 2372 quid

874 2374 1054 2443 aliud
1111 2382 1537 2460 praestamus,
1595 2394 1841 2440 vanum
1896 2385 1965 2439 et
2005 2372 2237 2440 inutile
2285 2374 2441 2454 sore,
2498 2372 2628 2440 nisi
2669 2374 2806 2440 Do-

876 2461 1055 2527 mino
1112 2467 1333 2527 nostro
1375 2459 1530 2526 Iesu
1574 2457 1840 2527 Christo
1899 2457 2051 2526 freti
2104 2458 2331 2539 simus,
2386 2468 2456 2525 et
2495 2480 2615 2543 per
2657 2480 2805 2525 eum

876 2545 962 2614 ad
1006 2546 1225 2613 Deum
1278 2552 1530 2630 patrem
1588 2543 1985 2612 adducamur
2038 2542 2377 2629 eidemque
2433 2543 2806 2613 reconcilie-

878 2652 1046 2699 mur.
1132 2630 1234 2698 Ac
1273 2628 1546 2715 proinde
1604 2629 1965 2697 maximum
2014 2638 2118 2697 est
2171 2628 2297 2696 hoc
2339 2636 2634 2714 tempore
2675 2630 2807 2699 Dei

877 2737 1037 2802 erga
1077 2737 1197 2783 nos
1239 2716 1619 2783 beneficium
1654 2714 2155 2801 agnoscendum,
2196 2715 2310 2799 qui
2352 2716 2697 2785 veritatem
2740 2722 2809 2785 et

879 2802 1337 2889 perfectionem
1400 2801 1586 2869 nobis
1651 2822 1878 2869 eorum
1942 2822 2109 2887 quae
2170 2799 2493 2888 legalibus
2558 2801 2807 2869 umbris

876 2887 1423 2975 promittebantur
1463 2885 1783 2968 exhibuit,
1837 2896 1913 2954 nt
1963 2888 2021 2954 si
2064 2886 2229 2972 legis
2271 2895 2565 2970 tempore
2607 2885 2804 2955 sacri·

878 2975 1194 3056 ficiorum,
1238 2995 1405 3075 quae
1441 2980 1697 3041 tantum
1733 2982 1920 3042 erant
1941 2973 2210 3041 umbrae
2231 2981 2298 3040 et
2320 2974 2588 3059 figurae,
2622 2979 2809 3039 tanta

874 3060 1002 3127 fuit
1021 3068 1389 3139 auctoritas,
1424 3059 1738 3127 maiorem
1759 3057 1883 3127 hoc
1902 3055 2159 3126 saeculo
2180 3078 2517 3145 speremus
2552 3058 2633 3125 ab
2667 3059 2808 3158 ipso

2489 296 2908 370 HOMILIA
2947 299 3216 367 XXVI.

4883 219 4884 254 ι

4664 305 4760 372 524
4883 327 4884 342 ¹

2906 486 3384 556 Amorrhaeum.
3459 481 3559 556 15.
3595 487 3931 557 Iudicabat
3972 508 4213 574 quoque
4247 486 4495 556 Samuel
4529 489 4768 560 Iar-aden

2904 575 3138 641 cunctis
3192 573 3408 641 diebus
3464 574 3628 641 vitae
3682 594 3854 642 suae.
3945 574 4045 642 16.
4092 574 4181 641 Ec
4235 574 4364 641 ibat
4397 596 4514 657 per
4549 577 4602 642 si

2904 680 3103 727 annos
3160 661 3466 728 cirmiem
3518 658 3742 729 Betlaez
3797 665 3854 727 et
3922 659 4197 746 Gazqaza
4251 666 4308 728 et
4350 660 4440 727 M
4725 671 4767 730 et
4883 673 4884 738 ζ

2903 745 3221 813 iudicabat
3275 744 3581 812 Israelem
3635 746 3706 812 in
3756 765 3837 813 su
3914 746 4141 814 adistis
4194 745 4358 815 locis.
4448 747 4483 812 1
4528 798 4545 816 .
4597 747 4767 816 Bm-

2903 831 3263 914 tebaturque
3304 832 3376 898 in
3422 830 3759 912 Ramatha,
3816 832 3830 846 ’
3868 831 3893 897 i
3934 832 4096 898 enim
4138 837 4274 899 erat
4312 833 4528 900 domus
4560 834 4692 914 eius,
4731 840 4769 901 et

2902 914 3365 1070 sstssaeicabat
3419 917 3761 985 Israelem.-
3823 915 4173 1000 aedificavit
4235 919 4423 986 etiam
4486 917 4572 985 ibi
4623 919 4771 987 altare

3073 1171 3404 1243 Hesterna
3438 1172 3746 1242 concione
3783 1172 4087 1256 vidimus,
4133 1175 4488 1259 quomodo,
4529 1172 4772 1242 Samuele

2902 1258 3297 1327 sacrificium
3376 1259 3447 1325 in
3523 1258 3976 1328 holocaustum
4055 1259 4392 1344 offerente,
4488 1259 4774 1328 Philistaei

2903 1346 3077 1414 caesi
3134 1344 3470 1430 fugatique
3512 1351 3691 1428 sunt,
3749 1354 3817 1413 et
3859 1343 3941 1412 de
3989 1343 4121 1413 illis
4178 1345 4453 1413 victoria
4509 1355 4776 1430 reportata

3125 1428 3276 1513 Qua
3343 1431 3836 1499 circumstantia
3907 1431 4218 1516 temporis
4275 1430 4461 1499 Deus
4529 1432 4778 1517 patefecit

2906 1517 3249 1584 victoriam
3305 1513 3489 1583 illam
3542 1536 3583 1582 a
3638 1537 3708 1585 se
3766 1537 3899 1584 uno
3955 1517 4303 1601 proficisci:
4355 1537 4596 1602 suaque
4632 1518 4779 1584 unius

2905 1602 3153 1670 virtute
3193 1609 3265 1670 et
3306 1601 3598 1687 potentia
3642 1602 3850 1671 victos
3892 1610 3959 1670 et
3999 1613 4345 1688 superatos
4386 1604 4582 1671 fuisse
4619 1603 4777 1670 Phili·

2903 1696 3135 1756 staeos.
3217 1687 3450 1772 Neque
3495 1687 3670 1754 enim
3708 1687 4147 1756 innotesceret
4197 1689 4387 1757 nobis
4429 1689 4555 1754 Dei
4595 1689 4779 1774 gratia,

2904 1773 3449 1928 efflatum*
3478 1772 4493 1946 {fliiifflfffituiffssii‘gssssti}
4514 1773 4780 1929 222³?ss

2908 1946 3162 2027 fiamus,
3249 1967 3292 2012 u
3379 1941 3678 2013 ammodo
3722 1953 4137 2030 praesentem
4199 1955 4267 2012 et
4310 1945 4394 2014 ob
4438 1946 4647 2014 oculos
4679 1966 4783 2012 ver·

2907 2039 3161 2098 santem
3203 2031 3226 2097 i
3278 2051 3386 2098 am
3419 2051 3562 2097 esse
3597 2052 3859 2099 neccsse
3903 2040 4006 2098 est
4040 2051 4431 2115 persuasum
4464 2030 4783 2098 habeamus

2906 2116 3117 2183 Porro
3160 2136 3296 2184 non
3329 2116 3470 2201 pari
3504 2137 3761 2202 semper
3792 2114 4163 2184 conditione
4207 2117 4394 2184 Deus
4435 2137 4615 2184 suam
4646 2117 4786 2182 nobis

2905 2202 3182 2287 gratiam
3246 2201 3572 2287 patefacit,
3654 2202 3839 2270 cuius
3905 2210 4166 2269 tantum
4229 2202 4452 2288 aliqua
4522 2203 4692 2289 signa
4741 2211 4785 2266 st

2906 2296 3099 2354 notae
3143 2308 3613 2373 nonnunquam
3649 2295 3987 2390 apparent,
4030 2285 4145 2355 sed
4231 2308 4357 2354 uae
4402 2296 4615 2356 tamen
4642 2287 4779 2354 suffi-

2907 2374 3090 2441 ciunt
3153 2371 3237 2438 ad
3301 2395 3420 2441 nos
3486 2373 3566 2440 de
3632 2373 3762 2441 Dei
3819 2394 3977 2459 erga
4017 2393 4172 2442 suos

2908 2457 3106 2526 tiores
3146 2457 3496 2541 faciendos,
3550 2459 3661 2545 qui
3703 2480 3967 2527 suornm
4012 2479 4351 2544 nunquam
4396 2459 4781 2534 obliviscatur,

2908 2543 3023 2613 sed
3065 2552 3427 2630 opportuno
3463 2553 3755 2630 tempore
3797 2565 4054 2629 semper
4087 2544 4249 2629 ipsis
4291 2545 4605 2612 auxilium
4643 2545 4781 2612 ferat

2907 2630 3118 2716 Atqui
3173 2651 3284 2698 sae
3424 2630 3738 2698 videntur
3790 2637 4056 2698 nostrae
4099 2651 4320 2714 preces
4365 2629 4606 2711 irritae,
4654 2627 4783 2714 quod

2906 2715 3091 2784 Deus
3124 2716 3239 2784 diu
3320 2716 3334 2731 ’
3391 2724 3531 2784 erat
3563 2717 3815 2802 gratiae
3846 2737 4005 2783 suae
4047 2716 4522 2796 testimonium,
4563 2725 4633 2782 ut
4661 2714 4783 2782 nihil

2905 2802 3255 2886 profecisse
3324 2802 3686 2870 videamur.
3783 2801 4379 2870 verumenimvero
4451 2799 4637 2869 fidem
4684 2821 4787 2867 noe·

2906 2895 3079 2954 tram
3120 2896 3188 2955 et
3239 2888 3620 2971 patientiam
3663 2908 3704 2954 a
3746 2888 3889 2955 Deo
3933 2895 4078 2954 tum
4116 2887 4380 2973 probari
4422 2895 4662 2956 certum
4693 2895 4780 2952 est.

2902 2971 3130 3059 Neque
3173 2973 3352 3041 enim
3409 2971 3494 3041 ad
3535 2993 3761 3061 preces
3807 2981 4064 3042 nostras
4100 2973 4463 3055 obsurduit,
4521 2972 4629 3041 sed
4665 2967 4786 3056 quid

2907 3059 3097 3128 nobis
3131 3057 3290 3126 utile
3332 3059 3418 3127 sit
3451 3059 3667 3127 novit:
3704 3069 4102 3144 quapropter
4134 3070 4440 3126 nostrum
4463 3065 4565 3127 est
4597 3058 4791 3143 patien-

2904 1439 3022 1498 est.

878 3146 1162 3227 Christo,
1204 3147 1316 3231 qui
1358 3144 1663 3230 legalium
1706 3143 2085 3212 umbrarum
2120 3164 2357 3228 corpus
2393 3152 2496 3210 est
2531 3164 2610 3212 ac
2643 3165 2812 3211 ven·
2909 3154 3011 3211 ter
3054 3143 3374 3212 auxilium
3413 3144 3620 3230 ipsius
3677 3144 4079 3230 praestolari,
4143 3155 4210 3211 et
4250 3144 4332 3212 ab
4379 3165 4461 3212 eo
4504 3166 4627 3211 uno
4662 3162 4785 3227 pen·

878 3239 1079 3385 iamin
1133 3317 1435 3402 luporum
1478 3315 1770 3383 faucibus
1827 3315 2184 3396 constituti,
2241 3323 2308 3383 et
2351 3318 2421 3381 in
2461 3315 2669 3414 ipsius
2709 3336 2811 3383 se-

881 3402 1096 3488 pulcri
1156 3400 1329 3472 fossa
1383 3401 1618 3485 pedem
1675 3401 1957 3468 alterum
2016 3400 2274 3480 habere,
2331 3420 2512 3467 omni
2569 3400 2814 3468 auxilio

1089 3233 1190 3299 Ac
1245 3229 1517 3315 proinde
1571 3230 1630 3296 si
1673 3250 1752 3298 ea
1792 3229 1989 3297 fuerit
2030 3239 2400 3314 temporum
2442 3228 2813 3311 difficultas,
2912 3230 3086 3311 dere,
3161 3229 3322 3296 licet
3384 3227 3631 3298 diutius
3704 3239 3967 3298 nostrae
4041 3229 4455 3298 liberationis
4536 3229 4790 3297 termium

2912 3324 3322 3470 prorogetur.
3406 3313 3634 3399 Quum
3690 3337 3849 3385 vero
3922 3335 4232 3401 praesens
4307 3315 4586 3383 historia
4653 3312 4792 3380 docet

2976 3401 3310 3470 hilistaeos
3352 3408 3681 3469 momento
3736 3420 3957 3469 caesos
4014 3400 4428 3487 fugatosque,
4484 3420 4669 3487 quum
4692 3395 4789 3497 ,Say
4893 3415 4894 3488 ᾗ

882 3489 1176 3557 destituti
1219 3489 1578 3566 videamur,
1616 3508 1703 3555 ne
1748 3507 2033 3570 unquam
2076 3486 2372 3552 animum
2413 3484 2817 3572 despondea-
2917 3488 3090 3555 muel
3147 3485 3436 3555 Domino
3497 3487 3886 3556 sacrificium
3950 3486 4236 3566 offerret,
4299 3508 4388 3554 cx
4445 3507 4520 3555 eo
4571 3491 4791 3555 cerum-

885 3595 1050 3654 mus,
1107 3573 1222 3640 sed
1264 3574 1482 3640 Deum
1538 3575 1604 3638 ἐκ
1643 3576 1908 3655 μηχανῆς
1947 3593 2203 3658 semper
2259 3574 2709 3657 appariturum
2749 3577 2818 3639 et
2918 3595 3100 3640 mum
3176 3573 3620 3640 testimonium
3694 3571 4050 3641 habeamus
4115 3570 4196 3637 de
4261 3571 4398 3640 Dei
4474 3593 4625 3658 erga
4681 3587 4791 3636 suos

877 3658 1308 3726 laetissimum
1351 3658 1669 3726 auxilium
1714 3658 2066 3726 allaturum
2131 3657 2432 3733 sciamus,
2497 3665 2565 3723 et
2628 3656 2818 3724 modo

880 3745 1057 3813 votis
1097 3743 1477 3813 ardentibus
1511 3765 1684 3825 eum,
1729 3743 1923 3812 sicuti
1965 3742 2342 3811 Samuelem
2386 3743 2618 3811 fecisse
2639 3742 2821 3813 vide-

884 3850 1050 3910 mus,
1092 3829 1530 3910 sollicitemus,
1572 3848 1797 3915 preces
1838 3837 2099 3898 nostras
2140 3829 2625 3897 exauditurum.

1060 3914 1207 3981 lam
1246 3935 1405 3985 vero
1450 3923 1766 4000 superest,
1811 3920 1917 3982 etc.

1425 4257 1929 4341 HOMILIA
1972 4256 2279 4340 XXVI.

1057 4429 1161 4494 12.
1209 4426 1388 4494 Tulit
1430 4430 1637 4494 autem
1673 4424 1931 4494 Samuel
1964 4427 2032 4494 la
2086 4425 2100 4440 ‘
2272 4447 2489 4510 unum,
2525 4433 2583 4495 et
2604 4429 2825 4513 posuit

882 4535 1024 4582 eum
1078 4516 1246 4582 inter
1300 4511 1647 4596 masphath
1705 4515 1761 4578 et
1802 4512 1964 4578 inter
2060 4532 2166 4578 en:
2226 4516 2283 4578 et
2320 4516 2561 4581 vocavit
2601 4535 2821 4582 nomen

881 4601 1002 4669 loci
1042 4600 1239 4681 alius,
1284 4598 1488 4681 Lapis
1528 4597 1854 4675 adiutorii,
1898 4596 2210 4679 dixitque:
2257 4597 2597 4682 Hucusque
2631 4602 2821 4668 auxi-

883 4688 1079 4756 liatus
1120 4691 1211 4753 est
1243 4683 1579 4752 Dominus.
1652 4683 1753 4750 13.
1796 4681 1887 4748 Et
1916 4682 2240 4750 humiliati
2268 4689 2413 4750 sunt
2450 4685 2820 4768 Philistiim,

883 4792 991 4840 nec
1033 4774 1455 4856 appositurum
1493 4769 1665 4837 ultra
1700 4773 1769 4836 ut
1809 4768 2089 4835 venirent
2128 4769 2198 4835 in
2240 4771 2539 4838 terminos
2581 4771 2821 4839 Israel.-

882 4859 1054 4941 facta
1115 4863 1205 4925 est
1267 4859 1480 4940 itaque
1540 4876 1772 4921 manus
1834 4853 2103 4921 Domini
2166 4874 2246 4920 su
2289 4876 2358 4922 er
2420 4855 2818 4940 Philistum,

882 4944 1119 5010 nanctis
1157 4944 1375 5010 diebus
1422 4941 1758 5009 Samuelis.
1851 4939 1952 5006 14.
2002 4938 2093 5005 Et
2133 4960 2202 5007 re
2287 4941 2414 5008 itae
2453 4948 2600 5010 sunt
2638 4944 2821 5012 urbes

2923 3657 3365 3739 beneficentia,
3409 3679 3686 3744 quorum
3727 3679 3951 3743 preces
3994 3678 4254 3742 semper
4292 3656 4618 3726 exaudiat.

3092 3743 3344 3812 Deince
3465 3745 3762 3828 sequitur
3803 3745 4058 3811 victores
4100 3742 4441 3812 lsraezitas
4477 3745 4666 3829 fuisse
4688 3757 4794 3823 ptr·

2923 3835 3209 3916 sequutae
3269 3829 3654 3897 Paistaeos
3714 3829 3794 3897 ab
3856 3850 3924 3897 eo
3987 3829 4110 3897 loco
4169 3828 4484 3915 Maspha,
4548 3829 4615 3896 in
4660 3842 4791 3920 qna?

2922 3919 3343 3999 convenerant,
3652 3915 3738 3982 ad
3795 3915 3994 3982 locum
4048 3913 4462 3982 subiacentem
4518 3911 4793 3983 Bethana.-

2923 4007 3187 4085 tuncque
3232 3934 3598 4068 Sanam
3639 3999 3913 4082 lapidem
3966 4001 4274 4084 quandam
4328 4001 4644 4068 collocasse
4675 3997 4794 4092 inies

2927 4086 3245 4169 Mitzpam
3308 4091 3365 4153 et
3424 4085 3747 4168 scopulum
3809 4085 4011 4168 illum,
4089 4087 4269 4152 ouius
4331 4106 4553 4156 nomen
4609 4082 4793 4150 vocant!

2925 4171 3437 4252 Hebenheserum,

2923 4257 3221 4325 victoriae
3276 4279 3406 4343 qua
3446 4257 3626 4326 Deus
3680 4278 3725 4324 a
3782 4256 4268 4324 Philistaeorum
4317 4256 4642 4340 tyrannide
4685 4268 4791 4318 suos

2920 4341 3262 4411 liberasset.
3346 4343 3559 4411 Porro
3612 4341 3774 4410 haec
3826 4341 3973 4410 ideo
4027 4343 4390 4411 recitantur
4445 4352 4520 4410 ut
4569 4339 4792 4408 sciamus

2921 4427 3431 4497 Philistacorum
3496 4448 3629 4496 non
3692 4425 3882 4495 modo
3943 4427 4136 4495 irrita
4199 4429 4397 4496 fuisse
4462 4424 4706 4497 consilis
4744 4431 4788 4484 et

2922 4522 3214 4594 conatus,
3268 4513 3505 4599 quibus
3557 4512 3893 4584 Israelitas
3949 4512 4125 4580 ferro
4184 4521 4250 4581 et
4299 4514 4578 4581 fiammis
4627 4508 4791 4577 delete

2920 4600 3355 4668 conabantur:
3420 4597 3537 4668 sed
3600 4607 3826 4666 contra
3898 4598 4176 4669 victores
4237 4601 4439 4668 fuisse
4501 4595 4790 4692 hmilitas,

2922 4694 2988 4752 et
3052 4683 3132 4753 de
3195 4684 3493 4753 hostibus
3564 4684 4021 4769 triumphasse.
4122 4684 4602 4770 Nonnunquam
4657 4695 4789 4748 emm

2921 4771 3193 4857 pulchre
3228 4772 3565 4840 nobiscum
3600 4771 3710 4856 agi
3745 4770 4267 4840 existimabimus
4302 4772 4361 4838 si
4381 4772 4599 4839 hostes
4631 4783 4788 4835 reses·

2918 4859 3146 4938 serint,
3204 4865 3279 4924 ut
3321 4866 3584 4942 pontem
3630 4855 3846 4942 potius
3887 4855 4025 4925 illis
4065 4865 4394 4926 struamus
4436 4876 4626 4943 quam
4657 4853 4786 4943 insej

2919 4965 3217 5030 quamur,
3272 4942 3445 5029 quod
3505 4943 3565 5011 si
3618 4944 3843 5028 procul
3901 4963 3941 5011 a
3995 4941 4180 5011 nobis
4222 4943 4617 5021 recesserint,
4660 4937 4786 5003 bean

3479 4171 3593 4254 qui
3643 4171 3804 4256 foret
3854 4176 4310 4239 monumentum
4352 4173 4620 4257 insiynis
4655 4167 4793 4235 istius

884 5049 1043 5110 quas
1080 5029 1354 5096 tulerant
1399 5027 1754 5094 Philistum
1795 5025 1875 5127 ab
1918 5024 2147 5106 Israel,
2194 5026 2449 5128 ξεναὲῒξ,
2494 5027 2573 5094 ab
2613 5028 2816 5097 Acca-
2913 5029 3105 5097 nobis
3140 5028 3507 5097 videamur:
3547 5026 3718 5114 quod
3754 5037 3818 5096 et
3854 5035 4072 5097 vetere
4107 5030 4448 5114 proverbio
4483 5029 4556 5096 fit
4585 5021 4787 5094 certius,

886 5133 1000 5179 ron
1057 5135 1270 5215 2⁴8qu
1297 5113 1473 5194 Geth,
1529 5118 1589 5181 et
1639 5118 1934 5180 termmos
1970 5132 2119 5178 suos
2161 5111 2446 5211 liberavit
2488 5113 2701 5182 Israe‘il
2741 5116 2817 5182 de
2918 5113 3091 5215 quod
3135 5115 3521 5214 struendum
3578 5134 3848 5182 aureum
3894 5123 4159 5201 pontem
4205 5114 4498 5217 hostibus
4536 5108 4784 5181 receden-

885 5218 1077 5266 manu
1141 5199 1687 5285 Phtltsthznorum,
1752 5203 2002 5282 eratque
2055 5218 2199 5281 pax
2261 5203 2422 5266 ‘anter
2486 5200 2697 5268 Israel
2758 5205 2816 5268 et
2921 5200 3094 5269 tibus
3137 5201 3342 5270 docet.
3431 5197 3563 5269 Hm
3608 5222 3761 5269 vero
3805 5223 4006 5286 quum
4049 5201 4385 5270 Israelitae
4425 5221 4576 5270 suos
4611 5198 4785 5266 hostes

4297 2373 4659 2441 nevolentia
4684 2392 4785 2440 cer·
4889 2409 4890 2458 3
