5059 6059
315 240 426 308 605

312 430 599 517 largitur,
665 438 733 497 et
796 430 1067 498 Domini
1133 433 1346 500 nostri
1404 440 1829 518 praeceptum
1885 432 2242 512 imitemur,

1584 242 1686 310 IN
1728 243 1786 308 Ι.
1832 242 2015 309 LIB.
2059 244 2464 312 SAMUEL.
2508 244 2706 312 cAP.
2752 246 3015 313 XXVI.

4164 245 4292 315 606

2344 454 2470 517 que
2504 433 2661 502 hinc
2704 433 2852 501 ooui
2905 436 3076 502 'mus
3098 434 3343 503 Davidi
3389 437 3550 504 satis
3591 437 3795 504 fuisse
3839 437 3896 504 si
3940 435 4291 504 aDomino

315 519 412 603 qui
444 516 627 583 iubet
669 538 789 583 nos
831 538 974 585 esse
1016 519 1376 602 prudentes
1416 529 1732 603 tanquam
1775 527 2129 601 serpentes,
2175 530 2243 585 et
2345 540 2426 583 ex
2486 516 2806 586 manibus'
2888 522 3080 602 aulis,
3136 544 3175 588 a
3229 543 3356 606 quo
3414 522 3540 588 sibi
3600 534 3858 588 tantum
3902 523 4291 589 imminebat

311 602 622 686 simplices
690 610 1006 687 tanquam
1080 605 1433 672 columbas.
1532 604 1912 670 Ridiculum
1959 604 2241 689 quidem,

311 690 528 771 fateor,
573 688 751 755 istud
798 700 1217 774 praeceptum
1260 690 1563 758 videtur:
1610 712 1822 775 neque
1866 692 2044 756 enim
2090 711 2239 756 cum

308 774 648 862 prudentia
712 775 1015 842 videmur
1070 798 1260 860 posse
1316 777 1600 844 hostium
1658 776 1924 844 fraudes
1984 798 2239 857 cavere,

310 862 424 927 nisi
492 859 762 927 accedat
833 861 1039 928 dolus.
1144 861 1277 929 Sed
1345 872 1574 931 contra
1632 861 1956 930 Dominus
2017 874 2241 929 noster

310 947 483 1014 Iesus
521 945 829 1013 Christus
867 950 963 1014 ita
997 949 1351 1033 prudentes
1388 971 1529 1016 esse
1565 947 1765 1028 iubet,
1811 959 1888 1014 ιιι
1931 948 2014 1014 ab
2057 951 2238 1014 omni

306 1032 443 1099 dolo
498 1040 564 1098 et
620 1032 848 1099 fraude
906 1035 1114 1101 simus
1157 1034 1558 1120 alienissimi,
1616 1036 1907 1100 contenti
1952 1035 2238 1102 hostium

304 1119 477 1185 dolos
540 1119 850 1204 effugisse
870 1192 881 1211 .
905 1132 1227 1205 quantum
1270 1120 1455 1187 Deus
1501 1120 1779 1200 dederit,
1824 1130 1891 1186 et
1931 1121 2077 1189 luce
2121 1143 2240 1187 sua

300 1205 479 1271 nobis
525 1215 810 1271 mentem
856 1207 1205 1290 aperuerit,
1250 1217 1318 1273 et
1361 1207 1772 1273 imminentia
1814 1208 1897 1273 ab
1942 1206 2239 1274 hostibus

303 1291 586 1376 pericula
631 1290 991 1361 detexerit:
1046 1293 1142 1360 sic
1176 1294 1596 1377 prudentiam
1643 1301 1937 1359 nostram
1981 1301 2240 1377 oportet

297 1397 335 1443 a
389 1377 535 1442 Deo
599 1376 885 1462 pendere
950 1400 1099 1446 cum
1166 1380 1584 1465 simplicitate
1650 1378 2027 1445 columbina
2079 1400 2234 1447 con·

297 1464 611 1530 iunctam:
672 1472 975 1547 certoque
1018 1485 1368 1549 persuasos
1411 1487 1553 1532 esse
1600 1486 1715 1531 nos
1760 1465 1830 1529 in
1855 1464 1986 1529 Dei
2030 1464 2238 1531 tutela

292 1569 446 1629 esse,
511 1569 588 1615 ac
641 1549 917 1632 proinde
974 1551 1287 1635 quidquid
1348 1550 1652 1616 homines
1708 1549 2057 1616 adversum
2118 1572 2238 1616 nos

291 1634 649 1701 moliantur
670 1685 686 1713 ,
773 1657 1194 1721 quoscunque
1279 1638 1544 1722 laqueos
1630 1646 1901 1703 nectent
1924 1687 1942 1718 ,
2027 1638 2236 1703 vitam

293 1730 588 1787 nostram
631 1721 700 1785 in
744 1721 876 1788 Dei
920 1744 1122 1789 manu
1167 1732 1235 1790 et
1279 1723 1486 1789 tutela
1529 1723 1688 1788 fore.
1778 1723 1871 1788 Et
1913 1722 1993 1788 de
2029 1722 2236 1788 Davi-

290 1805 388 1873 dis
438 1806 893 1875 moderatione
964 1817 1031 1874 et
1085 1808 1439 1894 prudentia
1498 1809 1568 1874 in
1626 1808 1696 1874 fu
1749 1807 1937 1874 ‘enda
2018 1807 2238 1876 Saulis

290 1892 539 1958 malitia
606 1892 854 1959 dictum
921 1894 1240 1962 hactenus
1304 1903 1460 1962 estc.
1544 1893 1694 1976 Quo
1806 1894 1888 1961 ad
1953 1894 2237 1963 oblecta-

285 1980 529 2044 tionem
565 1979 774 2063 ipsius
809 1980 1050 2046 attinet
1083 1982 1154 2047 in
1192 1991 1574 2066 sequentem
1611 1980 1786 2046 diem
1823 1980 2001 2046 illam
2049 1980 2235 2049 diffe-

284 2085 526 2131 remus.

450 2149 604 2217 Iam
656 2173 807 2218 vero
849 2151 1044 2238 agite,
1091 2157 1198 2220 etc.

863 2547 1363 2633 HOMILIA
1406 2547 1698 2632 XCVI.

804 2682 995 2752 (vom.
1030 2684 1255 2740 arr-25.
1332 2683 1474 2741 veae
1504 2685 1724 2757 upra).

439 2839 793 2908 Hesterna
813 2838 1126 2906 concione
1149 2837 1381 2907 docere
1403 2841 1761 2925 coepimus,
1783 2862 1986 2925 quare
2006 2841 2233 2909 David

257 2922 461 2991 Sauli
525 2926 826 2995 lanceam
887 2932 955 2990 et
1012 2925 1338 3010 scyphum
1394 2948 1589 3011 quam
1635 2946 1782 2994 acce
1830 2936 1973 2993 erat
2015 2928 2232 2994 reddi-

258 3010 460 3094 derit,
526 3013 708 3098 quod
760 3032 894 3076 non
937 3010 1213 3078 haberet
1255 3012 1321 3078 in
1369 3013 1592 3078 animo
1637 3012 1719 3079 de
1816 3014 1964 3080 aule
2007 3014 2234 3081 trium-

252 3097 507 3182 phare,
601 3099 716 3166 sed
797 3096 959 3164 satis
1023 3098 1295 3163 haberet
1359 3118 1398 3163 a
1461 3100 1967 3183 persequutione
2031 3121 2232 3185 quam

247 3184 655 3267 patiebatur
709 3181 996 3251 liberari.
1085 3184 1259 3249 Nam
1303 3183 1413 3251 ille
1456 3185 1720 3269 quidem
1766 3185 2073 3271 deinceps
2116 3187 2231 3252 ad-

250 3291 500 3337 versus
574 3270 879 3336 inimicos
937 3271 1278 3354 pugnavit,
1335 3278 1403 3336 et
1445 3270 1722 3338 victoria
1762 3280 1953 3354 parta
1997 3273 2231 3338 trium-

247 3358 520 3441 phavit,
589 3357 706 3424 sed
751 3367 909 3423 tunc
943 3358 1255 3439 temporis
1300 3357 1423 3423 sibi
1467 3356 1934 3441 quiescendum
1980 3359 2231 3435 statuit,

251 3442 470 3510 donec
498 3444 696 3511 Deus
738 3444 877 3527 ipse
902 3441 1174 3510 Saulem
1218 3443 1608 3509 sustulisset.
1670 3443 1902 3528 Itaque
1945 3453 2231 3511 statuen-

246 3529 413 3595 dum
480 3527 687 3597 nobis
730 3537 831 3596 est
872 3536 1100 3613 aperto
1146 3527 1339 3608 bello,
1385 3531 1578 3595 modo
1624 3529 1788 3596 illud
1833 3531 2082 3596 iustum
2125 3531 2230 3610 sit,

243 3623 317 3681 et
352 3635 397 3679 a
418 3615 736 3683 Domino
780 3615 1151 3701 probatum,
1193 3634 1385 3696 posse
1429 3637 1546 3681 nos
1591 3617 1689 3681 uti
1732 3617 1875 3682 iure
1920 3617 2094 3701 belli,
2140 3618 2234 3682 sic

240 3711 485 3769 tamen
559 3714 640 3767 ut
710 3709 1032 3785 quantum
1095 3700 1239 3765 fieri
1294 3708 1510 3784 potest
1566 3701 1858 3768 humano
1918 3702 2231 3786 sanguini

236 3797 620 3873 parcatur:
707 3786 820 3853 sed
879 3787 935 3854 si
979 3786 1270 3854 conditio
1314 3786 1427 3851 illa
1472 3808 1603 3852 non
1648 3788 1951 3869 adfuerit,
2008 3809 2087 3853 ea
2129 3796 2232 3854 est

232 3874 656 3942 adhibenda
696 3873 930 3953 cantic,
990 3880 1056 3939 et
1101 3893 1177 3939 ea
1221 3872 1542 3939 servanda
1586 3874 1899 3958 aequitas,
1943 3881 2019 3939 ut
2061 3873 2229 3938 nihil

231 3963 369 4027 nisi
433 3959 633 4045 quod
691 3959 845 4025 licet
888 3959 1261 4024 audeamus.
1351 3958 1523 4024 Nam
1567 3960 1624 4025 si
1668 3959 1951 4044 exempli
1997 3962 2227 4044 gratia,

226 4047 548 4132 improbi
619 4045 886 4129 qnidam
943 4044 1243 4111 homines
1295 4043 1366 4109 in
1429 4045 1768 4112 ecclesiam
1832 4046 1958 4112 Dei
2014 4046 2229 4114 insur-

224 4143 428 4219 gant,
496 4153 590 4200 ac
651 4129 923 4215 proinde
981 4131 1216 4196 ultima
1257 4131 1703 4198 internecione
1747 4130 2006 4198 delendi
2052 4131 2227 4198 vide-

223 4228 467 4301 antur,
524 4217 670 4285 etsi
711 4237 844 4283 non
889 4216 1028 4282 sint
1070 4217 1383 4296 extranei,
1443 4216 1558 4282 sed
1603 4216 1944 4285 domestici
1986 4215 2227 4297 hostes,

192 4301 811 4390 quandoquidem
899 4303 1216 4370 adversus
1300 4303 1476 4386 ipsos
1563 4304 1913 4370 autoritate
2000 4303 2231 4368 divina

218 4393 684 4477 sumpsimus
729 4409 931 4468 arma,
979 4397 1229 4455 certum
1276 4396 1377 4454 est
1418 4388 1615 4455 licere
1659 4390 1922 4474 quidem
1968 4389 2116 4456 illos
2157 4390 2226 4456 in

211 4479 501 4563 praelio
555 4475 839 4543 caedere
884 4484 953 4540 et
995 4473 1383 4559 sanguinem
1428 4473 1692 4542 illorum
1735 4475 2032 4542 fundere.
2092 4474 2229 4542 Sed

210 4565 277 4632 si
343 4573 624 4631 contra
683 4562 752 4626 in
812 4581 1049 4628 manus
1110 4570 1367 4627 nostras
1424 4562 1791 4647 flagitiosus
1833 4562 2068 4646 aliquis
2111 4563 2231 4626 im-

205 4651 422 4736 probi
492 4646 829 4716 faeinoris
886 4648 1228 4714 convictus
1285 4647 1608 4729 inciderit,
1666 4649 1852 4715 cuius
1910 4647 2227 4732 puniendi

206 4737 695 4803 autoritatem
733 4754 809 4799 ac
847 4740 1237 4816 potestatem
1273 4753 1406 4798 non
1440 4732 1818 4815 habeamus,
1850 4732 2004 4800 licet
2024 4733 2226 4818 ipsius

197 4822 353 4891 Dei
422 4817 878 4907 providentia
935 4819 1122 4886 nobis
1183 4817 1483 4900 traditus,
1541 4832 1607 4887 et
1663 4821 1844 4886 illius
1886 4818 2225 4886 coercendi

197 4911 463 4976 oblata
536 4906 744 4972 nobis
782 4905 1031 4972 occasio
1073 4903 1396 4987 videatur,
1454 4916 1674 4972 tamen
1720 4905 1982 4989 publico
2025 4903 2226 4972 iudici

194 4993 676 5063 tradendum
719 4990 906 5058 illum
946 5011 1088 5058 esse
1133 4998 1383 5056 certum
1413 4999 1514 5056 est
1559 5001 1627 5058 et
1661 4990 1832 5057 nihil
1870 4993 2228 5058 autoritate

242 5083 503 5150 rivata
572 5074 910 5145 adversus
966 5078 1181 5161 ipsum
1226 5076 1621 5156 audendum,
1682 5078 1795 5145 sed
1841 5077 2140 5145 ordinem
2186 5097 2227 5143 a

184 5106 355 5238 Deo
424 5164 948 5253 praescriptum
1009 5162 1362 5247 diligenter
1419 5163 1924 5232 observandum.
2014 5164 2224 5230 Deni-

2343 605 2738 688 periculum,
2806 607 3188 690 eriperetur,
3255 607 3424 692 quod
3485 609 3685 675 sciret
3741 607 4030 675 nondum
4089 608 4289 676 licere

2341 690 2464 757 sibi
2510 691 2689 757 vires
2725 711 2876 758 suas
2919 693 3237 759 adversus
3281 693 3471 759 illum
3515 694 3772 761 hostem
3817 695 4126 778 experiri,
4173 697 4289 760 sed

2341 778 2411 843 in
2471 775 2655 843 aliud
2715 785 2976 860 tempus
3013 779 3462 857 reservandas,
3509 779 4058 864 quemadmodum
4106 780 4290 845 dein-

2341 883 2494 946 ceps
2552 862 2915 928 videbimus
2959 863 3289 931 Davidem
3333 886 3372 929 a
3414 875 3628 931 morte
3672 865 3898 933 Saulis
3942 886 4072 932 non
4120 868 4291 932 refu-

2342 950 2516 1099 gisse
2575 949 2825 1014 viribus
2874 971 3058 1015 suam
3106 951 3523 1017 autoritatem
3569 954 3763 1017 tueri.
3851 951 3987 1018 Sed
4033 966 4289 1036 oporte-

2386 1047 2453 1101 at
2486 1034 2677 1100 illum
2714 1056 2833 1101 exs
2954 1045 3093 1102 tare
3128 1046 3388 1120 tempus
3423 1048 3885 1122 opportunum,
3932 1058 4060 1122 quo
4105 1038 4289 1104 dein-

2340 1141 2491 1205 ceps
2549 1121 2677 1204 ipsi
2734 1120 2836 1187 bel
2865 1143 2903 1186 o
2963 1144 3033 1188 se
3086 1124 3252 1188 tueri
3300 1123 3541 1190 liceret.
3631 1122 3775 1189 Iam
3821 1143 3979 1190 vero
4016 1144 4290 1191 conver-

2341 1207 2506 1272 titur
2563 1206 2645 1272 ad
2707 1228 2951 1290 preces,
3008 1217 3076 1273 et
3117 1207 3202 1273 ad
3247 1208 3464 1274 Deum
3513 1211 3827 1295 confugit,
3886 1211 3955 1274 in
4003 1231 4132 1294 quo
4180 1232 4286 1277 ac·

2339 1292 2633 1376 quiescit,
2691 1303 3077 1376 exspectans
3121 1294 3279 1359 dum
3330 1295 3513 1360 Deus
3572 1297 3804 1379 cuique
3859 1317 3976 1379 pro
4037 1296 4289 1361 meritis

2341 1378 2675 1463 rependat.
2765 1379 2890 1444 Est
2933 1380 3108 1444 enim
3169 1379 3292 1446 hoc
3351 1380 3493 1446 loco
3537 1382 3812 1447 verbum
3872 1383 4076 1447 futuri
4119 1390 4287 1446 tem-

2340 1465 2540 1548 poris,
2596 1464 2766 1548 quod
2827 1486 2909 1530 ex
2972 1487 3098 1531 usu
3157 1466 3427 1615 lingluae
3480 1476 3747 1534 sanctae
3805 1468 3898 1535 sic
3952 1468 4289 1552 accipitur,

2340 1560 2415 1614 ut
2461 1550 2564 1615 vel
2610 1550 2906 1617 futurum
2954 1561 3216 1635 tempus
3302 1561 3546 1634 enotet,
3592 1553 3695 1619 vel
3731 1553 3800 1617 in
3848 1552 4148 1636 precibus
4173 1553 4287 1618 ad-

2340 1635 2669 1717 hibeatur,
2714 1645 3030 1720 tanquam
3076 1647 3325 1720 votum,
3370 1647 3445 1704 ut
3479 1638 3664 1704 Deus
3710 1639 4047 1724 rependat.
4110 1639 4288 1706 Con-

2340 1723 2615 1787 veniens
2657 1732 2875 1787 antem
2923 1724 3075 1788 huic
3117 1723 3258 1789 loco
3303 1734 3404 1789 est
3425 1724 3735 1790 utralibet
3780 1726 4053 1791 istarum
4080 1726 4285 1809 signi·

2338 1808 2583 1874 ficati0.
2673 1808 2926 1892 Ecquid
2972 1809 3147 1873 enim
3193 1810 3505 1875 maiorem
3551 1812 3686 1875 vim
3735 1812 3932 1876 habet
3975 1812 4057 1876 ad
4103 1825 4286 1878 coer-

2317 1894 2584 1962 ‘cendos
2629 1893 2952 1975 homines,
3012 1915 3208 1977 quam
3253 1917 3455 1979 quum
3500 1918 3539 1962 a
3583 1898 3726 1962 Deo
3772 1908 4066 1963 actorum
4112 1917 4285 1961 mer-

2341 1980 2567 2048 cedem
2613 1978 3041 2064 exspectant?
3103 1979 3254 2062 Qua
3298 1983 3473 2046 enim
3519 2003 3592 2047 re
3638 1984 3845 2067 magis
3891 1983 4289 2067 impellimur

2341 2065 2425 2131 ad
2468 2086 2675 2149 prava
2733 2065 2940 2132 multa
2982 2067 3290 2143 facinora,
3351 2089 3544 2151 quam
3589 2070 3759 2151 quod
3808 2068 4024 2134 Deum
4069 2070 4290 2134 existi-

2341 2172 2600 2219 mamus
2643 2152 2851 2217 nostri
2917 2172 3050 2217 non
3117 2154 3508 2229 meminisse.
3604 2155 3740 2219 Nos
3803 2155 4021 2240 itaque
4086 2174 4288 2239 quum

2343 2238 2584 2303 armari
2642 2238 2959 2323 patientia
3017 2239 3447 2319 voluerimus,
3507 2253 3571 2305 et
3631 2240 3906 2307 affectus
3966 2239 4287 2305 violentos

2341 2322 2669 2404 cohibere,
2714 2331 3088 2390 statuamus
3132 2324 3346 2390 Deum
3393 2327 3656 2393 tandem
3695 2347 3858 2410 opus
3902 2348 4094 2391 suum
4139 2349 4284 2410 per·

2342 2410 2690 2489 fecturum,
2735 2430 2810 2474 ac
2853 2409 3128 2493 proinde
3172 2420 3471 2494 oportere
3503 2434 3621 2477 nos
3664 2411 3917 2496 placide
3961 2424 4027 2476 et
4070 2415 4286 2495 quiete

2343 2505 2694 2580 expectare
2718 2494 2872 2561 dum
2899 2516 2970 2562 re
2993 2496 3135 2579 ipsa
3156 2494 3342 2562 Deus
3367 2508 3680 2564 testatum
3725 2498 3937 2577 faciat,
3985 2520 4053 2563 se
4078 2500 4285 2563 nostri

2342 2604 2566 2651 curam
2610 2580 2868 2648 habere.
2914 2581 3245 2662 Quoniam
3288 2594 3505 2649 autem
3543 2605 3693 2668 spes
3736 2583 3850 2648 illa
3894 2606 4027 2649 non
4073 2593 4289 2668 potest

2341 2687 2476 2734 non
2519 2668 2731 2734 foveri
2786 2669 3176 2751 precatione,
3235 2666 3475 2736 idcirco
3538 2690 3728 2736 voces
3786 2671 3946 2735 istas
4003 2670 4285 2737 Davidis

2341 2755 2435 2820 sic
2476 2775 2827 2838 possumus
2872 2753 3067 2819 etiam
3111 2754 3550 2837 interpretari,
3596 2765 3674 2821 ut
3717 2757 3784 2821 in
3809 2754 3937 2821 Dei
3981 2755 4285 2840 benepla-

2340 2842 2467 2906 cito
2506 2841 2993 2924 conquiescens,
3038 2840 3180 2906 eius
3227 2841 3543 2905 iustitiam
3591 2841 3914 2924 imploret,
3966 2841 4285 2907 adversus

2338 2925 2680 2992 hominum
2718 2926 3097 3010 perfidiam:
3156 2925 3271 3008 qui
3314 2926 3572 2992 nullum
3619 2926 3854 2992 rationi
3900 2935 4015 2991 aut
4058 2928 4284 3010 aequi-

2337 3013 2460 3079 tati
2505 3011 2722 3078 locum
2767 3011 3163 3096 relinquunt.
3209 3012 3347 3078 Nos
3387 3012 3543 3080 hinc
3589 3012 3919 3079 discamus
3954 3033 4156 3097 quum
4202 3011 4283 3078 de

2337 3119 2571 3165 causae
2617 3107 2880 3165 nostrae
2909 3098 3202 3165 bonitate
3236 3106 3303 3165 et
3340 3099 3591 3165 iustitia
3634 3106 3905 3178 constat,
3948 3106 4016 3163 et
4059 3108 4282 3165 tamen

2335 3184 2794 3268 praeoccupati
2835 3184 3132 3250 homines
3186 3185 3324 3250 suis
3380 3186 3796 3268 passionibus
3848 3184 4112 3268 iniquas
4166 3182 4283 3249 ad-

2335 3291 2606 3336 versum
2652 3290 2771 3335 nos
2807 3272 3171 3336 sententias
3207 3272 3501 3351 tulerint,
3547 3279 3612 3336 et
3647 3292 3767 3336 nos
3805 3290 3923 3336 suo
3965 3271 4279 3354 suffragio

2334 3356 2936 3437 condemnaverint,
2979 3356 3060 3421 ad
3105 3355 3325 3422 Deum
3370 3377 3744 3440 provocare,
3803 3365 3870 3421 et
3913 3376 4029 3421 nos
4075 3357 4280 3439 ipsius

2334 3442 2575 3507 iudicio
2624 3442 2886 3508 sistere:
2926 3444 3258 3527 patienter
3301 3444 3556 3508 interea
3595 3436 3883 3508 ferentes
3929 3442 4276 3507 hominum

2333 3528 2766 3595 contumelias
2823 3538 2888 3593 et
2945 3528 3257 3594 iniurias:
3321 3538 3390 3593 et
3455 3527 3780 3611 intrepide
3843 3548 3963 3612 per
4027 3526 4277 3593 medias

2333 3614 2482 3680 illas
2552 3613 2858 3680 tenebras
2916 3612 3313 3695 incedentes,
3372 3612 3579 3681 donec
3624 3613 3856 3679 salutis
3898 3613 4037 3680 dies
4081 3613 4278 3680 adve-

2334 3701 2528 3765 nerit.
2611 3700 2819 3766 Porro
2863 3721 3066 3782 quum
3115 3698 3334 3764 David
3379 3699 3488 3767 hic
3532 3700 3834 3764 meminit
3877 3700 4168 3766 iustitiae
4211 3708 4282 3764 et

2333 3786 2507 3870 fidei,
2553 3786 2788 3851 melius
2831 3785 3145 3870 exprimit
3187 3785 3267 3849 de
3309 3805 3437 3867 qua
3482 3785 3734 3851 iustitia
3773 3785 4114 3869 loquatur:
4162 3806 4277 3850 ne-

2333 3894 2460 3957 que
2505 3872 2681 3937 enim
2738 3874 2793 3937 si
2851 3872 3050 3937 solius
3095 3871 3380 3936 iustitiae
3440 3873 3861 3950 meminisset,
3898 3882 4062 3947 ,tam
4106 3871 4279 3937 clare

2332 3959 2742 4042 apparuisset
2801 3955 2955 4041 quid
3013 3977 3128 4040 per
3186 3978 3331 4022 eam
3389 3958 3818 4042 intelligeret,
3884 3978 4077 4041 quam
4131 3976 4280 4021 cum

2333 4044 2528 4112 fidem
2574 4042 2896 4127 adiungit.
2971 4042 3176 4108 Porro
3223 4043 3372 4108 fidei
3420 4064 3656 4108 nomen
3704 4042 3871 4127 quod
3917 4042 4279 4124 usurpavit,

2332 4130 2595 4216 proprie
2639 4129 3041 4207 fidelitatem,
3099 4129 3542 4209 integritatem
3603 4139 3668 4194 et
3724 4129 4279 4212 perseverantiam

2331 4218 2400 4282 in
2447 4218 2621 4282 bono
2666 4216 3009 4301 significat,
3069 4214 3184 4279 sed
3244 4214 3371 4281 hoc
3428 4216 3570 4280 loco
3617 4214 3833 4280 David
3880 4213 3960 4279 ad
4010 4213 4277 4278 Domini

2332 4301 2719 4368 mandatum
2766 4301 3034 4385 respicit
3077 4321 3206 4385 quo
3240 4300 3546 4368 iubemur
3581 4302 3721 4366 sine
3767 4299 3995 4365 fraude
4041 4308 4108 4364 et
4135 4321 4276 4364 ma-

2331 4387 2473 4453 litia
2532 4409 2680 4454 cum
2740 4387 3061 4473 proximis
3131 4406 3345 4472 agere.
3435 4385 4002 4468 Quemadmodum
4069 4405 4275 4468 quum

2330 4472 2583 4541 Paulus
2629 4474 2792 4540 beno
2850 4486 2915 4538 et
2971 4473 3142 4539 iuste
3199 4474 3372 4539 inter
3425 4473 3724 4538 homines
3768 4470 4034 4537 vivendi
4080 4491 4274 4555 regu-

2330 4561 2464 4626 lam
2553 4559 2911 4638 raescribit,
2957 4558 3251 4644 singulos
3284 4559 3467 4625 iubet
3489 4560 3554 4622 in
3580 4557 3859 4622 veritate
3877 4577 4028 4622 cum
4053 4557 4275 4640 proxi-

2332 4646 2457 4712 mis
2544 4648 2713 4730 oqui.
2803 4646 3025 4710 Verba
3090 4654 3310 4711 autem
3373 4665 3522 4711 cum
3600 4641 3791 4709 factis
3869 4642 4275 4709 conveniant

2329 4741 2605 4817 oportet.
2693 4731 3137 4813 Quamobrem
3194 4728 3411 4796 David
3470 4749 3705 4795 causae
3766 4749 3924 4795 suae
3982 4729 4275 4796 bonitate

2328 4817 2540 4884 fretus
2583 4817 2807 4883 Deum
2850 4827 3056 4902 rogat,
3111 4827 3186 4882 ut
3228 4823 3429 4899 prout
3483 4815 3850 4899 integritati
3894 4824 3961 4879 et
4002 4815 4274 4881 sinceri-

2329 4906 2449 4971 tati
2494 4903 2764 4984 studuit,
2806 4910 2873 4970 et
2915 4924 3057 4970 sese
3101 4902 3415 4970 adversus
3462 4899 3731 4968 Saulem
3779 4910 4009 4984 sponte
4053 4901 4275 4965 inimi·

2328 5010 2478 5057 cum
2521 4987 2796 5055 candide
2833 4990 3053 5075 gessit,
3099 5009 3220 5054 nec
3255 4989 3398 5054 vias
3442 4985 3740 5071 obliquas
3771 4987 4045 5052 nocendi
4071 5006 4273 5069 quae·

2328 5077 2507 5161 sivit,
2553 5076 2647 5141 ita
2691 5075 2875 5141 Deus
2918 5075 3135 5159 ipsum
3181 5073 3331 5139 beet
3374 5081 3441 5138 et
3483 5073 3793 5161 fortunet.
3875 5072 4004 5139 Hic
4049 5083 4268 5139 autem

2327 5161 2648 5247 quaedam
2693 5161 2991 5228 oboritur
3033 5161 3352 5244 quaestio,
3412 5160 3720 5226 Deumne
3780 5161 4085 5227 invocare
4130 5180 4274 5244 pos-
