5059 6059
801 302 927 369 547

851 493 1025 560 otius
1106 492 1308 558 noxia
1387 499 1454 557 et
1533 488 2001 559 detrimentosa
2066 513 2265 576 quam
2334 515 2502 577 quae
2567 492 2753 560 utilis

873 600 991 646 eus
1034 599 1175 645 esse
1221 576 1411 644 novit
1454 587 1859 660 expetamus.
1947 578 2171 659 Quare
2216 600 2415 662 quum
2464 580 2648 646 Deus
2682 600 2753 647 se

804 665 888 733 ad
933 684 1157 749 preces
1200 662 1461 729 facilem
1506 662 1793 746 praebet,
1852 682 1989 729 non
2033 663 2178 730 ideo
2220 675 2323 731 est
2366 666 2617 750 gratiae
2659 667 2756 749 ip·

803 752 942 818 sius
1000 752 1285 835 signum,
1345 748 1459 816 sed
1504 751 1718 833 potius
1760 749 1974 816 iustae
2016 749 2508 835 indignationi8‚
2553 759 2756 817 teme-

802 839 1063 903 ritatem
1119 844 1187 901 et
1240 836 1686 920 arrogantiam
1730 843 2024 902 nostram
2066 837 2159 902 ita
2200 836 2552 920 punientis.
2641 835 2753 902 Id-

801 924 975 991 circo
1042 921 1433 987 nominatim
1497 920 1604 989 hic
1671 920 1978 987 dicuntur
2038 921 2385 990 Israelitae
2450 923 2752 989 reiecisse

801 1008 974 1093 quod
1032 1008 1180 1074 Deo
1237 1016 1506 1092 gratum
1564 1016 1632 1073 et
1687 1016 2027 1091 acceptum
2077 1019 2238 1087 erat,
2297 1031 2385 1074 ne
2441 1015 2751 1093 regnaret

800 1115 1002 1178 super
1070 1116 1199 1161 eos.
1289 1092 1480 1175 Quod
1539 1094 1806 1178 signum
1872 1102 1973 1160 est
2037 1116 2168 1161 non
2233 1094 2555 1180 placuisse
2618 1095 2751 1179 ipsi

797 1181 1183 1265 petitionem
1225 1179 1407 1245 illam
1453 1180 1767 1264 ipsorum,
1812 1179 2341 1264 quandoquidem
2378 1179 2751 1246 rebellionis

799 1275 869 1333 et
942 1267 1390 1333 contumaciae
1461 1266 1654 1350 plena
1710 1274 1834 1333 est.
1921 1266 2097 1332 Nam
2155 1266 2284 1332 Dei
2343 1267 2618 1351 gloriam
2681 1274 2751 1330 et

800 1352 1115 1419 honorem
1162 1352 1357 1419 rebus
1401 1352 1706 1418 omnibus
1750 1350 2096 1436 oportebat
2139 1352 2483 1436 anteponi:
2545 1371 2748 1435 quum

794 1440 1079 1506 sciamus
1132 1439 1355 1504 Deum
1401 1438 1569 1503 nihil
1613 1437 1991 1504 hominibus
2033 1446 2374 1522 tantopere
2417 1458 2745 1505 commen-

798 1523 956 1592 dare
1021 1533 1087 1591 et
1146 1526 1479 1608 requirere
1521 1545 1721 1608 quam
1764 1530 1840 1589 ut
1882 1525 2058 1590 inter
2099 1524 2279 1609 ipsos
2324 1524 2745 1609 glorificetur,

794 1620 864 1676 et
928 1611 1215 1677 nominis
1279 1610 1382 1676 eui
1440 1609 1652 1694 gloria
1694 1620 2182 1694 promoveatur.
2270 1608 2495 1692 Quum
2540 1610 2748 1695 igitur

797 1696 878 1763 de
949 1697 1154 1780 ipsius
1228 1696 1505 1781 imperio
1580 1695 1969 1774 detrahitur,
2044 1717 2242 1780 quam
2303 1716 2445 1762 esse
2501 1695 2748 1762 abomi-

794 1782 1090 1849 nandum
1134 1781 1300 1848 illud
1333 1781 1461 1865 ipsi
1496 1782 1993 1849 existimamus?
2037 1782 2487 1848 Nihilominus
2524 1788 2746 1847 tamen

791 1869 1033 1953 populo
1101 1869 1257 1934 facit
1299 1877 1689 1953 potestatem
1734 1867 1909 1951 quod
1952 1870 2131 1936 volet
2174 1867 2476 1934 faciendi.
2566 1867 2747 1934 Sane

789 1953 938 2021 Deo
997 1954 1259 2038 quidem
1312 1973 1443 2019 non
1505 1953 1844 2038 probante,
1904 1955 2077 2037 quod
2122 1954 2405 2038 populus
2448 1954 2746 2033 faciebat,

789 2039 906 2107 sed
949 2041 1294 2106 tolerante.
1386 2040 1641 2106 Verum
1686 2039 1896 2124 igitur
1937 2050 2039 2106 est
2079 2039 2261 2106 istud
2306 2042 2743 2118 enuntiatum,

788 2127 934 2192 Deo
1007 2126 1318 2192 resistere
1382 2125 1757 2208 quicunque
1814 2127 2100 2209 aliquam
2159 2127 2183 2192 i
2267 2127 2368 2192 ius
2427 2127 2744 2192 constitu-

789 2213 1036 2278 tionem
1082 2212 1456 2277 immutant.
1536 2210 1710 2277 Nam
1753 2211 1849 2276 ita
1889 2212 2146 2279 Paulus
2212 2213 2493 2296 oquitur,
2541 2231 2745 2295 quum

791 2298 919 2364 ait:
1001 2298 1306 2380 Quisquis
1360 2317 1428 2362 se
1493 2297 1745 2380 opponit
1789 2300 2110 2382 potestati,
2178 2297 2308 2364 Dei
2357 2297 2745 2365 ordinationi

786 2384 1054 2449 resistit.-
1094 2384 1207 2465 qui
1241 2387 1449 2449 atdem
1484 2383 1801 2462 resistunt,
1851 2385 1982 2469 ipsi
2018 2385 2142 2452 sibi
2176 2384 2744 2451 condemnationem

789 2469 1091 2552 auferent.
1181 2467 1412 2551 Neque
1472 2489 1628 2535 vero
1686 2470 1939 2537 Paulus
1997 2492 2075 2537 eo
2134 2471 2275 2537 loco
2317 2490 2507 2553 reges
2552 2490 2592 2535 a
2636 2479 2740 2555 ty-

787 2555 1019 2620 rannis
1076 2553 1444 2639 distinguit,
1508 2575 1723 2638 neque
1781 2556 2113 2641 legitimos
2170 2555 2601 2641 magistratus
2658 2556 2739 2622 ab

786 2640 873 2706 iis
928 2640 1040 2724 qui
1098 2640 1410 2707 avaritiae
1469 2650 1536 2707 et
1590 2641 1841 2726 rapinis
1899 2642 2104 2709 dediti
2161 2653 2336 2720 sunt,
2396 2640 2518 2708 hoc
2564 2641 2739 2706 enim

787 2725 1025 2791 nititur
1066 2725 1509 2805 fundamento,
1554 2747 1686 2793 non
1722 2726 2191 2812 disputandum
2227 2735 2490 2794 rectene
2524 2726 2739 2793 officio

788 2812 1170 2897 fungantur,
1226 2833 1483 2879 annon:
1549 2813 1663 2879 sed
1722 2834 1923 2895 quum
1978 2834 2018 2879 a
2073 2816 2217 2882 Deo
2262 2814 2395 2880 sint
2436 2813 2505 2879 in
2551 2812 2736 2880 illam

788 2898 852 2964 di
951 2899 1181 2964 itatem
1226 2899 1453 2978 evecti,
1498 2919 1572 2965 ac
1619 2900 1891 2983 proinde
1935 2921 2054 2967 nos
2097 2900 2230 2967 illis
2264 2897 2559 2965 subditos
2595 2920 2737 2966 esse

785 2985 968 3064 veit,
1014 3005 1149 3050 non
1193 3006 1335 3052 esse
1377 2993 1624 3051 temere
1663 2987 2136 3054 mutationibus
2170 2986 2387 3051 locum
2424 2983 2733 3051 dandum.

785 3070 1033 3137 Multos
1087 3070 1266 3136 enim
1325 3070 1555 3137 videas
1610 3072 1722 3153 qui
1767 3093 1990 3139 rerum
2033 3070 2516 3139 mundanarum
2561 3069 2728 3138 ordi-

784 3177 939 3223 nem
983 3179 1069 3223 ex
1113 3177 1231 3223 suo
1275 3156 1550 3222 arbitrio
1593 3156 1875 3225 libenter
1917 3158 2339 3235 mutaverint,
2407 3179 2483 3225 ac
2525 3178 2734 3243 regna

786 3264 869 3310 ex
913 3243 1115 3309 animi
1160 3243 1266 3308 sui
1308 3243 1637 3309 sententia
1679 3242 2060 3311 diviserint:
2120 3265 2315 3310 omne
2357 3264 2551 3310 suum
2595 3251 2733 3310 stu·

788 3329 970 3395 dium
1024 3329 1098 3394 in
1156 3328 1224 3393 id
1282 3328 1711 3407 conferentes,
1773 3331 2095 3414 quomodo
2141 3351 2223 3397 ex
2267 3351 2387 3397 sua
2428 3330 2735 3415 opinione

786 3414 1072 3482 mundus
1129 3415 1271 3499 regi
1329 3415 1553 3499 possit,
1612 3426 1812 3499 atque
1867 3417 2012 3483 istis
2057 3416 2548 3503 quaestionibus
2593 3439 2734 3484 sese

785 3512 851 3567 et
908 3501 1071 3568 alios
1127 3500 1425 3581 fatigant,
1486 3520 1651 3585 quas
1711 3502 1961 3570 centies
2021 3503 2313 3588 sepultas
2358 3524 2499 3570 esse
2544 3524 2735 3588 opor-

792 3588 988 3653 tebat.
1086 3591 1182 3652 At
1250 3587 1498 3654 Paulus
1573 3609 1708 3654 uno
1781 3589 1983 3657 verbo
2049 3589 2238 3656 iubet
2304 3591 2736 3674 potestatibus

790 3672 1164 3740 constitutis
1232 3693 1460 3738 omnes
1526 3674 1781 3754 subiici,
1855 3676 2206 3742 adversum
2268 3696 2431 3759 quas
2487 3676 2736 3742 nemini

787 3760 962 3837 licet,
1021 3778 1445 3841 quaecunque
1504 3760 1774 3826 tandem
1833 3761 2084 3828 occasio
2129 3772 2574 3845 praetexatur,
2630 3764 2734 3828 in-

789 3863 1081 3928 surgere.
1167 3844 1417 3910 Verum
1493 3845 1698 3929 igitur
1775 3847 1956 3913 istud
2034 3855 2136 3914 est
2256 3850 2735 3927 renunciatum,

790 3950 1017 3996 omnes
1061 3949 1171 3996 eos
1214 3931 1324 4012 qui
1362 3929 1675 3998 adversus
1710 3934 2096 4000 constitutas
2130 3953 2170 3998 a
2274 3954 2349 3999 eo
2382 3944 2738 4017 potestates

788 4021 1164 4100 insurgunt,
1210 4015 1336 4099 ipsi
1378 4016 1524 4081 Deo
1570 4018 1811 4085 bellum
1855 4019 2119 4086 inferre.
2212 4018 2345 4086 Sed
2389 4020 2494 4085 hic
2539 4041 2736 4106 pecu·

786 4102 973 4168 liaris
1033 4100 1352 4184 quaedam
1410 4104 1577 4169 ratio
1635 4117 1734 4171 est
1789 4106 1860 4170 in
1918 4104 2248 4172 Samuele.
2336 4105 2509 4172 Nam
2557 4106 2740 4176 Deus

788 4191 1002 4273 ipsum
1054 4199 1188 4252 tam
1227 4187 1595 4272 insignibus
1630 4190 1805 4256 notis
1838 4192 2089 4259 clarum
2131 4192 2391 4274 fecerat,
2437 4202 2513 4258 ut
2547 4215 2740 4262 nemo

790 4297 875 4341 ex
917 4274 1160 4359 populo
1200 4273 1539 4358 ignoraret
1579 4275 1769 4341 illum
1813 4298 1949 4344 non
1995 4299 2148 4343 casu
2193 4278 2432 4360 aliquo,
2478 4280 2594 4346 sed
2637 4282 2740 4367 ip·

792 4361 930 4428 sius
975 4360 1101 4425 Dei
1150 4379 1349 4424 manu
1392 4359 1597 4427 fuisse
1641 4362 1724 4427 ad
1770 4362 1942 4429 hanc
1985 4361 2373 4448 dignitatem
2418 4378 2738 4449 evectum,

788 4456 858 4514 et
891 4454 988 4512 tot
1032 4445 1393 4511 honoribus
1436 4447 1860 4515 cumulatum.
1947 4449 2121 4515 Nam
2157 4449 2239 4515 ab
2273 4450 2555 4518 infantia
2590 4474 2740 4537 pro-

790 4531 1050 4616 phetiae
1132 4530 1303 4598 dono
1378 4532 1589 4599 factus
1650 4544 1793 4599 erat
1857 4535 2167 4620 insignis:
2250 4536 2485 4603 deinde
2552 4542 2740 4622 quasi

786 4638 989 4685 manu
1032 4618 1160 4683 Dei
1205 4619 1471 4702 propria
1512 4619 1585 4684 in
1629 4618 2136 4704 gubernatorem
2179 4622 2404 4706 populi
2451 4636 2736 4692 evectus.

785 4705 1143 4771 Praeterea
1218 4703 1501 4772 vidimus
1573 4706 1874 4790 superius
1931 4709 2070 4791 ipso
2126 4707 2288 4774 duce
2346 4710 2739 4779 Philistaeos

784 4790 1034 4876 insigni
1092 4788 1277 4857 clade
1340 4790 1545 4858 victos
1599 4800 1666 4856 et
1707 4803 2072 4876 superatos,
2132 4815 2208 4860 ac
2252 4796 2510 4879 oppida,
2572 4820 2739 4882 quae

785 4878 969 4960 prius
1013 4875 1394 4943 ademerant
1437 4877 1776 4958 Israelitis,
1820 4877 2095 4946 reddere
2140 4892 2417 4948 coactos.
2503 4884 2739 4968 Itaque

787 4962 951 5029 duce
996 4961 1305 5030 Samuele
1347 4963 1629 5048 populus
1662 4963 2115 5031 Israelitarum
2153 4966 2500 5050 pristinum
2541 4970 2739 5038 decus

784 5057 1238 5132 recuperarat:
1322 5071 1525 5134 quare
1603 5050 1829 5117 nullus
1909 5066 2250 5136 supererat
2314 5053 2736 5139 disputationi

784 5134 986 5219 locus,
1030 5141 1290 5201 essetne
1334 5155 1374 5199 a
1415 5134 1565 5202 Deo
1605 5135 1853 5204 electus
1897 5156 1982 5202 an
2029 5160 2194 5205 non:
2254 5161 2358 5206 res
2401 5142 2579 5208 enim
2623 5143 2738 5210 illa

2412 303 2826 372 HOMILIA
2867 268 3203 374 xxvm.

4633 313 4723 379 548

2854 498 3176 575 reiiciunt,
3237 517 3394 563 sane
3454 496 3706 562 malitia
3759 496 3872 562 illa
3917 494 4134 562 Deum
4179 497 4395 580 potius
4435 517 4608 579 quam
4641 499 4731 565 ho-

2856 583 3100 649 minem
3144 583 3490 648 mortalem
3537 583 3879 649 afficiebat.
3966 580 4145 648 Hinc
4189 582 4372 647 utilis
4415 584 4582 649 nobis
4618 606 4730 650 eru·

2854 669 3026 735 enda
3070 668 3370 736 doctrina
3414 677 3530 747 est,
3596 689 3830 751 nempe
3889 668 3946 732 si
3992 667 4199 734 turbis
4242 688 4318 734 ac
4361 667 4729 738 seditionibus

2854 755 3089 839 aliquis
3148 756 3229 822 ab
3275 755 3485 820 officio
3528 753 3825 821 faciendo
3872 752 4256 837 deterretur,
4314 753 4523 819 Deum
4561 755 4731 839 ipsum

2853 839 3120 907 tandem
3180 841 3376 906 etiam
3435 860 3706 906 manum
3760 838 4127 906 admovere.
4215 840 4363 906 Hac
4419 841 4583 906 enim
4631 844 4734 924 ple-

2853 947 3128 1010 rumque
3194 925 3275 993 de
3340 946 3539 992 causa
3592 946 3783 1008 saepe
3839 925 3913 991 in
3957 924 4299 992 hominum
4341 935 4736 1010 contemptum

2851 1014 3278 1098 magistratus
3332 1013 3627 1089 veniunt,
3684 1010 3854 1094 quod
3897 1009 4258 1077 humanam
4302 1032 4478 1078 essse
4518 1013 4738 1079 institu-

2852 1099 3101 1164 tionem
3144 1099 3269 1165 eibi
3312 1097 3764 1182 persuadeant,
3807 1119 3881 1163 ac
3924 1096 4195 1182 proinde
4238 1099 4296 1163 si
4339 1098 4494 1180 quid
4527 1109 4738 1183 praeter

2851 1184 3403 1270 exspectationem
3448 1205 3522 1250 ac
3565 1183 3980 1250 voluntatem
4022 1204 4211 1250 suam
4255 1184 4570 1264 acciderit,
4605 1185 4742 1251 ferre

2850 1290 2983 1336 non
3064 1272 3331 1354 possint.
3436 1269 3628 1335 Itane
3693 1291 3849 1336 vero
3915 1278 4074 1335 sunt
4137 1291 4458 1336 memores
4521 1270 4740 1337 divinae

2849 1356 3315 1440 promissionis,
3361 1376 3493 1439 qua
3536 1376 3608 1422 se
3649 1356 3790 1422 fore
3836 1354 4162 1422 vindicem
4205 1355 4465 1422 illorum
4507 1356 4744 1439 ipsemet

2850 1451 2950 1510 est
2992 1441 3367 1526 pollicitus?
3413 1450 3533 1506 aut
3574 1442 3782 1525 ipsius
3823 1449 4212 1525 potestatem
4258 1443 4324 1507 in
4371 1439 4626 1509 dubium
4653 1463 4743 1506 vo-

2847 1528 3047 1596 cant?
3117 1527 3342 1609 Quare
3385 1527 3754 1611 quicunque
3796 1529 4222 1613 magistratus
4266 1527 4351 1594 ad
4394 1528 4744 1612 dignitatum

2941 1614 3291 1680 bernacula
3349 1614 3577 1693 evecti,
3638 1614 3892 1680 sincere
3949 1623 4016 1678 et
4056 1615 4193 1679 inte
4359 1635 4622 1679 munere
4657 1635 4747 1679 suo

2878 1708 3237 1786 unguntur,
3295 1720 3372 1766 ac
3427 1699 3647 1783 quiete
3689 1708 3756 1765 et
3797 1699 4151 1783 tranquille
4241 1709 4469 1785 egunt,
4526 1700 4580 1766 si
4619 1719 4746 1783 quos

2849 1787 3071 1853 hostes
3117 1784 3470 1852 adversum
3503 1806 3574 1851 se
3608 1786 4027 1869 insurgentes
4062 1792 4126 1851 et
4161 1785 4747 1853 administrationem

2848 1894 3037 1938 suam
3094 1871 3554 1955 perturbantes
3612 1873 4052 1956 experiantur,
4114 1872 4278 1937 certi
4346 1892 4489 1938 esse
4530 1871 4748 1944 debent,

2848 1979 2980 2023 non
3048 1958 3173 2024 sibi
3239 1967 3493 2023 tantum
3554 1955 3669 2023 sed
3724 1957 3866 2022 Deo
3923 1956 4051 2040 ipsi
4094 1957 4342 2024 bellum
4388 1956 4643 2023 inferri':
4697 1978 4754 2022 ac

2846 2043 3117 2128 proinde
3162 2045 3301 2109 fore
3345 2043 3561 2126 ipsum
3608 2042 3932 2109 vindicem
3970 2053 4037 2108 et
4070 2053 4479 2110 assertorem.
4537 2043 4756 2108 Deinde

2847 2138 2915 2196 et
2972 2129 3080 2197 hic
3124 2128 3626 2206 observandum,
3685 2128 3979 2214 singulos
4022 2130 4379 2208 admoneri,
4440 2149 4639 2212 neque
4673 2129 4756 2193 in·

2846 2214 3251 2301 surgendum
3302 2215 3621 2280 adversus
3665 2234 3796 2291 eos,
3851 2235 4065 2298 neque
4107 2214 4546 2282 recedendum
4586 2214 4661 2281 ab
4694 2215 4758 2278 iis

2845 2323 3006 2385 quos
3065 2301 3251 2368 Deus
3308 2298 3497 2366 nobis
3555 2301 3885 2383 praefecit,
3943 2300 4059 2367 sed
4117 2301 4286 2367 colla
4327 2302 4548 2385 potius
4587 2299 4754 2366 subii·

2845 2387 3078 2454 cienda
3118 2386 3306 2453 oneri
3341 2385 3513 2470 quod
3547 2387 3689 2471 ipse
3725 2386 3909 2452 Deus
3949 2386 4132 2453 nobis
4167 2388 4504 2472 imposuit.
4572 2386 4757 2467 Quare

2847 2473 3063 2540 danda
3118 2493 3316 2557 opera
3373 2494 3458 2538 ne
3512 2493 3739 2537 eorum
3785 2473 4094 2557 dignitati
4135 2473 4572 2552 invideamus,
4625 2490 4756 2556 quos

2844 2560 3031 2626 Deus
3084 2560 3404 2645 singulari
3461 2558 3680 2641 aliquo
3737 2558 3960 2625 favore
4003 2570 4070 2624 et
4112 2559 4575 2626 benevolentia
4614 2579 4756 2626 com·

2842 2646 3079 2730 plexus
3145 2655 3280 2712 est:
3368 2664 3520 2709 nam
3589 2644 3700 2725 qui
3764 2664 3953 2710 secus
4015 2646 4200 2724 faxit,
4287 2645 4512 2712 Deum
4578 2644 4754 2727 ipsum

2842 2732 3027 2798 flocci
3085 2731 3299 2797 facere
3358 2737 3423 2795 et
3480 2729 3754 2813 pedibus
3812 2730 4134 2798 subiicere
4179 2730 4532 2798 videbitur.
4617 2729 4759 2796 Nam

2884 2837 3293 2900 uemeunque
3338 2814 3523 2882 Dens
3587 2815 3828 2891 evexit,
3887 2816 3946 2881 si
4000 2818 4149 2900 quis
4213 2817 4599 2901 turbaverit,
4657 2815 4758 2898 ipsi

2840 2838 2971 2970 {ei
3006 2903 3255 2989 gloriae
3288 2902 3577 2969 voluisse
3613 2900 3959 2968 detrahere
3994 2902 4340 2970 videbitur.
4404 2900 4760 2970 Cavendum

2838 2989 3044 3074 igitur
3100 3008 3512 3071 summopere
3566 3007 3650 3053 ne
3709 2989 3777 3053 in
3835 2988 4041 3054 ullum
4087 2997 4539 3073 praestantem
4582 2987 4760 3139 (13ῗυί-

2837 3084 2973 3141 tate
3038 3075 3258 3142 virum
3326 3075 3767 3158 insurgamus,
3832 3074 4008 3157 quod
4074 3097 4210 3141 non
4276 3075 4566 3141 inultam
4611 3074 4624 3087 ’
4673 3092 4756 3137 am

2837 3160 2977 3227 fore
3033 3160 3508 3229 contumaciam
3569 3166 3822 3227 certum
3883 3161 3988 3240 sit,
4050 3181 4214 3245 quae
4272 3161 4423 3228 Deo
4468 3161 4598 3245 ipsi
4636 3179 4757 3226 con·

2834 3246 3179 3313 tumeliosa
3221 3253 3339 3313 est.

3009 3331 3339 3416 Deinceps
3392 3330 3635 3399 dicitur
3676 3329 3948 3398 Samuel
3992 3331 4276 3399 edixisse
4320 3333 4551 3398 omnia
4590 3328 4758 3398 verbe

2835 3419 3121 3486 Iehovae
3164 3417 3424 3502 populo,
3470 3418 3657 3502 quasi
3699 3418 3885 3483 Deus
3928 3416 4117 3485 laxas
4160 3418 4459 3485 habenas
4496 3418 4595 3484 illi
4633 3435 4757 3500 per·

2837 3505 3142 3572 misisset.
3228 3505 3328 3572 Ac
3406 3502 3680 3588 proinde
3757 3502 4027 3571 Samuel
4103 3504 4294 3571 iussit
4360 3505 4517 3571 illos
4579 3503 4759 3568 facere

2835 3590 3225 3677 periculum,
3295 3590 3468 3675 qnod
3539 3589 3856 3656 stultitiae
3926 3610 4083 3656 suae
4140 3590 4516 3675 praemium
4576 3595 4760 3655 essent

2838 3677 3199 3761 accepturi:
3269 3698 3467 3760 quum
3535 3674 3720 3742 iubet
3783 3676 3959 3759 ipsos
4026 3674 4401 3760 expendere
4471 3675 4639 3760 quod
4693 3673 4762 3737 sit

2837 3765 3129 3831 futurum
3182 3763 3290 3829 ius
3342 3762 3521 3847 regis
3565 3782 3759 3846 quem
3803 3762 4325 3847 postulaverunt.
4415 3762 4554 3829 Hic
4591 3761 4762 3845 igitur

2838 3857 3348 3934 praemonentur
3391 3849 3531 3914 fore
3575 3856 3650 3913 ut
3694 3846 4111 3933 tyrannidem
4147 3849 4222 3913 in
4255 3849 4438 3932 ipsos
4472 3853 4762 3922 exerceat,

2840 3958 3032 4020 quam
3080 3937 3251 4001 ferre
3291 3934 3315 3999 i
3365 3955 3470 4001 sos
3513 3943 3582 4000 et
3625 3934 3902 4000 tolerare
3946 3942 4258 4018 oporteat,
4303 3934 4486 4017 quod
4532 3955 4654 4000 nou
4693 3929 4762 3996 sit

2841 4021 3123 4106 amplius
3178 4020 3330 4087 rebe
3358 4021 3516 4086 lieni
3569 4020 3749 4086 locus
3807 4019 4088 4098 futurus,
4146 4039 4222 4085 ac
4264 4017 4550 4104 proinde
4591 4034 4762 4103 grave

2842 4109 2931 4174 sit
3024 4107 3231 4192 ipsius
3319 4104 3779 4173 dominationis
3849 4106 4081 4191 iugum
4156 4106 4484 4172 futurum.
4587 4105 4761 4170 Porro

2843 4214 3042 4278 quum
3089 4193 3170 4259 de
3213 4193 3357 4259 iure
3401 4192 3508 4259 hic
3547 4191 3728 4277 regio
3773 4191 3971 4258 verba
4008 4192 4176 4272 facit,
4221 4192 4503 4258 minime
4539 4213 4617 4257 ex
4649 4188 4764 4254 istis

2842 4278 3276 4364 inferendum,
3335 4279 3599 4363 regibus
3658 4277 3783 4343 hoc
3825 4278 3969 4343 iure
4012 4276 4210 4343 licere
4253 4279 4434 4361 quod
4480 4279 4650 4344 infra
4686 4283 4766 4340 est

2842 4375 3344 4432 memoraturus.
3433 4363 3570 4432 Sed
3613 4363 3779 4430 iuris
3824 4362 4064 4447 duplex
4110 4373 4212 4429 est
4253 4364 4425 4430 ratio
4473 4383 4670 4448 quum
4700 4358 4762 4422 de

2843 4452 3163 4536 superiori
3222 4459 3541 4535 potestate
3598 4450 3834 4535 agitur.
3924 4449 4098 4515 Nam
4155 4450 4267 4533 qui
4325 4448 4411 4514 ad
4469 4450 4764 4534 guberna·

2842 4540 2990 4606 cula
3048 4537 3280 4604 sedent
3338 4537 3592 4621 legibus
3649 4535 4067 4620 praescriptis
4111 4534 4267 4619 quid
4313 4536 4421 4602 sui
4465 4534 4660 4601 officii
4695 4531 4764 4597 sit

2841 4625 3191 4708 accipiunt,
3278 4623 3419 4707 ipso
3499 4621 3643 4689 Deo
3723 4621 3985 4688 doctore
4064 4631 4131 4687 et
4193 4623 4538 4703 magistro.
4621 4619 4767 4687 Nam

2843 4712 3040 4778 Deut.
3088 4711 3190 4776 17.
3238 4710 3422 4775 Dens
3466 4707 3637 4792 quod
3682 4708 3771 4774 sit
3813 4708 4109 4773 futurum
4164 4709 4266 4773 ins
4314 4709 4578 4793 regium
4614 4724 4768 4790 preo-

2841 4797 3085 4875 scribit,
3157 4794 3705 4879 quemadmodum
3766 4794 3938 4859 infra
4005 4793 4392 4862 videbimus.
4489 4792 4623 4861 Sed
4663 4788 4768 4857 alia

2841 4882 3161 4967 quaedam
3197 4882 3359 4947 iuris
3394 4888 3493 4948 est
3527 4882 3792 4964 species,
3826 4886 3988 4964 puta
4023 4880 4433 4947 subditorum
4461 4889 4764 4963 respectu:

2842 4990 3005 5053 quos
3068 4990 3209 5036 sese
3269 4966 3590 5035 subiicere
3633 4967 3858 5052 regiae
3901 4966 4253 5044 voluntati,
4314 4973 4379 5030 et
4426 4964 4638 5032 eidem
4676 4981 4770 5046 pa·

2839 5076 2985 5122 rere
3042 5056 3114 5121 in
3171 5054 3477 5121 omnibus
3521 5060 3812 5138 oportet:
3879 5072 3954 5118 ac
3998 5051 4123 5118 sibi
4167 5073 4207 5117 a
4251 5053 4545 5118 Domino
4586 5052 4770 5131 impo-

2843 5142 3043 5209 sitam
3081 5141 3469 5209 servitutem
3506 5160 3658 5207 cum
3695 5159 3954 5207 summa
3992 5138 4364 5204 humilitate
4399 5152 4768 5223 cognoscere

784 5220 944 5288 satis
988 5228 1129 5287 erat-
1173 5241 1255 5287 ex
1291 5242 1362 5287 se
1398 5222 1770 5307 conspicua.
1859 5222 2086 5306 Quare
2120 5246 2323 5310 quum
2361 5226 2739 5297 Samuelem
2843 5227 3309 5311 Quamobrem,
3396 5226 3454 5295 si
3536 5225 3711 5309 quod
3776 5227 3862 5291 sit
3925 5226 4219 5292 omnium
4281 5224 4768 5309 magistratuum
