5059 6059
752 352 884 422 635

758 544 956 630 tibus,
1020 560 1334 626 suamque
1388 540 1458 606 in
1505 538 1645 641 ipso
1690 538 1993 606 fiduciam
2041 538 2524 619 collocantibus,
2575 539 2694 604 lm-

803 632 940 698 robi
997 634 1224 696 contra
1284 626 1366 693 ad
1410 626 1818 693 levissimum
1864 625 2225 709 strepitum,
2284 625 2387 691 vel
2435 624 2517 691 ad
2561 642 2700 690 mo·

787 739 898 784 um
946 712 1077 781 folii
1137 711 1487 797 trepidant,
1549 721 1615 777 et
1668 711 1998 794 quiescere
2057 732 2192 775 non
2237 721 2526 794 possunt,
2577 728 2700 781 nec

755 801 967 870 sedari
1031 803 1322 886 ipsorum
1382 809 1596 865 metus
1652 796 2110 883 periculorum,
2170 816 2333 880 quae
2377 797 2700 882 capitibus

753 889 776 956 i
824 908 1043 957 sorum
1104 885 1447 950 imminere
1505 883 1848 963 videntur,
1908 905 2041 949 non
2087 904 2273 950 secus
2333 902 2408 948 ac
2451 884 2504 948 si
2552 904 2699 948 coe·

785 997 893 1041 um
959 973 1178 1058 ipsum
1246 973 1315 1036 iu
1383 972 1669 1054 ipsorum
1716 970 1930 1053 capita
1976 978 2343 1047 corrueret,
2423 968 2700 1052 ideoque

756 1060 926 1148 quod
989 1078 1121 1123 non
1185 1064 1285 1123 est
1338 1052 1700 1140 periculum
1748 1055 2123 1120 formidant.
2210 1057 2311 1121 Ac
2355 1074 2512 1120 sane
2558 1074 2701 1137 spe·

756 1147 922 1213 ciale
980 1146 1268 1211 filiorum
1310 1142 1439 1207 Dei
1485 1140 1901 1225 privilegium
1948 1153 2046 1207 est
2092 1162 2220 1224 pax
2266 1149 2331 1206 et
2375 1140 2697 1223 tranquil-

758 1228 907 1299 litas
952 1232 1338 1306 animorum,
1384 1248 1581 1311 quam
1626 1227 1706 1292 ob
1750 1248 2013 1293 causam
2034 1226 2284 1293 Paulus
2330 1227 2423 1291 ait
2468 1246 2698 1309 pacem

756 1318 940 1389 illam
1000 1316 1254 1382 adferre
1316 1314 1654 1381 victoriam
1701 1313 2006 1379 omnibus
2052 1314 2375 1396 superatis
2421 1311 2698 1378 difficul-

758 1406 1021 1471 tatibus.
1111 1400 1422 1467 Ostendit
1477 1400 1681 1484 igitur
1740 1399 1989 1464 Paulus
2049 1400 2339 1483 quietam
2393 1407 2459 1463 et
2518 1406 2700 1463 tran-

758 1490 1027 1575 quillam
1052 1497 1339 1553 mentem
1381 1507 1522 1551 esse
1553 1484 1831 1570 speciale
1866 1484 1996 1548 Dei
2040 1485 2457 1568 privilegium
2495 1500 2697 1567 quum

759 1576 842 1642 ad
907 1590 1055 1640 eum
1125 1573 1560 1656 confugimus,
1627 1580 1694 1636 et
1746 1570 1816 1635 in
1875 1571 2017 1655 ipso
2076 1568 2376 1637 fiduciam
2436 1590 2698 1635 omnem

758 1671 1050 1728 nostram
1111 1659 1522 1724 collocamus.
1613 1654 1863 1722 Contra
1907 1678 2060 1721 vero
2103 1657 2579 1722 contumaciam
2625 1672 2701 1720 ac

756 1746 1179 1815 rebellionem
1215 1744 1285 1809 in
1322 1742 1541 1808 Deum
1590 1741 1845 1807 adferre
1889 1744 2090 1806 animi
2138 1741 2698 1826 perturbationem

757 1842 1160 1921 perpetuam,
1208 1850 1480 1912 eamque
1503 1828 1703 1892 talem
1728 1837 2112 1912 tantumque
2148 1838 2397 1893 metum
2433 1828 2699 1892 iniicere

755 1916 1261 1995 contumacibus,
1322 1927 1397 1981 ut
1456 1916 1596 2001 sine
1643 1914 1974 1980 occasione
2018 1914 2229 1979 veluti
2275 1926 2491 1980 oestro
2539 1932 2700 1997 quo-

755 2005 907 2071 dam
974 2002 1208 2091 perciti
1274 2015 1338 2067 et
1402 1999 1591 2065 furiis
1658 2000 1887 2085 agitati
1953 2000 2285 2083 quiescere
2350 2010 2698 2083 nequeant,

756 2092 898 2158 Deo
922 2091 1106 2156 varia
1144 2089 1396 2153 obiecta
1441 2087 1762 2169 mittente,
1809 2098 1883 2150 ut
1926 2106 2246 2169 nusquam
2294 2085 2497 2169 quieti
2547 2107 2700 2150 nus-

758 2198 955 2262 quam
993 2176 1115 2239 tuti
1155 2194 1297 2239 esse
1333 2173 1599 2258 possint.
1647 2170 1841 2237 Hanc
1878 2171 1958 2236 ob
2004 2193 2266 2237 causam
2316 2170 2701 2237 nominatim

757 2264 826 2329 in
888 2263 1033 2347 lege
1075 2258 1261 2325 Deus
1306 2260 1597 2323 minatur
1641 2257 1780 2323 fore
1824 2266 1897 2321 ut
1940 2257 2216 2341 improbi
2262 2256 2549 2322 habeant
2591 2274 2703 2322 cor

757 2348 1111 2415 tremulum
1150 2356 1215 2410 et
1252 2360 1599 2431 quaerant:
1647 2341 1815 2424 Quis
1847 2343 2202 2408 crastinum
2229 2341 2518 2420 reducat,
2557 2341 2702 2425 quis

758 2445 1015 2502 noctem
1045 2433 1323 2496 transire
1355 2428 1595 2495 faciat?
1643 2428 1791 2494 Non
1838 2429 1953 2494 abs
1997 2451 2068 2494 re
2114 2430 2318 2514 igitur
2364 2430 2701 2494 immissus

750 2533 861 2587 'est
920 2528 1142 2584 tantus
1187 2516 1372 2582 Sauli
1435 2536 1673 2599 pavor,
1746 2513 1917 2598 quod
1986 2526 2180 2580 antea
2235 2525 2372 2580 tam
2429 2514 2702 2580 licenter

765 2614 1028 2689 tamque
1084 2614 1468 2687 arroganter
1524 2598 1728 2666 veluti
1775 2600 1940 2666 laxis
1987 2600 2260 2667 habenis
2305 2600 2430 2665 Dei
2474 2602 2700 2682 iugum

760 2692 1188 2766 excussisset,
1250 2697 1317 2753 et
1377 2686 1500 2753 sibi
1559 2687 1705 2769 plus
1752 2706 1946 2770 quam
1996 2685 2269 2752 licebat'
2322 2686 2700 2751 ermisisset.

760 2777 955 2860 Quod
1003 2796 1163 2841 vero
1201 2774 1382 2839 Deus
1420 2773 1550 2837 iam
1594 2771 1676 2837 ad
1720 2772 1924 2857 ipsius
1968 2791 2190 2855 preces
2232 2793 2269 2836 o
2316 2771 2590 2851 surduit‚
2637 2780 2703 2836 et

760 2881 1146 2948 responsum
1206 2861 1287 2925 ab
1343 2860 1486 2942 ipso
1547 2879 1673 2924 non
1722 2859 1984 2941 accepit,
2044 2858 2276 2924 merito
2319 2858 2525 2943 ipsius
2569 2858 2702 2923 fac-

761 2958 900 3016 tum
945 2956 1067 3013 est.

932 3030 1126 3115 Quod
1198 3040 1416 3096 autem
1490 3030 1730 3095 dicitur
1785 3028 2004 3109 Deus,
2075 3050 2285 3113 neque
2337 3050 2454 3113 per
2507 3029 2701 3096 Urim

754 3143 968 3206 neque
1033 3141 1151 3204 per
1216 3116 1529 3184 Thumim
1600 3116 1696 3179 illi
1764 3116 2214 3201 respondisse,
2281 3118 2564 3182 refertur
2618 3115 2701 3180 ad

755 3226 1007 3277 morem
1050 3205 1258 3281 illum,
1305 3200 1384 3267 de
1475 3224 1556 3267 uo
1602 3201 1776 3286 apud
1804 3200 2052 3267 Mosem
2099 3202 2170 3267 in
2209 3201 2516 3267 Numeris
2559 3202 2702 3285 agi-

758 3308 904 3375 tur,
959 3310 1089 3374 quo
1149 3290 1398 3355 solebat
1509 3310 1624 3354 eus
1681 3306 1822 3355 sese
1881 3287 2195 3372 revelare,
2255 3309 2373 3372 per
2420 3286 2702 3352 visiones

753 3388 828 3446 et
858 3377 1109 3444 somnia
1153 3373 1517 3460 prophetiis
1562 3374 1908 3440 adiunctis.
1954 3374 2114 3439 Fuit
2159 3386 2377 3441 autem
2421 3372 2700 3458 prophe-

761 3475 975 3532 tarum
1042 3463 1306 3548 propria
1374 3461 1542 3525 visio
1607 3480 1724 3543 per
1780 3458 1971 3527 Urim
2040 3470 2106 3523 et
2161 3458 2470 3524 'l'humim
2532 3459 2703 3543 quod

756 3557 1025 3641 possent
1069 3548 1165 3612 illi
1211 3549 1527 3611 rationem
1574 3566 1797 3610 eorum
1890 3564 2013 3610 uae
2060 3544 2362 3610 viderant
2407 3543 2700 3625 reddere,

762 3656 964 3725 quum
1026 3633 1135 3699 alii
1196 3641 1456 3697 tautum
1515 3630 1583 3696 in
1643 3631 1912 3699 somnis
1964 3631 2263 3698 viderent
2310 3653 2473 3714 quae
2516 3630 2703 3698 Deus

764 3720 1113 3789 revelabat.
1201 3718 1341 3783 Iam
1389 3717 1590 3803 igitur
1631 3714 1793 3782 Saul
1841 3714 1921 3782 ad
1969 3718 2182 3783 Deum
2228 3717 2581 3794 contendit,
2635 3726 2703 3782 et

765 3819 911 3875 orat
952 3818 1026 3870 ut
1070 3804 1192 3870 sibi
1236 3804 1579 3886 patefaciat
1623 3803 1776 3885 quid
1824 3802 1992 3867 facto
2036 3803 2122 3867 sit
2167 3824 2348 3888 opus,
2401 3803 2539 3867 sive
2585 3824 2703 3886 per

762 3892 1110 3970 somnium,
1168 3900 1245 3954 ut
1302 3910 1494 3973 saepe
1552 3887 1730 3963 alias,
1790 3889 1926 3954 sive
1978 3908 2097 3973 per
2138 3888 2572 3974 prophetiam,
2627 3901 2703 3953 ut

765 4002 893 4047 non
922 3976 1190 4043 dubium
1229 3975 1316 4040 sit
1353 3974 1511 4059 quin
1550 3994 1659 4039 eos
1694 3974 2117 4049 consuluerit,
2211 3975 2273 4038 ui
2321 3972 2701 4057 prophetiae

762 4066 1006 4132 donum
1064 4060 1426 4140 habebant,
1486 4066 1562 4125 ut
1616 4059 1891 4160 gratiam
1954 4059 2123 4143 apud
2238 4060 2532 4124 ominum
2579 4061 2702 4125 im·

762 4158 1071 4237 petraret.
1139 4146 1506 4231 Prophetas
1550 4147 1770 4230 igitur,
1817 4158 2075 4211 mortuo
2110 4144 2417 4212 Samuele
2461 4166 2701 4211 convo·-

762 4259 944 4307 casso
970 4232 1249 4311 videtur,
1294 4239 1361 4297 et
1385 4233 1466 4295 ad
1504 4252 1833 4297 summum
1869 4230 2271 4297 sacerdotem
2308 4228 2501 4296 etiam
2547 4252 2701 4298 cou-

746 4322 1007 4407 'fugisse
1053 4342 1177 4403 quo
1222 4328 1513 4402 spectare
1563 4315 1823 4382 videtur
1866 4318 1979 4382 illa
2028 4339 2157 4383 vox
2201 4318 2409 4383 Urim.
2477 4317 2701 4399 Quare

763 4430 925 4476 vero
968 4406 1172 4488 Deus,
1212 4405 1495 4480 obsecro,
1556 4400 1741 4468 illum
1801 4402 1882 4468 ad
1928 4426 1997 4469 se
2042 4403 2521 4487 confugientem
2569 4425 2700 4469 non

765 4493 1017 4562 audiit?
1104 4492 1281 4557 Sane
1325 4510 1457 4555 non
1502 4488 1806 4573 apparuit
1849 4508 1966 4573 per
2009 4490 2278 4554 somnia.
2370 4487 2699 4571 Quoniam

767 4582 942 4646 enim
988 4574 1152 4645 Saul
1214 4579 1280 4640 in
1330 4574 1688 4660 pertinacia
1732 4597 1851 4641 sua
1894 4574 2279 4653 occaluerat,
2325 4588 2392 4639 et
2436 4576 2502 4640 in
2552 4598 2698 4663 per·

766 4666 1015 4733 vicacia
1060 4662 1501 4740 indormierat,
1547 4682 1750 4744 quare
1776 4662 1957 4726 Deus
2001 4680 2140 4725 sese
2186 4660 2696 4727 illisubiiceret'?

767 4775 965 4838 quare
1032 4746 1126 4815 illi
1192 4745 1614 4831 responderet
1679 4748 1786 4830 qui
1858 4745 2179 4811 Davidem
2248 4745 2449 4825 ultre,
2518 4748 2701 4813 nulla

813 4852 1149 4903 revocatus
1204 4834 1462 4912 iniuria,
1525 4838 1659 4897 tam
1721 4832 1850 4913 diu,
1913 4841 2043 4897 tam
2106 4832 2454 4897 crudeliter
2497 4844 2562 4898 et
2603 4834 2701 4899 in·

764 4860 1049 4990 gumane
1074 4931 1503 5004 persequutus
1540 4917 1792 4983 fuerat?
1840 4918 2106 4982 Deusne
2143 4916 2523 5003 dignaretur
2568 4920 2699 4984 Γοθ-

2355 346 2768 417 HOMILIA
2813 340 3137 417 xovni.

4613 338 4732 414 550

2805 558 3014 622 neque
3068 550 3187 623 per
3244 540 3438 606 aliam
3500 539 3696 605 ullam
3757 540 4074 605 visionem
4134 537 4260 623 ipsi
4319 536 4735 622 respondeus.

2802 623 2996 706 Quod
3057 646 3211 691 vero
3258 626 3419 692 Saul
3465 625 3817 709 prophetas
3862 625 4124 690 videtur
4169 623 4513 701 reveritus,
4569 632 4638 688 et
4671 624 4740 687 in

2803 711 3033 794 primis
3078 711 3475 791 Samuelem,
3536 728 3718 776 mera
3766 713 3890 777 fuit
3929 711 4045 775 illa
4088 710 4441 776 simulatio.
4499 711 4740 773 Annon

2803 797 2979 862 enim
3042 797 3356 863 adversus
3403 796 3778 864 Samuelem
3838 797 4284 863 stomachatus
4327 808 4428 861 est
4474 794 4604 859 Dei
4649 795 4743 858 in-

2804 882 3044 948 dicium
3124 885 3247 969 ipsi
3306 882 3862 949 denunciantem?
3971 882 4113 948 ‘Nae
4177 881 4366 947 illum
4431 890 4744 964 perpetue

2805 969 3103 1034 fraenum
3164 969 3468 1035 dentibus
3523 971 3659 1035 suis
3714 966 4058 1047 arrodisse,
4117 976 4183 1033 et
4238 967 4412 1051 apud
4462 986 4537 1031 sc
4577 967 4743 1031 iram

2804 1070 2988 1120 suam
3050 1056 3424 1122 concoxisse
3477 1068 3542 1121 et
3601 1056 3911 1120 malitiam
3971 1053 4212 1119 fovisse
4255 1062 4551 1137 apparet,
4601 1052 4744 1115 lioet

2806 1141 2964 1206 foris
3022 1144 3243 1207 nescio
3303 1158 3499 1226 quam
3562 1141 3833 1205 honoris
3890 1150 3958 1205 et
4018 1140 4424 1205 reverentiae
4465 1139 4744 1221 speciem

2804 1247 2961 1310 prae
3025 1248 3096 1293 se
3153 1227 3374 1308 ferret,
3432 1246 3590 1311 erga
3650 1246 3800 1291 enm
3859 1246 4050 1309 quem
4093 1224 4293 1290 nullis
4338 1224 4560 1289 modis
4603 1244 4747 1290 con-

2806 1324 3096 1377 temnere
3143 1322 3415 1396 poterat,
3463 1313 3735 1395 ideoque
3778 1312 3914 1377 indi
3965 1330 4126 1376 num
4171 1311 4374 1376 fuisse
4420 1312 4530 1376 cni
4567 1308 4745 1374 Dens

2805 1419 2921 1481 per
3044 1399 3317 1484 ophetas
3361 1399 3803 1483 responderet,
3848 1419 3881 1463 s
4006 1414 4047 1462 a
4079 1397 4206 1462 Dei
4251 1396 4470 1480 gratia
4515 1397 4744 1460 merite

2804 1485 2948 1549 exci
2996 1486 3126 1550 isse
3163 1492 3452 1568 apparet,
3499 1504 3701 1568 quum
3739 1484 4126 1568 praesertim
4169 1494 4445 1548 cruenta
4485 1482 4610 1546 illa
4649 1498 4746 1546 sa·

2804 1569 3136 1637 cerdotum
3184 1570 3381 1637 caede
3425 1590 3659 1635 manus
3704 1570 4058 1653 polluisset.
4120 1569 4325 1633 Porro
4373 1568 4571 1635 Urim
4613 1578 4747 1632 sm

2803 1657 2870 1721 in
2932 1650 3319 1722 sacerdotali
3382 1657 3772 1722 vestimento
3829 1656 4108 1739 insignis
4162 1654 4363 1737 lapis,
4428 1652 4748 1738 singulari

2804 1742 3086 1825 quodam
3145 1742 3391 1808 lumine
3448 1742 3820 1825 splendens,
3881 1741 4426 1824 quemadmodum
4492 1752 4562 1803 et
4614 1742 4748 1822 ipsa

2807 1848 2932 1892 vox
3007 1826 3255 1895 indicat
3321 1850 3487 1912 quae
3554 1828 3967 1912 splendorem
4035 1826 4378 1907 significat.
4495 1826 4584 1890 Et
4638 1826 4748 1890 hic

2804 1913 3112 1997 splendor
3149 1913 3380 1997 lapidis
3416 1924 3559 1980 erat
3601 1917 3867 1998 signum
3915 1913 4294 1996 prophetiae
4336 1910 4751 1995 accipiendae

2806 2010 3004 2084 prout
3029 2001 3379 2066 necessitas
3426 2001 3801 2083 postularet,
3848 1999 3993 2065 Deo
4030 2001 4171 2083 ipso
4215 1999 4426 2063 veluti
4471 1999 4758 2063 micante

2807 2088 2875 2151 in
2924 2086 3212 2151 tenebris
3253 2087 3326 2151 in
3374 2102 3502 2168 quo
3537 2086 3680 2150 solo
3715 2086 3930 2150 omnis
3977 2080 4291 2167 perfectio
4327 2093 4433 2149 est
4477 2095 4550 2147 et-
4591 2085 4758 2148 intc-

2805 2172 3032 2256 gritas.
3121 2172 3284 2237 Erat
3342 2184 3558 2236 autem
3617 2170 3971 2237 sacerdotis
4018 2171 4356 2253 proprium
4405 2186 4529 2253 per
4571 2168 4756 2235 Urim

2804 2269 2868 2322 et
2892 2254 3204 2323 'thumim
3244 2258 3686 2342 inrerrogare:
3731 2258 3786 2322 si
3819 2256 4082 2341 quidem
4115 2272 4417 2322 summus
4453 2256 4752 2321 sacerdos

2807 2354 2950 2409 erat
2976 2342 3245 2409 Domini
3294 2344 3500 2408 nostri
3536 2344 3688 2409 Iesu
3725 2342 3999 2408 Christu
4046 2344 4278 2426 figura,
4323 2360 4499 2423 quae
4542 2354 4750 2405 mn

2807 2428 3227 2494 revelationis
3283 2430 3496 2512 gratia
3538 2428 3683 2494 aliis
3727 2430 3924 2493 ctiam
3970 2427 4425 2493 sacerdotibus
4473 2444 4752 2491 commu-

2809 2516 3167 2581 nicabatur.
3257 2515 3590 2597 Quantam
3651 2532 3810 2579 vero
3868 2513 4277 2580 sacerdotum
4341 2524 4634 2598 stragem
4685 2518 4758 2577 et

2808 2601 3133 2666 lanienam
3195 2622 3328 2666 uno
3385 2599 3492 2665 die
3545 2599 3706 2668 Saul
3775 2600 4049 2679 fecerat,
4103 2618 4184 2663 ea
4241 2600 4504 2664 ratione
4555 2597 4760 2663 velnh‘

2808 2684 2934 2752 Dei
2981 2689 3424 2752 sanctuarium
3471 2687 3763 2752 foedarat
3808 2697 3875 2749 et
3917 2685 4230 2751 adversus
4275 2686 4496 2767 ipsum
4545 2684 4760 2749 Deum

2807 2790 3068 2838 summa
3081 2773 3459 2857 arrogantia
3474 2782 3540 2836 et
3561 2780 3938 2854 contemptu
3963 2773 4436 2849 insurrexerat,
4457 2788 4759 2834 emnem·

2807 2880 2932 2943 que
2980 2859 3358 2944 religionem
3406 2859 3754 2944 profligare
3793 2859 3974 2923 visus
4014 2854 4280 2921 fuerat?
4328 2855 4486 2937 Quo
4533 2856 4758 2939 igitur,

2809 2946 3091 3022 obsecro,
3131 2942 3373 3029 pudore
3412 2943 3721 3028 profanus
3765 2944 3874 3007 ille
3909 2942 4129 3007 Deum
4175 2941 4566 3008 consulebat
4609 2942 4760 3007 sibi·

2810 3052 2932 3114 que
2969 3031 3072 3096 vol
3108 3050 3224 3115 por
3257 3032 3529 3109 somnia,
3577 3030 3680 3094 vel
3721 3046 3838 3113 per
3877 3028 4245 3094 sacerdotes
4290 3035 4358 3092 et
4402 3028 4758 3112 prophetas

2809 3117 3150 3183 consilium
3195 3115 3339 3181 dari
3383 3114 3802 3199 postulabat?
3883 3115 4109 3197 Neque
4154 3116 4333 3179 enim
4382 3134 4504 3196 per
4546 3112 4758 3197 ipsum

2809 3212 3080 3269 steterat
3139 3204 3294 3286 quin
3355 3203 3569 3284 proles
3625 3202 3838 3267 omnis
3893 3198 4350 3277 sacerdotalis,
4411 3201 4757 3283 ipsumque

2807 3287 3247 3355 sacerdotium
3316 3282 3720 3365 aboleretur,
3789 3288 3994 3351 eaesis
4061 3285 4556 3366 sacerdotibus,
4617 3282 4754 3350 selo

2812 3374 3172 3442 Abiathare
3216 3372 3457 3457 elapso,
3519 3375 3706 3440 cuius
3752 3371 4112 3438 ministerio
4155 3370 4494 3437 Davidem
4538 3371 4750 3435 voluit

2810 3459 2992 3527 Deus
3056 3462 3126 3525 in
3185 3461 3457 3525 summis
3515 3461 3645 3524 illis
3704 3458 4231 3536 difficultatibus,
4303 3466 4376 3522 et
4431 3456 4758 3540 angustik

2807 3547 3022 3629 aliquo
3048 3545 3240 3610 modo
3275 3564 3586 3610 mereare.
3632 3544 3774 3610 Nae
3801 3544 4057 3610 sublato
4091 3543 4478 3623 sacerdotis,
4529 3546 4598 3608 in
4635 3562 4757 3626 quo

2809 3633 3008 3697 totins
3040 3630 3267 3695 mundi
3304 3632 3482 3697 salus
3517 3630 3832 3706 consistit,
3879 3630 4150 3695 salutari
4191 3628 4490 3707 consilio,
4535 3628 4759 3693 adsies

2808 3737 3035 3783 omnes
3080 3717 3282 3781 variis
3329 3716 3825 3783 difficultatibus
3868 3717 4130 3799 privare
4175 3714 4348 3780 velle
4394 3714 4760 3779 videbatur.

2807 3803 2957 3885 Qua
2978 3802 3182 3888 igitur
3216 3803 3432 3867 fronte
3466 3803 3827 3887 flagitiosus
3863 3802 3974 3865 ille
4010 3801 4354 3867 consilium
4400 3820 4442 3864 a
4469 3800 4756 3865 Domino

2806 3888 3067 3973 petebat
3127 3910 3244 3971 per
3297 3889 3666 3971 prophetas,
3725 3906 3883 3971 quos
3927 3904 4186 3952 summo
4229 3886 4490 3970 flagitio
4533 3902 4757 3951 caeses

2805 3975 3315 4059 profligatosque
3361 3972 3706 4039 voluerat?
3775 3972 3910 4040 Sed
3954 3975 4048 4038 ita
4091 3973 4308 4038 solent
4354 3990 4588 4037 omncs
4637 3970 4756 4035 Dei

2806 4070 3316 4144 contemptores,
3386 4060 3498 4142 qui
3568 4070 3910 4144 postquam
3977 4060 4058 4124 ad
4119 4058 4450 4142 quaelibet
4507 4058 4754 4142 flagit‘n

2806 4146 3090 4212 animam
3134 4146 3546 4229 addixerunt,
3589 4166 3702 4210 ore
3747 4145 4114 4227 impudenti
4156 4165 4286 4208 non
4335 4156 4654 4208 metuunt
4687 4145 4746 4207 in

2806 4234 3063 4316 magnis
3102 4232 3593 4298 difficultatibus
3619 4230 3742 4296 Dei
3781 4232 4098 4296 auxilium
4145 4230 4540 4313 implorare:
4585 4227 4742 4312 qnod

2808 4318 2930 4383 nisi
2980 4317 3162 4383 Deus
3220 4338 3299 4382 ex
3360 4320 3648 4400 ipsorum
3705 4317 3978 4382 arbitrio
4035 4316 4364 4393 attulerit,
4413 4324 4744 4400 ang-untur

2805 4414 2870 4469 et
2914 4403 3401 4469 stomachantur
3438 4403 3750 4468 adversus
3785 4402 4165 4479 Dominum,
4207 4414 4564 4485 querentes
4601 4399 4744 4465 nui-

2803 4489 2942 4554 lum
2987 4511 3129 4555 esse
3165 4488 3336 4574 apud
3358 4489 3575 4554 Deum
3621 4489 4099 4555 misericordiae
4141 4490 4374 4553 locum.
4423 4488 4542 4553 Sic
4591 4485 4742 4551 md-

2806 4584 2905 4640 tos
2933 4575 3126 4641 hodie
3164 4575 3385 4641 videas
3432 4576 3786 4640 multorum
3829 4574 4228 4657 flagitiorum
4273 4590 4447 4652 reos,
4489 4584 4568 4638 et
4605 4592 4738 4657 gru·

2804 4661 3071 4726 vissima
3130 4661 3448 4745 supplicia
3507 4661 3932 4740 commeritos,
3988 4661 4043 4725 si
4106 4658 4208 4725 vel
4251 4659 4462 4725 verbo
4504 4661 4742 4725 m-im

2805 4748 3151 4825 fateantur,
3212 4760 3277 4812 et
3323 4748 3623 4811 nonnihil
3673 4746 4139 4830 lacrymentur,
4186 4745 4574 4810 existimare
4619 4762 4740 4810 m·-

2805 4852 3004 4917 gnam
3066 4833 3188 4899 sibi
3248 4834 3553 4898 iniuriam
3603 4834 3762 4909 fieri,
3826 4833 3957 4897 nisi
4002 4833 4224 4896 statim
4269 4832 4547 4897 erimine
4597 4830 4738 4897 libc-

2803 4930 3032 4984 rentur
3090 4932 3155 4984 et
3210 4918 3655 4985 absolvantur.
3743 4917 3935 4999 Quod
3983 4915 4165 4984 Sauli
4227 4919 4590 5002 contigisse
4633 4918 4736 4982 bec

769 5008 923 5075 dum
962 5006 1123 5073 illud
1163 5019 1226 5070 et
1270 5006 1567 5089 putidum
1615 5026 1728 5071 vas
1770 5005 1983 5089 gratia
2027 5005 2234 5069 sancti
2280 5003 2380 5069 sui
2427 5006 2698 5088 spiritus
2801 5004 2942 5070 loco
2983 5004 3303 5081 videmus,
3352 5025 3550 5088 quum
3604 5005 3962 5069 effraenata
4006 5003 4291 5087 quadam
4337 5004 4733 5087 impudentis

768 5093 1105 5160 imbuere?
1167 5093 1368 5156 nimia
1427 5113 1584 5157 sane
1642 5090 1756 5155 illa
1800 5090 1928 5156 Dei
1966 5088 2281 5155 donorum
2332 5090 2696 5173 profanatio
2803 5089 3100 5156 divinum
3153 5090 3482 5157 oraculum
3533 5108 3652 5174 per
3691 5090 4047 5174 prophetas
4089 5090 4546 5157 sciscitabatur
4589 5106 4732 5173 quc-

764 5181 1011 5246 fuisset.
1064 5178 1258 5243 Hanc
1299 5176 1501 5261 igitur
1543 5176 1623 5241 ob
1667 5197 1935 5243 causam
1980 5176 2160 5241 Deus
2210 5176 2457 5240 vultum
2504 5194 2695 5244 suum
2795 5190 2950 5242 rum
2973 5186 3193 5243 tamen
3230 5178 3548 5261 sanguine
3581 5196 3817 5241 manus
3853 5176 4162 5254 foedarat,
4213 5188 4286 5242 ut
4329 5196 4464 5241 nou
4509 5177 4734 5241 mim

765 5264 983 5332 abillo
1020 5262 1371 5341 abscondit,
1419 5272 1482 5329 et
1518 5283 1557 5327 a
1601 5284 1671 5328 se
1711 5262 1916 5329 reiicit
1962 5282 2169 5346 neque
2212 5282 2332 5344 per
2375 5281 2695 5345 somnum,

2801 5263 2888 5328 sit
2945 5284 3061 5348 spe
3114 5282 3233 5330 sua
3291 5264 3477 5330 illum
3536 5262 3873 5329 excidisse.
3977 5262 4123 5331 Hoc
4185 5264 4390 5347 igitur
4445 5260 4727 5347 exemplo
