5059 6059
253 358 369 423 429

249 544 772 634 quemadmodum
830 544 1082 611 Paulus
1138 546 1278 630 ime

250 636 438 708 dccet,
485 632 779 712 pietatem
819 631 907 697 ad
972 632 1189 698 omnia
1246 650 1382 698 ease

248 720 589 786 missionem
621 716 842 783 habeat
895 718 1062 783 vitae
1103 719 1469 799 praesentis
1524 738 1599 785 ac
1654 716 1930 800 futwrac.

245 804 548 889 spectavit
589 804 790 870 etiam
834 803 1216 870 Abrahamo
1259 804 1431 869 facta
1472 821 1595 887 per
1614 802 1978 871 Dominum
2023 823 2171 888 pro-

242 891 480 958 missio:
537 888 681 974 Eyo
732 908 876 955 siun
918 908 1147 957 merces
1201 893 1316 955 tua
1370 888 1602 972 ampla.
1688 889 2169 958 Verumtamen

240 979 379 1045 licet
401 974 622 1042 fideles
655 975 841 1041 illam
874 974 1163 1041 habeant
1185 976 1314 1041 Dei
1355 976 1871 1059 promissionem,
1909 997 2166 1060 nempe,

240 1085 303 1130 se
341 1063 447 1146 qui
487 1064 706 1127 omnis
741 1062 894 1128 boni
950 1070 1052 1128 est
1107 1061 1254 1127 fons
1299 1071 1370 1127 et
1427 1065 1756 1147 scaturigo
1797 1062 2165 1130 mercedem

236 1150 358 1216 illis
395 1147 676 1233 amplam
724 1147 1155 1224 redditurum,
1208 1148 1267 1213 si
1322 1149 1392 1214 in
1435 1149 1646 1231 ipsius
1688 1148 1870 1215 cultu
1930 1148 2165 1233 persti-

234 1235 448 1315 terint,
504 1232 934 1300 nihilominus
993 1253 1065 1299 se
1107 1233 1190 1298 ad
1236 1234 1479 1301 multas
1524 1233 1824 1301 ferendas
1867 1234 2164 1301 afflictio-

233 1341 341 1388 nes
377 1319 619 1386 debent
658 1337 1038 1402 comparare
1049 1342 1067 1399 ;
1112 1320 1269 1403 quin
1316 1321 1513 1385 etiam
1559 1321 1612 1387 si
1650 1322 1835 1387 Deus
1878 1321 2026 1388 illos
2069 1321 2164 1387 sic

232 1406 567 1490 explorare
611 1405 910 1480 voluerit,
964 1416 1037 1471 ut
1080 1416 1382 1473 evertere
1424 1406 1603 1490 ipsos
1646 1406 1819 1474 velle
1861 1406 2166 1472 videatur

230 1501 291 1559 et
330 1512 597 1576 prorsus
638 1490 1062 1575 confundere,
1107 1510 1450 1575 nunquam
1493 1500 1717 1559 tamen
1762 1493 2016 1559 animos
2053 1491 2164 1558 de—

229 1579 375 1647 bent
414 1576 839 1662 despondere,
888 1579 1049 1661 quin
1109 1578 1322 1660 ipsum
1370 1599 1453 1644 ex
1498 1580 1715 1644 animo
1758 1599 2016 1662 semper
2057 1598 2164 1645 co·

225 1666 373 1731 lant.
417 1663 613 1741 Nam,
659 1677 733 1729 ut
778 1664 873 1729 ait
903 1664 1172 1741 Paulus,
1220 1662 1750 1730 Christianorum
1794 1665 2166 1730 miserrima

222 1760 386 1817 esset
426 1748 738 1829 conditio,
779 1751 834 1815 si
871 1749 1119 1815 nullam
1154 1749 1349 1815 aliam
1390 1751 1944 1834 exspectationem
1965 1770 2163 1835 quam

222 1838 386 1904 vitae
428 1835 799 1919 praesentis
842 1835 1181 1901 haberent.
1231 1834 1364 1902 Sed
1393 1836 1580 1902 Deus
1623 1837 1768 1902 illos
1812 1837 2014 1904 variis
2057 1856 2164 1904 ca-

219 1922 624 1989 lamitaribus
667 1930 735 1986 et
777 1922 1059 1988 miseriis
1105 1932 1387 2003 exercet,
1432 1943 1517 1988 ne
1560 1923 1846 1989 miseriis
1887 1923 2022 1989 illis
2060 1923 2163 1988 in·

218 2007 491 2075 credulis
552 2007 806 2073 similes
849 2009 1030 2086 fiant,
1091 2008 1203 2090 qui
1247 2027 1362 2073 cre
1407 2018 1635 2091 aperto
1695 2010 1975 2075 terrenis
2018 2009 2165 2075 istis

217 2116 466 2179 semper
509 2094 800 2175 inhiant,
861 2105 935 2159 ut
990 2092 1278 2161 famelici
1340 2115 1536 2161 canes
1578 2095 1660 2159 ad
1706 2095 2014 2179 praedam
2062 2096 2162 2161 in-

214 2181 371 2247 tenti
414 2189 595 2247 sunt.
658 2178 1107 2261 Quamobrem
1153 2201 1236 2245 ne
1280 2180 1504 2246 fideles
1550 2182 1721 2247 curis
1764 2182 1912 2247 istis
1956 2190 2160 2247 terre-

213 2268 312 2333 nis
354 2266 801 2333 sollicitentur
853 2264 934 2330 ad
973 2264 1342 2332 mercedem
1387 2266 1455 2330 in
1506 2267 1628 2333 hoc
1675 2266 1922 2333 mundo
1968 2288 2161 2351 quae-

210 2354 498 2430 rendam,
548 2350 796 2418 idcirco
839 2352 1024 2417 Deus
1059 2372 1196 2417 non
1238 2353 1567 2436 permittit
1608 2353 1783 2437 ipsos
1831 2355 1899 2418 in
1945 2375 2021 2419 ec
2050 2353 2159 2419 vel

210 2438 448 2505 divitiis
473 2436 834 2517 abundare,
879 2437 987 2504 vel
1009 2435 1274 2504 delicias
1299 2439 1420 2505 sibi
1459 2439 1706 2505 facere:
1751 2439 1955 2505 sedin
1982 2447 2158 2506 statu

204 2524 479 2608 quodam
527 2522 842 2589 mediocri
886 2523 1145 2605 retinet,
1205 2523 1310 2589 vel
1372 2524 1571 2590 etiam
1607 2525 1809 2591 variis
1853 2526 2156 2591 tentatio·

202 2611 389 2677 nibus
411 2618 703 2676 exercet.
749 2608 1136 2674 Cavendum
1171 2610 1381 2693 igitur
1414 2630 1500 2675 ne
1544 2612 1930 2693 promissam
1957 2611 2156 2677 etiam

201 2696 575 2765 mercedem
622 2705 923 2761 terrenae
966 2695 1295 2762 felicitatis
1332 2717 1529 2763 cursu
1556 2717 1912 2781 rerumque
1955 2697 2022 2762 in
2053 2696 2159 2763 his

202 2785 389 2850 terris
432 2780 852 2850 abnndantia
894 2788 962 2847 et
1005 2782 1135 2847 otic
1180 2782 1547 2848 metiamur.
1593 2780 1787 2864 Quod
1833 2782 1913 2847 ad
1946 2791 2149 2849 aeter·

200 2890 349 2935 nam
387 2871 606 2936 vitam
653 2868 906 2947 attinet,
965 2875 1219 2934 certum
1265 2875 1367 2933 cst
1418 2868 1508 2935 ibi
1553 2869 1742 2934 nobis
1787 2868 2154 2936 mercedem

195 2956 533 3039 promitti:
585 2961 1047 3020 verumtamen
1093 2955 1148 3020 si
1184 2976 1300 3040 spe
1331 2955 1650 3021 mercedis
1683 2963 1944 3020 tantum
1979 2955 2156 3022 illius

196 3042 395 3108 cultui
444 3052 515 3109 et
561 3039 801 3105 honori
847 3039 1072 3107 divino
1116 3062 1237 3107 nos
1291 3039 1622 3122 dedamus,
1679 3042 2011 3126 ingratum
2056 3041 2156 3106 illi

193 3129 489 3194 futurum
538 3135 646 3193 est
688 3125 1008 3210 quidquid
1065 3147 1143 3191 eo
1183 3130 1318 3192 fine
1362 3128 1899 3210 praestiterimus,
1961 3135 2029 3193 et
2073 3128 2155 3194 ab

194 3214 330 3299 ipsc
367 3214 733 3281 reiicietur.
780 3210 969 3278 Deus
1013 3211 1190 3277 enim
1236 3223 1504 3298 propter
1526 3234 1598 3280 se
1620 3215 1836 3297 ipsum
1881 3223 1982 3281 est
2006 3214 2156 3279 dili-

193 3300 469 3387 gendus,
531 3308 603 3366 et
664 3300 919 3366 sincero
969 3298 1162 3365 corde
1219 3300 1564 3378 colendus,
1624 3299 2154 3383 quandoquidem

195 3397 446 3454 creator
492 3395 728 3453 noster
771 3397 888 3464 est,
935 3394 1002 3449 et
1044 3394 1233 3468 pater
1276 3387 1667 3452 animarum.
1714 3385 1941 3468 Quare
1986 3408 2154 3452 mer-

190 3495 294 3542 ces
336 3473 618 3559 quidem
666 3471 851 3537 nobis
894 3472 1229 3554 proposita
1262 3472 1454 3538 debet
1488 3494 1630 3538 esse
1663 3471 1873 3538 instar
1905 3471 2155 3537 stimuli

190 3561 268 3628 ad
313 3583 459 3640 nos,
508 3557 599 3625 ad
643 3558 930 3623 officium
975 3557 1256 3623 alacrius
1299 3559 1692 3637 faciendum,
1750 3559 2153 3625 excitandos.

189 3646 321 3714 Sed
384 3667 531 3712 non
593 3644 988 3727 praecipuus
1056 3653 1278 3708 tamen
1344 3665 1579 3727 scopus
1638 3644 1719 3708 ad
1779 3665 1975 3727 quem
2035 3665 2156 3710 nos

185 3741 445 3817 oportet
469 3731 831 3798 collimare.
880 3727 1320 3809 Quamobrem
1360 3730 1713 3814 diligenter
1749 3730 2157 3796 observanda

185 3820 384 3886 verba
449 3818 578 3883 illa
636 3816 902 3882 Domini
963 3815 1046 3880 ad
1106 3816 1558 3882 Abrahamum
1623 3837 1787 3899 quae
1849 3817 2155 3900 superius

181 3906 575 3990 attigimus:
644 3901 784 3986 Eyo
838 3921 1070 3967 merces
1119 3907 1232 3966 twa
1289 3903 1522 3986 ampla.
1613 3902 1874 3983 Quibus
1931 3902 2156 3968 verbis

184 3991 506 4059 docemur
533 3992 753 4054 Deum
779 3988 987 4052 multa
1010 3988 1273 4069 quidem
1301 3990 1488 4054 nobis
1511 3988 1820 4072 polliceri,
1867 3988 2158 4071 quando-

178 4079 446 4163 quidem
521 4095 747 4140 rerum
807 4079 1101 4140 omnium
1160 4082 1227 4139 et
1286 4073 1601 4139 bonorum
1663 4074 1807 4139 fons
1858 4086 1977 4155 est,
2037 4074 2154 4139 sed

179 4167 453 4231 interim
507 4161 685 4228 velle
743 4169 819 4224 ιιι
864 4160 929 4223 in
989 4159 1201 4242 ipsum
1249 4180 1458 4225 unum
1517 4161 1914 4241 intueamur,
1975 4169 2039 4224 et
2083 4160 2153 4225 in

178 4273 315 4317 uno
363 4252 518 4333 ipen
581 4246 1155 4328 conquiescamus:
1215 4248 1527 4328 optimam
1586 4259 1877 4310 nostram
1924 4245 2156 4311 existi-

177 4351 442 4403 mantes
492 4333 961 4410 conditionem,
1022 4332 1193 4415 quod
1239 4333 1366 4415 ipsi
1424 4334 1595 4415 grati
1642 4343 1706 4396 et
1749 4333 1994 4414 accepti
2041 4354 2153 4398 su-

176 4445 348 4501 mus,
396 4437 468 4488 et
508 4422 599 4485 ab
634 4419 750 4483 illo
787 4419 924 4483 solo
961 4418 1341 4500 pendemus.
1387 4417 1615 4498 Quare
1652 4439 1785 4483 non
1824 4429 1927 4484 est
1963 4419 2153 4484 nobis

177 4512 242 4575 in
290 4510 406 4575 hie
457 4506 666 4572 terris
708 4503 1081 4586 quaerenda
1123 4525 1337 4589 neque
1381 4503 1822 4586 exspectanda
1865 4524 2153 4570 merces:

177 4617 400 4681 neque
482 4592 773 4657 terrenis
846 4590 1299 4655 affectionibus
1357 4591 1620 4655 animus
1684 4590 2152 4673 implicandus:

174 4683 288 4748 sed
335 4681 626 4747 fortiter
667 4687 734 4742 et
777 4677 1063 4759 ingenue
1106 4678 1174 4740 in
1221 4676 1347 4741 Dei
1392 4676 1567 4742 cultu
1626 4697 1744 4758 per
1778 4677 2027 4741 medias
2065 4677 2154 4742 af·

173 4769 519 4835 flictiones
561 4760 991 4849 pergendum.
1040 4760 1172 4828 Sed
1211 4771 1551 4844 praeterea
1573 4762 1992 4847 cogitandum
2033 4783 2153 4828 nos

170 4855 328 4922 lieet
393 4852 567 4918 forti
629 4849 850 4914 animo
895 4856 964 4912 6ι
1009 4867 1126 4929 pro
1173 4848 1345 4913 virili
1405 4849 1616 4914 facere
1651 4848 1936 4913 officium
1983 4850 2152 4914 nita-

173 4963 346 5017 mur,
412 4957 775 5020 nunquam
843 4946 1062 4998 tamen
1124 4955 1311 5016 posse
1369 4934 1650 5017 perfecte
1710 4947 1784 4998 ut
1849 4942 2154 5000 tenemur

166 5048 406 5094 omnes
453 5023 653 5089 illius
697 5033 918 5105 partes
960 5019 1262 5103 implere:
1321 5039 1395 5086 ac
1441 5020 1716 5102 proinde
1761 5022 2150 5101 promissam

167 5133 206 5179 a
250 5114 409 5179 Deo
462 5108 841 5175 mercedem
903 5126 1031 5170 non
1093 5106 1343 5171 meritis
1390 5107 1630 5173 nostris
1687 5107 1976 5190 rependi,
2037 5106 2150 5171 sed

163 5196 732 5285 quandoquidem
777 5193 955 5259 servi
999 5211 1228 5256 sumus
1285 5192 1572 5271 inutiles,
1632 5191 1820 5257 nobis
1879 5213 2021 5257 eam
2071 5216 2152 5257 ex

161 5307 358 5353 mera
408 5283 556 5350 Dei
606 5278 1015 5355 liberalitate,
1071 5298 1202 5341 non
1248 5275 1551 5359 debitam,
1596 5276 1758 5344 dari.
1847 5278 2151 5344 Profecto

1507 356 1605 423 IN
1649 357 1706 424 1.
1754 357 1935 424 LIB.
1981 353 2388 425 SAMUEL.
2436 357 2636 426 OAP.
2696 359 2930 424 XXII.

4101 361 4235 428 430

1335 544 1391 611 Ι.
1435 545 1517 610 ad
1578 545 1865 613 Timoth.
1923 568 2063 630 cap.
2110 548 2172 612 4.
2279 545 2336 613 si
2381 566 2466 611 ex
2510 547 2733 612 animo
2775 555 3068 614 nostram
3115 547 3567 614 infirmitatem
3622 549 4103 634 agnoverimus,
4163 560 4233 617 et

1421 632 1657 708 adactu,
1713 637 1782 698 ut
1823 651 1984 716 quae
2015 651 2174 715 pro·
2278 633 2432 699 fassi
2479 633 2830 701 fuerimus:
2875 643 3125 700 certum
3161 642 3264 701 est
3300 634 3741 701 humilitatem
3768 644 4060 701 nostram
4085 635 4229 703 Deo

2020 717 2170 801 Quo
2275 729 2532 802 gratam
2580 728 2648 785 et
2688 728 3026 804 acceptam
3072 720 3232 802 fore,
3289 730 3358 786 et
3413 742 3533 786 suo
3593 731 3885 805 tempore
3930 722 4226 788 exaltan·

2276 805 2446 870 dam.
2493 803 2918 889 Quapropter
2958 825 3082 872 nos
3124 806 3276 873 licet
3312 807 3607 872 omnium
3652 807 3950 891 opinione
3994 809 4226 874 miser-

2274 889 2497 969 rimos,
2538 891 2822 958 sufficiat
2844 892 2991 957 Deo
3034 901 3253 977 gratos
3298 903 3366 959 et
3407 902 3704 976 acceptos
3747 913 3919 960 esse:
3963 902 4031 959 et
4070 913 4223 977 pro·

2272 976 2542 1041 missam
2565 978 2931 1044 mercedem
2955 988 3427 1061 exspectemus,
3458 1000 3591 1045 non
3617 987 3693 1044 ut
3712 980 3964 1046 meritis
3982 982 4224 1047 nostris

2272 1059 2581 1141 debitam,
2638 1062 2753 1129 sed
2799 1084 2840 1129 a
2882 1064 3176 1148 gratuita
3216 1064 3347 1130 Dei
3391 1065 3784 1132 liberalitate
3824 1079 4222 1151 manantem,

2316 1147 2444 1213 uod
2503 1147 2692 1215 nobis
2747 1159 2992 1234 parcat,
3053 1159 3121 1214 et
3174 1161 3434 1217 nostras
3491 1151 3910 1217 infirmitates
3972 1152 4224 1218 toleret.

2271 1168 2465 1315 Quod
2501 1235 2719 1318 itaque
2757 1234 3123 1302 mercedem
3167 1239 3527 1321 promittat,
3568 1259 3650 1304 ex
3678 1236 3974 1323 gratuita
4016 1237 4223 1321 ipsius

2268 1319 2637 1405 adoptione,
2684 1341 2813 1405 qua
2854 1343 2977 1387 nos
3019 1321 3218 1407 elegit
3258 1333 3327 1388 et
3370 1322 3453 1388 ad
3494 1324 3682 1410 regni
3725 1323 4021 1390 coelestis
4067 1324 4223 1390 hae·

2270 1404 2614 1472 reditatem
2660 1409 2939 1488 vocavit,
2979 1409 3223 1474 factum
3269 1408 3336 1473 id
3382 1428 3526 1475 esse
3568 1410 3951 1494 cogitemus.

2443 1492 2539 1557 Et
2574 1492 2655 1559 de
2698 1494 2844 1558 istis
2882 1493 3233 1573 hactenus;
3276 1495 3409 1559 iam
3446 1505 3857 1561 revertamur
3891 1494 3972 1561 ad
4002 1493 4222 1562 Saulis

2271 1578 2592 1662 querelas.
2661 1579 2841 1645 Dicit
2883 1579 3134 1663 itaque:
3199 1579 3399 1646 Nemo
3454 1587 3544 1647 eat
3600 1582 3714 1664 qui
3766 1582 3961 1647 vicem
4017 1601 4223 1648 mam

2270 1664 2470 1731 doleat
2511 1685 2591 1730 cx
2631 1665 2841 1731 vobis:
2897 1685 2966 1732 eo
3007 1666 3173 1748 quod
3205 1667 3605 1733 suscitaverit
3643 1667 3828 1750 filius
3878 1687 4053 1733 meus
4088 1687 4224 1734 scr·

2269 1770 2419 1815 vum
2471 1771 2679 1816 meum
2746 1751 3082 1817 adversum
3146 1772 3275 1832 mc,
3341 1753 3577 1835 quibus
3644 1751 3862 1819 verbis
3925 1752 4221 1837 loquitur

2270 1857 2494 1902 eorum
2554 1838 2772 1903 instar
2826 1837 2940 1921 qui
3000 1839 3286 1903 favorem
3359 1839 3572 1904 invito
3625 1837 3771 1905 Deo
3825 1837 4075 1905 vellent
4139 1836 4224 1904 ab

2268 1921 2647 1989 hominibus
2690 1926 3021 2006 consequi.
3068 1924 3240 1989 Nam
3286 1925 3402 2007 qui
3445 1944 3606 1991 vera
3650 1924 4057 2009 poenitentia
4100 1922 4221 1991 du·

2270 2015 2529 2085 cuntur,
2577 2009 2659 2073 ad
2706 2029 2930 2093 preces
2974 2008 3056 2075 ad
3095 2009 3315 2076 Deum
3362 2010 3776 2096 confugiunt,
3819 2020 3889 2076 et
3929 2012 3985 2077 ai
4028 2010 4221 2078 casti·

2269 2114 2426 2179 gare
2487 2095 2664 2178 ipsos
2720 2103 2990 2179 propter
3046 2107 3312 2179 peccata
3367 2096 3531 2163 velit
3594 2119 3739 2164 sese
3794 2097 3919 2181 ipsi
3986 2108 4221 2181 sponte

2270 2179 2654 2247 subiicient:
2704 2201 2913 2265 neque
2954 2182 3254 2248 inimicos
3298 2178 3422 2249 sibi
3450 2202 3562 2249 eos
3606 2183 4012 2250 arbitrantur
4056 2201 4220 2266 quos

2267 2266 2451 2332 Deus
2496 2267 2654 2349 ipsis
2713 2267 2973 2333 reiectis
3016 2266 3272 2348 evehat,
3330 2269 3444 2334 sed
3504 2268 3587 2334 ab
3645 2269 3727 2334 iis
3784 2267 4221 2335 humanitatis

2264 2351 2482 2418 officia
2526 2353 3018 2436 exspectabunt.
3079 2352 3416 2420 Obstinati
3461 2375 3617 2421 vero
3662 2364 3889 2420 contra
3934 2363 3999 2420 et
4043 2373 4224 2419 arro-

2263 2448 2496 2523 gantes
2540 2440 2921 2505 vehementi
2980 2439 3200 2506 furore
3256 2450 3323 2505 et
3374 2441 3915 2508 excandescentia
3958 2448 4224 2524 pertur-

2264 2526 2528 2608 bantur,
2588 2531 2654 2590 et
2712 2535 2902 2591 extra
2944 2527 3220 2591 rationis
3264 2528 3578 2594 terminos
3621 2527 3967 2593 exsiliunt:
4026 2535 4221 2609 atque

2261 2631 2455 2676 omne
2521 2610 2874 2678 discrimen
2941 2612 3132 2694 aequi
3214 2613 3497 2697 bonique
3566 2612 3895 2680 sublatum
3964 2611 4221 2679 volunt.

2263 2695 2426 2765 Saul
2492 2696 2698 2780 igitur
2766 2699 2887 2764 hoc
2953 2697 3092 2764 loco
3163 2697 3349 2765 nobis
3430 2700 3767 2784 exemplar
3829 2697 4222 2782 proponitur

2261 2800 2491 2849 eorum
2539 2804 2702 2867 quos
2746 2785 2931 2849 nulla
2977 2784 3190 2869 tangit
3246 2786 3653 2866 poenitentia
3696 2785 4217 2851 malefactorum:

2262 2877 2329 2935 et
2374 2868 2694 2937 adversus
2728 2868 2858 2936 Dei
2903 2870 3364 2956 castigationes
3398 2871 3675 2955 cupiunt
3717 2871 3797 2937 ab
3843 2869 4218 2935 hominibus

2261 2956 2532 3041 clypeos
2607 2956 2833 3023 obiici:
2902 2975 3119 3039 neque
3176 2956 3279 3022 sui
3344 2956 3546 3022 ullam
3606 2957 3927 3021 rationem
3986 2953 4217 3020 haberi

2261 3051 2521 3127 putant,
2571 3043 2698 3108 nisi
2737 3042 3055 3111 adversus
3076 3042 3295 3108 Deum
3344 3044 3747 3129 insurgatur,
3793 3050 3859 3107 et
3894 3040 4217 3107 adversus

2262 3148 2523 3195 omnem
2571 3129 2989 3214 aequitatem.
3080 3127 3524 3212 Quamobrem
3587 3127 3935 3212 diligenter
3978 3126 4217 3192 animis

2262 3214 2506 3281 nostris
2544 3214 2706 3282 haec
2751 3213 3050 3281 doctrina
3094 3214 3429 3300 infigenda
3472 3224 3588 3294 est,
3647 3224 3724 3278 ut
3765 3213 3820 3278 si
3866 3212 4053 3278 Deus
4096 3231 4217 3277 nos

2261 3304 2586 3386 castigare
2643 3302 2943 3378 voluerit,
3003 3323 3091 3368 ne
3144 3301 3487 3367 hominum
3549 3300 3866 3367 auxilium
3914 3307 3979 3364 et
4029 3298 4214 3363 favo-

2261 3407 2401 3453 rem
2445 3387 2891 3471 implcremus,
2945 3388 3042 3454 sic
3084 3397 3161 3453 ut
3217 3388 3286 3452 in
3332 3387 3536 3453 nostri
3596 3385 3880 3471 gratiam
3925 3405 4067 3451 sese
4109 3383 4213 3448 in-

2258 3473 2671 3539 humanitate
2716 3482 2783 3539 et
2835 3473 3161 3540 iniustitia
3205 3472 3529 3556 polluant;
3590 3482 3659 3537 et
3713 3478 3942 3538 contra
3998 3470 4102 3535 ius
4147 3476 4214 3534 6ι

2259 3579 2540 3644 aequum
2588 3560 2906 3624 auxilium
2967 3558 3156 3625 nobis
3197 3560 3432 3639 ferant,
3491 3568 3559 3623 et
3600 3557 3785 3622 Deus
3843 3557 4217 3622 offendatur

2261 3656 2328 3711 et
2395 3645 2476 3710 ad
2540 3648 2707 3711 iram
2776 3655 3194 3730 provocetur.
3284 3643 3417 3711 Sed
3485 3643 3776 3710 contenti
3835 3643 4040 3709 simus
4102 3662 4216 3708 eos

2260 3732 2507 3798 nostris
2553 3731 2745 3798 malis
2785 3733 2978 3808 affici,
3040 3732 3151 3815 qui
3197 3745 3459 3796 nostrae
3504 3730 3734 3796 salutis
3766 3729 3987 3812 cupidi
4033 3735 4210 3806 sunt,

2259 3827 2328 3884 et
2365 3838 2483 3902 pro
2521 3818 2774 3883 viribus
2797 3838 2939 3883 eam
2980 3825 3351 3901 procurant.
3400 3816 3522 3894 Ne,
3566 3817 3859 3899 inquam,
3906 3825 4210 3899 optemus

2260 3906 2328 3969 in
2374 3905 2580 3970 nostri
2625 3905 2908 3990 gratiam
2954 3904 3255 3968 homines
3301 3903 3564 3986 iniquae
3609 3922 3841 3969 causae
3886 3901 4208 3967 defensio·

2261 4012 2410 4056 nem
2455 3991 2804 4075 suscipere,
2851 4001 2915 4055 et
2963 3989 3279 4056 adversus
3323 3990 3541 4054 Deum
3587 3988 4065 4053 contumaciter
4108 3985 4209 4051 in-

2259 4096 2565 4161 surgere:
2610 4077 2723 4143 sed
2772 4074 3025 4160 placide
3069 4075 3235 4142 colla
3281 4073 3524 4139 divinis
3569 4074 3823 4139 iudiciis
3868 4071 4210 4140 submitta-

2258 4184 2427 4228 mus.
2476 4161 2655 4243 Quin
2700 4163 2834 4228 imo
2881 4161 3100 4229 Saulis
3144 4162 3327 4226 furor
3371 4161 3439 4224 in
3486 4161 3630 4225 istis
3678 4159 3891 4224 verbis
3936 4165 4207 4240 apparet

2259 4250 2564 4326 maxime,
2608 4268 2808 4330 quum
2852 4247 3065 4311 filium
3110 4267 3300 4312 suum
3351 4246 3787 4311 Ionathanum
3834 4244 3927 4308 ait
3971 4242 4203 4308 adver·

2259 4356 2405 4400 sum
2452 4353 2523 4399 se
2568 4336 2963 4401 coniurasse.
3011 4332 3145 4398 Sed
3183 4354 3422 4414 quaeso
3461 4353 3663 4417 quare
3687 4332 3869 4395 Deus
3891 4326 4202 4394 Ionatha-

2259 4443 2415 4486 num
2462 4418 2716 4485 movit?
2780 4418 2931 4498 Sed,
2988 4439 3247 4501 quaese,
3309 4419 3516 4484 fuitne
3559 4417 3969 4482 Ionathanus
4016 4413 4207 4497 perfi-

2259 4506 2528 4572 diosus?
2577 4505 2766 4587 Quae
2790 4507 2911 4570 fuit
2949 4506 3159 4588 ipsius
3181 4506 3495 4570 adversus
3519 4514 3772 4586 patrem
3798 4498 4205 4564 coniuratio?

2258 4593 2494 4676 quibus
2540 4590 2935 4658 factionibus
2980 4607 3234 4674 patrem
3271 4591 3351 4656 de
3386 4609 3588 4675 regno
3635 4588 3910 4652 deiicere
3932 4602 4202 4650 conatus

2258 4678 2403 4745 est?
2466 4678 2789 4744 Davidem
2851 4679 3145 4762 profecto
3204 4677 3606 4741 laborantem
3663 4674 3850 4748 iuvit,
3910 4681 3977 4736 et
4029 4671 4204 4734 vitae

2255 4765 2463 4849 ipsius
2501 4786 2577 4831 ac
2613 4764 2813 4847 capiti
2836 4764 3182 4844 consuluit,
3227 4765 3411 4827 cuius
3434 4760 3628 4825 fidem
3653 4770 3718 4824 et
3763 4756 4204 4822 innocentiam

2256 4852 2416 4917 satis
2462 4850 2910 4935 cognoscebat,
2971 4859 3037 4915 et
3082 4859 3403 4932 quantum
3452 4846 3576 4929 ipsi
3621 4845 3702 4908 ab
3748 4843 4046 4908 omnibus
4092 4841 4204 4907 de-

2256 4937 2524 5002 beretur
2568 4937 2831 5002 sciebat.
2880 4936 3229 5001 Praeterea
3276 4954 3404 4997 non
3450 4930 3792 5015 ignorabat
3837 4950 3875 4993 a
3912 4929 4056 4993 Deo
4104 4948 4202 4992 rc·

2255 5043 2406 5108 gem
2454 5022 2904 5107 designatum:
2952 5040 3028 5086 ac
3072 5017 3347 5103 proinde
3390 5018 3633 5084 sciebat
3677 5038 3748 5081 se
3779 5015 3906 5081 Dei
3945 5015 4204 5079 decreto

2257 5129 2473 5191 neque
2534 5129 2726 5192 posse
2785 5129 2993 5191 neque
3069 5106 3302 5171 debere
3361 5103 3827 5170 contradicere.
3932 5102 4203 5166 Lubens

2257 5195 2476 5277 itaque
2519 5215 2590 5259 ae
2651 5194 2781 5259 Dei
2838 5193 3097 5258 iudiciis
3143 5189 3490 5269 submittit,
3550 5198 3617 5253 et
3661 5208 3937 5253 coronae
3997 5186 4204 5269 digni-

2260 5290 2465 5347 tatem
2510 5299 2710 5365 quam
2756 5281 3051 5346 obtinere
3096 5279 3505 5343 successione
3546 5283 3821 5358 poterat,
3867 5275 4038 5338 ultro
4076 5272 4206 5335 Da-
