5059 6059
360 308 497 376 m

361 499 555 566 annis
612 498 889 585 loquuti,
960 499 1379 580 conveniunt,
1435 500 1654 568 Deum
1706 500 1779 566 in
1820 500 2124 568 omnibus
2167 500 2304 570 suis

363 585 659 653 consiliis
723 606 865 652 esse
930 585 1514 670 perfectissimum:
1577 595 1777 670 atque
1840 587 2001 653 adeo
2066 607 2187 653 nos
2245 585 2303 653 si

364 672 660 756 penitius
716 691 913 755 quam
970 671 1167 738 liceat
1206 673 1347 738 eius
1388 684 1640 739 secreta
1681 672 1963 740 scrutari
2003 691 2303 757 suscepe-

360 759 596 841 rimus,
635 758 708 822 in
751 759 1143 824 immensam
1186 758 1496 843 abyssum
1540 759 1909 825 demersum
1954 758 2058 843 iri,
2103 768 2172 825 et
2213 759 2301 823 la·

1725 311 1825 379 IN
1868 313 1925 378 I.
1971 310 2153 380 LIB.
2199 310 2605 382 SAMUEL.
2653 314 2853 382 OAP.
2900 315 2989 382 11.

4225 317 4356 385 294

2926 507 3423 590 HOMILIA
3466 506 3847 591 SEXTA.

2579 640 2641 707 4.
2703 645 2914 709 Arcus
2954 642 3294 708 valentium
3336 648 3668 723 superatus
3710 650 3817 728 est,
3862 649 3922 711 et
3961 646 4208 729 infirmi
4251 667 4357 714 ac·

2408 728 2596 794 cincti
2659 733 2809 793 sunt
2874 728 3105 794 robore.
3192 726 3254 793 5.
3326 727 3616 794 Saturati
3679 730 3751 795 ob
3804 752 4039 813 panem
4100 753 4353 814 operam

360 841 756 928 byrinthnm
810 845 1220 927 ingressuros
1264 866 1352 908 ex
1392 865 1520 927 quo
1568 844 1789 911 nullus
1830 844 2024 912 detm-
2066 845 2302 912 exim,
2407 833 2596 879 suam
2651 814 2896 880 locant:
2949 813 3231 895 fameliei
3289 819 3491 878 autem
3548 816 3878 882 desinunt.-
3932 819 4087 885 odeo
4128 823 4199 883 ut
4238 824 4356 884 ste-

364 927 543 996 Snnt
587 929 760 995 enim
806 929 1193 996 admiranda
1234 927 1365 1000 Dei
1407 950 1625 1015 opera,
1666 930 1803 996 imo
1845 931 1985 1015 ipse
2024 931 2172 997 fons
2206 938 2307 996 est

362 1016 588 1082 omnis
628 1016 1025 1099 sapientiae:
1091 1015 1467 1099 sapientiae,
1508 1015 1798 1099 inquam,
1842 1036 2012 1099 quae
2046 1036 2307 1086 omnem

362 1101 729 1167 humanum
796 1111 1058 1184 captum
1123 1113 1409 1183 superet,
1475 1111 1668 1185 atque
1725 1101 1887 1169 adeo
1938 1123 2138 1185 quam
2181 1101 2306 1185 ipsi

364 1187 587 1271 angeli
653 1187 1034 1270 suspiciunt.
1122 1185 1294 1269 Quis
1357 1188 1537 1254 enim
1600 1187 1863 1272 singula
1928 1187 2055 1254 Dei
2111 1207 2310 1272 opera

363 1271 751 1356 expendens
824 1273 892 1339 in
973 1294 1117 1339 sese
1194 1294 1325 1338 non
1390 1274 1706 1340 obruatur
1770 1273 2163 1352 confusione,
2252 1274 2308 1340 si

362 1371 591 1426 mente
633 1379 704 1426 se
749 1368 1255 1442 assequuturum
1291 1358 1408 1425 illa
1442 1357 1705 1442 speret?
1750 1358 2133 1425 Meditanda
2170 1360 2311 1443 qui-

364 1445 517 1512 dem
576 1443 694 1512 illa
750 1465 909 1510 sane
952 1456 1109 1510 sunt
1151 1444 1357 1525 nobis,
1415 1444 1529 1511 sed
1575 1466 1911 1528 nunquam
1958 1445 2120 1511 adeo
2161 1466 2309 1528 per-

362 1533 539 1598 fecte
580 1530 651 1595 id
695 1532 990 1596 futurum
1034 1540 1155 1610 est,
1218 1541 1293 1596 ut
1333 1531 1744 1614 singulorum
1788 1531 2090 1597 notitiam
2132 1550 2306 1598 asse-

366 1638 689 1703 quamur:
738 1629 1191 1684 verumtamen
1236 1614 1598 1683 sciendum²
1630 1619 1825 1683 etiam
1871 1638 1965 1695 ea,
2012 1616 2117 1682 vel
2162 1628 2307 1682 tan-

363 1704 587 1770 tillum
646 1726 687 1768 a
743 1701 933 1768 nobie
988 1702 1287 1781 delibata,
1353 1704 1711 1770 maximam
1758 1702 2104 1768 utilitatem
2149 1701 2306 1769 alla·

363 1800 551 1855 tura:
599 1788 943 1871 Deumque
990 1789 1176 1855 nobis
1218 1810 1301 1854 ex
1343 1789 1476 1854 illis
1518 1788 1625 1854 sui
1656 1787 2066 1873 glorificandi
2108 1789 2310 1854 maxi-

366 1897 555 1942 mum
610 1885 1071 1958 argumentum
1131 1874 1595 1958 praebiturum,
1652 1886 1850 1957 atque
1905 1875 2086 1940 omni
2131 1872 2308 1940 fastu

365 1973 440 2029 et
484 1961 859 2044 arrogantia
903 1960 1214 2043 deposita,
1262 1981 1389 2043 qua
1434 1961 1821 2043 plerumque
1855 1960 2100 2044 turgidi
2136 1981 2308 2026 mor-

367 2047 537 2114 tales
578 2068 719 2112 sese
761 2067 959 2129 supra
1005 2047 1181 2130 ipsos
1216 2046 1483 2129 angelos
1517 2046 1819 2125 efferunt,
1865 2067 2017 2114 cum
2052 2067 2312 2111 summa

366 2133 690 2202 modestia
726 2143 799 2198 et
842 2133 1047 2198 animi
1092 2131 1484 2199 demissione
1520 2132 1728 2216 ipsius
1763 2132 2096 2198 adorandi.
2187 2135 2309 2196 At-

362 2242 499 2305 que
554 2219 707 2285 hinc
764 2220 1187 2301 conspicuum
1246 2229 1365 2295 est,
1425 2239 1631 2301 quum
1689 2219 2012 2302 scriptura
2056 2217 2138 2283 de
2182 2216 2310 2283 Dei

357 2306 692 2389 sapientia
757 2306 1063 2387 loquitur,
1152 2323 1431 2386 eumque
1489 2305 2034 2387 omnisapientem
2100 2313 2309 2383 vocat,

356 2414 498 2459 non
569 2391 744 2474 loqui
818 2401 1075 2456 tantum
1131 2388 1215 2456 de
1270 2389 1595 2474 sapientia
1648 2411 1816 2473 quae
1870 2391 1939 2455 in
1989 2391 2128 2455 Deo
2172 2390 2310 2456 solo

355 2478 612 2555 haeret,
678 2477 791 2542 sed
858 2497 1025 2559 quae
1089 2497 1230 2541 sese
1294 2476 1366 2540 in
1431 2476 1734 2548 omnibus
1802 2477 1944 2542 eius
2006 2475 2311 2559 operibus

356 2563 694 2648 patefacit.
781 2561 1006 2644 Quum
1060 2562 1269 2644 igitur
1328 2574 1585 2644 praeter
1643 2561 1985 2626 hominum
2044 2583 2313 2645 exspec-

354 2651 679 2716 tationem
725 2648 967 2732 aliquid
1027 2648 1370 2731 contingit,
1437 2659 1553 2712 aut
1608 2668 1795 2712 suam
1844 2648 2025 2712 Deus
2083 2659 2311 2731 poten-

356 2738 528 2802 tiam
590 2736 853 2814 exserit,
909 2754 1106 2817 quam
1160 2746 1384 2799 tamen
1441 2733 1601 2798 satis
1645 2732 2136 2817 apprehendere
2182 2755 2310 2799 non

354 2842 735 2906 possumus,
802 2820 999 2885 huius
1066 2818 1400 2886 doctrinae
1463 2840 1803 2898 memores,
1867 2818 1962 2883 sic
2029 2818 2141 2884 illa
2188 2818 2313 2884 Dei

354 2929 564 2992 opera
585 2907 1006 2990 admiremur,
1044 2915 1121 2970 ut
1151 2907 1219 2970 in
1257 2906 1558 2971 omnibus
1598 2905 1812 2989 ipsum
1836 2905 2311 2990 glorificemus:

354 3016 437 3061 ac
494 2994 646 3059 licet
689 3013 952 3058 omnem
995 3003 1295 3058 nostrum
1339 3002 1601 3074 captum
1646 3003 1713 3056 et
1754 3011 1937 3073 spem
1984 3001 2313 3073 superent,

358 3102 537 3164 quae
599 3079 715 3144 illo
780 3077 945 3143 duee
1000 3078 1424 3160 suscipimus,
1489 3076 1655 3142 adeo
1709 3077 1973 3160 quidem
2021 3088 2095 3142 ut
2138 3077 2313 3143 unde

354 3167 681 3232 faciamus
737 3165 1000 3229 initium
1060 3164 1292 3230 incerti
1351 3165 1577 3241 simus,
1612 3183 1715 3236 2ac
1772 3163 2038 3246 penitus
2080 3185 2312 3230 caecu-

356 3254 641 3318 tiamus:
687 3250 811 3316 hoc
857 3249 1045 3314 nobis
1088 3249 1372 3316 sufficiat
1414 3251 1468 3314 si
1516 3249 1728 3331 ipsum
1774 3248 1986 3315 solum
2034 3250 2314 3315 omnisa-

356 3340 655 3421 piemtem
718 3357 858 3402 esse
923 3336 1118 3400 firma
1183 3348 1251 3401 et
1313 3336 1641 3402 constanti
1702 3334 1828 3399 fide
1884 3337 2309 3402 tenuerimus.

356 3425 458 3491 Et
515 3420 1037 3506 quandoquidem
1096 3421 1235 3504 ipse
1279 3422 1459 3486 Deus
1514 3429 1616 3485 est
1671 3420 2114 3500 scientiarum,
2178 3420 2310 3487 dis·

354 3531 592 3577 camus
636 3508 927 3574 modeste
970 3507 1051 3572 de
1096 3506 1283 3574 nobis
1327 3507 1687 3573 sentientes
1734 3528 1850 3572 nos
1888 3519 2111 3573 nostro
2148 3506 2312 3590 pede

354 3596 603 3676 metiri,
662 3616 739 3659 ac
784 3604 1077 3658 nostram
1121 3614 1270 3660 cum
1315 3594 1522 3675 ipsius
1568 3594 1891 3675 sapientia
1933 3612 2311 3677 comparare

354 3693 773 3748 metuamus:
828 3678 943 3745 sed
986 3679 1128 3744 eius
1170 3679 1644 3763 omnipotentia
1688 3678 1841 3744 freti
1886 3680 2170 3745 sciamus
2213 3681 2309 3762 ip-

355 3790 511 3835 sum
555 3786 986 3850 quaecunque
1031 3765 1334 3847 promisit
1375 3775 1443 3830 et
1486 3785 1647 3846 quae
1685 3764 1766 3830 ad
1807 3777 2095 3830 nostram
2133 3765 2310 3831 salu-

360 3863 502 3919 tem
537 3874 677 3920 esse
713 3852 1083 3919 necessaria
1114 3850 1502 3935 cognoverit
1534 3851 1983 3935 impleturum,
2029 3851 2310 3934 denique

360 3939 569 4006 etiam
623 3950 883 4021 praeter
939 3937 1314 4020 opinionem
1375 3958 1492 4020 pro
1549 3937 1737 4002 nobis
1770 3937 1993 4001 omnia
2034 3937 2310 4019 praesti-

356 4033 608 4092 turum.

542 4110 740 4194 Agite
774 4130 951 4189 vero,
997 4108 1254 4186 fratres,
1296 4127 1518 4174 coram
1564 4108 1690 4171 Dei
1735 4106 1892 4191 Opt.
1942 4107 2120 4171 Max.
2170 4127 2308 4171 ma-

349 4198 593 4263 iestate
638 4194 965 4280 supplices
1006 4195 1162 4259 facti
1206 4195 1729 4278 procumbamus,
1774 4214 1851 4259 ac
1894 4198 2162 4278 peccata
2202 4214 2309 4259 co·

351 4303 509 4349 ram
574 4283 715 4364 ipso
779 4282 1165 4348 confitentes
1229 4300 1569 4364 precemur
1636 4292 1709 4343 ut
1774 4301 1892 4346 nos
1953 4281 2161 4345 sancti
2205 4282 2307 4346 sui

348 4369 636 4453 spiritus
695 4367 937 4433 virtute
997 4376 1201 4452 regat,
1269 4387 1395 4447 quo
1449 4365 1529 4430 ad
1586 4365 1799 4450 ipsum
1864 4386 1999 4431 non
2045 4373 2306 4430 tantum

352 4455 632 4521 veniam
690 4453 1099 4535 deprecaturi
1158 4451 1557 4528 accedamus,
1617 4451 1730 4516 sed
1792 4452 1916 4517 hac
1968 4462 2188 4518 mente
2231 4460 2308 4517 ut

356 4563 485 4606 nos
540 4549 709 4604 totos
763 4541 886 4622 ipsi
948 4536 1263 4620 regendos
1321 4539 1416 4604 sic
1458 4539 1933 4621 permittamus,
1992 4560 2074 4603 ne
2119 4538 2307 4603 nobis

351 4628 522 4711 ipsis
595 4637 711 4690 aut
770 4624 959 4690 vanis
1016 4622 1429 4707 opinionibus
1488 4625 1728 4689 nostris
1784 4624 2024 4690 addicti
2084 4625 2304 4701 simus,

350 4711 477 4779 sed
522 4711 797 4794 ipsemet
842 4732 960 4792 pro
1003 4731 1123 4775 suo
1171 4710 1442 4776 arbitrio
1476 4719 1663 4793 regat
1698 4730 1836 4794 nos,
1882 4708 2307 4793 suppeditans

354 4799 536 4864 dena
578 4819 697 4863 sua
740 4798 979 4879 quibus
1029 4804 1261 4861 natura
1297 4816 1563 4880 prorsus
1600 4798 1789 4862 vacui
1826 4817 2072 4870 sumus,
2118 4795 2308 4879 eique

352 4906 481 4970 pro
551 4884 715 4968 ipsis
757 4884 1037 4966 acceptis
1078 4882 1327 4966 gratias
1372 4882 1771 4947 immortales
1816 4902 2106 4965 agamus.
2194 4881 2306 4946 In-

354 4981 547 5036 terea
593 4991 748 5034 vero
794 4990 911 5034 nos
953 4987 1108 5033 suae
1148 4968 1475 5035 voluntati
1517 4969 1875 5033 conformes
1920 4968 2012 5032 ita
2046 4966 2306 5045 efficiat,

355 5065 439 5122 ut
503 5077 576 5121 re
622 5057 763 5138 ipsa
818 5076 936 5121 nos
981 5054 1053 5118 in
1097 5055 1382 5120 filiorum
1427 5054 1630 5137 ipsius
1675 5073 2024 5120 numerum
2070 5055 2306 5119 ascitos

352 5144 905 5221 demonstremus,
967 5161 1166 5225 quum
1214 5152 1464 5224 patrem
1508 5151 1807 5206 nostrum
1852 5141 2066 5224 ipsum
2112 5140 2304 5222 profi·

355 5239 603 5307 tamur,
652 5237 773 5293 etc.

2411 899 2560 966 rilis
2625 906 2856 982 septem
2907 901 3140 980 pariat
3216 903 3273 964 et
3338 899 3669 965 abundans
3728 901 3889 984 filiis
3945 906 4354 988 elonque-scat.

2410 986 2472 1051 6.
2521 985 2760 1052 Iehova
2802 990 2991 1051 mone
3033 983 3233 1066 afficit
3288 990 3344 1050 et
3387 987 3458 1051 in
3499 987 3693 1052 vitam
3733 989 4036 1054 restituit.-
4097 992 4360 1058 desinit

2410 1073 2481 1137 in
2516 1071 2869 1152 sepulcrum
2903 1075 2959 1136 et
2991 1070 3209 1136 educit.
3299 1071 3359 1135 7.
3399 1070 3626 1137 Iehova
3660 1074 4044 1154 depauperat
4074 1082 4131 1141 et
4162 1077 4358 1143 ditat:

2411 1158 2723 1241 deprimit,
2783 1157 2970 1222 etiam
3013 1156 3260 1222 extollit.
3350 1157 3408 1223 8.
3470 1156 3693 1241 Eripit
3734 1180 3767 1223 e
3797 1160 4057 1241 pulvere
4098 1167 4357 1239 tenuem,

2414 1264 2447 1310 e
2489 1241 2881 1325 sterquilinio
2914 1242 3147 1307 extollit
3179 1262 3449 1326 cymium,
3495 1244 3839 1310 collocando
3874 1266 4014 1312 cum
4048 1249 4357 1331 inqenuiS,

2413 1336 2470 1397 et
2507 1330 2800 1412 faciendo
2841 1334 2913 1393 ut
2953 1328 3179 1394 solium
3229 1327 3470 1412 qloriae
3514 1331 3924 1410 possideant.-
3976 1354 4128 1399 nam
4173 1332 4360 1398 Ieho-

2414 1436 2527 1480 vae
2583 1418 2730 1479 sunt
2779 1414 3067 1480 cardines
3110 1418 3334 1494 terrae,
3392 1412 3619 1495 quibu-s·
3661 1417 3960 1498 imposuit
4000 1418 4206 1484 orbem
4247 1419 4358 1488 ha-

2412 1500 2747 1566 bitabilem.

2587 1618 3039 1702 Quaecunque
3078 1641 3130 1685 s.
3176 1618 3502 1702 scriptura
3537 1618 3617 1684 de
3652 1620 3778 1686 Dei
3813 1624 4126 1703 potentia,
4172 1624 4359 1692 boni-

2416 1717 2571 1788 tate,
2633 1707 2895 1785 virtute,
2953 1704 3221 1781 iustitia,
3282 1706 3686 1789 caeterisque
3751 1708 4072 1774 eiusmodi
4117 1710 4359 1778 divinis

2415 1792 2775 1859 virtutibus
2818 1789 3167 1874 praedicat,
3210 1790 3517 1873 exiguam
3562 1812 3738 1868 sane,
3784 1792 3917 1858 imo
3961 1815 4166 1878 paene
4209 1797 4360 1862 nul-

2414 1881 2548 1947 lam
2607 1877 2960 1944 utilitatem
3021 1876 3209 1942 nobis
3263 1874 3612 1956 adferrent,
3671 1877 3800 1944 nisi
3844 1879 3926 1945 ad
3971 1901 4161 1948 usum
4207 1903 4360 1948 nos-

2417 1975 2596 2031 trum
2639 1965 3065 2043 referrentur,
3111 1963 3426 2044 nobisque
3471 1963 3803 2044 speciatim
3852 1965 4358 2048 applicarentur.

2415 2053 2608 2128 Nam,
2645 2048 2931 2131 exempli
2967 2048 3197 2131 gratia,
3232 2068 3434 2131 quum
3476 2048 3655 2114 Deus
3677 2051 3980 2134 optimus,
4017 2053 4364 2136 maximus,

2415 2136 2816 2204 iustissimus
2855 2134 3113 2212 dicitur,
3159 2133 3321 2200 haec
3355 2135 3664 2217 cogitatio
3700 2137 3833 2200 fere
3868 2137 3936 2201 in
3974 2159 4166 2203 auras
4201 2140 4361 2217 abit,

2416 2223 2550 2289 nisi
2583 2219 3130 2306 quemadmodum
3170 2218 3355 2286 Deus
3390 2240 3575 2284 suam
3597 2221 3937 2303 iustitiam,
3978 2226 4361 2306 potentiam,

2418 2309 2774 2375 bonitatem
2829 2305 2900 2370 in
2945 2305 3246 2372 homines
3287 2314 3555 2370 exserat
3596 2308 3933 2390 cognitum
3981 2310 4357 2378 habeamus.

2416 2395 2549 2461 Hic
2594 2393 2797 2478 igitur
2841 2391 3011 2456 duae
3053 2392 3340 2458 rationes
3382 2403 3855 2475 proponuntur,
3900 2393 3967 2458 in
4007 2395 4243 2477 quibus
4279 2419 4359 2463 ea

2418 2480 2610 2548 velut
2663 2479 2734 2544 in
2793 2479 3055 2561 speculo
3100 2477 3638 2560 contemplemur,
3684 2499 3918 2561 nempe
3963 2481 4088 2545 Dei
4133 2492 4360 2565 poten-

2420 2569 2581 2633 tiam
2625 2566 2695 2631 in
2731 2586 2806 2629 eo
2843 2564 3120 2646 positam
3156 2573 3231 2629 ut
3266 2562 3593 2647 deprimat
3627 2573 3695 2630 et
3730 2566 3968 2648 erigat:
4015 2565 4360 2650 deprimat,

2416 2654 2705 2736 inquam,
2766 2660 3149 2733 arrogantes
3206 2659 3273 2713 et
3327 2648 3662 2731 superbos,
3723 2672 3798 2717 ac
3856 2671 3999 2715 sese
4042 2655 4362 2720 adversus
4455 2696 4458 2699 -

2416 2740 2636 2823 ipsum
2695 2737 3074 2803 efferentes:
3141 2735 3413 2800 miseros
3458 2755 3616 2801 vero
3660 2748 3727 2802 et
3783 2737 4058 2803 afflictos
4118 2739 4362 2820 fideles,

2419 2847 2493 2890 ac
2543 2823 2742 2889 veluti
2788 2822 2918 2886 iam
2955 2822 3025 2885 in
3069 2822 3346 2903 pulvere
3390 2821 3694 2899 iacentes,
3736 2826 3947 2904 erigat
3983 2833 4050 2887 et
4085 2825 4359 2892 attollat.

2416 2909 2674 2976 Idcirco
2710 2909 2817 2974 hic
2842 2912 3038 2974 Anna
3072 2906 3408 2990 praedicat
3441 2907 3651 2990 primo
3687 2908 3843 2983 loco,
3883 2929 4108 2974 arcum
4148 2910 4365 2976 valen-

2418 2998 2588 3061 tium
2652 3004 3049 3078 superatum,
3128 2993 3426 3057 infirmos
3492 3005 3709 3057 autem
3777 2994 4099 3060 accinctos
4164 2996 4362 3063 fuisse

2418 3083 2668 3148 robore.
2757 3081 2866 3145 Ex
2931 3079 3166 3162 quibus
3226 3077 3606 3144 discendum
3651 3080 3962 3145 mortales
4004 3081 4363 3150 insolenter

2419 3167 2665 3250 aliquid
2702 3173 3086 3249 arrogantes
3121 3164 3268 3245 sibi,
3305 3165 3634 3247 gitantum
3672 3186 3856 3229 more
3878 3187 4020 3231 sese
4045 3166 4362 3234 adversus

2420 3254 2640 3319 Deum
2700 3255 2952 3328 efferre,
3019 3249 3134 3315 sed
3193 3259 3325 3314 tam
3384 3251 3704 3334 imparem
3749 3271 3892 3317 esse
3935 3272 4359 3336 congressum

2420 3349 2491 3405 ut
2550 3339 2812 3421 superbi
2872 3336 2980 3402 vel
3040 3337 3175 3402 solo
3221 3337 3384 3401 flatu
3428 3346 3874 3421 conterantur,
3935 3347 4002 3402 et
4048 3351 4362 3422 tanquam

2419 3447 2538 3490 vas
2604 3425 2800 3490 fictile
2865 3422 3351 3506 diffringantur.
3441 3421 3691 3493 Contra
3759 3444 3913 3489 vero
3979 3423 4222 3501 fideles,
4292 3426 4364 3491 in

2420 3522 2678 3577 tantum
2736 3509 3126 3575 calamitatis
3168 3519 3412 3574 statum
3460 3508 3754 3574 redactos
3799 3519 3872 3573 ut
3914 3511 4177 3591 penitus
4218 3531 4364 3577 cor-

2414 3597 2630 3664 ruisse
2675 3596 3042 3674 videantur,
3087 3595 3144 3659 si
3187 3595 3269 3657 ad
3315 3594 3534 3658 Deum
3575 3594 3747 3660 votis
3791 3593 4169 3662 ardentibus
4206 3618 4363 3663 eon-

2417 3682 2727 3766 fugerint,
2799 3690 3063 3765 potente
3117 3680 3322 3762 ipsius
3368 3700 3566 3744 manu
3611 3680 3777 3764 erigi
3820 3691 4018 3763 atque
4058 3683 4363 3748 corrobo-

2418 3770 2574 3834 rari.
2661 3769 2770 3833 En
2812 3767 3017 3852 igitur
3060 3768 3343 3832 rationes
3389 3764 3552 3831 duas
3596 3764 3760 3846 illas,
3820 3788 3983 3849 quas
4025 3789 4226 3850 supra
4268 3768 4362 3834 di·

2416 3855 2660 3934 ximus,
2727 3875 2811 3920 ex
2868 3852 3107 3936 quibus
3161 3850 3332 3934 quod
3391 3851 3691 3934 superius
3748 3853 3937 3937 attigi
3982 3853 4056 3917 fit
4098 3855 4354 3938 conspi-

2416 3961 2635 4024 cuum,
2679 3961 2827 4005 nem
2878 3960 2914 4003 e
2958 3959 3077 4003 nos
3121 3936 3201 4002 de
3249 3936 3372 4001 Dei
3409 3938 3901 4019 omnipotentia,
3949 3939 4049 4004 vel
4086 3941 4167 4005 ab
4208 3941 4356 4007 aliis

2416 4025 2662 4109 aliquid
2722 4047 2804 4091 au
2852 4025 3080 4102 ientes‚
3137 4022 3244 4089 vel
3286 4021 3412 4106 ipsi
3457 4024 3525 4086 in
3571 4023 3772 4089 sacris
3817 4023 4123 4108 legentes,
4166 4046 4355 4109 opor-

2414 4123 2555 4178 tere
2621 4111 2891 4177 eandem
2952 4110 3023 4174 in
3083 4108 3269 4174 nobis
3325 4108 3587 4188 intueri,
3656 4129 3738 4174 ne
3781 4111 4053 4175 otiosam
4096 4132 4239 4176 eam
4285 4113 4356 4176 in

2413 4196 2627 4276 coelis,
2675 4205 2749 4261 ut
2793 4194 3102 4279 Epicurei
3144 4194 3375 4274 solent,
3431 4195 3517 4258 im
3607 4195 3888 4276 inemur‚
3947 4216 4146 4278 quum
4191 4217 4358 4276 sese,

2414 4283 2538 4349 nisi
2598 4282 2863 4366 penitus
2918 4282 2988 4347 in
3048 4281 3263 4346 media
3306 4280 3452 4347 luce
3495 4301 3571 4346 ca
3598 4282 3870 4364 igemus‚
3928 4282 4063 4346 suis
4107 4281 4355 4348 effectis

2412 4370 2573 4435 satis
2630 4367 2992 4451 patefaciat.
3083 4368 3293 4433 Porro
3348 4366 3516 4448 quod
3577 4366 3684 4432 hic
3746 4367 3940 4431 validi
3986 4388 4060 4432 ac
4105 4366 4356 4433 robusfi

2410 4454 2738 4540 sagittarii
2781 4475 2930 4522 cum
2977 4453 3114 4519 suis
3180 4452 3462 4518 arcubus
3529 4451 3879 4533 superandi
3945 4463 4013 4516 et
4074 4452 4359 4517 confrin-

2410 4540 2613 4626 gendi
2670 4540 2995 4619 dicuntur,
3053 4559 3183 4604 non
3238 4540 3330 4602 ita
3387 4536 3904 4621 intelligendum,
4009 4537 4153 4603 uasi
4210 4538 4353 4603 Deo

2415 4629 2613 4695 robur
2672 4625 3023 4709 displiceat,
3089 4644 3289 4708 quum
3350 4626 3543 4689 robur
3601 4642 3675 4686 ac
3731 4624 3951 4688 fortitu
3999 4644 4036 4686 o
4092 4622 4181 4687 sit
4224 4622 4354 4688 Dei

2413 4712 2681 4792 donum,
2741 4732 2953 4794 neque
3011 4710 3137 4794 ipsi
3196 4731 3363 4793 quae
3419 4708 3790 4774 hominibus
3846 4709 4016 4774 dona
4073 4706 4351 4792 largitur

2414 4799 2819 4883 displiceant,
2895 4796 3007 4862 sed
3075 4795 3247 4880 quod
3315 4796 3419 4860 his
3483 4794 3702 4859 verbis
3767 4796 4144 4877 profiteatur
4208 4814 4351 4860 sese

2415 4887 2675 4951 unicum
2721 4904 2990 4949 suorum
3033 4904 3178 4948 esse
3223 4880 3547 4946 vindicem
3593 4891 3660 4944 et
3702 4887 4111 4956 assertorem,
4156 4889 4353 4963 atque

2413 4992 2573 5052 erga
2614 4970 2793 5053 ipsos
2836 4967 3168 5033 liberalem
3207 4977 3274 5032 et
3307 4966 3709 5031 munificum.
3768 4962 3862 5029 At
3889 4963 4127 5028 multos
4164 4963 4352 5032 bonis

2412 5057 2562 5123 istis
2617 5065 2886 5139 propter
2941 5055 3235 5119 animum
3293 5052 3624 5134 ingratum
3674 5051 3918 5133 privari
3962 5070 4153 5132 saepe
4197 5071 4351 5115 con-

2414 5141 2633 5226 tingit.
2723 5140 2915 5221 Nam,
3002 5138 3299 5215 obsecre,
3375 5155 3566 5218 quam
3636 5135 3824 5199 multi
3909 5135 4152 5201 viribus
4217 5136 4354 5202 suis

2400 5225 2801 5312 ‚superbiunt
2865 5237 2928 5290 et
2995 5220 3405 5310 gloriantur?
3474 5228 3669 5304 atque
3726 5222 3818 5285 ita
3875 5221 4032 5286 Deo.
4063 5220 4357 5288 debitum

3950 5321 4052 5377 19¹·
