5059 6059
259 340 360 409 709

254 527 602 597 voluntatem
658 542 841 588 suam
898 521 1181 607 exponit,
1238 530 1436 622 atque
1485 532 1780 588 nostram
1826 522 2112 606 adoptio-

254 632 375 681 nem
426 607 730 694 patefacit,
801 607 986 674 cuius
1043 618 1182 673 tam
1235 607 1503 674 evidens
1559 617 1623 673 et
1675 607 2112 675 indubitatum

253 697 639 765 testimonium
671 692 987 759 habemus
1016 694 1086 759 in
1110 693 1397 758 Domino
1418 701 1638 760 nostro
1657 693 1809 760 Iesu
1833 693 2115 773 Christo,

253 802 410 870 quem
458 799 570 864 pro
628 788 854 845 nostra
897 779 1418 845 reconciliatione
1457 778 1654 845 morti
1699 778 1985 859 tradidit,
2050 787 2119 844 et

250 867 489 954 quotidie
529 864 679 930 boni
724 864 931 950 patris
973 872 1194 949 partes
1233 865 1480 949 implet,
1524 874 1592 929 et
1634 864 1794 929 nihil
1839 866 1922 931 ad
1966 884 2113 930 nos·-

251 966 390 1019 tram
440 949 709 1016 salutem
771 953 1208 1016 necessarium
1268 951 1525 1029 omittit,
1583 949 1861 1034 denique
1911 969 2114 1033 quum

247 1033 674 1189 ἓίἓῃὲἑῖωέἓ
713 1036 1928 1205 ,ῗηῗῗωξᾚίἒέἐζῗεωῖἑᾚ
1968 1036 2115 1185 0¹33

247 1206 358 1276 Sed
397 1207 559 1272 hunc
599 1205 917 1290 populum
963 1216 1230 1290 propter
1268 1206 1790 1273 incredulitatem
1832 1207 2118 1291 oportuit

246 1294 560 1360 tonitruum
605 1289 877 1356 vocibus
920 1292 1209 1371 excitari,
1253 1302 1320 1357 et
1351 1292 1628 1376 quodam
1663 1301 1839 1357 metu
1883 1291 1966 1357 ad
2008 1312 2117 1356 au-

243 1376 514 1444 diendum
555 1375 819 1459 impelli.
866 1374 1045 1443 Sane
1087 1376 1232 1461 lege
1255 1379 1377 1444 Dei
1422 1396 1616 1462 quam
1658 1386 2038 1461 acceperant
2080 1395 2120 1440 a

243 1465 402 1529 Mose
438 1471 504 1526 et
555 1461 827 1544 reliquis
878 1461 1235 1548 prophetiis
1276 1463 1422 1530 illos
1462 1463 1674 1546 magis
1715 1482 1907 1546 quam
1949 1460 2118 1527 toni-

244 1547 442 1614 trubus
498 1546 838 1629 oportebat
896 1549 1320 1614 commoveri:
1386 1550 1496 1615 sed
1561 1550 1657 1614 ita
1719 1548 1884 1615 solet
1935 1549 2119 1613 Deus

241 1654 364 1699 cum
400 1631 672 1715 stupidis
714 1639 782 1697 et
821 1632 1191 1699 amentibus
1229 1632 1597 1700 hominibus
1638 1652 1860 1718 agere:
1902 1653 2123 1717 quem-

243 1716 554 1784 admodum
610 1717 998 1783 nominatim
1043 1717 1211 1802 apud
1257 1718 1521 1784 Esaiam
1565 1719 1942 1802 prophetam
1986 1718 2122 1784 Do-

239 1805 430 1869 minus
481 1802 790 1884 minatur,
853 1823 923 1868 se
979 1803 1205 1888 lingua
1261 1805 1605 1888 peregrina
1661 1812 1729 1869 et
1791 1804 2125 1889 incognita

240 1887 518 1973 populum
579 1887 1084 1971 alloquuturum,
1149 1909 1347 1972 quam
1411 1889 1705 1973 populns,
1781 1902 2125 1973 propterea

239 1973 382 2057 quod
433 1973 735 2056 stupidus
790 1971 1003 2040 factus
1045 1974 1132 2040 sit
1176 1992 1304 2039 non
1351 1974 1438 2040 sit
1479 1974 1953 2042 intellecturus:
2012 1996 2125 2040 ne-

239 2079 343 2142 que
393 2058 583 2123 etiam
649 2059 704 2124 si
771 2058 1078 2125 doceatur
1140 2058 1466 2142 alphabeti
1528 2060 1741 2144 prima
1804 2060 2125 2126 elementa

237 2144 410 2226 possit
457 2144 744 2210 edoceri:
803 2144 916 2211 sed
975 2143 1056 2209 ad
1101 2143 1272 2210 idem
1312 2165 1571 2229 semper
1611 2155 2000 2224 revertatur,
2057 2156 2126 2211 et

238 2229 300 2292 in
359 2227 575 2295 eadem
649 2230 1018 2313 ignorantia
1095 2239 1483 2313 perseveret.
1591 2229 1849 2312 Quibus
1908 2230 2127 2297 verbis

237 2313 394 2379 Deus
429 2314 745 2398 populum
801 2314 1127 2381 iudaicum
1184 2317 1422 2381 acriter
1460 2315 1896 2399 reprehendit,
1955 2316 2125 2400 quod

233 2398 363 2464 licet
420 2402 578 2465 eatis
639 2410 864 2483 aperte
930 2401 1341 2466 voluntatem
1407 2420 1588 2466 suam
1651 2401 1722 2467 in
1789 2401 1987 2468 verbo
2053 2410 2119 2467 et

233 2484 355 2568 lege
401 2504 516 2550 sna
574 2485 703 2568 ipsi
747 2486 1169 2569 patefecisset,
1225 2493 1447 2550 tamen
1505 2498 1769 2570 propter
1811 2486 2124 2552 malitiam

230 2579 284 2634 et
329 2569 531 2636 cordis
579 2569 890 2635 duritiem
949 2570 1114 2636 nihil
1157 2571 1224 2636 in
1270 2591 1348 2636 ea
1387 2571 1993 2655 comprehenderet:
2051 2592 2126 2639 ac

231 2654 496 2721 minatur
547 2664 894 2738 propterea
949 2655 1085 2721 fore
1120 2663 1194 2720 nt
1234 2655 1461 2740 lingua
1504 2658 1752 2724 exotica
1793 2658 1937 2723 illos
1975 2657 2129 2723 allo-

230 2750 444 2820 quatur
504 2742 590 2805 ad
667 2741 979 2806 maiorem
1037 2741 1658 2807 condemnationem.
1764 2743 1894 2808 Hic
1973 2764 2125 2808 vero

231 2822 393 2890 Deus
430 2825 801 2892 intonuisse
844 2826 1098 2906 dicitur,
1151 2835 1495 2974 postquam
1538 2826 1845 2911 populum
1889 2827 2126 2894 allocu-

232 2918 322 2974 tus
358 2920 541 2976 esset.
635 2910 812 2993 Quid
855 2911 951 2977 ita
993 2931 1150 2977 vero
1272 2910 1462 2993 Quod
1505 2914 1813 2978 nimirum
1858 2913 2125 2980 verbum

229 2995 426 3077 ipsius,
497 2997 682 3061 omni
751 2996 1119 3062 reverentia
1184 3005 1252 3062 et
1324 2997 1573 3063 honore
1649 2998 2123 3082 excipiendum,

231 3079 634 3147 nihilominus
699 3081 1011 3148 oblivioni
1077 3083 1382 3148 tradituri
1445 3097 1696 3148 essent:
1775 3096 1971 3167 atque
2031 3085 2127 3150 ita

229 3184 467 3231 necesse
528 3168 733 3233 fuerit
785 3167 1002 3234 Deum
1063 3168 1211 3233 illos
1266 3169 1606 3251 peregrina
1661 3169 1933 3252 quadam
1999 3168 2126 3234 alia

230 3250 475 3332 ratione,
516 3259 836 3334 tanquam
891 3253 1146 3333 bestias,
1200 3273 1367 3337 quae
1409 3262 1740 3319 terrentur
1783 3264 2123 3337 tempesta·

229 3333 395 3415 tibus,
436 3337 862 3420 compellare:
907 3338 1075 3421 quod
1119 3357 1248 3403 vox
1292 3338 1627 3404 hominum
1671 3340 1918 3404 nullam
1954 3337 2126 3422 apud

227 3419 380 3501 ipsos
417 3421 694 3489 haberet
736 3425 1169 3502 autoritatem,
1212 3423 1326 3490 sed
1368 3434 1539 3489 esset
1579 3423 1852 3491 inutilis.
1940 3424 2124 3492 Deus

226 3502 417 3588 itaque
459 3506 752 3574 ostendit
792 3508 967 3574 hunc
1000 3508 1312 3592 populum
1344 3508 1687 3593 indignum
1724 3530 1885 3593 esse,
1929 3531 2121 3592 quem

229 3610 322 3653 ore
371 3612 487 3657 suo
546 3593 940 3676 alloquatur,
999 3601 1066 3658 et
1110 3592 1434 3661 Samuelis
1490 3606 1678 3678 regat
1730 3596 2122 3661 ministerio:

226 3675 727 3761 quandoquidem
769 3687 906 3743 tam
950 3676 1150 3744 durae
1192 3680 1465 3746 cervicis
1506 3682 1780 3764 populus
1815 3702 1940 3746 non
1977 3701 2123 3764 pos-

225 3770 307 3823 set
356 3761 434 3827 ad
500 3764 797 3829 officium
852 3782 928 3829 ea
990 3765 1245 3829 ratione
1302 3765 1566 3832 adduci:
1633 3777 1830 3850 atque
1885 3766 2126 3833 idcirco

228 3846 491 3913 tonitrua
547 3848 775 3914 edidit.
860 3847 1053 3915 Unde
1112 3849 1436 3933 discimus,
1505 3853 1644 3917 Deo
1711 3852 1890 3917 nobis
1953 3853 2123 3918 hanc

226 3932 594 3999 concedente
663 3934 942 4018 gratiam
1007 3942 1082 4000 ut
1145 3936 1349 4001 amice
1411 3956 1529 4002 nos
1597 3937 1977 4020 alloquatur,
2058 3947 2123 4001 et

227 4015 554 4084 voluntatis
609 4040 768 4085 suae
825 4020 1066 4086 claram
1124 4019 1592 4104 expositionem
1653 4024 1837 4086 nobis
1891 4043 2120 4106 propo-

226 4110 338 4179 nat,
385 4113 452 4167 et
508 4113 585 4170 ut
625 4106 724 4170 ita
764 4104 992 4185 dicam,
1049 4124 1462 4190 praemansos
1519 4107 1694 4172 eibos
1749 4109 1818 4172 in
1864 4129 1936 4173 os
1979 4109 2123 4173 inii-

226 4184 350 4270 ciat,
410 4208 580 4272 quos
638 4190 876 4255 melius
931 4210 1437 4274 concoquamns:
1503 4191 1779 4258 dandam
1840 4213 2118 4276 operam,

225 4278 286 4332 ut
334 4284 582 4341 tantam
627 4275 760 4340 Dei
819 4275 1172 4341 bonitatem
1215 4277 1456 4362 magni,
1510 4287 1589 4342 ut
1646 4276 1967 4354 debemus,
2026 4280 2118 4343 fa-

226 4355 464 4440 cientes,
507 4381 749 4427 sensus
789 4381 1017 4427 omnes
1059 4372 1317 4428 nostros
1359 4362 1754 4445 applicemus
1797 4364 1877 4428 ad
1920 4364 2120 4448 ipsius

226 4437 559 4511 doctrinam
598 4446 1103 4530 percipiendam,
1146 4456 1223 4512 ut
1255 4467 1525 4532 magnos
1557 4449 1626 4512 in
1664 4449 1869 4531 ipsius
1902 4450 2121 4515 schola

227 4544 581 4627 prqgressus
641 4530 988 4598 faciamus:
1046 4542 1428 4615 tantumque
1486 4534 1741 4617 pondus
1791 4532 1959 4635 apud
2006 4556 2121 4600 nos

227 4629 406 4692 ψειιιε
461 4616 742 4683 verbum
797 4616 1052 4696 habeat,
1105 4625 1182 4684 ut
1232 4619 1432 4683 nullis
1473 4619 1619 4684 aliis
1675 4619 1978 4684 subsidiis
2019 4620 2122 4685 in-

229 4693 578 4780 digeamus:
647 4703 791 4767 Deo
855 4703 1140 4786 loquenti
1204 4723 1460 4787 semper
1523 4708 1978 4771 assentiamur:
2055 4713 2123 4770 et

228 4780 350 4847 sine
428 4787 939 4854 contradictione
1039 4786 1354 4872 quidquid
1441 4788 1728 4856 docuerit
1813 4790 2121 4873 approbe-

229 4886 371 4969 mus.
455 4872 545 4937 Et
615 4873 746 4940 hoc
811 4874 878 4938 in
944 4874 1172 4957 primis
1230 4894 1314 4939 ex
1368 4875 1493 4942 hoc
1547 4875 1687 4941 loco
1730 4876 2121 4942 discendum.

231 4948 462 5047 Deinde
522 4957 1006 5025 observandum
1049 4958 1267 5025 Deum
1332 4968 1680 5039 tonantem,
1745 4970 1811 5027 et
1867 4960 2124 5039 fulgura

229 5041 689 5129 immittentem,
752 5044 919 5109 velle
973 5045 1113 5110 istis
1174 5045 1358 5111 velut
1421 5046 1869 5113 instrumentis
1934 5068 2122 5113 sunm

233 5125 478 5191 verbum
536 5130 609 5194 in
669 5130 910 5196 nostris
966 5128 1266 5196 cordibus
1322 5130 1704 5215 insculpere.
1792 5131 2014 5213 Quare
2066 5135 2124 5199 si

234 5202 377 5275 forte
443 5213 623 5280 Deus
688 5214 1004 5299 grandine
1061 5224 1267 5281 terras
1323 5215 1531 5296 feriat,
1600 5217 1834 5300 quibus
1887 5240 2125 5304 magna

1505 333 1603 400 IN
1647 331 1703 400 1.
1746 331 1926 400 Lm.
1970 331 2368 402 SAMUEL.
2410 333 2609 403 OAP.
2650 333 2812 401 ΧΠ.

4002 288 4129 398 710

2213 523 2577 589 calamitate
2633 528 2885 607 segetes
2940 520 3337 600 auferantur,
3395 534 3820 605 agnoscamus
3862 516 3931 583 id
3973 536 4129 586 con-

2213 610 2484 693 tingere,
2545 606 2715 691 quod
2773 627 2895 673 nos
2947 608 3091 673 Deo
3147 604 3385 671 dociles
3442 625 3573 671 non
3617 604 4124 690 praebuerimus.

2212 694 2303 759 Et
2357 694 2663 779 quoniam
2726 692 2956 760 surdas
3009 711 3198 758 aures
3253 690 3335 756 ad
3393 691 3530 757 eius
3588 690 3859 757 verbum
3904 690 4126 757 attuli-

2212 799 2381 863 mus,
2433 779 2581 844 ideo
2624 778 2824 862 pluat,
2881 787 3080 857 tonet,
3132 777 3424 861 fulguret
3465 775 3546 843 ad
3588 795 3709 843 nos
3753 775 4126 842 excitandos

2211 883 2472 931 necesse
2536 872 2666 930 est:
2732 861 3250 947 quandoquidem
3315 860 3447 927 leni
3509 860 3730 946 pluvia
3784 860 3968 927 verbi
4022 860 4128 927 sni

2213 948 2408 1015 corda
2475 959 2700 1015 nostra
2782 970 2911 1014 non
2980 955 3141 1015 sunt
3206 947 3491 1029 irrigata,
3571 957 3637 1013 et
3697 946 3780 1012 ad
3846 945 4125 1011 oblatam

2211 1035 2419 1119 ipsius
2461 1035 2737 1119 gratiam
2780 1033 3214 1120 recipiendam
3258 1052 3385 1098 non
3432 1041 3586 1099 sunt
3621 1033 3927 1109 emollita,
3971 1049 4125 1116 qno—-

2213 1121 2593 1204 tiescunque
2661 1119 2845 1186 Dens
2907 1119 2988 1185 ad
3048 1138 3167 1186 nos
3229 1117 3546 1186 docendos
3608 1119 3996 1203 magistrum
4060 1126 4129 1182 et

2215 1205 2544 1273 doctorem
2585 1206 2737 1290 agit.

2387 1291 2478 1356 Et
2552 1289 2632 1356 de
2694 1290 2839 1356 istis
2901 1290 3233 1357 hactenus.
3318 1291 3524 1357 Porro
3586 1310 3790 1374 quum
3857 1286 4127 1355 Samuel

2217 1376 2419 1442 dieat:
2484 1375 2811 1458 Numquid
2847 1395 2971 1442 non
3009 1376 3233 1442 messis
3270 1376 3462 1443 m
3503 1380 3597 1441 est
3632 1373 3861 1441 hodie?
3921 1373 4129 1459 regio-

2218 1482 2376 1528 num
2417 1461 2822 1527 observanda
2854 1469 2955 1527 est
2988 1460 3355 1528 diversitas.
3440 1461 3612 1525 Nam
3644 1461 3702 1526 si
3735 1459 4126 1527 Iudaeorum

2218 1547 2398 1631 regio
2452 1546 2618 1627 istis,
2670 1547 2740 1612 in
2797 1547 3029 1631 quibus
3084 1547 3382 1627 vivimus,
3438 1546 3667 1613 fuisset
3715 1546 3788 1610 in
3828 1543 4127 1610 omnibus

2221 1631 2470 1711 similis,
2536 1651 2669 1696 non
2733 1632 2959 1699 fuisset
3021 1652 3125 1698 res
3187 1651 3355 1699 nova
3411 1642 3480 1697 et
3533 1631 3835 1715 insolens,
3898 1629 4127 1696 messis

2221 1728 2514 1802 tempore
2568 1718 2855 1783 tonitrua
2896 1715 3124 1783 audiri.
3209 1717 3381 1783 Nam
3425 1737 3497 1783 ea
3541 1717 3922 1802 plerumque
3962 1724 4128 1780 tem-

2222 1811 2474 1886 pestate
2505 1800 2873 1887 frequentia
2905 1811 3065 1869 sunt
3096 1804 3409 1869 tonitrua:
3449 1824 3523 1869 ac
3554 1801 3823 1887 proinde
3858 1808 4127 1866 naturae

2221 1907 2356 1954 non
2397 1895 2612 1952 autem
2656 1888 2984 1967 miraculo,
3027 1887 3349 1973 adscripta
3388 1890 3664 1954 fuissent
3704 1896 3861 1953 tunc
3902 1894 4129 1952 exorta

2225 1975 2529 2039 tonitrua.
2616 1972 2839 2055 Quare
2913 1974 3192 2040 sciamus
3263 1976 3591 2059 regionem
3656 1973 3836 2039 illam
3899 1970 4129 2037 messis

2223 2067 2512 2142 tempore
2554 2079 2682 2124 non
2727 2059 2926 2125 fuisse
2967 2059 3310 2126 obnoxiam
3355 2080 3565 2142 neque
3605 2058 3862 2143 pluviis,
3918 2076 4132 2141 neque

2227 2144 2616 2223 tonitrubus,
2660 2143 2744 2209 ad
2785 2144 3036 2210 facilius
3079 2152 3290 2210 terrae
3330 2143 3661 2210 fruetuum
3698 2163 3977 2210 messem
4014 2142 4141 2210 col-

2224 2230 2269 2295 li
2316 2229 2570 2296 endam.
2656 2228 2916 2295 Pluisse
2977 2228 3238 2312 quidem
3296 2237 3444 2313 post
3484 2238 3841 2297 sementem
3886 2230 4141 2304 factam,

2227 2336 2266 2380 a
2352 2314 2608 2380 facilius
2650 2312 3044 2380 educendam
3086 2314 3267 2379 illam
3311 2336 3393 2380 ex
3428 2324 3633 2381 terra:
3677 2314 3910 2381 deinde
3944 2315 4140 2379 etiam

2227 2399 2466 2484 pluisse
2500 2398 2583 2464 ad
2617 2401 3063 2465 maturitatem
3096 2401 3353 2484 frugum
3391 2400 3847 2484 adiuvandam,
3891 2409 4138 2467 certum

2228 2493 2357 2551 est:
2400 2484 2512 2550 sed
2553 2484 2785 2550 messis
2826 2494 3115 2569 tempore
3149 2485 3437 2570 pluviam
3472 2493 3586 2551 aut
3620 2486 3908 2551 tonitrua
3941 2485 4139 2552 fuisse

2228 2592 2365 2635 rem
2428 2570 2808 2637 inusitatam
2872 2580 2941 2634 et
3000 2571 3386 2637 insolentem
3450 2571 3637 2638 facile
3691 2571 4139 2656 perspicimus.

2227 2656 2452 2738 Neque
2504 2656 2682 2721 enim
2735 2655 3002 2721 dubium
3059 2663 3179 2735 est,
3236 2656 3393 2739 quin
3437 2655 3703 2722 Samuel
3746 2656 3855 2722 hic
3896 2654 4137 2740 aliquid

2229 2761 2469 2806 novum
2520 2750 2589 2807 et
2628 2740 2960 2807 insolitum
3003 2762 3044 2806 a
3086 2742 3371 2808 Domino
3412 2742 3636 2807 iubeat
3676 2741 3981 2826 populum
4027 2761 4140 2806 ex-

2229 2836 2548 2909 spectare:
2586 2846 2713 2910 quo
2746 2833 3069 2891 terreatur
3104 2834 3170 2891 et
3199 2825 3271 2891 in
3308 2825 3801 2893 admirationem
3830 2828 4139 2912 rapiatur.

2230 2911 2398 2995 quod
2455 2913 2542 2976 sit
2599 2932 2763 2997 opus
2817 2910 3288 2977 admirandum.
3373 2912 3722 2978 Caeterum
3764 2912 3872 2978 hic
3913 2912 4141 2995 quaeri

2228 3003 2459 3080 potest,
2518 3016 2717 3081 quare
2775 2995 3042 3063 Samuel
3097 2996 3411 3063 adversus
3461 2997 3777 3081 populum
3820 3003 4137 3080 precetur,

2229 3093 2305 3147 ut
2358 3103 2399 3146 a
2435 3081 2721 3148 Domino
2764 3083 3168 3166 corripiatur,
3228 3102 3434 3165 quem.
3460 3083 3678 3165 potius
3718 3082 4139 3148 mediatorem

2229 3175 2297 3232 et
2346 3168 2840 3235 intercessorem
2896 3188 3035 3234 esse
3089 3188 3205 3252 pro
3260 3167 3498 3251 populo
3552 3166 3724 3251 apud
3780 3167 4140 3233 Dominum

2223 3252 2595 3404 &pffiffia
2628 3252 3166 3405 qussss'h‘dffffl
3189 3252 4141 3422 affliffffluifffiss‘fflpffi

2225 3422 2407 3489 Deus
2447 3423 2631 3490 verbi
2676 3424 2774 3489 sui
2818 3424 3148 3491 ministros
3190 3444 3332 3489 esse
3374 3423 3581 3489 voluit
3622 3423 3991 3489 auditorum
4034 3444 4139 3490 sa·

2221 3508 2380 3573 lutis
2437 3515 2502 3572 et
2554 3507 2856 3574 utilitatis
2897 3508 3168 3575 studiosi
3210 3518 3386 3588 sunt,
3445 3528 3717 3591 eamque
3758 3528 4141 3592 promovere

2222 3594 2514 3677 cupiunt,
2580 3613 2713 3658 non
2770 3602 3022 3676 oportet
3073 3595 3242 3677 ipsos
3300 3592 3698 3659 auditoribus
3751 3593 4021 3675 adulari,
4074 3606 4141 3660 et

2222 3681 2290 3743 in
2349 3678 2526 3746 vitiis
2584 3680 2930 3744 innutrire:
2996 3680 3109 3745 sed
3164 3680 3377 3763 potius
3436 3689 3511 3744 ut
3567 3680 3824 3761 saepius
3864 3679 4133 3747 scebant

2220 3765 2368 3830 illos
2422 3773 2489 3829 et
2544 3765 2894 3844 lancinent,
2964 3766 3503 3848 severitatemque
3559 3764 3928 3844 adhibeant,
4002 3785 4131 3849 qua

2221 3859 2589 3935 peccatores
2622 3850 2702 3915 ad
2739 3870 3003 3915 suorum
3038 3850 3344 3915 vitiorum
3379 3870 3641 3915 sensum
3663 3860 4128 3932 commoveant,

2221 3938 2289 4000 in
2359 3933 2591 4018 quibus
2664 3935 2946 4018 alioquin
3010 3942 3353 4001 stertentes
3410 3934 3714 4018 perirent.
3801 3933 4129 4016 Quemad-

2221 4019 2483 4085 modum
2517 4019 2719 4103 igitur
2752 4020 2895 4086 illos
2930 4020 3053 4086 Dei
3088 4019 3325 4085 iudicia
3346 4019 3735 4086 denunciare
3755 4020 3837 4086 iis
3858 4027 4126 4104 oportet,

2219 4106 2451 4188 quibus
2484 4125 2749 4172 necesse
2783 4114 2913 4171 est:
2947 4105 3041 4171 sic
3076 4106 3269 4170 etiam
3303 4105 3831 4171 comminationes
3870 4105 4126 4186 addere,

2220 4200 2288 4256 et
2319 4190 2816 4274 castigationum
2852 4189 3217 4256 divinarum
3252 4189 3662 4257 administros
3697 4211 3836 4285 esse
3857 4197 4126 4275 oportet,

2219 4295 2416 4358 quum
2482 4296 2612 4340 non
2667 4274 3037 4355 audiuntur,
3109 4286 3178 4340 et
3226 4277 3513 4360 ipsorum
3566 4277 3893 4343 doctrinae
3946 4274 4127 4341 locus

2220 4361 2442 4427 nullus
2485 4360 2888 4444 relinquitur.
2977 4360 3151 4429 Sane
3183 4382 3311 4426 non
3345 4361 3546 4428 fuisse
3582 4361 3769 4426 Elias
3803 4359 4125 4426 crudelem

2221 4448 2525 4547 affectum
2569 4455 2757 4512 extra
2797 4448 3301 4548 controversiam
3347 4454 3462 4523 est,
3507 4446 3587 4546 ad
3631 4445 3862 4529 populo
3905 4445 4128 4511 confu-

2221 4552 2493 4682 zm.
2518 4533 3048 4701 13‘3022‘530323.
3064 4529 4125 4702 hpffiuss'dssffiffiffitssiffisiss

2221 4705 2478 4784 caritas,
2553 4702 2634 4768 de
2688 4705 3018 4769 communi
3075 4703 3270 4769 totius
3323 4701 3541 4789 populi
3598 4700 3877 4765 utilitate
3931 4700 4129 4766 fuisse

2221 4789 2602 4855 sollicitum:
2659 4788 3084 4854 nihilominus
3142 4797 3360 4872 tamen
3405 4786 3694 4851 clausum
3737 4786 3937 4868 ipsius
3978 4804 4128 4869 pre·

2221 4874 2403 4940 cibus
2468 4873 2741 4957 coelum,
2810 4882 3236 4959 negatamque
3305 4871 3594 4955 pluviam
3654 4878 3754 4935 tot
3809 4890 4126 4936 annorum

2221 4960 2433 5043 spatio
2512 4956 2828 5039 videmus,
2908 4968 2986 5025 ut
3057 4958 3222 5024 nihil
3284 4957 3495 5022 obstet
3555 4956 3901 5039 quominus
3960 4956 4130 5053 famp

2222 5054 2454 5111 cuncta
2537 5052 2807 5126 pereant
2884 5052 2951 5109 et
3023 5042 3549 5109 exterminentur.
3637 5040 3826 5123 Quod
3904 5040 4132 5113 fecisse

2225 5130 2439 5199 Eliam
2497 5128 2812 5211 videmus,
2912 5136 3127 5212 ropter
3181 5127 3399 5213 populi
3457 5127 3760 5193 duritiem
3816 5136 3883 5193 et
3923 5125 4128 5193 rebel·

2225 5217 2502 5299 lienem:
2561 5215 2732 5299 qnod
2775 5236 2822 5281 n
2921 5236 2960 5281 a
3000 5222 3172 5281 esset
3213 5213 3340 5279 alia
3381 5213 3545 5278 ratio
3590 5212 3814 5296 pop'uli
3854 5211 3937 5278 ad
3978 5232 4131 5297 pcc·

3618 5313 3720 5370 fi.
