5059 6059
344 256 469 323 681

344 447 655 548 gentibus
696 446 1066 516 adversus
1044 470 1264 534 ipsum
1303 449 1607 528 inimicis,
1654 453 1748 519 sic
1782 461 2006 517 tamen
2040 448 2291 516 auxilio

345 555 474 705 233.
503 534 906 688 ’ἓὲῖῗξέῃῖῗ
945 535 1528 687 “132330205333.
1545 538 2291 706 οὲἰέιῖῗὲωιὲἕὲἓξέ

343 706 672 786 volebant,
724 717 792 771 et
831 706 912 772 de
955 709 1165 790 gradu
1212 708 1552 791 dig-uitatis
1595 708 1890 789 deiicere,
1943 708 2059 775 sed
2102 707 2290 774 illum

342 792 534 859 Deus
598 813 678 857 ea
742 793 997 858 ratione
1062 794 1272 873 magis
1337 795 1591 860 extulit
1681 795 1817 861 Nos
1882 797 2085 879 igitur
2144 795 2292 863 istis

342 879 669 962 exemplis
713 877 925 943 edocti
947 879 1257 946 fiduciam
1293 880 1362 944 ιιι
1390 880 1531 946 Deo
1560 892 1854 946 nostram
1879 880 2289 958 collocemus,

341 985 560 1048 neque
605 964 915 1030 virtutem
960 966 1166 1047 ipsius
1211 986 1293 1030 ex
1328 976 1553 1031 nostro
1592 987 1793 1034 sensu
1838 966 2287 1031 dimetiamur.

339 1050 457 1116 sed
505 1071 705 1133 quum
763 1050 1073 1134 periculis
1132 1050 1379 1117 obsessi
1429 1053 1951 1151 caligaverimus,
2012 1053 2293 1118 sufficiat

335 1134 530 1202 illum
576 1158 696 1221 pro
742 1136 928 1202 nobis
969 1136 1269 1222 vigilare,
1328 1148 1397 1201 et
1436 1138 1511 1203 in
1554 1159 1625 1202 se
1686 1138 1882 1203 rebus
1929 1137 2131 1203 veluti
2177 1138 2290 1203 de-

337 1221 618 1306 ploratis
661 1244 857 1289 curas
899 1234 1160 1288 nostras
1204 1224 1554 1306 suscipere,
1608 1244 1888 1307 eumque
1931 1244 2291 1306 precemur,

337 1309 740 1480 3232333.
753 1307 1587 1496 ,Ἦῗὲἓὲιὲξᾞέἶὲἓὶῗὲἲ
1640 1322 1760 1461 ἒξ.
1782 1309 2123 1462 Ἥῗῗηῗ,
2171 1330 2291 1460 ἳέῗ

337 1479 530 1546 illam
576 1492 831 1565 partem
880 1492 1060 1546 recta
1103 1482 1214 1546 via
1256 1479 1623 1560 deflectere,
1682 1482 1798 1547 sed
1842 1482 1982 1564 ipse
2025 1481 2293 1547 adiuvet

337 1567 622 1649 auxilio,
686 1577 753 1633 et
817 1566 1038 1648 lapsos
1103 1567 1333 1649 erigat,
1399 1577 1478 1632 ιιι
1538 1568 1609 1631 ιιι
1673 1567 1982 1633 omnibus
2047 1567 2293 1633 nostris

340 1653 811 1720 afflictionibus
854 1651 1040 1717 illum
1075 1651 1314 1718 debitis
1359 1653 1662 1719 laudibus
1699 1653 2071 1720 celebrandi
2106 1673 2293 1719 occa-

338 1739 598 1805 sionem
644 1759 908 1821 semper
944 1738 1322 1803 habeamus.

513 1827 655 1892 Iam
703 1845 857 1890 vero
902 1825 1098 1907 agite,
1138 1829 1244 1889 etc.

939 2168 1440 2252 HOMILlA
1486 2169 1710 2251 CIII.

1097 2305 1260 2389 Cap.
1306 2303 1541 2371 XXX.

522 2511 585 2576 1.
627 2511 957 2594 Quumque
1006 2511 1320 2577 venissent
1359 2510 1682 2578 David-ct
1720 2511 1852 2576 viri
1887 2512 2026 2578 eius
2066 2513 2137 2578 in
2184 2511 2290 2578 Si·

335 2598 500 2681 oeley
539 2598 645 2663 die
685 2597 888 2677 tertia,
934 2596 1323 2663 Amalecitae
1352 2599 1657 2678 impetum
1688 2598 1963 2676 fecerant
2002 2618 2079 2664 m:
2098 2604 2295 2679 parte

338 2681 618 2750 australi
657 2684 730 2747 in
777 2681 1029 2766 Siceleq,
1075 2688 1134 2748 et
1163 2689 1609 2765 percusserant
1637 2680 1898 2766 Siceley‚
1943 2688 2001 2748 et
2038 2703 2293 2750 succen-

335 2770 564 2836 derant
602 2789 740 2833 eam
785 2768 953 2852 iqui.-
994 2768 1053 2833 2.
1099 2768 1190 2834 Et
1228 2770 1514 2850 captivas
1547 2770 1857 2835 duxerant
1886 2769 2181 2836 mulieres
2213 2790 2293 2835 ex

337 2876 440 2936 ea,
482 2877 526 2919 a
567 2855 835 2920 minimo
878 2875 1076 2937 usque
1107 2856 1194 2921 ad
1226 2874 1557 2938 maynum:
1604 2860 1662 2920 et
1697 2875 1822 2920 non
1856 2855 2292 2937 interfecerant

338 2941 903 3107 mmmm
940 2940 2292 3110 {mztffizffltssfffmtffffi

338 3114 672 3191 cic-itam,
730 3117 786 3176 et
828 3112 1212 3177 invenissent
1252 3132 1388 3177 eam
1432 3132 1792 3179 succernsam
1832 3112 1989 3197 iyni,
2030 3119 2089 3178 et
2128 3132 2287 3179 uxo·

338 3218 446 3263 res
486 3218 663 3273 suae,
722 3203 779 3262 et
828 3197 1002 3277 filios
1034 3217 1183 3264 suos
1219 3202 1279 3263 et
1327 3199 1507 3279 filias
1557 3200 1776 3263 dudae
1817 3218 1951 3264 esse
1982 3200 2289 3280 captivae,

335 3285 400 3349 4.
459 3285 851 3349 Levaverunt
907 3282 1129 3349 David
1192 3288 1250 3349 et
1301 3284 1585 3365 populus
1647 3284 1762 3366 qui
1825 3289 1962 3350 erat
2017 3303 2159 3349 cum
2214 3305 2286 3351 eo

340 3390 516 3437 voces
555 3389 730 3439 suas
788 3374 845 3434 et
888 3368 1280 3450 planxerunt
1334 3371 1523 3437 donec
1571 3370 1897 3451 deficerent
1946 3371 2018 3434 in
2058 3370 2153 3435 eis
2192 3370 2287 3435 la-

338 3476 605 3540 crymae.
684 3453 744 3521 5.
791 3453 1121 3536 Siquidem
1162 3461 1219 3521 et
1258 3457 1423 3520 duae
1472 3476 1703 3522 umores
1743 3455 1964 3521 David
2001 3457 2289 3537 captivae

345 3543 564 3608 ductae
603 3543 874 3620 riserant,
919 3541 1276 3607 Achincam
1298 3542 1715 3618 Iezrahelitis,
1761 3547 1817 3608 et
1838 3542 2101 3625 Abiyail
2121 3562 2287 3607 uxor

346 3627 567 3693 Nabal
611 3626 905 3693 Carmeli.
992 3627 1054 3692 6.
1101 3624 1195 3692 Et
1232 3629 1631 3693 contristatus
1672 3633 1762 3692 est
1802 3627 2027 3694 David
2070 3628 2287 3695 valde:

340 3714 575 3779 colebat
616 3714 783 3778 enim
824 3732 968 3777 eum
997 3714 1279 3796 populus
1319 3713 1633 3797 lapidare,
1678 3714 1833 3794 quia
1877 3734 2108 3779 amara
2151 3718 2286 3779 erat

342 3800 560 3865 anima
603 3799 1100 3881 uniuscuiusque
1140 3799 1271 3863 viri
1308 3819 1500 3879 super
1528 3798 1691 3879 filiis
1722 3800 1863 3863 suis
1896 3805 1953 3864 et
1992 3797 2283 3878 filiabus:

339 3887 717 3965 confortatus
774 3889 865 3949 est
921 3893 1129 3949 autem
1186 3884 1408 3951 David
1472 3886 1542 3950 in
1608 3883 1887 3949 Domino
1942 3883 2082 3950 Deo
2149 3905 2281 3950 suo.

337 3972 396 4036 7.
443 3970 532 4035 Ee
574 3972 670 4036 ait
710 3970 797 4034 ad
837 3969 1155 4035 Abiatlzar
1195 3972 1572 4036 sacerdotem
1624 3971 1835 4052 filium
1875 3968 2284 4050 Achimelech,

332 4057 610 4140 Applica
652 4057 739 4122 ad
782 4076 878 4120 me
921 4056 1137 4136 ephod.
1215 4056 1306 4122 Et
1347 4057 1693 4137 applicavit
1734 4055 2050 4121 Abiathar
2089 4056 2285 4139 ephod

336 4144 423 4210 ad
465 4142 703 4208 David.
777 4142 839 4208 8.
885 4141 977 4205 Et
1017 4143 1327 4208 consuluit
1367 4142 1588 4208 David
1632 4141 1998 4220 Dominum,
2042 4144 2284 4209 dicens.-

341 4228 700 4310 Persequar
759 4228 1142 4293 latrunculos
1183 4228 1314 4307 hos,
1371 4232 1424 4292 et
1466 4228 1971 4309 comprehendam
2014 4248 2137 4311 eos,
2194 4248 2285 4293 an

335 4335 457 4379 non
473 4314 509 4379 ἓ
554 4314 862 4396 Dixitque
894 4315 988 4377 ei:
1033 4313 1427 4395 Permanere,
1465 4314 1696 4395 absque
1712 4313 1903 4379 dubio
1936 4316 2103 4380 enim
2124 4334 2285 4380 com-

327 4400 700 4482 prehendes,
745 4405 803 4465 et
843 4400 1116 4465 excuties
1156 4401 1484 4481 praedam.

505 4571 587 4635 In
636 4582 952 4653 sequente
998 4569 1272 4635 historia
1315 4569 1557 4636 clarius
1612 4571 1952 4653 apparebit
1992 4570 2168 4654 quod
2211 4572 2280 4635 in

331 4658 671 4740 superiore
730 4657 1067 4722 docuimus
1114 4657 1331 4722 Deum
1388 4655 1630 4721 habero
1672 4657 1745 4720 in
1785 4678 1908 4723 sua
1963 4668 2284 4739 potestate

334 4752 633 4825 tempora
676 4756 741 4807 et
786 4743 1316 4825 opportunitates
1358 4762 1512 4807 suos
1556 4741 1933 4808 adiuvandi.
2022 4742 2193 4807 Nam
2226 4743 2283 4808 si

331 4827 558 4894 David
602 4829 675 4892 in
720 4830 955 4893 castris
992 4828 1501 4893 Philistaeorum
1549 4827 1794 4892 diutius
1836 4830 2280 4905 remansisset,

331 4923 410 4981 ut
478 4913 823 4979 videbatur
892 4914 1097 4979 Achis
1163 4914 1526 4996 postulare,
1593 4914 1757 4979 duas
1820 4934 1977 4979 suas
2043 4935 2281 4979 uxores

331 5000 663 5066 amisisset
721 5021 869 5066 cum
930 5011 1064 5064 tota
1120 4999 1589 5081 suppellectile,
1644 5011 1836 5081 capta
1888 5010 1955 5064 et
2010 5000 2282 5066 incensa

330 5086 494 5151 urbe
543 5084 801 5169 Siceleg
844 5087 928 5150 ab
950 5084 1355 5166 Amalocitis,
1400 5106 1591 5167 quam
1639 5085 1720 5151 ab
1765 5085 1969 5151 Achis
2014 5106 2280 5168 accepe-

328 5182 456 5256 rat,
514 5186 583 5238 et
626 5171 1052 5255 recuperandi
1098 5192 1341 5237 uxores
1394 5191 1583 5255 spem
1625 5170 1879 5237 nullam
1925 5172 2283 5240 habuisset.

1629 262 1727 328 IN
1771 259 1830 325 1.
1874 260 2054 326 LlB.
2100 261 2506 329 SAMUBL.
2554 261 2754 328 CAP.
2794 260 3029 328 XXX.

4203 264 4335 333 682

2391 450 2484 515 Et
2526 451 2793 515 interim
2837 449 3054 515 oblata
3096 451 3327 516 fuisset
3366 451 3619 518 occasio
3666 472 3804 535 regi
3785 450 4033 518 this
4053 450 4342 521 Davidis

2392 536 2734 621 ingenium
2771 535 3137 618 detegendi,
3180 557 3464 619 eumque
3499 537 3645 603 ideo
3678 537 3904 603 lethali
3935 537 4083 603 odio
4122 560 4338 621 perse-

2392 623 2657 705 quendi.
2703 620 2927 703 Quare
2961 621 3343 688 Davidem
3325 645 3397 687 ιιι
3434 623 3740 688 maximis
3776 625 4100 706 angustiis
4138 625 4340 693 fuisse

2392 710 2821 775 constitutum
2876 721 3165 790 apparet,
3225 718 3291 772 ot
3345 711 3417 773 ιιι
3473 730 3729 774 summo
3766 708 4145 775 discrimino
4190 732 4335 777 ver-

2393 804 2632 860 satum.
2679 791 2811 861 Sed
2860 794 3005 876 quis
3047 791 3280 860 modus
3325 815 3411 860 ex
3453 795 3599 860 istis
3633 795 4015 878 emergendi
4051 808 4151 861 tot
4191 808 4336 863 tan-

2393 880 2610 962 tisque
2675 879 3170 945 difficultatibus
3235 880 3557 963 apparet?
3641 881 3716 947 Si
3783 892 4059 946 externa
4123 883 4341 950 media

2392 964 2796 1048 respicimus.
2857 965 2984 1049 ipsi
3041 966 3313 1030 fuerunt
3370 965 3589 1032 hostes
3646 965 3870 1049 ipsius,
3930 967 4044 1049 qui
4099 967 4340 1036 millies

2394 1052 2612 1135 ipsum
2635 1052 3100 1133 interemptum
3126 1050 3509 1118 voluissent.
3555 1051 3800 1118 Odium
3824 1055 3999 1118 enim
4037 1074 4164 1136 quo
4187 1076 4334 1137 per·

2392 1138 2651 1220 sequuti
2667 1147 2827 1203 sunt
2841 1137 3168 1202 Davidem
3185 1136 3530 1203 Philistaei
3544 1159 3742 1204 causa
3757 1138 3900 1217 fuit,
3926 1149 4001 1203 ut
4013 1158 4161 1205 oum
4186 1162 4343 1223 qua·

2395 1222 2547 1288 dam
2587 1223 2950 1306 ignominia
2993 1222 3455 1289 dimitteretur.
3515 1224 3683 1289 Nam
3729 1234 3801 1290 ot
3840 1246 3959 1290 rex
3997 1226 4341 1311 profitetur

2393 1331 2465 1375 se
2500 1307 2705 1374 fidum
2749 1309 2937 1374 illum
2982 1329 3139 1393 erga
3173 1329 3243 1373 se
3264 1309 3634 1393 agnovisse,
3679 1331 3809 1375 non
3845 1310 3988 1376 sine
4024 1304 4340 1378 dedecore

2391 1403 2617 1460 tamen
2664 1395 2746 1460 ab
2790 1396 2933 1477 ipso
2978 1394 3352 1459 dimittitur.
3412 1393 3545 1462 Sed
3588 1394 3973 1461 admiranda
4017 1395 4148 1461 Dei
4191 1419 4340 1480 pro-

2396 1480 2693 1547 videntia
2734 1480 3057 1545 laboranti
3102 1500 3296 1546 servo
3338 1502 3455 1547 suo
3500 1484 3840 1549 succurrit.
3916 1482 4136 1565 Atque
4181 1484 4341 1551 haec

2395 1565 2663 1632 afflictio
2697 1586 2831 1631 non
2887 1566 3016 1648 ipsi
3059 1586 3214 1631 casu
3258 1568 3642 1650 contigerat,
3698 1567 3815 1633 sed
3857 1570 4172 1635 correctio
4214 1570 4343 1636 fuit

2395 1652 2523 1735 ipsi
2568 1673 2610 1717 a
2653 1652 2793 1717 Deo
2837 1652 3150 1727 immissa,
3210 1652 3315 1716 vel
3360 1652 3678 1735 quaedam
3735 1654 4090 1737 patientiae
4135 1656 4341 1736 ipsius

2396 1737 2779 1820 exploratio.
2825 1736 3052 1837 Neque
3088 1737 3264 1803 enim
3298 1759 3556 1821 semper
3579 1738 3764 1805 Deus
3796 1760 3948 1805 suos
3988 1741 4342 1823 explorans

2397 1837 2668 1908 propter
2711 1837 2979 1906 peccata
3024 1825 3197 1906 ipsos
3241 1825 3448 1906 punit,
3495 1826 3609 1889 sed
3654 1826 3898 1891 multas
3931 1825 4095 1891 alias
4142 1827 4340 1893 habet

2395 1931 2480 1994 ap
2482 1908 2574 1974 ud
2617 1930 2689 1974 se
2731 1930 2961 1975 causas
3015 1909 3169 1975 licet
3211 1931 3404 1993 saepe
3461 1909 3649 1976 nobis
3690 1911 4077 1995 incognitas.
4164 1912 4339 1979 Nam

2394 1995 2863 2062 afflictionibus
2898 1994 3084 2060 Deus
3129 1995 3354 2072 utitur,
3399 2007 3512 2061 aut
3524 1994 3590 2082 ⁴⁵)
3613 1997 3968 2080 pharmaco
4012 2018 4143 2080 quo
4186 2020 4340 2067 suos

2396 2084 2608 2164 magis
2652 2102 2728 2147 ao
2774 2081 2989 2164 magis
3033 2079 3293 2147 deiiciat
3334 2103 3410 2148 ac
3454 2082 3789 2162 humiliet,
3846 2095 3961 2148 aut
4026 2094 4338 2167 tanquam

2396 2166 2928 2250 alexipharmaoo
2986 2165 3088 2232 vel
3148 2166 3438 2233 amuleto
3480 2188 3608 2252 quo
3664 2168 4025 2234 doceantur
4065 2190 4209 2235 seso
4264 2172 4337 2236 ιιι

2394 2252 2612 2319 officio
2654 2254 3010 2327 continere.
3064 2262 3181 2318 aut
3223 2253 3423 2318 etiam
3466 2252 3823 2319 eorundem
3871 2275 4178 2321 exercere
4221 2277 4338 2338 pa-

2395 2340 2690 2404 tientiam
2728 2339 2896 2415 vult,
2939 2338 3116 2421 quod
3140 2337 3285 2403 Iobi
3319 2341 3699 2421 praesertim
3724 2340 4024 2423 exemplo
4047 2341 4124 2406 fit
4148 2341 4338 2408 nobis

2393 2425 2837 2525 conspicuum.
2884 2423 3108 2506 Quare
3151 2424 3301 2489 fieri
3319 2360 3558 2508 ppotest
3599 2437 3675 2491 ut
3695 2423 3881 2491 Deus
3915 2436 4179 2510 peccata
4207 2427 4334 2492 Da·

2394 2511 2564 2611 vidis
2606 2510 2903 2575 immissa
2945 2519 3130 2575 tauta
3175 2511 3526 2576 afflictione
3572 2512 3806 2594 punire
3846 2512 4152 2592 noluerit,
4210 2514 4335 2579 etsi

2393 2597 2462 2663 ιιι
2528 2596 2907 2662 iustissimis
2963 2605 3031 2661 et
3087 2596 3576 2678 perfectissimis
3632 2595 4017 2697 quibusque
4052 2600 4338 2683 reperiat

2393 2686 2554 2749 satis
2597 2681 2883 2765 amplam
2931 2682 3274 2747 materiam
3317 2681 3560 2763 iudicii,
3604 2683 3663 2748 si
3695 2703 3957 2749 summo
3999 2684 4142 2750 iuro
4184 2704 4334 2751 cum

2391 2770 2554 2852 ipsis
2599 2778 2773 2852 agat.
2821 2765 2972 2847 Sed,
3018 2780 3093 2832 ut
3135 2776 3289 2834 aute
3334 2768 3491 2843 dixi,
3533 2789 4000 2868 nonnunquam
4044 2769 4334 2836 filiorum

2391 2875 2662 2921 suorum
2705 2855 3090 2936 patientiam
3135 2853 3451 2937 explorat,
3496 2855 3591 2920 eis
3639 2875 3767 2919 non
3814 2856 4146 2936 imputans
4187 2876 4336 2938 pec-

2392 2951 2567 3007 cata.
2629 2939 2745 3006 sed
2802 2949 3062 3005 tantum
3118 2940 3418 3021 explorat
3471 2941 3652 3023 ipsos
3707 2940 3925 3005 sintne
3977 2943 4188 3022 parati
4247 2942 4332 3008 ad

2389 3027 2598 3111 ipsius
2633 3025 3046 3110 obsequium.
3090 3034 3160 3091 et
3201 3024 3281 3125 ad
3327 3035 3812 3092 sacrosanctum
3857 3047 4098 3092 nomen
4140 3048 4334 3094 suum

2391 3111 2838 3179 venerandum
2884 3113 2953 3177 ιιι
2999 3110 3306 3177 maximis
3347 3109 3829 3177 calamitatibus
3873 3125 3941 3176 et
3983 3113 4330 3196 angustiis.

2390 3200 2633 3265 Manus
2675 3198 2880 3281 igitur
2924 3197 3051 3263 Dei
3094 3196 3421 3262 Davidem
3478 3196 3817 3279 percussit,
3870 3216 4073 3279 quum
4119 3198 4334 3265 voluit

2388 3286 2484 3350 illi
2532 3286 2818 3368 primum
2862 3284 3262 3349 Philistaeos
3327 3283 3694 3349 adversari.
3754 3281 3991 3349 deinde
4033 3283 4130 3349 illi
4173 3306 4330 3351 con·

2385 3370 2577 3456 iuges
2634 3382 2701 3435 et
2749 3378 2952 3435 totam
3012 3368 3528 3451 suppellectilem
3587 3369 3771 3453 eripi,
3832 3382 3899 3434 et
3955 3370 4025 3433 ιιι
4074 3379 4329 3436 tantam

2388 3457 2852 3523 desolationem
2896 3456 3142 3531 venire,
3205 3461 3278 3520 ιιι
3320 3454 3741 3521 consolationi
3784 3453 4005 3520 nullus
4061 3456 4331 3524 relictus

2383 3543 2567 3609 locus
2624 3542 2947 3606 videatur.
3036 3506 3171 3608 Sed
3225 3542 3493 3606 interim
3549 3539 3733 3606 Deus
3790 3539 4079 3606 ostendit
4121 3540 4330 3607 Davi-

2386 3629 2531 3694 dem
2594 3629 2918 3712 patienter
2977 3627 3137 3693 haec
3191 3626 3470 3693 adversa
3525 3627 3936 3704 tolerantem,
3987 3626 4251 3693 tandem
4289 3650 4329 3695 a

2384 3713 2670 3779 Domino
2696 3713 3193 3778 restituendum.
3233 3712 3532 3779 Profecto
3558 3711 3778 3778 David
3826 3711 4163 3778 hominum
4188 3715 4328 3798 opi·

2387 3802 2582 3866 nione
2635 3799 2845 3865 multa
2907 3798 3039 3863 iam
3085 3818 3318 3881 passus
3354 3799 3582 3873 fuerat
3647 3799 3764 3863 sed
3806 3800 4096 3883 oportuit
4138 3799 4330 3899 illum

2384 3887 2601 3952 adbuc
2659 3906 2807 3951 cum
2881 3886 3011 3950 ista
3080 3883 3464 3949 difficultate
3537 3884 3773 3949 luctari
3847 3896 4198 3967 antequam
4259 3886 4328 3951 in

2386 3974 2573 4055 regni
2619 3972 3093 4070 possessionem
3141 3972 3539 4035 mitteretur.

2557 4056 2910 4123 Discamus
2952 4057 3159 4139 igitur
3198 4056 3428 4122 multis
3463 4054 3676 4120 modis
3706 4055 3951 4133 afflicti,
3996 4065 4063 4119 et
4103 4064 4328 4121 tamen

2384 4143 2640 4208 nullum
2699 4144 3107 4208 miseriarum
3169 4143 3367 4206 finem
3425 4141 3756 4221 videntes,
3809 4140 3923 4205 sed
3980 4141 4200 4223 potius
4255 4141 4327 4207 in

2384 4250 2591 4295 novas
2634 4228 3051 4294 difficultates
3076 4227 3432 4307 venientes,
3478 4241 3554 4292 ut
3590 4247 3709 4309 per
3744 4225 3991 4290 medios
4033 4226 4224 4324 ignes
4257 4242 4329 4293 et

2386 4336 2502 4398 per
2563 4314 2809 4380 medias
2872 4314 3083 4379 undas
3140 4314 3421 4378 transire
3473 4335 3590 4378 nos
3648 4322 3976 4394 oporteat,
4035 4312 4328 4377 animum

2387 4410 2609 4467 tamen
2646 4400 3014 4478 obfirmare,
3061 4409 3130 4463 et
3165 4419 3582 4481 quoscunque
3612 4417 3801 4464 casus
3836 4358 4092 4462 fortiter
4129 4397 4329 4463 susti-

2385 4508 2566 4563 nere
2612 4486 2903 4568 adeoque
2947 4507 3064 4569 per
3106 4505 3286 4562 saxa,
3330 4506 3447 4568 per
3489 4487 3690 4569 ignes,
3735 4503 3851 4566 per
3887 4482 4165 4561 deserta,
4212 4501 4331 4565 per

2388 4574 2539 4639 avia
2583 4573 2864 4655 denique
2907 4572 3052 4639 loca
3089 4571 3306 4636 Deum
3343 4578 3685 4637 vocantem
3721 4569 3926 4651 sequi,
3972 4587 4094 4633 nec
4138 4589 4328 4651 prae-

2387 4660 2617 4725 teritas
2672 4658 3081 4726 calamitates
3147 4658 3445 4722 sufficere
3495 4655 3891 4720 arbitremur
3945 4656 4132 4737 quasi
4193 4653 4328 4721 illis

2386 4745 2603 4810 Deum
2670 4766 2812 4809 esse
2864 4753 3247 4810 contentum
3304 4752 3626 4823 oporteat:
3685 4739 4211 4822 quandoquidem
4256 4741 4328 4805 in

2387 4832 2585 4895 unius
2631 4829 2757 4895 Dei
2817 4842 3139 4911 potestate
3201 4827 3402 4892 situm
3445 4838 3548 4892 est
3597 4826 3888 4892 iudicare
3930 4825 4090 4909 quid
4137 4825 4325 4892 nobis

2385 4917 2546 4982 utile
2568 4918 2657 4982 sit
2679 4926 2744 4982 et
2769 4916 3099 4999 expediat,
3145 4921 3210 4976 et
3247 4912 3612 4995 portionem
3659 4926 3955 4979 nostram
4000 4912 4188 4978 nobis
4210 4910 4325 4977 ad·

2386 5002 2637 5080 metiri,
2718 4997 3270 5085 quemadmodum
3335 5019 3528 5081 saepe
3589 4997 3916 5083 scriptura
3983 5018 4116 5064 non
4182 4998 4327 5065 siue

2562 5188 2799 5259 ’)Vodc
2833 5206 2906 5244 an
2945 5187 3229 5259 legonaum
3262 5187 3365 5242 sit.-
3395 5194 3477 5243 ut.
