5059 6059
292 304 401 369 085

285 488 2206 576 deramnametpuerismeiscondixiiniuumetalum

283 580 478 646 boum.
545 576 607 643 3.
657 577 844 644 Nunc
899 597 1043 662 erqo
1083 580 1146 644 si
1187 577 1342 659 quid
1395 576 1586 643 habes
1639 577 1724 644 ad
1766 596 2055 655 manum,
2114 574 2207 641 vel

282 662 1117 831 mmmm
1140 663 1967 817 tractatam...
1983 659 2211 814 ,ἐξὲξ

281 835 453 902 laicos
481 855 691 916 panes
732 836 820 901 ad
852 855 1134 917 manunt,
1190 836 1301 902 sed
1341 800 1584 901 tdntum
1612 853 1852 917 panem
1892 840 2211 900 sanetum.-

279 922 333 987 εἰ
370 920 585 986 mundi
639 926 790 986 sunt
826 922 1050 1004 pueri,
1108 922 1382 987 maxime
1432 941 1476 986 α
1529 919 1946 987 mulieribus?
2012 919 2074 985 5.
2121 918 2210 984 Et

277 1005 584 1088 respondet
625 1006 847 1074 David
888 1007 1216 1088 sacerdoti,
1251 1012 1307 1073 et
1348 1007 1514 1073 dixit
1554 1008 1647 1073 ei.-
1688 1003 2004 1088 Equidem
2037 1006 2100 1071 si
2132 1005 2209 1071 de

276 1090 626 1159 mulieribus
669 1094 889 1176 ayitur
931 1094 1348 1159 continuimus
1388 1112 1507 1159 nos
1549 1093 1627 1158 ab
1669 1091 1805 1158 heri
1849 1097 1907 1156 et
1940 1091 2208 1157 nudius·

272 1177 494 1254 artius,
532 1179 784 1261 quando
823 1178 1291 1262 eyrediebamur
1346 1183 1402 1243 et
1453 1179 1712 1257 fuerunt
1766 1198 1927 1244 vasa
1974 1196 2203 1258 puero·

272 1283 404 1330 rum
452 1270 939 1347 sancta:porro
992 1266 1102 1331 via
1158 1264 1306 1331 haec
1346 1264 1596 1346 polluta
1651 1268 1742 1329 est
1795 1264 1907 1329 sed
1959 1268 2017 1329 et
2073 1263 2206 1344 ipsi

269 1349 432 1416 hodie
470 1350 1007 1432 sanctificabimur
1049 1352 1119 1416 in
1159 1353 1352 1416 vasis.

424 1520 848 1607 Pergendum
894 1520 1083 1587 nobis
1125 1520 1194 1587 in
1242 1522 1516 1587 historia
1573 1531 1675 1588 est
1717 1519 1999 1586 Davidis
2052 1540 2203 1604 pro-

261 1607 387 1692 fugi
429 1623 493 1672 et
539 1608 786 1675 exsulis
829 1607 912 1672 ab
958 1606 1308 1673 israelitica
1353 1619 1546 1673 terra.
1616 1605 1803 1687 Quae
1826 1626 2018 1689 quam
2042 1607 2206 1672 dura

260 1692 442 1759 fuerit
483 1694 781 1771 tentatio,
827 1692 1050 1777 procul
1075 1694 1153 1759 ab
1199 1713 1277 1759 ea
1322 1704 1499 1759 terra
1542 1712 1734 1776 quam
1758 1692 1942 1758 Deus
1976 1693 2045 1757 in
2092 1691 2204 1756 do-

262 1779 561 1846 micilium
606 1780 896 1864 elegerat
937 1779 1257 1856 exsulare,
1302 1778 1523 1844 nullus
1546 1779 1721 1844 enim
1767 1778 1935 1844 alius
1955 1778 2025 1842 in
2072 1786 2206 1843 toto

262 1876 576 1931 terrarum
616 1866 772 1932 orbe
815 1864 996 1931 locus
1038 1878 1181 1930 erat
1201 1863 1347 1930 Deo
1391 1885 1575 1931 sacer
1601 1875 1798 1946 atque
1842 1863 2094 1930 dicatus
2137 1866 2205 1928 in

258 1973 377 2034 qua
419 1972 584 2034 pure
643 1961 711 2018 et
763 1952 1015 2017 sincere
1074 1950 1395 2016 coleretur
1460 1959 1530 2016 et
1572 1948 1955 2015 adoraretur
2012 1971 2205 2032 quam

252 2037 379 2103 sola
400 2037 688 2104 Iudaeae
709 2037 914 2121 regie,
940 2037 1227 2103 vidimus
1252 2035 1603 2102 haesterna
1624 2036 1957 2102 concione.
2027 2033 2206 2101 Sane

249 2144 437 2206 quum
482 2124 567 2191 ab
614 2144 694 2190 ea
726 2122 943 2190 David
989 2121 1245 2207 cogitur
1287 2123 1606 2199 exsulare,
1641 2122 1837 2206 longe
1862 2120 2208 2187 videbatur

254 2220 534 2275 remotus
581 2230 621 2274 a
664 2209 788 2274 sibi
813 2209 1113 2291 promissi
1159 2210 1344 2293 regni
1371 2209 1793 2290 possessione.
1860 2208 1959 2273 Ac
1982 2208 2205 2289 procul

252 2294 438 2360 dubio
462 2295 797 2379 lacrymae
840 2292 995 2360 illae
1017 2293 1315 2371 Davidis,
1363 2294 1442 2360 de
1464 2296 1698 2377 quibus
1743 2302 1895 2360 ante
1918 2296 2202 2377 egimus:

251 2383 403 2446 satis
447 2379 871 2448 declarabant
923 2382 992 2445 in
1036 2400 1199 2462 quas
1244 2381 1583 2464 augustias
1639 2389 1811 2446 esset
1854 2379 2201 2446 coniectus.

251 2465 413 2532 Nam
480 2468 638 2534 licet
701 2466 809 2532 vir
886 2466 1073 2531 fortis
1132 2474 1199 2530 et
1242 2466 1717 2551 magnanimus,
1797 2487 1927 2530 non
1984 2478 2202 2531 tamen

249 2562 496 2634 poterat
543 2566 908 2634 temperare
945 2573 986 2616 a
1021 2551 1326 2636 lacrymis
1370 2572 1530 2634 quas
1571 2550 1832 2618 abunde
1865 2550 2202 2618 fundebat.

251 2637 410 2703 Nam
472 2639 601 2705 etsi
659 2637 1070 2704 Ionathanus
1135 2657 1354 2703 amare
1411 2637 1640 2715 flebat,
1700 2636 1921 2703 David
1983 2650 2202 2703 tamen

249 2723 710 2797 abundantius.
799 2723 1029 2805 Neque
1079 2743 1234 2788 vero
1274 2736 1494 2789 tamen
1540 2725 1667 2788 ista
1722 2723 2205 2806 impediverunt

247 2810 400 2892 quin
459 2831 650 2877 suam
709 2809 781 2874 in
842 2809 984 2874 Deo
1046 2809 1347 2874 fiduciam
1406 2809 1781 2888 collocaret,
1838 2829 2068 2874 verum
2128 2820 2205 2875 ut

246 2916 434 2980 saepe
480 2897 812 2980 scriptura
856 2894 1059 2970 docet,
1117 2894 1277 2960 fides
1323 2915 1449 2959 non
1498 2893 1715 2960 reddit
1758 2894 2056 2959 homines
2099 2915 2201 2960 sa·

245 3002 400 3047 xeos
442 2992 564 3047 aut
611 2980 929 3063 stupidos,
966 2980 1081 3063 qui
1124 2979 1315 3045 malis
1339 3001 1504 3064 quae
1547 2981 1843 3046 sentiunt
1867 3001 1994 3045 non
2029 3000 2203 3046 com-

247 3080 656 3146 moveantur,
713 3064 828 3131 sed
871 3066 1141 3132 interim
1182 3066 1328 3132 istis
1378 3065 1585 3131 modis
1630 3065 1919 3131 exerceri
1980 3065 2205 3134 fideles

247 3172 507 3220 necesse
554 3166 677 3227 est,
724 3164 798 3218 ut
834 3153 1160 3235 superatis
1204 3153 1507 3218 omnibus
1542 3153 2012 3217 tentationibus
2058 3150 2202 3217 dul·

244 3239 409 3305 ciore
453 3238 767 3304 fruantur
827 3238 1116 3304 victoria.
1206 3236 1429 3318 Quare
1489 3237 1643 3304 licet
1687 3237 1810 3302 Dei
1874 3238 2069 3302 verbo
2125 3239 2203 3303 fi-

242 3323 414 3391 deles
458 3325 786 3401 nitantur,
825 3344 960 3389 non
1000 3323 1263 3388 omnino
1290 3338 1508 3388 tamen
1554 3323 1906 3389 affectuum
1945 3334 2012 3387 et-
2054 3344 2201 3405 pas-

241 3410 501 3477 sionum
550 3410 656 3478 vis
691 3410 762 3474 in
805 3408 937 3475 illis
971 3410 1433 3493 exstinguitur,
1477 3409 1592 3475 sed
1627 3410 1681 3474 si
1708 3408 1899 3474 modo
1922 3410 1988 3473 in
2015 3409 2203 3489 hanc,

241 3496 433 3563 modo
479 3496 552 3562 in
601 3496 781 3561 illam
828 3504 1079 3577 partem
1129 3495 1500 3573 volvantur,
1560 3516 1769 3579 usque
1826 3494 1910 3559 ad
1953 3494 2201 3561 exitum

244 3592 462 3648 tamen
508 3582 964 3659 sustinebunt,
1025 3581 1261 3663 quibus
1309 3581 1436 3646 Dei
1481 3578 1787 3647 voluntas
1846 3580 2055 3645 instar
2099 3582 2205 3645 fir-

240 3689 382 3734 mae
438 3667 635 3751 rupis
678 3675 795 3732 eat.
881 3665 983 3731 Ac
1032 3666 1185 3732 licet
1229 3668 1440 3733 ventis
1497 3674 1564 3731 et
1606 3664 1909 3749 procellis
1949 3668 2198 3750 agiten-

241 3763 348 3818 tur
391 3754 576 3819 firmi
622 3763 848 3818 tamen
890 3763 958 3818 et
999 3752 1422 3835 imperterriti
1475 3754 1541 3817 in
1587 3752 1830 3817 divinis
1869 3753 2202 3834 promissis

239 3838 746 3923 permanebunt,
791 3849 860 3902 et
883 3858 1215 3921 nunquam
1262 3839 1558 3921 ipsorum
1588 3839 1987 3920 exspectatio
2033 3859 2203 3904 vana

238 3925 380 3991 erit.
476 3924 679 4006 Quod
724 3923 807 3989 ad
851 3923 1297 3989 Ionathanum
1339 3926 1604 4005 attinet,
1655 3921 1941 3989 vidimus
1984 3923 2198 4004 ipsum

233 4008 357 4078 Dei
404 4010 955 4096 promissionibus
999 4010 1208 4094 magis
1229 4030 1423 4092 quam
1469 4007 1663 4076 rebus
1701 4007 1850 4074 ullis
1895 4029 2199 4091 praesen-

235 4097 407 4164 tibus
456 4097 862 4164 confirmari.
931 4096 1104 4161 Nam
1131 4094 1403 4162 Davidis
1447 4096 1603 4179 fuga
1629 4093 1970 4160 videbatur
2013 4094 2198 4161 illum

233 4182 299 4247 in
341 4184 689 4267 integrum
735 4183 1113 4248 restituere:
1159 4182 1331 4247 sicut
1367 4194 1434 4247 et
1476 4180 1590 4246 illa
1626 4179 1848 4247 Saulis
1887 4188 2029 4246 erat
2062 4184 2199 4264 opi-

233 4270 357 4346 ni0,
404 4268 861 4335 Ionathanum
906 4267 1115 4332 filium
1144 4278 1210 4331 et
1255 4277 1547 4350 posteros
1592 4268 1745 4333 vivo
1768 4265 2025 4331 Davide
2070 4289 2199 4333 non

233 4374 420 4436 posse
466 4353 667 4439 regni
713 4353 1095 4438 dignitatem
1141 4356 1442 4419 retinere.
1532 4352 1782 4419 Contra
1809 4373 1963 4417 vero
2006 4352 2196 4419 Iona·

233 4441 479 4507 thanus
527 4439 829 4524 speravit
870 4460 940 4505 se
986 4450 1239 4504 mortuo
1282 4438 1609 4505 Davidem
1658 4439 1759 4504 sui
1804 4457 2201 4523 suorumque

233 4527 692 4593 miserturum.
782 4524 986 4608 Atqui
1039 4525 1365 4592 Davidem
1424 4535 1582 4590 tunc
1637 4524 2021 4590 intuebatur
2077 4526 2199 4591 mi-

230 4633 455 4679 serum
503 4626 578 4678 et
626 4611 943 4675 afflictum
992 4611 1181 4675 cuius
1223 4611 1446 4697 iugulo
1492 4610 1753 4696 gladius
1795 4610 2196 4689 imminebat,

233 4698 300 4762 in
343 4719 555 4782 quem
601 4705 920 4779 tanquam
964 4716 1235 4778 scopum
1279 4718 1508 4764 omnes
1534 4695 1970 4774 collimabant,
2013 4698 2200 4764 cuius

235 4804 459 4852 necem
506 4803 763 4861 omnes,
808 4790 881 4845 ut
925 4779 1114 4847 Sauli
1159 4784 1704 4866 gratificareutur,
1751 4782 2027 4850 summis
2061 4793 2198 4849 stu-

233 4868 357 4935 diis
400 4868 840 4954 quaerebant.
932 4866 1234 4950 Denique
1279 4867 1603 4935 Davidem
1649 4870 1713 4932 in
1761 4888 2054 4934 summas
2096 4891 2197 4935 re·

233 4954 500 5021 dactum
550 4954 898 5037 angustias
957 4953 1551 5033 animadvertebat,
1610 4952 1725 5020 sed
1769 4952 2200 5021 nihilominus

229 5042 309 5106 ab
366 5044 516 5125 ipso
566 5040 857 5125 gratiam
917 5053 982 5104 et
1028 5040 1533 5106 misericordiam
1581 5040 1709 5105 sibi
1766 5059 2049 5123 suaeque
2107 5042 2200 5108 fa·

231 5127 451 5194 miliae
497 5136 838 5211 precatur.
928 5123 1373 5205 Quamobrem
1410 5126 1817 5192 Ionathanus
1863 5124 1984 5194 hoc
2026 5127 2200 5194 facto
2305 5134 2442 5189 tate

231 5212 608 5280 declaravit
655 5231 726 5275 se
768 5211 838 5275 in
882 5211 1293 5275 immutabile
1322 5212 1451 5278 Dei
1496 5212 1832 5279 decretum
1869 5224 1936 5276 et
1974 5214 2198 5279 volun·

400 5313 642 5373 edvin&
675 5328 862 5382 opera.
943 5313 1056 5368 Vol.
1085 5312 1279 5368 XXX.

1583 302 1678 368 IN
1727 302 1779 368 I.
1827 302 2008 370 LIB.
2054 301 2458 369 SAMUEL.
2502 302 2702 369 CAP.
2751 303 2944 369 XXI.

4130 305 4259 372 386

2310 500 2514 557 tatem
2558 511 2675 574 per
2718 489 3097 558 Samuelem
3142 492 3531 576 patefactam
3549 542 3566 573 ,
3622 493 3702 560 de
3747 493 3963 561 debito
4011 494 4256 562 Davidi

2310 597 2513 660 regno
2570 576 2777 643 fuisse
2830 579 3165 645 intuitum.
3253 578 3354 646 Ac
3412 579 3687 662 proinde
3744 581 4127 664 cognovisse
4182 602 4254 647 re

2308 661 2452 746 ipsa
2484 663 2882 745 perficienda
2926 684 3092 747 quae
3134 665 3321 730 Deus
3363 663 3797 749 praedixerat,
3850 665 4002 732 licet
4048 666 4253 731 homi·

2307 768 2472 812 num
2514 749 2822 833 opinione
2858 748 3245 816 viderentur
3277 751 3717 835 impossibilia.
3802 753 4011 818 Porro
4053 753 4111 819 si
4146 750 4254 818 Io-

2308 830 2642 900 nathanus
2699 844 2948 901 tantam
2995 837 3502 919 promissionum
3547 836 3922 903 divinorum
3980 839 4251 905 certitu·
4284 884 4307 907 ι

2308 918 2530 985 dinem
2575 922 2645 986 in
2679 919 2961 986 Davidis
3004 942 3284 1004 persona
3324 922 3648 1007 cognovit,
3694 923 3851 1006 quid
3897 944 4016 990 nos
4059 923 4254 989 hodie

2309 1006 2518 1071 facere
2555 1027 2676 1090 par
2711 1017 2834 1088 est,
2869 1008 3198 1073 intuentes
3224 1009 3349 1074 Dei
3382 1008 3595 1073 filium
3630 1009 3699 1074 in
3728 1008 4072 1075 coelestem
4109 1009 4251 1094 glo·

2309 1093 2475 1157 riam
2521 1099 2842 1172 evectum,
2887 1093 3038 1158 licet
3080 1114 3202 1160 nos
3246 1094 3317 1159 in
3362 1094 3485 1161 hoc
3528 1094 3778 1160 mundo
3824 1094 4024 1162 variis
4066 1115 4253 1160 exer-

2306 1177 2441 1243 ceri
2496 1178 2724 1261 poenis
2768 1190 2837 1243 et
2893 1180 3258 1255 aerumnis,
3324 1200 3648 1263 suumque
3691 1200 3969 1262 regnum
4025 1181 4095 1246 in
4149 1179 4253 1246 his

2309 1264 2502 1329 terris
2537 1284 2680 1330 esse
2722 1264 3047 1330 occultum
3083 1267 3438 1348 permittat,
3481 1287 3606 1332 nae
3640 1267 3834 1350 longe
3868 1266 4254 1351 ampliorem

2309 1349 2648 1415 materiam
2697 1350 3010 1416 habemus
3046 1369 3168 1415 nos
3209 1352 3280 1416 in
3304 1352 3427 1417 Dei
3471 1362 3862 1435 potestatem
3883 1360 3951 1417 et
3986 1372 4253 1418 manum

2308 1434 2637 1513 tradendi,
2684 1456 2878 1519 quam
2923 1436 3082 1501 olim
3126 1435 3566 1516 Ionathanus,
3622 1448 3691 1503 et
3732 1457 3867 1502 non
3912 1436 4253 1504 dubitandi

2307 1520 2467 1603 quin
2525 1520 2680 1587 licet
2723 1521 2960 1587 millies
3004 1522 3373 1589 durioribus
3417 1522 3900 1590 calamitatibus
3948 1545 4253 1591 exercea-

2308 1626 2476 1684 mur,
2514 1618 2903 1688 potestatem
2926 1607 3165 1674 habeat
3199 1628 3285 1673 ex
3314 1608 3617 1675 omnibus
3652 1609 3958 1692 periculis
3979 1609 4251 1676 eruendi

2307 1692 2641 1774 nostrique
2686 1693 3055 1759 miserendi.

2478 1777 2688 1843 Porro
2711 1778 3057 1863 diligenter
3082 1778 3489 1845 observanda
3509 1790 3665 1845 sunt
3697 1801 3864 1864 quae
3886 1795 4252 1866 sequuntur

2311 1861 2510 1928 verba
2530 1862 2854 1929 Davidem
2879 1865 3238 1949 fugientem
3278 1867 3538 1931 venisse
3558 1866 3630 1931 in
3654 1866 3838 1932 Nobe
3872 1869 3939 1933 in
3965 1889 4092 1951 qua
4113 1878 4258 1934 erat

2310 1957 2471 2014 tunc
2512 1949 2642 2015 Dei
2686 1952 3164 2033 sanctuarium,
3222 1951 3527 2033 quoniam
3575 1951 3656 2017 de
3705 1953 3980 2035 panibus
4021 1975 4258 2038 propo-

2308 2034 2568 2100 sitionis
2611 2036 2857 2101 mentio
2901 2037 3009 2116 fit,
3053 2038 3167 2120 qui
3211 2036 3501 2119 quotidie
3527 2037 3671 2102 Deo
3712 2038 4157 2106 offerebantur
4190 2048 4259 2106 et

2308 2120 2379 2184 in
2424 2140 2654 2186 mensa
2698 2143 2818 2206 par
2862 2142 3130 2187 manum
3182 2122 3533 2188 sacerdotis
3578 2127 4129 2208 proponebantur,
4189 2136 4258 2192 et

2311 2204 2458 2272 aliis
2517 2206 2795 2273 sublatis
2852 2207 2964 2272 alii
3022 2207 3601 2274 substituebantur.
3704 2209 3836 2275 Hic
3891 2211 3965 2276 in
4022 2212 4255 2295 primis

2309 2290 2786 2375 observandum
2831 2291 3159 2359 Davidem
3201 2303 3462 2377 praeter
3504 2295 3863 2378 periculum
3913 2295 4081 2381 quod
4126 2297 4255 2382 ipsi

2309 2375 2698 2444 imminebat
2756 2379 2837 2443 ab
2894 2380 3293 2457 hominibus,
3355 2382 3549 2446 etiam
3615 2402 3765 2447 cum
3823 2381 3994 2448 fame
4049 2383 4255 2449 fuisse

2308 2461 2646 2530 luctatum.
2735 2464 2966 2547 Neque
3009 2465 3187 2531 enim
3223 2466 3502 2550 fugienti
3548 2467 3820 2533 licuerat
3868 2468 3950 2533 de
3993 2489 4255 2536 annona

2308 2548 2529 2633 aliqua
2573 2550 2941 2634 providere,
3000 2564 3067 2616 et
3109 2549 3423 2635 quamdiu
3481 2553 3691 2630 latuit,
3754 2554 4108 2621 verisimile
4152 2564 4254 2622 est

2307 2657 2459 2701 eum
2496 2636 2693 2702 etiam
2730 2637 2862 2701 iam
2900 2650 3039 2701 tum
3076 2637 3365 2702 ieiunare
3397 2639 3719 2722 coepisse:
3758 2640 3888 2704 iam
3928 2662 4082 2707 vero
4105 2663 4252 2725 pro-

2308 2720 2523 2805 fugus,
2569 2731 2639 2787 et
2681 2742 2799 2805 per
2843 2723 2986 2789 vias
3029 2723 3245 2789 invias
3287 2723 3622 2802 oberrans,
3668 2724 3832 2791 nulli
3875 2747 4016 2793 sese
4059 2729 4254 2793 audet

2310 2807 2529 2872 domui
2566 2808 2975 2874 committere
3031 2809 3102 2872 in
3146 2830 3275 2892 qua
3335 2810 3437 2873 vel
3484 2810 3837 2881 frustulum
3884 2813 4072 2895 panis
4129 2814 4254 2879 sibi

2309 2893 2569 2975 suisque
2615 2892 2911 2977 pauculis
2933 2895 3142 2960 servis
3178 2896 3478 2977 postulet.
3548 2895 3832 2962 Videtur
3854 2917 4010 2982 ergo
4034 2899 4251 2965 David

2308 2979 2389 3044 ab
2437 2978 2776 3045 hominum
2819 2981 3142 3049 consortio
3201 2980 3535 3059 exclusus,
3592 2996 3658 3048 et
3700 2996 4132 3067 cognatorum
4183 2994 4251 3050 et

2308 3065 2666 3131 amicorum
2723 3066 3312 3132 communicatione
3362 3068 3688 3151 privatus,
3747 3068 3989 3133 nedum
4050 3081 4126 3135 ut
4167 3070 4249 3135 ab

2308 3151 2647 3218 extraneis
2691 3151 3008 3216 auxilium
3053 3151 3312 3235 aliquod
3353 3162 3706 3235 exspectet.
3796 3153 4003 3219 Fame
4048 3154 4249 3221 etiam

2305 3238 2656 3319 premitur,
2718 3248 2785 3301 et
2828 3237 3060 3302 nullibi
3115 3237 3471 3304 remedium
3528 3239 3719 3304 malis
3776 3240 3920 3306 istis
3977 3241 4247 3320 invenit,

2307 3323 2434 3388 nisi
2470 3321 2553 3388 ad
2598 3324 3044 3388 sanctuarium
3082 3324 3349 3389 Domini
3392 3325 3744 3408 confugiat.
3831 3324 4034 3390 Hunc
4069 3328 4247 3393 enim

2306 3408 2516 3475 locum
2539 3408 2663 3474 sibi
2685 3409 3087 3474 tutissinium
3106 3409 3362 3493 asylum
3386 3410 3819 3477 existimavit:
3842 3411 3997 3477 licet
4016 3427 4248 3479 contra

2307 3494 2650 3559 hominum
2693 3494 3000 3576 opinione
3045 3494 3226 3560 locus
3268 3495 3365 3559 illi
3388 3495 3609 3561 nullus
3654 3496 4072 3578 perniciosior
4091 3520 4247 3566 con-

2306 3581 2562 3663 tingere
2607 3587 2843 3662 posset:
2933 3579 3105 3644 Nam
3148 3602 3224 3645 eo
3268 3579 3352 3646 ad
3388 3581 3706 3648 sacrificia
3743 3583 4250 3651 concurrebatur

2304 3686 2380 3731 ac
2423 3665 2696 3748 proinde
2736 3664 2925 3731 facile
2982 3666 3246 3750 agnosci
3292 3679 3584 3748 porterat
3640 3676 3959 3751 tanquam
4003 3671 4072 3735 in
4128 3693 4249 3756 pu·

2307 3750 2472 3816 blico
2530 3762 2856 3816 mercatu:
2920 3772 2996 3817 ac
3053 3751 3324 3833 proinde
3373 3772 3574 3834 quum
3641 3753 3825 3835 prius
3883 3755 4249 3823 delituisset

2305 3836 2498 3901 modo
2545 3836 2803 3902 videtur
2823 3837 2895 3901 in
2916 3838 3210 3902 omnium
3234 3851 3651 3920 conspectum
3694 3839 3916 3906 venire
3951 3852 4020 3906 et
4053 3840 4132 3909 se'
4146 3845 4243 3925 ip·

2304 3943 2449 3988 sum
2516 3920 2811 4004 prodere.
2924 3922 3393 3988 Verumtamen
3471 3925 3741 3991 minime
3813 3926 4241 3998 dubitandum

2304 4009 2461 4092 quin
2519 4006 2739 4072 David
2802 4008 2870 4072 in
2928 4020 3145 4073 tantas
3202 4009 3537 4092 angustias
3595 4013 3927 4080 coniectus
3983 4014 4238 4099 asylum

2303 4093 2693 4160 existimarit
2734 4094 3132 4160 tutissimum
3177 4093 3389 4159 locum
3432 4095 3620 4161 illum
3664 4118 3860 4181 quem
3895 4099 4081 4165 Deus
4124 4122 4242 4167 suo

2303 4180 2509 4246 cultui
2557 4178 2907 4258 dedicarat,
2954 4192 3020 4244 et
3061 4180 3363 4264 cogitarit
3405 4182 3624 4247 Deum
3668 4184 3770 4248 sui
3820 4186 4241 4252 miserturum

2304 4286 2505 4348 quum
2531 4266 2597 4329 in
2623 4266 2825 4347 ipsius
2848 4269 3292 4332 sanctuarium
3317 4268 3713 4353 confugeret,
3736 4284 3802 4333 et
3839 4271 3903 4334 in
3928 4291 4003 4334 eo
4027 4272 4239 4354 ipsum

2302 4352 2674 4418 occultaret.
2765 4351 2864 4418 Ac
2912 4372 3070 4417 sane
3113 4351 3285 4417 hanc
3338 4352 3518 4419 illius
3562 4353 3762 4419 fuisse
3820 4355 4125 4421 fiduciam
4171 4360 4240 4423 in

2302 4438 2609 4502 maximis
2652 4437 2789 4502 suis
2811 4437 3270 4504 afflictionibus
3314 4453 3587 4522 apparet
3628 4459 3710 4503 ex
3735 4440 4004 4522 psalmis
4037 4443 4244 4524 ipsius

2301 4522 2371 4588 in
2426 4522 2663 4604 quibus
2703 4523 2946 4605 passim
3002 4523 3125 4588 hae
3171 4545 3359 4591 voces
3403 4525 3789 4590 audiuntur:
3848 4525 4121 4594 Domine
4177 4534 4245 4595 tu

2300 4629 2398 4675 ms
2438 4609 2509 4674 in
2544 4608 2761 4691 aliquo
2800 4610 3152 4675 sanctuarii
3191 4611 3289 4675 tui
3328 4610 3557 4694 anyuzo
3601 4610 3964 4678 multatis.-
4009 4614 4242 4696 quibus

2304 4695 2574 4761 vocibus
2611 4695 2877 4759 minime
2914 4695 3184 4761 dubium
3222 4708 3322 4762 est
3355 4695 3513 4780 quin
3535 4695 3755 4761 David
3790 4697 4245 4767 meditationes

2300 4781 2448 4847 illas
2492 4792 2555 4845 et
2592 4780 3021 4862 cogitationes
3061 4783 3474 4866 expresserit,
3514 4782 3749 4864 quibus
3792 4803 3864 4848 se
3897 4783 3966 4847 in
4016 4785 4245 4853 mediis

2301 4866 2769 4932 certaminibus
2813 4868 3215 4932 sustinuerit.
3304 4865 3526 4947 Quum
3573 4888 3643 4931 se
3686 4867 3890 4951 igitur
3934 4870 4094 4936 dicit
4137 4894 4244 4940 oc-

2302 4951 2685 5018 cultandum
2740 4952 2807 5016 in
2866 4953 3085 5036 aliquo
3127 4952 3481 5018 sanctuarii
3521 4952 3795 5037 augule,
3854 4964 4132 5022 testatur
4174 4980 4244 5024 se

2303 5039 2484 5103 omni
2530 5050 2823 5119 tempore
2866 5040 2932 5103 in
2978 5036 3194 5103 media
3238 5058 3456 5103 rerum
3501 5037 3926 5106 adversarum
3963 5051 4243 5126 tempes-

2463 5124 2844 5207 cognovisse
2868 5126 3124 5190 nullum
3146 5125 3350 5190 tutius
3385 5124 3644 5210 asylum
3672 5145 3888 5209 neque
3910 5126 4245 5196 fortiorem

2306 5210 2512 5276 ullum
2554 5208 2834 5294 perfugii
2871 5210 3084 5275 locum
3125 5231 3285 5287 esse,
3329 5230 3521 5294 quam
3559 5210 3630 5275 in
3664 5210 3791 5275 Dei
3830 5234 4065 5281 manus
4098 5237 4252 5283 con-

3858 5315 3929 5371 25
