5059 6059
280 342 393 408 677

276 532 507 597 ᾶουιυπι
562 528 696 596 Dei
771 548 913 595 cum
977 547 1117 594 voce
1178 534 1402 594 contras
1459 533 1517 594 et
1597 527 2022 594 laudationis:
2098 527 2194 592 sic

272 617 571 682 affectunt
610 615 928 680 Davidem
989 634 1148 697 erga
1190 613 1320 678 Dei
1381 614 1846 689 sanctuarium,
1902 624 2189 678 coetum·

273 724 387 785 que
426 700 711 767 fidelium
757 712 1006 765 certum
1052 712 1152 764 est
1196 720 1531 782 nunquam
1577 699 1891 764 adversus
1938 697 2193 764 Israeli-

270 796 365 854 tas
406 800 845 871 pugnaturum
895 786 1110 850 fuisse.
1180 785 1375 852 Unde
1418 786 1577 851 satis
1617 795 1889 868 apparet
1928 784 2191 849 simula·

271 884 397 939 tam
475 872 679 956 ipsius
743 878 1106 936 orationem
1187 871 1424 945 fuisse,
1490 892 1689 953 quum
1759 872 1884 944 ait,
1945 875 2016 935 ut
2070 890 2191 935 non

265 961 502 1024 veniam
542 964 599 1023 et
810 978 905 1022 em
947 962 1164 1023 contra
1205 958 1494 1022 inimicos
1535 956 1774 1022 domini
1831 958 1955 1021 mei
2004 955 2189 1040 reyis.

268 1044 425 1125 Quis
466 1047 640 1110 enim
687 1057 829 1108 erat
870 1042 983 1108 ille
1027 1042 1189 1107 rex?
1235 1041 1470 1107 Nonne
1515 1042 1738 1125 populi
1761 1042 1887 1106 Dei
1939 1040 2189 1107 hostis?

263 1130 669 1196 Davidemne
727 1149 884 1194 vero
942 1128 1337 1194 arbitremur
1393 1129 1598 1194 Achis
1656 1127 1804 1192 Deo
1860 1128 2191 1210 praeferre

262 1214 581 1282 voluisse?
648 1216 735 1280 Et
777 1215 997 1297 impiis
1039 1228 1106 1278 et
1151 1214 1439 1296 profanis
1486 1234 1628 1279 sese
1698 1213 2054 1297 adiungere
2108 1212 2187 1277 ad

259 1299 766 1386 persequendam
812 1300 1171 1377 ecclesiam,
1216 1301 1404 1366 cuius
1447 1298 1810 1364 membrum
1858 1309 2018 1378 erat,
2061 1300 2191 1364 imo

259 1388 446 1454 etiam
514 1400 737 1469 caput,
823 1396 1322 1468 repraesentans
1402 1384 1671 1450 Domini
1750 1386 1957 1449 nostri
2040 1385 2190 1451 Iesu

259 1474 503 1539 Christi
552 1493 892 1555 personam
941 1472 1145 1535 donec
1189 1484 1554 1553 appareret,
1615 1482 1678 1535 et
1724 1491 1760 1535 a
1803 1469 1946 1535 Deo
2006 1482 2191 1553 patre

253 1562 433 1625 nobis
494 1557 807 1623 daretur?
879 1556 1182 1639 Denique
1256 1558 1583 1622 sincerum
1657 1557 1855 1621 fuisse
1912 1555 2192 1622 Davidis

254 1648 544 1710 animum
591 1655 843 1710 certum
889 1655 1005 1715 ost,
1052 1643 1177 1707 etsi
1226 1642 1522 1707 nonnihil
1569 1642 1847 1707 aberrat.
1926 1643 2028 1707 Ex
2064 1663 2191 1724 quo

252 1730 650 1804 discendum,
710 1729 882 1810 quod
927 1742 1079 1792 ante
1125 1729 1430 1803 diximus,
1489 1728 1935 1792 sanctissimos
1992 1729 2187 1792 etiam

250 1819 446 1900 viros,
506 1817 630 1880 etsi
678 1815 757 1880 ad
803 1825 1051 1879 rectum
1111 1833 1377 1896 scopum
1435 1813 1787 1891 colliment,
1845 1814 2191 1896 Deumque

247 1922 633 1986 quoeunque
660 1900 991 1967 vocaverit
1026 1901 1438 1982 aequiparati
1482 1900 1633 1973 sint,
1678 1910 1896 1963 tamen
1936 1920 2194 1981 semper

248 1989 573 2054 inoffenso
633 1986 794 2070 pede
851 1986 1187 2069 progredi,
1257 1985 1370 2050 sed
1440 1985 1721 2049 multum
1790 1984 2192 2052 infirmitatis

242 2077 545 2159 prodere.
645 2072 943 2152 Quorum
1004 2071 1303 2152 exempla
1384 2092 1512 2135 non
1582 2070 1822 2135 debent
1881 2071 1961 2134 ad
2031 2071 2193 2138 vitia

242 2161 431 2226 nobis
497 2161 672 2223 viam
731 2159 967 2237 facere,
1020 2157 1135 2223 sed
1192 2158 1408 2239 potius
1468 2157 1779 2220 maiorem
1837 2178 2059 2221 curam
2124 2168 2190 2222 et

242 2245 762 2311 sollicitudinem
805 2244 875 2307 in
915 2241 1101 2307 nobis
1142 2243 1448 2322 excitare,
1496 2262 1577 2306 nc
1612 2242 1942 2307 labamur:
1986 2242 2189 2307 Davi·

237 2331 386 2397 dem
435 2333 775 2396 intuentes
818 2341 1066 2393 rectum
1112 2330 1371 2411 quidem
1419 2329 1709 2393 animum
1770 2348 1925 2411 erga
1972 2328 2186 2393 Deum

234 2416 578 2497 habuisse,
636 2428 698 2481 et
745 2416 995 2496 ingenti
1042 2413 1274 2478 ardore
1319 2414 1538 2479 cultus
1594 2414 1803 2495 ipsius
1859 2415 2191 2497 flagrasse,

233 2505 348 2569 sed
409 2516 640 2567 tamen
702 2501 946 2584 aliquid
1004 2499 1367 2566 simulasse.
1457 2499 1628 2563 Nam
1688 2500 1744 2564 si
1803 2501 2069 2564 mentiri
2126 2511 2194 2565 et

232 2591 563 2655 simulare
606 2574 795 2652 illum
839 2586 1132 2669 contigit,
1192 2583 1350 2668 quid
1406 2584 1594 2650 nobis
1641 2586 1779 2667 ipso
1844 2583 2038 2667 longe
2091 2587 2191 2650 in-

230 2675 652 2742 firmioribus
696 2669 1387 2753 futurum2putamus?
1438 2670 1575 2734 Nae
1637 2671 1689 2735 si
1749 2670 1910 2734 vitia
1968 2683 2194 2737 nostra

233 2784 369 2826 non
410 2758 1032 2834 animadvertimus,
1070 2756 1254 2822 Deus
1278 2768 1497 2821 tamen
1526 2756 1640 2821 illa
1664 2758 1972 2839 perspicit
2006 2757 2193 2823 cuius

234 2848 412 2914 oculi
461 2846 752 2929 penit-ius
821 2864 1015 2926 quam
1085 2842 1293 2907 nostri
1361 2854 1740 2924 penetrant:
1808 2844 1863 2905 si
1928 2844 2188 2925 quidem

233 2934 452 3017 ipsius
499 2930 752 2996 iustitia
797 2929 1038 2993 nostris
1083 2928 1423 2993 affectibus
1482 2927 1677 3010 longe
1732 2929 2029 3010 superior
2073 2940 2192 2994 est.

234 3018 699 3101 Quamobrem
759 3035 959 3097 quum
1018 3012 1203 3079 Deus
1269 3035 1392 3078 nos
1460 3013 1541 3078 ab
1598 3014 1800 3096 ipsius
1860 3015 2195 3080 voluntate

230 3104 537 3189 pendere
582 3100 781 3183 volet,
841 3101 1126 3167 sciamus
1170 3111 1393 3163 tamen
1438 3119 1778 3180 superesse
1838 3100 2022 3166 nobis
2080 3101 2193 3166 ad-

232 3192 367 3257 huc
417 3208 719 3274 pugnam
757 3187 1071 3252 adversus
1110 3185 1472 3250 naturalem
1510 3186 1979 3263 infirmitatem,
2026 3187 2193 3251 mul-

230 3286 338 3344 tas
410 3293 764 3356 superesse
829 3271 1043 3337 cordis
1121 3272 1327 3336 nostri
1396 3271 1680 3335 latebras
1756 3292 1922 3353 quae
2002 3273 2197 3339 rectis

227 3363 596 3430 conatibus
657 3359 1005 3424 resistant:
1082 3377 1159 3422 ac
1228 3355 1506 3438 denique
1562 3356 1843 3421 multum
1910 3358 1978 3422 in
2037 3359 2196 3440 ipsis

225 3450 493 3515 nostris
536 3445 723 3511 bonis
744 3443 1048 3526 operibus
1072 3463 1213 3508 esse
1236 3442 1667 3524 impuritates,
1711 3443 1872 3507 adeo
1913 3456 1987 3507 ut
2012 3442 2197 3509 Deus

225 3536 487 3600 merito
532 3530 739 3614 possit
780 3528 1093 3611 quidquid
1147 3529 1214 3593 in
1275 3528 1405 3592 illis
1466 3548 1703 3611 purum
1765 3538 2038 3611 apparet
2094 3550 2196 3595 re·

220 3621 542 3706 pudiare,
576 3616 848 3697 ideoque
861 3626 1161 3697 oportere
1179 3634 1294 3678 nos
1310 3611 1528 3677 Deum
1545 3615 1874 3696 perpetuis
1897 3615 2197 3697 precibus

221 3707 619 3779 sollicitare,
664 3714 741 3766 nt
783 3700 1229 3765 infirmitatem
1257 3710 1545 3763 nostram
1587 3718 1704 3781 pro
1749 3720 1871 3765 sua
1913 3701 2195 3767 clemen-

224 3794 326 3858 tia
376 3794 645 3866 toleret,
702 3798 768 3853 et
822 3785 1133 3869 quidquid
1192 3786 1504 3868 expedire
1562 3786 1752 3851 nobis
1812 3787 2197 3869 cognoverit

219 3879 541 3960 benigne
586 3873 924 3956 largiatur.

412 3964 706 4041 Insuper
765 3979 847 4022 ex
909 3958 1034 4022 hac
1094 3956 1362 4021 historia
1420 3955 1749 4021 discamus
1796 3957 2011 4022 Deum
2073 3958 2194 4022 im·

212 4049 473 4135 probis
522 4044 878 4110 adversum
938 4064 1057 4107 nos
1115 4041 1256 4107 dira
1313 4061 1608 4124 quaeque
1663 4042 2196 4109 machinantibus

214 4157 452 4219 prava
503 4134 796 4213 ipsorum
841 4129 1109 4194 consilia
1169 4131 1239 4191 in
1296 4139 1585 4193 nostram
1649 4128 2001 4194 utilitatem
2047 4149 2192 4196 ver·

211 4231 395 4300 tere,
460 4232 530 4283 et
579 4237 707 4297 quo
753 4215 964 4299 magis
1022 4214 1385 4296 deprimere
1445 4233 1561 4278 nos
1603 4213 2063 4295 {conabuntun
2118 4235 2194 4281 eo

210 4310 457 4391 magis
506 4302 725 4368 Deum
786 4321 908 4365 nos
967 4300 1410 4364 elevaturum:
1469 4298 1783 4380 siquidem
1847 4300 2029 4366 Deus
2087 4298 2195 4366 vel

205 4394 471 4459 invitis
522 4390 764 4453 nostris
808 4384 1199 4450 adversariis
1245 4385 1456 4450 utitur
1489 4384 1570 4448 ad
1609 4407 1727 4451 nos
1764 4385 2194 4452 extollendos.

206 4479 435 4546 Unde
480 4496 572 4541 ex
618 4486 805 4556 parte
849 4483 1120 4554 apparet
1162 4469 1564 4535 admirabilis
1607 4469 1733 4536 Dei
1782 4471 2197 4555 providentia

205 4561 584 4650 operantis
648 4578 764 4641 per
820 4557 960 4622 vias
1025 4556 1216 4622 nobis
1277 4556 1673 4639 incognitas,
1740 4570 1805 4621 et
1869 4570 1943 4622 ut
2010 4559 2196 4623 nobis

202 4652 539 4722 videtur,
598 4643 928 4726 obliquas:
988 4643 1195 4707 altera
1250 4661 1407 4706 vero
1464 4662 1551 4704 ex
1608 4653 1797 4724 parte
1854 4643 2064 4725 magis
2119 4664 2196 4710 ac

202 4736 458 4820 magis
506 4730 881 4795 confirmari
926 4748 1047 4793 nos
1090 4736 1367 4810 oportet,
1414 4736 1481 4791 et
1522 4728 1587 4791 in
1614 4729 1743 4792 Dei
1787 4727 2198 4810 providentia

199 4819 734 4905 conquiescere,
778 4815 1099 4897 firmaque
1156 4813 1288 4877 fide
1334 4813 1458 4877 niti
1504 4833 1703 4894 quum
1753 4824 2013 4896 praeter
2054 4834 2193 4879 om·

201 4912 429 4976 nium
509 4902 884 4985 opinionem
951 4898 1124 4982 quod
1186 4899 1373 4964 nobis
1452 4911 1594 4963 erat
1657 4900 2059 4964 contrarium
2127 4902 2195 4964 in

198 5005 547 5066 nostram
609 4988 959 5051 utilitatem
1018 4994 1087 5049 et
1151 4984 1428 5049 salutem
1494 4986 1835 5050 convertit.
1942 4984 2199 5065 Quibus

199 5085 414 5149 enim
472 5073 688 5139 modis
731 5069 1045 5158 (obsecro)
1091 5069 1309 5134 David
1355 5092 1441 5134 ex
1483 5069 1852 5135 imminenti
1913 5071 2198 5152 periculo

194 5170 571 5237 liberatus
646 5157 790 5224 est?
887 5157 1387 5223 Philistinorum
1468 5175 1632 5237 quos
1726 5157 2198 5222 infensissimos

196 5251 541 5321 habebat
580 5265 797 5327 opera.
889 5245 978 5308 Et
1047 5261 1178 5322 qua
1249 5239 1512 5306 tandem
1587 5241 1886 5306 ratione?
1962 5262 2199 5325 nempe

1514 338 1613 404 IN
1660 339 1715 405 1.
1761 338 1943 404 LIB.
1986 336 2391 406 SAMUEL.
2436 337 2638 406 OAP.
2682 338 2953 406 XXIX.

4112 339 4240 411 6⁷8

2295 525 2546 592 malitia
2588 527 2880 610 ipsorum
2924 534 2992 592 et
3050 526 3301 592 invidia
3343 548 3474 611 qua
3518 527 3840 593 Davidem
3899 529 3966 594 in
4026 531 4242 614 pretio

2294 633 2453 693 esse,
2496 626 2562 676 et
2608 613 2852 678 honore
2896 612 3069 695 apud
3113 612 3353 678 Achim
3400 634 3622 700 regem
3669 612 3992 681 dolebant.
4055 614 4238 685 Sane

2295 699 2423 763 ista
2467 696 2658 763 valde
2703 698 3052 764 insolentia
3106 719 3250 785 esse
3308 708 3377 764 et
3432 700 3609 765 inter
3667 719 3736 765 se
3798 721 4090 786 pugnare
4138 704 4240 768 vi·

2297 783 2563 848 dentur:
2622 783 2735 849 sed
2796 786 2887 849 ita
2937 786 3113 849 Deus
3157 784 3222 849 in
3272 806 3459 850 usum
3505 807 3699 851 suum
3745 785 3982 851 malam
4032 787 4242 854 homi-

2296 890 2453 933 num
2502 869 2908 935 voluntatem
2953 872 3306 936 convertit:
3366 872 3460 937 sic
3505 884 3724 936 tamen
3771 882 3849 936 ut
3895 873 4238 939 hominum

2294 955 2626 1036 iniquitati
2692 976 2822 1020 non
2881 957 3335 1036 communicet,
3396 977 3605 1040 neque
3665 959 3869 1041 possit
3927 972 4239 1043 tauquam

2296 1052 2489 1105 autor
2532 1041 2780 1124 peccati
2823 1040 2905 1106 ab
2951 1043 3108 1124 ipsis
3129 1043 3453 1107 accusari:
3501 1064 3651 1108 nam
3676 1044 3957 1127 exempli
4006 1045 4237 1129 gratia,

2295 1125 2513 1191 odium
2561 1127 2724 1192 illud
2772 1138 2837 1194 et
2881 1127 3128 1193 invidia
3173 1127 3682 1193 Philistaeorum
3741 1149 3869 1212 qua
3917 1130 4237 1197 Davidem

2338 1213 2884 1293 ersequebantur,
2952 1211 3450 1279 condemnanda
3510 1226 3645 1289 est,
3705 1213 3819 1280 sed
3878 1236 3957 1280 ea
4015 1226 4235 1282 tamen

2365 1318 2480 1362 eus
2525 1299 2750 1374 utitur,
2811 1310 2883 1362 ut
2928 1300 3213 1381 ipsorum
3278 1300 3579 1365 manibus
3626 1299 3846 1365 David
3908 1300 4236 1381 liberetur,

2297 1385 2714 1466 quamobrem
2759 1383 2891 1449 Dei
2950 1385 3200 1449 iustitia
3258 1407 3516 1469 semper
3571 1387 3887 1465 consistit,
3947 1387 4108 1454 adeo
4164 1398 4240 1453 ut

2295 1470 2623 1553 improbos
2682 1491 2967 1553 quosque
3043 1469 3335 1535 homines
3406 1482 3700 1556 oporteat
3771 1495 3844 1538 os
3915 1473 4238 1554 claudere,

2295 1556 2408 1636 qui
2450 1554 2695 1638 alioqui
2755 1567 3062 1638 tanquam
3125 1556 3334 1621 rabidi
3379 1577 3572 1622 canes
3630 1556 3711 1622 de
3755 1557 3881 1623 Dei
3937 1559 4241 1643 operibus

2296 1639 2639 1706 detrahere
2683 1652 3181 1722 consueverunt,
3273 1664 3427 1707 uum
3478 1643 3705 1708 vident
3742 1642 3959 1709 Deum
3995 1644 4241 1729 glorifi-

2294 1728 2427 1791 cari
2473 1726 2541 1790 in
2592 1727 3030 1793 misericordia
3073 1748 3203 1809 qua
3308 1728 3561 1793 avidem
3610 1729 3779 1794 eruit
3813 1752 3894 1795 ex
3932 1731 4240 1815 periculo,

2296 1813 2446 1878 licet
2490 1833 2648 1878 usus
2683 1814 2880 1878 fuerit
2911 1813 3415 1878 Philistaeorum
3453 1814 3832 1881 ministerio.
3885 1815 4237 1883 Adoranda

2297 1899 2503 1982 igitur
2549 1898 2734 1964 nobis
2775 1899 3081 1964 omnibus
3126 1898 3352 1965 divina
3397 1900 3824 1983 providentia,
3870 1902 4234 1969 rationibus

2297 1996 2494 2049 utens
2560 1984 2859 2050 sensibus
2928 1985 3167 2050 nostris
3233 1997 3298 2050 et
3365 1985 3657 2069 opinioni
3721 1988 4098 2053 contrariis:
4166 1996 4235 2054 et

2298 2070 2516 2152 ampla
2560 2070 2834 2135 offertur
2878 2068 3063 2136 nobis
3122 2069 3399 2137 fiduciae
3445 2073 3717 2137 materia
3814 2093 3968 2137 uum
4018 2072 4235 2139 Deum

2296 2177 2383 2221 ex
2428 2157 2715 2221 tenebris
2760 2156 2970 2221 lucem
3017 2155 3312 2227 educere,
3374 2166 3450 2222 ut
3491 2156 3743 2223 Paulus
3812 2160 4096 2241 oquitur,
4147 2160 4237 2226 vi-

2299 2241 2549 2322 demus,
2605 2242 2767 2306 adeo
2810 2241 3073 2324 quidem
3121 2253 3194 2307 ut
3238 2242 3390 2308 licet
3433 2242 3708 2327 improbi
3757 2244 3900 2308 dira
3943 2266 4238 2329 quaeque

2299 2328 2366 2391 in
2445 2348 2566 2392 nos
2648 2328 3036 2405 moliantur,
3119 2342 3184 2393 et
3248 2329 3377 2392 iam
3446 2328 3513 2394 in
3580 2330 3873 2412 ipsorum
3942 2330 4235 2399 faucibus

2299 2433 2565 2478 versare
2611 2414 2983 2492 videamur,
3041 2422 3352 2497 tanquam
3424 2417 3617 2479 morti
3685 2416 4234 2499 propinquissimi,

2299 2499 2480 2563 Deus
2542 2508 2761 2563 tamen
2820 2499 2888 2563 in
2949 2511 3246 2564 nostrum
3305 2498 3712 2566 commodum
3760 2512 3824 2565 et
3883 2502 4235 2569 utilitatem

2296 2584 2560 2649 illorum
2607 2585 2875 2651 consilia
2925 2593 3287 2663 convertat,
3348 2585 3892 2669 quemadmodum
3939 2587 4091 2653 alibi
4138 2588 4238 2653 di·

2297 2672 2468 2737 citur
2512 2671 2733 2736 omnia
2778 2670 2995 2736 Deum
3042 2671 3425 2737 timentibus
3471 2674 3536 2736 in
3576 2672 3817 2737 bonum
3855 2684 3921 2739 et
3954 2674 4236 2740 salutem

2298 2756 2589 2840 ipsorum
2656 2755 2900 2822 cedere.
2989 2755 3406 2839 Quapropter
3463 2757 3610 2824 licet
3680 2758 3898 2824 hostes
3958 2760 4234 2825 exitium

2299 2854 2596 2907 nostrum
2657 2842 3028 2917 moliantur,
3085 2852 3154 2906 et
3211 2843 3475 2925 laqueos
3535 2853 3804 2909 nectant
3861 2845 4097 2926 quibus
4138 2846 4238 2910 in·

2299 2942 2523 2993 cautos
2581 2925 2894 3007 obruant,
2967 2938 3032 2992 et
3088 2930 3266 2993 omni
3321 2928 3538 2993 studio
3597 2940 3873 2994 mortem
3946 2940 4236 2996 nostram

2300 3027 2638 3096 quaerant,
2684 3034 2805 3079 nec
2847 3012 3153 3079 deficiant
3196 3015 3368 3097 ipsos
3405 3015 3688 3079 rationes
3726 3035 3930 3097 prava
3964 3017 4237 3083 consilia

2300 3100 2382 3165 ad
2427 3101 2626 3164 finem
2672 3098 3085 3183 perducendi,
3133 3101 3456 3182 patienter
3515 3111 3735 3165 tamen
3781 3116 4236 3184 exspectemus

2303 3183 2458 3249 dum
2504 3186 2643 3268 ipse
2690 3186 2873 3251 Deus
2918 3205 3186 3250 manum
3235 3184 3570 3251 adhibeat:
3618 3208 3693 3251 ac
3738 3209 3820 3251 ne
3865 3187 4239 3256 dubitemus

2301 3271 2458 3353 quin
2505 3271 2728 3337 omnia
2785 3271 3072 3371 ipsorum
3132 3273 3351 3337 studia
3395 3282 3461 3336 et
3505 3272 3778 3338 consilia
3832 3275 3897 3337 in
3947 3286 4238 3340 nostram

2301 3358 2579 3423 salutem
2639 3378 2714 3423 ac
2762 3368 2936 3422 vitae
2994 3358 3551 3422 conservationem
3608 3368 3965 3437 convertat,
4022 3372 4087 3425 et
4131 3360 4244 3426 ad·

2302 3443 2617 3508 mirandis
2663 3443 2869 3509 modis
2926 3441 3238 3525 nobisque
3297 3443 3646 3527 incognitis
3690 3464 3776 3509 ex
3822 3445 4052 3511 mortis
4097 3447 4240 3512 fau·

2300 3530 2484 3594 cibus
2539 3529 2791 3611 eripiat·
2887 3530 3099 3612 Atque
3163 3529 3321 3595 haec
3377 3529 3674 3594 doctrina
3733 3532 4098 3597 necessaria
4142 3546 4244 3599 est

2300 3614 2446 3679 istis
2487 3615 2872 3699 praesertim
2921 3615 3324 3697 temporibus
3369 3614 3602 3698 quibus
3630 3614 3756 3680 Dei
3803 3618 4095 3684 inimicos
4141 3621 4244 3685 vi-

2302 3700 2531 3765 demus
2597 3702 2848 3783 spirare
2912 3721 3136 3765 necem
3203 3699 3520 3779 fidelium,
3605 3712 3674 3766 et
3737 3701 4045 3769 ecclesiae
4115 3704 4240 3771 Dei

2302 3786 2689 3869 sangninem
2715 3788 2931 3850 sitire:
2980 3807 3054 3850 ac
3077 3785 3352 3869 proinde
3374 3807 3456 3852 ex
3483 3785 3751 3852 humani
3790 3786 4016 3855 iudicii
4039 3812 4238 3857 sensu

2302 3884 2667 3937 extremum
2707 3871 3054 3936 discrimen
3103 3871 3465 3947 imminere,
3526 3886 3593 3937 et
3645 3873 4045 3957 deploratam
4093 3897 4236 3943 esse

2301 3956 2602 4036 salutem,
2649 3980 2730 4022 ne
2766 3972 2981 4023 tamen
3020 3957 3309 4021 animum
3337 3958 3873 4041 despondeamus,
3919 3960 4031 4025 sed
4064 3978 4241 4028 certo

2302 4053 2668 4108 statuamus
2727 4044 2941 4108 Deum
3001 4041 3262 4125 quidem
3321 4043 3825 4127 permissurum,
3890 4057 3964 4109 ut
4025 4045 4242 4114 hostes

2300 4128 2617 4195 adversus
2660 4129 2992 4195 ecclesiam
3038 4129 3402 4213 insurgant,
3463 4139 3531 4195 et
3573 4152 3844 4215 magnos
3889 4143 4239 4213 apparatus

2302 4214 2560 4293 faciant,
2611 4224 2678 4279 et
2723 4218 2852 4279 iam
2898 4215 3239 4280 imminere
3284 4217 3668 4281 miserorum
3722 4215 4013 4281 faucibus
4060 4217 4240 4283 vide·

2300 4314 2526 4365 antur:
2574 4299 2686 4365 sed
2723 4301 2986 4365 tandem
3025 4301 3247 4364 omnia
3282 4302 3573 4384 ipsorum
3599 4301 3870 4366 consilia
3892 4312 3956 4366 et
3993 4304 4240 4371 machi-

2304 4387 2603 4451 nationes
2647 4386 2866 4451 irritas
2912 4387 3235 4451 facturum
3282 4406 3357 4452 ac
3414 4385 3966 4453 disturbaturum:
4029 4410 4240 4473 neque

2300 4472 2366 4536 id
2412 4482 2691 4549 tantum,
2734 4472 2847 4537 sed
2893 4474 3088 4536 etiam
3137 4493 3263 4555 qno
3307 4474 3516 4556 magis
3572 4471 3891 4537 increduli
3938 4474 4092 4539 elati
4138 4476 4242 4541 fu·

2301 4557 2476 4622 erint
2518 4570 2588 4622 et
2632 4556 2775 4623 dira
2820 4577 3110 4640 quaeque
3154 4558 3404 4633 minati,
3450 4557 3667 4621 Deum
3714 4557 3981 4624 tandem
4021 4562 4243 4627 omnia

2300 4645 2366 4708 in
2413 4656 2703 4708 nostram
2750 4644 3028 4708 salutem
3074 4658 3140 4708 et
3183 4644 3531 4708 utilitatem
3576 4664 4074 4712 conversurum.

2474 4729 2815 4795 Hactenus
2878 4730 3084 4813 igitur
3128 4729 3371 4796 dictum
3418 4740 3557 4793 esto
3617 4728 3698 4792 de
3742 4729 3970 4795 divina
4015 4733 4238 4814 provi-

2302 4813 2544 4891 dentia,
2605 4837 2731 4897 qua
2777 4815 3019 4880 factum
3067 4828 3170 4881 est
3212 4826 3288 4880 ut
3346 4814 3469 4898 ipsi
3515 4814 3857 4880 Philistaei
3904 4815 4234 4884 Davidem

2303 4921 2385 4965 ex
2432 4903 2664 4966 castris
2709 4902 2846 4966 suis
2902 4901 3229 4978 eiecerint,
3287 4912 3354 4964 et
3411 4901 3534 4965 hac
3592 4900 3850 4966 ratione
3900 4902 4116 4968 David
4155 4926 4240 4971 ex

2303 5007 2559 5052 summo
2603 4986 2890 5070 periculo
2934 4985 3245 5051 liberatus
3303 4985 3407 5061 sit,
3467 4998 3582 5051 aut
3627 4986 3954 5069 polluendi
4001 5009 4240 5057 manns

2302 5074 2626 5154 sanguine
2687 5072 2976 5152 innoxio,
3036 5081 3149 5135 aut
3205 5072 3273 5135 in
3319 5073 3751 5154 suspicionem
3795 5072 3968 5156 apud
4015 5095 4238 5159 regem

2302 5157 2508 5224 Achis
2566 5157 2906 5235 veniendi,
2966 5169 3083 5223 aut
3139 5157 3336 5221 etiam
3397 5158 3556 5241 ipsis
3613 5157 3912 5224 manibus
3969 5182 4238 5228 suorum

2305 5243 2593 5309 hostium
2636 5241 3080 5319 occumbendi,
3126 5253 3395 5326 propter
3430 5242 3652 5308 odium
3685 5264 3814 5327 quo
3859 5246 4073 5329 ipsum
4097 5268 4246 5333 per·

3725 5343 3829 5399 4³.
