5059 6059
847 332 977 398 231

857 523 1205 591 benefacta
1247 542 1652 604 revocemus,
1704 529 1770 588 et
1813 543 1930 607 pro
1973 523 2055 589 iis
2097 521 2346 590 debitas
2389 522 2515 606 ipsi
2559 524 2804 609 gratias

858 628 1176 696 agamus:
1218 630 1344 692 quo
1389 609 1461 673 in
1508 608 1647 675 dies
1692 630 1842 692 spes
1884 621 2115 675 nostra
2157 621 2462 695 augescat
2504 619 2572 675 et
2614 608 2803 675 robo-

861 708 1068 777 retur,
1110 697 1273 761 adeo
1318 705 1395 760 ut
1429 696 1658 761 invicti
1692 700 2082 779 perstemus,
2127 706 2193 760 et
2227 695 2546 762 adversus
2579 716 2806 761 omues

859 781 1259 848 tentationes
1323 782 1749 864 imperterriti
1815 802 2198 848 maneamus
2263 796 2330 848 et
2396 783 2651 847 fortiter
2702 801 2804 846 re·

862 868 1194 934 sistamus.

1032 953 1180 1019 Iam
1225 973 1382 1019 vero
1427 953 1598 1036 agite
1641 957 1745 1019 etc.

1411 1299 1825 1381 HOMILI
1835 1303 1906 1381 A
1968 1298 2262 1380 LXIV.

1043 1471 1148 1536 46.
1212 1467 1417 1536 Hodie
1472 1467 1646 1536 dabit
1686 1473 1743 1532 te
1799 1467 2118 1534 Dominus
2170 1468 2242 1531 in
2295 1487 2491 1533 manu
2542 1489 2700 1545 mea,
2757 1474 2813 1534 et

859 1558 1216 1641 percutiam
1276 1561 1349 1638 te,
1411 1560 1466 1620 et
1522 1554 1812 1637 auferam
1868 1559 2054 1636 caput
2107 1558 2284 1618 tuum
2328 1575 2371 1618 a
2412 1559 2502 1618 te.-
2555 1560 2614 1620 et
2652 1554 2812 1620 dabo

862 1645 1174 1712 cadavera
1254 1646 1600 1707 castrorum
1665 1639 2155 1706 Philistaeorum
2218 1639 2398 1706 hodie
2457 1640 2814 1706 volatilibus

862 1730 1019 1797 coeli
1076 1733 1132 1794 et
1185 1727 1398 1794 bestiis
1454 1731 1682 1790 terrae.-
1734 1732 1804 1789 ut
1858 1727 2017 1792 sciat
2074 1728 2278 1792 omnis
2318 1730 2487 1790 terra
2527 1727 2683 1809 quia
2725 1732 2817 1792 est

871 1814 1056 1881 Deus
1130 1814 1201 1879 in
1259 1812 1490 1879 Israel.
1590 1812 1693 1877 47.
1757 1811 1842 1877 Ec
1907 1813 2142 1877 noverit
2204 1812 2503 1877 universa
2562 1812 2810 1878 eeclesia

868 1899 1040 1978 haec,
1098 1900 1256 1982 quia
1298 1919 1423 1964 non
1467 1899 1534 1962 in
1572 1898 1806 1981 yladio,
1852 1918 1960 1964 nec
2001 1897 2072 1961 in
2113 1898 2297 1964 hasta
2337 1895 2543 1963 salvat
2583 1897 2808 1963 ,Domi-

863 2007 1009 2053 nus.
1100 1985 1323 2067 Ipsius
1362 1984 1526 2049 enim
1560 1990 1651 2049 ast
1693 1983 1938 2063 bellum,
1981 1987 2038 2048 et
2079 1986 2275 2052 tradet
2317 2002 2430 2048 vos
2469 1986 2544 2048 in
2582 2005 2813 2050 manus

861 2076 1136 2139 nostras.

1038 2243 1375 2308 Hesterna
1416 2240 1731 2307 concione
1777 2239 2082 2319 vidimus,
2126 2263 2253 2324 qua
2293 2251 2532 2319 mente,
2577 2248 2643 2307 et
2684 2263 2812 2326 quo

868 2351 1070 2398 sensu
1112 2326 1333 2392 David
1380 2325 1763 2392 Goliatbum
1807 2326 1995 2390 illum
2040 2329 2373 2413 gigantem
2412 2328 2810 2412 compellans

864 2415 1128 2490 diceret,
1165 2434 1236 2478 se
1273 2433 1402 2477 non
1439 2410 1743 2495 progredi
1784 2412 2103 2478 adversus
2137 2415 2351 2498 ipsum
2388 2436 2538 2482 cum
2576 2414 2808 2479 armis:

867 2522 1001 2566 non
1062 2498 1233 2582 quod
1290 2498 1676 2582 simpliciter
1735 2498 1932 2563 armis
1993 2501 2089 2564 uti
2151 2509 2506 2578 vetaretur,
2574 2499 2809 2584 quibus

863 2586 1059 2652 illum
1102 2584 1406 2666 deinceps
1450 2604 1641 2649 usum
1689 2592 1978 2667 apparet,
2025 2586 2240 2669 gladio
2286 2596 2441 2669 puta
2483 2595 2551 2651 et
2582 2587 2809 2669 clypeo

867 2693 948 2740 ac
992 2670 1351 2737 similibus:
1416 2668 1589 2751 quod
1634 2669 1757 2753 ipsi
1805 2669 2020 2736 licuit:
2079 2670 2194 2737 sed
2254 2672 2426 2756 quod
2488 2673 2584 2738 ita
2624 2671 2809 2738 Deus

866 2756 1258 2825 miraculose
1302 2753 1503 2820 vellet
1544 2776 1707 2838 opus
1750 2777 1943 2820 suum
1986 2777 2107 2840 per
2141 2756 2466 2823 Davidem
2510 2757 2806 2841 implere.

866 2844 1042 2911 Nam
1083 2862 1281 2925 quum
1310 2842 1452 2906 Deo
1532 2840 1700 2905 lacet
1734 2862 1852 2906 nos
1885 2842 2228 2925 praesidiis
2265 2843 2571 2910 humanis
2607 2843 2807 2909 desti-

867 2932 991 3011 tui,
1049 2929 1348 2995 sufficere
1407 2925 1486 2990 de
1572 2935 1597 2989 t
1641 2928 1845 3008 ipsius
1888 2928 2248 3010 promissio,
2294 2929 2434 2995 fore
2479 2938 2555 2995 ut
2592 2936 2724 2996 stet
2767 2951 2807 2996 a

863 3016 1115 3081 nostris
1160 3013 1472 3098 partibus.
1561 3010 1822 3092 Quibus
1882 3016 2056 3078 enim
2100 3015 2247 3081 aliis
2290 3014 2601 3081 subsidiis
2643 3036 2807 3099 opus

859 3100 1206 3180 habemus,
1249 3098 1440 3163 modo
1484 3096 1564 3163 ad
1612 3111 1902 3163 nostram
1943 3101 2219 3165 salutem
2267 3101 2579 3166 virtutem
2601 3110 2668 3166 et
2689 3121 2805 3185 po·

863 3186 1141 3254 tentiam
1187 3204 1375 3249 suam
1419 3183 1726 3249 exserat?
1790 3184 1880 3248 Et
1908 3194 2268 3269 praeterea,
2304 3186 2457 3254 licet
2501 3187 2807 3254 omnibus

863 3271 1253 3339 necessariis
1297 3268 1640 3352 praesidiis
1685 3270 2007 3352 instructi,
2058 3283 2278 3337 tamen
2321 3273 2389 3338 in
2435 3272 2699 3339 caducis
2742 3280 2808 3338 et

867 3359 1151 3425 terrenis
1210 3354 1341 3421 illis
1398 3354 1590 3421 rebus
1649 3376 1831 3437 spem
1889 3368 2180 3423 nostram
2224 3358 2542 3425 collocare
2583 3358 2808 3442 prohi-

865 3444 1127 3511 bemur:
1194 3440 1309 3507 sed
1372 3452 1602 3507 contra
1645 3440 1866 3506 Deum
1930 3441 2290 3509 adiutorem
2356 3443 2676 3512 advocare
2742 3452 2811 3511 et

866 3529 1174 3615 precibus
1214 3527 1564 3593 sollicitare
1607 3527 1926 3608 iubemur,
1964 3550 2089 3594 uon
2129 3528 2504 3596 dubitantes
2549 3532 2706 3615 quin
2751 3530 2810 3596 si

867 3614 1173 3691 voluerit,
1237 3613 1525 3695 ipsorum
1592 3612 1874 3678 hostium
1943 3635 2127 3680 arma
2188 3617 2378 3681 nobis
2444 3617 2515 3681 in
2574 3638 2812 3683 manus

873 3700 1123 3766 tradat:
1170 3711 1245 3764 ut
1287 3708 1547 3765 nostrae
1587 3699 1820 3764 salutis
1862 3697 2007 3766 laus
2052 3712 2119 3766 et
2161 3700 2370 3785 gloria
2405 3703 2528 3769 soli
2566 3702 2664 3767 illi
2697 3703 2813 3768 tri-

872 3786 1145 3854 buatur:
1193 3785 1364 3867 quod
1410 3785 1465 3850 si
1512 3783 1703 3849 rebus
1745 3805 1785 3849 a
1825 3806 1896 3850 se
1939 3786 2177 3853 creatis
2213 3797 2453 3867 utatur,
2498 3808 2633 3853 non
2669 3788 2812 3853 ideo

870 3881 1099 3938 tamen
1158 3870 1372 3935 virtus
1414 3871 1620 3954 ipsius
1659 3871 2122 3939 imminuatur:
2182 3882 2246 3939 et
2291 3873 2347 3939 si
2393 3876 2535 3939 sine
2578 3873 2812 3940 huma·

871 3957 982 4024 nis
1026 3954 1368 4039 praesidiis
1413 3977 1550 4021 rem
1596 3958 1904 4038 perficiat,
1961 3957 2102 4025 eius
2151 3960 2366 4026 virtus
2411 3967 2478 4023 et
2519 3961 2814 4043 potentia

870 4042 964 4110 sit
998 4040 1211 4108 adbuc
1252 4040 1448 4124 louge
1491 4042 1726 4107 clarior
1769 4052 1837 4107 et
1880 4046 2298 4127 perspectior.
2387 4046 2540 4110 Nou
2585 4047 2813 4112 imme·

869 4130 1002 4195 rito
1041 4128 1246 4213 igitur
1289 4128 1537 4211 giganti
1582 4128 1677 4193 illi
1702 4127 2058 4195 Philistaeo
2096 4129 2317 4195 David
2360 4132 2599 4212 obiicit,
2641 4131 2814 4216 quod

873 4235 1031 4281 cum
1075 4213 1292 4298 gladio
1328 4223 1398 4278 et
1434 4212 1622 4279 hasta
1649 4212 1995 4279 adversum
2022 4236 2090 4281 se
2112 4215 2588 4300 progrediatur,
2633 4219 2814 4299 quasi

873 4300 1156 4368 diceret:
1212 4299 1313 4364 Tu
1372 4298 1526 4364 solis
1584 4300 1723 4364 istis
1780 4301 2308 4384 corruptibilibus
2364 4304 2565 4370 armis
2607 4303 2817 4369 fretus

873 4407 983 4452 me
1027 4404 1340 4470 provocas
1385 4384 1468 4449 ad
1511 4395 1859 4466 certamen,
1933 4408 2054 4470 ego
2100 4408 2253 4453 vero
2295 4387 2491 4473 louge
2537 4390 2818 4455 meliori-

875 4471 1004 4539 bus
1026 4472 1224 4536 armis
1248 4472 1462 4547 nixus,
1503 4471 1627 4536 Dei
1663 4472 1971 4538 nimirum
2009 4474 2320 4555 potentia,
2353 4485 2817 4558 provocantem

877 4577 1210 4642 oppugnO.
1322 4555 1499 4623 Hinc
1566 4556 1925 4636 discamus,
2002 4560 2299 4626 inimicos
2364 4561 2500 4626 suis
2567 4560 2819 4629 viribus

875 4645 1083 4709 fretos
1118 4644 1280 4708 iram
1307 4641 1434 4707 Dei
1470 4642 1815 4708 adversum
1854 4665 1925 4709 se
1971 4665 2343 4727 provocare,
2387 4645 2558 4730 quod
2605 4647 2820 4714 debito

877 4731 1097 4815 ipsum
1143 4729 1387 4794 honore
1430 4730 1739 4810 spolient:
1791 4731 1980 4795 cuius
2036 4741 2449 4816 contemptus
2492 4732 2676 4799 Deus
2721 4742 2822 4800 est

878 4817 1059 4882 ultor
1136 4814 1433 4894 futurus,
1515 4836 1717 4897 eaque
1796 4816 2047 4882 ratione
2110 4818 2449 4883 victoriam
2527 4820 2598 4883 ie
2665 4821 2824 4903 ipsis

881 4902 1071 4967 nobie
1132 4900 1355 4965 datum
1415 4901 1516 4966 iri.
1609 4899 1784 4967 Saue
1826 4902 2182 4986 optandum
2228 4903 2521 4970 inimicos
2572 4916 2824 4972 nostros

885 4996 957 5051 et
1020 4986 1353 5071 improbos
1419 4986 1720 5053 homines
1763 4987 1889 5052 Dei
1955 4998 2434 5073 contemptores
2499 5013 2522 5054 ε
2645 5012 2822 5057 arro-

885 5072 1156 5154 gantiae
1210 5072 1459 5151 venire,
1524 5084 1590 5137 et
1645 5075 1975 5139 excaecari
2035 5075 2420 5141 ambitione:
2488 5098 2528 5161 q
2564 5076 2661 5141 ,od
2729 5078 2826 5143 ita

889 5159 1108 5224 Deum
1153 5160 1365 5241 ipsum
1411 5172 1774 5242 provocent,
1824 5162 1934 5243 qui
1981 5160 2254 5226 nimium
2298 5161 2482 5229 fortis
2518 5164 2680 5246 ipsis
2718 5163 2829 5228 ad-

885 5244 1223 5311 versarius
1265 5246 1352 5311 sit
1397 5244 1696 5313 futurus:
1739 5255 1806 5312 et
1849 5246 1941 5312 ita
1986 5246 2170 5314 nobis
2213 5246 2472 5314 animus
2516 5250 2648 5330 fiat,
2692 5248 2827 5317 illis

2484 330 2898 400 HOMILIA
2940 335 3196 402 LXIV.

4660 342 4744 408 232

2904 525 3168 591 interim
3204 526 3423 592 Deum
3468 533 3534 592 et
3577 524 3877 591 homines
3923 523 4271 590 adversum
4316 546 4386 591 se
4428 530 4754 608 provocanti-

2906 610 3046 691 bus,
3102 612 3351 695 sibique
3409 613 3742 679 victoriam
3786 611 4318 695 promittentibus
4361 621 4429 675 et
4471 611 4757 697 triumphos

2906 699 3389 781 apparantibus,
3433 699 3548 782 qui
3592 706 3812 763 tamen
3859 697 4092 762 ruinae
4134 707 4200 762 et
4243 696 4445 762 exitio
4480 699 4757 766 certissimo

2907 785 3118 867 magis
3197 806 3274 850 ac
3341 784 3551 868 magis
3616 783 4072 868 propinquant.
4182 783 4261 847 In
4328 785 4550 866 primis
4603 797 4761 852 autem

2909 867 3388 936 observandum
3446 869 3555 935 hic
3613 869 3994 934 nominatim
4061 869 4206 934 fieri
4270 870 4643 935 mentionem
4687 893 4762 937 no-

2908 956 3105 1020 minis
3144 955 3290 1035 Dei,
3366 964 3441 1021 ut
3500 955 3902 1038 significetur
3957 954 4101 1038 ipsa
4143 953 4272 1020 Dei
4338 955 4563 1035 virtus,
4627 978 4767 1040 quem

2911 1040 2967 1106 si
3031 1042 3489 1107 auxiliatorem
3564 1049 3634 1106 et
3698 1048 4100 1107 servatorem
4167 1040 4453 1123 experiri
4516 1042 4765 1122 volumus,

2912 1127 3216 1194 invocare
3276 1127 3533 1211 qualem
3578 1147 3649 1192 se
3691 1125 3881 1191 nobis
3924 1125 4230 1208 patefecit
4272 1127 4344 1191 in
4387 1128 4615 1193 nostris
4648 1128 4767 1193 diffi-

2911 1213 3261 1281 cultatibus
3328 1213 3659 1278 debemus.
3746 1211 3976 1295 Neque
4040 1212 4215 1277 enim
4273 1232 4402 1278 vox
4462 1212 4567 1278 illa
4613 1235 4770 1279 nome·

2911 1299 3295 1383 simpliciter
3338 1319 3456 1383 pro
3492 1296 3806 1364 vocabulo
3841 1298 3954 1362 illo
3989 1297 4365 1381 accipienda
4396 1308 4527 1364 est:
4568 1299 4664 1364 sed
4691 1321 4771 1383 pro

2912 1385 3157 1450 virtute
3213 1406 3381 1469 quae
3437 1384 3565 1451 hoc
3621 1382 3885 1449 nomine
3939 1383 4339 1467 designatur.
4428 1383 4621 1451 Sacra
4664 1405 4776 1450 vero

2912 1471 3236 1555 scriptura
3293 1470 3458 1537 solet
3511 1471 3605 1535 ita
3661 1468 3859 1552 loqui,
3920 1479 3995 1534 ut
4037 1468 4253 1534 Deum
4296 1469 4537 1536 indicet
4575 1491 4611 1535 a
4645 1470 4774 1535 uobis

2912 1556 3352 1623 invocandum
3396 1577 3474 1623 ea
3517 1554 3751 1621 fiducia
3793 1574 3921 1639 qua
3962 1554 4215 1620 cultum
4257 1556 4385 1639 ipsi
4430 1555 4691 1621 debitum
4717 1557 4778 1622 of-

2911 1643 3214 1724 feramus,
3272 1654 3338 1708 et
3392 1643 3652 1723 qualem
3708 1661 3780 1707 se
3820 1639 4005 1706 nobis
4047 1640 4357 1724 patefecit
4395 1662 4778 1726 agnoscamus.

2914 1727 3028 1795 sio
3067 1729 3332 1795 Psalmo
3376 1728 3462 1794 50
3505 1729 3687 1793 Deus
3730 1725 3912 1792 iubet
3954 1747 4026 1791 se
4067 1727 4381 1793 invocari.
4474 1729 4782 1804 Invoeane,

2913 1815 3146 1896 inquit,
3206 1820 3467 1897 tempore
3520 1812 3879 1897 unqu-stiae.-
3933 1817 3989 1877 et
4044 1816 4101 1876 te
4143 1814 4484 1879 exaudiam
4515 1819 4579 1877 ut
4616 1813 4781 1878 honore

2909 1922 3005 1966 me
3047 1899 3315 1983 afficias.
3404 1899 3590 1965 Licet
3632 1899 3837 1981 igitur
3877 1897 4124 1963 invicta
4164 1898 4289 1964 Dei
4336 1900 4550 1965 virtus
4590 1919 4781 1982 sempe:

2910 1999 3141 2069 parata
3198 1988 3284 2051 sit
3341 1984 3424 2050 ad
3468 1984 3784 2050 auxilium
3832 1983 4021 2049 nobis
4064 1983 4135 2047 in
4180 1986 4480 2068 angustis
4522 1985 4692 2051 rebus
4725 1986 4785 2049 fs·
4902 1975 4903 2006 ¹

2911 2072 3209 2151 rendum,
3268 2092 3404 2137 uon
3462 2081 3683 2136 tamen
3742 2068 3823 2134 ad
3866 2069 4048 2134 illam
4092 2071 4447 2154 confugere
4488 2090 4787 2154 possumus,

2913 2159 3042 2224 nisi
3087 2157 3268 2240 prius
3309 2179 3456 2223 eam
3491 2175 3980 2240 cognoscamus,
4026 2174 4238 2237 neque
4260 2156 4566 2223 effectum
4589 2157 4789 2230 sentire,

2911 2256 2977 2310 et
3021 2244 3377 2309 utilitatem
3420 2264 3503 2307 ex
3547 2264 3623 2307 ea
3671 2239 3934 2318 referre,
3995 2241 4125 2305 nisi
4175 2250 4250 2306 ut
4291 2242 4505 2308 nostri
4548 2243 4788 2307 miserea-
4902 2305 4903 2338 ᾖ

2913 2339 3022 2395 tur
3066 2350 3425 2413 precemur.
3511 2328 3719 2393 Porro
3762 2325 3985 2392 David
4030 2325 4362 2409 didicerat,
4424 2338 4502 2393 ut
4543 2338 4680 2393 ante
4714 2327 4791 2392 do·

2911 2417 3188 2494 enimus,
3246 2416 3319 2482 in
3363 2434 3498 2480 uno
3541 2413 3685 2479 Deo
3729 2411 4336 2496 conquiescendum,
4396 2424 4469 2480 et
4510 2413 4590 2479 ad
4625 2414 4787 2497 ipsum

2911 2502 3120 2568 solum
3160 2509 3235 2568 ut
3270 2501 3671 2566 tutissimum
3706 2499 3960 2579 asylum
3996 2499 4532 2584 confugiendum,
4575 2497 4795 2582 exlegis

2911 2587 3228 2668 doctrina,
3273 2595 3342 2652 et
3384 2586 3683 2670 precibus
3726 2599 3792 2650 et
3833 2584 4234 2652 orationibus
4275 2587 4529 2652 crebris
4569 2587 4633 2650 iu
4664 2606 4725 2650 es
4747 2606 4794 2648 se

2911 2680 3309 2740 exercuerat.
3396 2672 3535 2737 Nos
3582 2672 3801 2753 itaque
3846 2670 4124 2737 Davidis
4167 2671 4552 2754 exemplum
4592 2670 4795 2746 imit-ti,

2911 2781 3112 2844 quum
3146 2758 3318 2843 apud
3354 2757 3725 2824 incredulos
3758 2755 4204 2840 gloriabimur,
4241 2758 4365 2824 hoc
4405 2759 4660 2823 nomine
4682 2776 4789 2823 cum

2909 2848 3050 2931 ipso
3092 2844 3358 2929 gloriari
3403 2843 3749 2922 discamus,
3791 2863 3910 2908 nos
3952 2863 4185 2926 nempe
4207 2842 4430 2909 Deum
4479 2865 4607 2909 non
4644 2843 4790 2909 simu-
4898 2853 4899 2868 ¹

2908 2931 3040 2998 late
3084 2952 3294 3015 neque
3337 2939 3612 2995 externo
3658 2936 3917 2993 tantum
3962 2930 4116 3010 ritu,
4173 2928 4288 2994 sed
4347 2930 4604 2995 sincere
4657 2939 4712 2995 et
4742 2927 4787 2990 in

2909 3038 3067 3085 vera
3125 3016 3364 3083 fiducia
3421 3017 3741 3093 invocare,
3802 3009 4324 3098 quandoquidem
4389 3017 4476 3082 ab
4533 3015 4663 3099 ipso

2911 3112 3136 3170 nostra
3177 3111 3247 3167 et
3284 3102 3462 3169 salus
3505 3099 3845 3184 dependet,
3887 3109 3954 3166 et
3994 3121 4116 3166 nos
4159 3100 4325 3165 nibil
4372 3123 4417 3166 a
4462 3103 4643 3167 nobis
4678 3100 4793 3184 ipsi·

2909 3209 3285 3274 possumus:
3349 3195 3417 3253 et
3478 3186 3687 3271 ipsius
3755 3185 3908 3251 freti
3973 3186 4524 3269 promissionibus
4587 3203 4792 3270 sperate

2909 3276 3048 3342 fore
3090 3284 3166 3341 ut
3198 3293 3536 3356 nunquam
3572 3293 3690 3338 nos
3727 3272 3944 3355 ipsum
3980 3284 4375 3356 quaerentes
4417 3273 4682 3350 deserat,
4716 3267 4794 3336 sed

2908 3380 3221 3446 praesens
3265 3358 3580 3425 auxilium
3626 3358 3696 3422 in
3743 3358 3939 3423 rebus
3981 3358 4278 3441 angustis
4322 3360 4519 3423 ferat.

3082 3446 3427 3529 Sequitur:
3474 3443 3680 3511 Hodie
3721 3443 3893 3510 dabit
3925 3449 3981 3509 te
4001 3443 4320 3510 Dominus
4353 3446 4434 3510 in
4468 3464 4658 3510 manu
4684 3461 4795 3516 Μι,

2911 3540 2967 3600 et
2992 3532 3349 3614 percutiam
3392 3536 3465 3610 te,
3509 3534 3566 3595 et
3607 3529 3901 3609 auferam
3941 3534 4129 3612 caput
4167 3534 4346 3595 tuum
4392 3552 4438 3595 a
4482 3536 4560 3610 te,
4602 3536 4653 3595 et
4684 3525 4796 3593 dabo

2909 3619 3216 3686 cadavera
3275 3620 3619 3683 castrorum
3671 3613 4161 3681 Phaistaeorum
4229 3615 4418 3682 hodie
4496 3612 4795 3682 volatilibus

2911 3704 3061 3771 coeli
3117 3709 3171 3770 et
3241 3702 3454 3768 bestiis
3508 3707 3727 3767 terrae.
3827 3700 4013 3766 Idem
4073 3712 4139 3767 et
4194 3700 4559 3767 Goliathus
4616 3698 4795 3767 Davidi

2913 3792 3200 3857 minatus
3244 3789 3473 3865 fuerat,
3519 3788 3645 3853 nisi
3689 3785 3861 3870 quod
3902 3786 4009 3852 bic
4053 3786 4267 3853 David
4313 3789 4613 3854 minatur
4649 3786 4797 3851 etism

2912 3877 3144 3944 castris
3188 3874 3696 3941 Philistaeorum
3742 3872 4044 3937 ultimum
4091 3874 4407 3939 exitium:
4475 3875 4615 3941 Deo
4654 3871 4797 3937 dante

2913 3962 3040 4048 ipsi
3080 3970 3157 4027 ut
3199 3960 3538 4027 victoriam
3583 3959 3876 4040 referret,
3934 3979 4068 4024 non
4125 3967 4391 4024 tautum
4456 3960 4538 4026 de
4580 3980 4696 4024 uuo
4730 3954 4794 4039 gi-

2916 4056 3134 4132 gante,
3191 4045 3303 4113 sed
3367 4045 3446 4111 de
3488 4044 3603 4110 illo
3646 4064 3997 4110 numeroso
4041 4045 4335 4111 exercitu
4384 4048 4501 4130 qui
4547 4045 4796 4112 adversm

2916 4135 3044 4202 Dei
3102 4131 3417 4216 populum
3472 4141 3606 4197 tam
3660 4130 3937 4213 superbe
3994 4140 4063 4195 et
4114 4133 4589 4198 contumeliose
4638 4131 4797 4195 inm

2916 4229 3197 4287 rexerat.
3284 4218 3491 4282 Porro
3536 4216 3696 4281 haec
3738 4216 4044 4299 loquendi
4088 4217 4387 4300 phrasis:
4447 4217 4627 4284 Dare
4661 4213 4797 4281 mdo·

2917 4327 3068 4373 vera
3109 4323 3432 4370 caesorum
3485 4300 3838 4369 volatilibus
3892 4302 4042 4369 coeli
4096 4308 4154 4369 et
4195 4302 4422 4369 bestiis
4467 4308 4675 4383 terrae,
4710 4301 4797 4363 fre-

2919 4403 3192 4476 quenter
3236 4389 3526 4456 occurrit
3566 4390 3636 4454 in
3682 4387 3901 4465 sacris,
3947 4408 4078 4472 qua
4111 4391 4343 4455 mortis
4380 4387 4797 4474 ignominiosae

2921 4476 3168 4561 species
3211 4475 3634 4559 significatur.
3702 4474 4002 4540 Minatur
4045 4476 4266 4557 itaque
4304 4475 4536 4541 David
4560 4469 4801 4541 Golintho

2921 4586 3055 4630 non
3101 4571 3356 4626 tantum
3402 4580 3646 4639 necem,
3692 4558 3805 4625 sed
3850 4562 4047 4626 etiam
4092 4571 4240 4645 post
4272 4573 4556 4627 mortem
4593 4557 4801 4625 dedecus

2923 4662 2991 4715 et
3032 4646 3481 4733 ignominiam,
3531 4646 3667 4712 fore
3712 4646 4025 4712 nimirum
4071 4657 4145 4710 ut
4188 4646 4481 4713 cadaver
4526 4647 4708 4730 ipsius
4735 4642 4801 4705 in·

2923 4735 3251 4819 sepultum
3314 4733 3541 4811 iaceat,
3607 4740 3674 4797 et
3739 4732 3962 4797 bestiis
4026 4739 4245 4798 terrae
4312 4743 4384 4797 et
4452 4734 4674 4799 avibus
4722 4727 4800 4791 fist

2925 4830 3150 4904 pastus
3203 4825 3272 4883 et
3336 4836 3517 4884 esca:
3579 4827 3644 4881 et
3697 4818 3973 4883 eandem
4031 4817 4170 4884 fore
4217 4819 4424 4885 etiam
4474 4820 4801 4900 reliquorum

2927 4906 3436 4972 Philistaeorum
3481 4902 3938 4971 conditionem.
4027 4903 4390 4970 Goliathus
4451 4906 4639 4969 etiam
4681 4897 4797 4964 idem
4892 4975 4893 4996 χ

2928 4992 3170 5059 Davidi
3228 4991 3388 5056 satis
3444 4988 3795 5058 crudeliter
3853 4998 3918 5054 et
3961 4990 4243 5073 superbe
4286 4992 4582 5056 minatus
4622 4990 4798 5054 fuant:

2928 5080 3103 5145 hunc
3146 5077 3368 5159 itaque
3410 5096 3656 5141 morem
3702 5075 4050 5142 militarem
4095 5078 4289 5141 etiam
4334 5075 4566 5142 David
4605 5069 4797 5158 quiden

2927 5165 3222 5231 imitatus
3280 5170 3414 5228 est:
3472 5161 3682 5227 solent
3737 5162 3912 5227 enim
3971 5162 4210 5228 milites
4254 5162 4349 5229 sic
4396 5163 4537 5228 suis
4577 5156 4801 5254 hostibus

2929 5249 3265 5327 insultare,
3306 5255 3535 5314 utnon
3560 5255 3816 5313 tantum
3853 5268 4082 5315 necem
4117 5250 4484 5328 minentur,
4526 5247 4629 5314 sed
4658 5253 4796 5309 cutm

4698 3007 4899 3078 via'
