5059 6059
777 313 905 380 379

781 512 849 567 et
889 497 1225 576 inutilem,
1294 493 1468 579 quod
1510 493 1790 561 fideliter
1832 514 1872 559 a
1915 515 1985 562 se
2029 513 2220 578 posse
2265 493 2558 560 exerceri
2602 491 2705 560 de·

784 594 1096 671 speraret,
1139 605 1178 648 a
1200 581 1487 648 Domino
1531 589 1754 646 tamen
1798 578 1882 645 ad
1921 577 1990 646 id
2034 587 2336 646 vocatum
2381 586 2447 644 et
2479 580 2712 644 confir·

784 681 1056 739 matum.
1166 667 1333 750 Quis
1398 665 1480 732 ab
1547 665 1944 743 hominibus,
2024 685 2279 748 quaese,
2344 665 2710 749 profectum

785 756 964 826 istud
1024 754 1257 821 merito
1316 750 1603 819 dixerit?
1692 754 1783 817 At
1828 750 2013 817 Deus
2054 753 2188 816 iam
2226 751 2296 816 in
2340 759 2528 815 utero
2573 749 2708 815 for-

784 850 1055 921 matum,
1115 859 1245 905 non
1304 847 1566 904 tantum
1610 857 1771 915 esse,
1830 835 1944 903 sed
1987 844 2054 903 et
2095 836 2482 920 prophetam
2527 835 2710 901 nasci

790 927 1014 995 voluit.
1083 924 1305 1007 Quare
1327 925 1512 990 Deus
1547 923 1835 1008 gratuita
1869 943 1991 988 sua
2034 922 2323 989 bonitate
2368 921 2710 1007 praevenit

786 1035 937 1081 eum
959 1033 1152 1097 quem
1176 1009 1386 1076 voluit
1419 1011 1488 1076 in
1521 1008 1648 1075 hoc
1683 1008 1897 1075 officio
1934 1008 2059 1074 sibi
2099 1008 2435 1074 inservire.
2486 1008 2712 1090 Atque

788 1099 857 1167 id
896 1100 922 1164 i
969 1119 1116 1165 sum
1173 1105 1273 1162 est
1330 1095 1411 1161 de
1477 1115 1595 1178 pro
1643 1094 1812 1160 hetis
1856 1093 2160 1159 omuibus
2206 1090 2712 1176 intelligendum

787 1206 914 1271 quo
1000 1184 1082 1249 de
1124 1182 1407 1248 Ieremia
1447 1180 1555 1247 hic
1646 1181 1853 1246 ‘citur.
1948 1178 2122 1244 Nam
2167 1178 2246 1244 de
2289 1200 2360 1244 sc
2405 1179 2710 1244 similiter

786 1271 986 1338 etiam
1008 1269 1212 1335 Isaias
1248 1268 1553 1351 loquitur,
1589 1266 1696 1350 qui
1734 1285 2142 1348 nequaquam
2175 1264 2302 1331 sibi
2323 1262 2709 1349 prophetiae

788 1358 1174 1441 dignitatem
1219 1375 1259 1419 a
1301 1374 1373 1419 se
1415 1353 1555 1435 ipso
1597 1351 1905 1430 vindicat,
1965 1349 2078 1416 sed
2139 1350 2222 1416 ab
2264 1371 2339 1416 eo
2382 1371 2452 1416 se
2499 1371 2540 1414 a
2582 1371 2709 1433 quo

789 1453 858 1509 et
900 1442 1186 1507 animam
1245 1446 1314 1505 et
1368 1458 1605 1520 corpus
1661 1436 1976 1503 habemus
2019 1436 2343 1521 accepisse
2387 1436 2707 1521 agnoscit,

790 1550 830 1594 a
871 1548 999 1612 quo
1041 1525 1124 1594 sit
1168 1524 1248 1589 ad
1295 1523 1359 1590 id
1404 1523 1726 1588 formatus
1767 1530 1834 1588 et
1870 1532 2157 1589 vocatus.
2226 1520 2434 1601 Adde,
2473 1541 2709 1588 vocan-

789 1625 921 1680 tem
940 1612 1159 1677 Deum
1193 1610 1369 1676 hunc
1405 1608 1514 1675 vel
1557 1607 1741 1673 illum
1787 1629 1907 1693 pro
1951 1628 2071 1673 sua
2116 1606 2477 1686 voluntate,
2524 1606 2710 1672 donis

791 1700 990 1765 etiam
1034 1695 1333 1775 eundem,
1379 1693 1463 1761 ad
1504 1693 1796 1760 muneris
1838 1693 2019 1759 illius
2054 1693 2457 1759 functionem
2491 1713 2712 1759 neces-

792 1787 999 1862 sariis,
1059 1803 1315 1848 ornare.
1403 1778 1636 1861 Qualis
1696 1786 1855 1862 erat,
1919 1777 2199 1859 obsecro,
2265 1778 2517 1845 Paulus
2561 1786 2713 1844 ante

795 1869 1226 1947 vocationem,
1271 1874 1342 1932 et
1383 1884 1578 1949 quam
1626 1863 1708 1929 ad
1752 1864 2184 1948 apostolatum
2229 1864 2398 1931 male
2441 1863 2713 1948 disposi-

794 1967 920 2035 tus,
963 1956 1098 2020 imo
1141 1973 1336 2038 quam
1372 1956 1663 2015 remotus
1701 1960 1765 2015 et
1798 1949 2098 2016 alienus?
2146 1950 2317 2016 Nam
2352 1970 2487 2016 non
2521 1949 2712 2015 modo

793 2044 863 2108 in
927 2040 1455 2108 Christianorum
1534 2056 1808 2101 numero
1886 2058 2018 2102 non
2097 2034 2489 2102 censebatur
2512 2085 2527 2113 ,
2596 2035 2711 2102 sed

795 2128 993 2195 etiam
1015 2125 1218 2192 hostis
1253 2120 1579 2203 ecclesiae,
1623 2142 1699 2188 ac
1733 2120 2031 2187 veritatis
2065 2131 2502 2204 persequutor
2536 2127 2708 2186 erat:

794 2221 993 2297 atque
1035 2210 1194 2278 adeo
1237 2208 1480 2275 bellum
1519 2206 1648 2290 ipsi
1692 2206 1833 2288 Deo
1882 2206 2217 2287 indixisse,
2273 2215 2338 2271 et
2397 2206 2713 2274 adversus

792 2300 998 2383 ipsius
1076 2296 1357 2381 gratiam
1435 2313 1731 2377 pugnare
1796 2292 2153 2360 videbatur.
2261 2291 2713 2358 Nihilominus

794 2405 946 2451 vero
989 2381 1069 2447 ad
1115 2379 1543 2462 apostolatum
1588 2398 1626 2442 a
1669 2377 1957 2444 Domino
2012 2387 2305 2455 vocatur,
2364 2399 2440 2444 ac
2491 2379 2714 2462 gregis

793 2467 1065 2535 Domini
1108 2466 1313 2532 nostri
1354 2464 1509 2530 Iesu
1545 2462 1765 2531 Chrisi
1800 2463 2184 2548 gubernatio
2227 2463 2325 2530 illi
2369 2464 2716 2531 committi-

794 2566 922 2619 tur.
1018 2550 1214 2618 Unde
1270 2570 1426 2617 vero
1484 2557 1666 2615 tanta
1731 2549 2060 2616 mutatio?
2147 2549 2403 2633 Nempe
2459 2570 2500 2614 a
2549 2547 2713 2627 Deo,

792 2647 1144 2722 antequam
1202 2658 1284 2702 ex
1339 2642 1525 2701 utero
1580 2634 1809 2701 matris
1834 2634 2302 2720 egrederetur,
2346 2634 2566 2700 fuerat
2607 2653 2715 2699 co-

793 2724 1036 2810 gnitus.
1122 2722 1270 2788 Hoc
1311 2721 1528 2806 ipsum
1566 2720 1637 2784 in
1681 2719 2007 2786 Samuelis
2062 2742 2342 2804 persona
2383 2719 2715 2804 expenda-

792 2831 959 2877 mus.
1029 2807 1164 2890 Qui
1206 2807 1327 2874 etsi
1370 2826 1519 2872 cum
1562 2805 1913 2891 sacrilegis,
1956 2807 2433 2884 scortatoribus,
2479 2804 2716 2885 atheis,

792 2895 1084 2983 profanis
1127 2893 1461 2972 educatus,
1523 2900 1742 2956 tamen
1787 2912 1827 2956 a
1868 2891 2015 2958 Deo
2060 2892 2374 2975 paulatim
2418 2893 2633 2958 fuerat
2676 2911 2716 2956 a

794 2982 1087 3068 profanis
1118 2980 1380 3046 illorum
1414 2975 1881 3062 pollutionibus
1915 2987 2315 3062 segregatus,
2355 2986 2423 3044 et
2455 2984 2716 3061 praeter

794 3069 1089 3135 omnium
1152 3064 1701 3150 exspectationem
1765 3062 2086 3130 adversus
2148 3085 2376 3131 omnes
2453 3062 2716 3129 illorum

793 3154 1133 3222 illecebras
1174 3150 1629 3228 communitus,
1686 3170 1769 3214 ne
1825 3169 1896 3215 se
1940 3149 2072 3214 illis
2112 3149 2316 3232 pollui
2362 3156 2714 3232 pateretur.

791 3240 1036 3324 Ecquis
1078 3258 1233 3305 vero
1271 3256 1403 3301 non
1438 3234 1715 3299 miretur
1749 3234 2014 3313 factum,
2061 3255 2262 3318 quum
2299 3234 2524 3302 nullus
2558 3244 2715 3302 tunc

792 3331 1138 3412 appareret
1171 3319 1505 3407 propheta,
1539 3340 1615 3386 ac
1649 3319 1926 3403 populus
1959 3327 2132 3387 esset
2165 3341 2356 3386 corru
2404 3319 2716 3400 tissimus,

796 3414 1063 3496 ipsaque
1103 3407 1330 3492 religio
1372 3426 1635 3491 pessum
1676 3405 1875 3471 ivisse
1908 3406 2290 3472 videretur?
2337 3342 2560 3487 {nare
2595 3405 2720 3473 hoc

800 3498 1147 3581 diligenter
1189 3489 1857 3568 animadvertendum,
1904 3501 1976 3555 ut
2018 3512 2224 3575 quum
2267 3512 2306 3557 a
2326 3491 2473 3559 Deo
2517 3492 2716 3558 fueri-

799 3603 947 3648 mus
990 3580 1073 3646 ad
1114 3577 1539 3646 excellentem
1573 3575 1859 3659 aliquam
1892 3576 2283 3661 dignitatem
2318 3577 2552 3658 vocati,
2596 3596 2717 3643 nos

803 3679 984 3733 tanto
1028 3666 1152 3748 ipsi
1196 3685 1338 3730 esse
1382 3662 1820 3728 devinctiores
1862 3664 2163 3743 sciamus,
2213 3671 2456 3746 quanto
2500 3662 2720 3729 minus

803 3774 921 3818 nos
964 3751 1185 3833 aliqua
1227 3749 1438 3816 virtus
1475 3756 1590 3812 aut
1622 3746 1943 3814 industria
1976 3748 2489 3816 commendabat.
2547 3748 2720 3815 Nam

802 3838 927 3904 etsi
998 3833 1361 3918 praestanti
1425 3831 1690 3918 ingenio
1750 3840 1817 3898 et
1873 3834 2149 3901 scientia
2199 3834 2344 3917 quis
2386 3833 2722 3919 praeditus

803 3932 923 4002 est,
968 3920 1134 3986 nihil
1176 3929 1398 3985 tamen
1438 3918 1554 3982 illa
1595 3917 1845 3986 faciunt
1886 3919 1969 3984 ad
2014 3926 2303 3986 nostram
2337 3940 2554 3986 coram
2579 3920 2722 3986 Deo

806 4004 1465 4082 commendationem:
1532 4005 1658 4068 etsi
1727 4003 2155 4070 nihilominus
2210 4005 2343 4071 illis
2407 4017 2720 4088 tanquam

806 4091 1308 4181 praeparatoriis
1328 4088 1611 4156 stimulis
1645 4088 1726 4154 ad
1749 4088 1875 4156 Dei
1911 4091 2160 4157 cultum
2183 4099 2250 4157 et
2283 4092 2722 4178 reverentiam

807 4202 876 4248 m
963 4179 978 4194 '
1058 4199 1134 4245 ac
1177 4176 1387 4261 magis
1431 4174 1650 4259 urgeri
1692 4197 1813 4259 par
1853 4183 1987 4242 est:
2046 4185 2472 4261 agnoscentes
2530 4175 2720 4259 quid-

807 4267 920 4350 qui
1004 4264 1326 4331 bonorum
1368 4260 1792 4344 assequimur,
1836 4280 1919 4326 ex
1964 4282 2143 4328 mera
2186 4262 2326 4329 eius
2365 4263 2434 4328 in
2478 4283 2601 4328 nos
2644 4260 2720 4326 li-

810 4351 1149 4419 beralitate
1203 4366 1619 4431 promanare:
1665 4366 1876 4429 neque
1926 4346 2126 4412 ullam
2160 4368 2499 4432 superesse
2536 4347 2722 4413 nobis

810 4434 1135 4522 gloriandi
1198 4431 1561 4514 materiam,
1628 4431 1817 4513 quasi
1883 4430 2126 4516 aliquid
2181 4434 2721 4516 praestiterimus,

811 4532 926 4590 aut
966 4531 1189 4587 nostro
1227 4516 1445 4583 labore
1486 4524 1554 4582 et
1593 4514 1918 4583 industria
1959 4520 2339 4600 consequuti
2372 4519 2719 4585 fuerimus:

811 4608 927 4676 sed
962 4629 1043 4685 ⁸os
1083 4625 1277 4671 omne
1317 4599 1790 4670 occludendum
1849 4612 1919 4667 ut
1974 4626 2096 4671 sua
2135 4604 2281 4670 Deo
2337 4605 2456 4672 soli
2515 4603 2724 4689 gloria

813 4700 1063 4762 constet
1078 4742 1094 4768 ,
1171 4710 1248 4757 ac
1336 4709 1468 4754 non
1547 4687 1959 4768 obscuretur,
2040 4709 2284 4773 nosque
2368 4699 2723 4773 nostraque

811 4780 1034 4848 omnia
1096 4776 1267 4846 dona
1329 4772 1453 4842 soli
1512 4772 1613 4838 illi
1678 4783 1941 4857 accepta
2004 4775 2302 4841 feramus.
2402 4776 2495 4841 Et
2560 4774 2724 4841 haec

811 4864 1073 4949 quidem
1104 4861 1184 4928 de
1219 4863 1300 4927 iis
1332 4860 1442 4943 qui
1485 4856 1568 4925 ad
1612 4858 2017 4926 vocationem
2060 4860 2344 4943 aliquam
2387 4860 2722 4928 ecclesias-

816 4951 1011 5016 ticam
1056 4958 1366 5015 vocantur
1396 4945 1731 5012 hactenus.
1815 4944 1881 5010 N
1884 4963 1956 5011 os
2004 4965 2159 5011 vero
2199 4947 2395 5013 etiam
2428 4945 2724 5031 singulos

816 5036 979 5101 haec
1044 5032 1390 5101 convenire
1455 5029 1640 5097 nobis
1703 5028 2220 5097 animadvertere
2284 5052 2401 5115 par
2464 5045 2595 5098 est:
2655 5039 2722 5098 et

817 5138 1183 5203 agnoscere,
1228 5138 1348 5185 nos
1388 5136 1431 5181 a
1472 5114 1636 5195 Deo,
1678 5134 1881 5198 quum
1939 5116 2163 5200 procul
2216 5118 2592 5185 abessemus
2636 5116 2719 5182 ab

813 5206 974 5289 ipso,
1018 5204 1366 5287 quaesitos,
1423 5209 1493 5268 et
1532 5202 1768 5285 ipsum,
1826 5222 1954 5269 non
2013 5204 2468 5287 quaerentibus
2512 5203 2718 5284 nobis,

2437 301 2850 370 HOMILIA
2892 301 3093 369 XIII.

4610 306 4718 374 380

2808 490 3067 560 obviam
3111 493 3353 560 sactum
3396 499 3467 559 et
3508 513 3547 558 a
3590 492 3779 561 nobis
3813 493 4176 563 inventum.
4245 496 4436 576 Nam,
4474 517 4718 580 quaeso,

2810 577 3045 662 quibus
3090 578 3519 658 adminiculis,
3576 600 3705 662 quo
3766 581 4007 648 mentis
4062 580 4350 666 impulsu
4407 581 4490 647 ad
4534 604 4717 649 evan·

2811 664 2966 744 gelii
3010 665 3445 750 cognitionem
3490 666 3949 750 pervenimus:
4011 666 4160 750 quis
4215 666 4323 732 hic
4364 688 4553 733 suum
4595 682 4716 734 stu·

2812 748 2992 815 dium
3038 750 3106 815 in
3151 750 3522 835 quaerendo
3560 752 3703 816 Deo
3738 762 3806 817 et
3839 753 3982 818 eius
4016 753 4296 819 veritate
4340 754 4513 820 ausit
4554 774 4717 837 prae-

2813 834 3074 900 dicare?
3122 835 3296 918 Quid
3342 838 3518 903 enim
3561 837 3760 917 aliud,
3804 838 4091 919 obsecro,
4134 859 4334 922 quam
4370 838 4627 905 rebellio
4660 848 4719 905 et

2812 924 3219 988 contumacia
3260 943 3520 988 eramus
3562 943 3765 1006 quum
3808 943 3928 990 nos
3948 924 4134 990 Deus
4179 926 4322 1009 ipse
4364 925 4715 1008 quaesivit?

2812 1007 2981 1074 Pars
3044 1009 3222 1073 enim
3285 1008 3356 1073 in
3416 1007 3723 1075 vitiorum
3778 1008 3917 1074 luto
3973 1010 4237 1093 penitus
4280 1010 4550 1088 iacebat,
4603 1007 4728 1077 nisi'

2814 1092 2997 1159 Deus
3041 1093 3180 1176 ipse
3223 1093 3291 1159 in
3331 1103 3573 1161 rectam
3611 1093 3790 1160 viam
3817 1103 4218 1163 revocasset:
4265 1117 4417 1179 pars
4452 1097 4721 1163 tenebris

2815 1175 3220 1245 densissimis
3277 1178 3595 1263 involuta,
3654 1180 3989 1248 doctrinae
4048 1182 4312 1248 veritati
4368 1182 4719 1249 resistebat.

2815 1261 3041 1344 Quare
3096 1264 3256 1330 satis
3309 1271 3412 1330 est
3467 1268 3907 1349 conspicuum,
3968 1288 4099 1332 non
4173 1268 4416 1335 nostris
4483 1269 4724 1347 viribus,

2813 1368 2950 1415 non
2995 1348 3335 1430 industria,
3375 1372 3508 1417 non
3554 1372 3715 1417 cura
3757 1364 3874 1417 aut
3917 1350 4140 1418 labore
4174 1375 4294 1422 nos
4328 1373 4411 1419 ex
4459 1354 4727 1420 tenebris

2813 1446 2882 1503 et
2922 1435 3309 1519 corruptelis
3351 1438 3714 1515 emersisse,
3779 1436 3894 1503 sed
3938 1437 4066 1504 Dei
4112 1459 4229 1504 nos
4271 1441 4641 1523 quaerentis
4671 1450 4730 1505 et

2813 1523 2886 1588 in
2931 1522 3117 1588 nobis
3160 1522 3490 1604 operantis
3535 1522 3657 1588 hoc
3699 1543 3865 1605 opus
3907 1544 4068 1608 esse,
4114 1545 4315 1608 quum
4355 1534 4578 1590 tamen
4621 1526 4727 1608 ipsi

2813 1618 3000 1692 terga
3044 1606 3367 1692 daremus,
3433 1627 3509 1674 ac
3552 1607 3866 1675 adversus
3908 1609 4126 1692 ipsum
4194 1631 4471 1676 manum
4538 1611 4727 1693 porri·

2812 1703 3095 1780 gentem,
3120 1692 3482 1759 belluarum
3518 1693 3747 1774 instar,
3781 1693 4269 1761 reluctaremur.
4339 1699 4441 1762 Ao
4474 1694 4728 1781 proinde

2811 1801 2971 1847 vera
3013 1789 3079 1845 et
3120 1779 3393 1844 immota
3435 1778 3729 1845 doctrina
3770 1778 3884 1846 illa
3926 1789 4044 1859 est,
4099 1802 4221 1848 nos
4264 1803 4306 1847 a
4339 1782 4504 1860 Deo,
4548 1802 4726 1866 quae·

2812 1886 3069 1949 cunque
3106 1874 3330 1930 nostra
3367 1864 3456 1931 sit
3499 1864 3766 1930 tandem
3798 1865 4049 1932 iustitia
4087 1875 4159 1932 et
4191 1869 4530 1947 sanctitas,
4564 1889 4729 1951 prae-

2813 1951 3050 2030 veniri,
3105 1959 3173 2015 et
3233 1948 3316 2016 ab
3373 1949 3599 2016 eodem
3647 1949 3829 2016 nobis
3872 1951 4094 2018 oculos
4137 1960 4204 2017 et
4245 1973 4440 2018 aures
4484 1953 4730 2037 aperiri,

2816 2045 3053 2103 natura
3117 2035 3321 2102 caecis
3386 2044 3456 2100 et
3519 2035 3757 2102 surdis.
3869 2036 4137 2106 Oenties
4199 2037 4446 2104 etenim
4511 2039 4730 2104 millies

2815 2122 3104 2188 auditam
3163 2121 3485 2206 evangelii
3543 2120 3930 2188 doctrinam·
3964 2143 4303 2206 nunquam
4377 2125 4730 2207 percipem-

2816 2228 2987 2291 mus,
3045 2207 3174 2272 nisi
3219 2207 3402 2273 Deus
3461 2207 3530 2271 in
3591 2208 3779 2275 nobis
3836 2208 3997 2293 ipsis
4040 2229 4156 2292 per
4197 2219 4510 2276 sanctum
4556 2231 4729 2275 suum

2817 2294 3122 2377 spiritum
3182 2301 3586 2377 operaretur,
3640 2314 3831 2360 aures
3889 2296 4194 2379 aperiret,
4252 2304 4318 2360 et
4374 2298 4448 2361 in
4510 2295 4731 2361 animis

2819 2379 3058 2445 nostris
3135 2378 3552 2462 insculperet.
3660 2378 3775 2445 Sic
3839 2378 4146 2446 Christus
4210 2380 4351 2464 ipse
4419 2380 4732 2447 Dominus

2818 2472 3046 2531 noster
3089 2464 3264 2547 apud
3299 2465 3616 2531 Ioannem
3660 2463 3951 2548 loquitur
3991 2486 4131 2550 cap.
4175 2466 4238 2544 6,
4272 2466 4391 2532 45:
4440 2465 4733 2550 Quisquis

2817 2549 3074 2616 audivit
3127 2571 3168 2617 a
3222 2559 3425 2633 patre,
3485 2557 3552 2615 et
3607 2548 3853 2631 didicit,
3912 2551 4094 2618 venit
4148 2550 4232 2616 ad
4275 2572 4398 2618 me.
4495 2550 4731 2633 Quibus

2819 2634 3041 2702 verbis
3099 2635 3304 2717 docet,
3357 2635 3632 2702 verbum
3674 2634 3804 2701 Dei
3863 2636 4310 2719 praedicatum
4355 2638 4441 2705 ab
4489 2637 4732 2703 homine

2819 2722 3079 2787 mortali
3135 2722 3231 2789 sie
3283 2729 3543 2787 nostras
3596 2742 3788 2788 aures
3840 2722 4055 2802 ferire,
4114 2730 4193 2788 ut
4247 2743 4290 2788 a
4330 2720 4465 2789 Dei
4508 2722 4730 2807 spiritu

2818 2808 3098 2873 interius
3140 2815 3449 2891 operante
3506 2806 3874 2891 doceamur,
3931 2815 3998 2873 et
4056 2808 4136 2875 ab
4193 2809 4399 2892 ipsius
4460 2808 4732 2893 gratuita

2818 2893 3108 2960 bonitate
3143 2892 3662 2976 praeveniamur,
3697 2901 3764 2959 et
3797 2893 3879 2957 ad
3915 2893 4132 2977 ipsum
4169 2894 4552 2962 trahamur:
4588 2913 4734 2978 quos

2818 2979 3105 3062 alioquin
3164 2987 3415 3043 certum
3479 2985 3583 3044 est
3636 2978 3711 3043 in
3762 2978 3988 3045 nativa
4042 2980 4355 3047 caecitate
4410 2988 4485 3047 et
4538 2978 4734 3046 cordis

2819 3064 3058 3131 duritie
3102 3083 3578 3146 permansuros.

2987 3150 3099 3215 En
3153 3148 3309 3232 quid
3365 3170 3448 3214 ex
3505 3148 3726 3217 verbis
3771 3148 3900 3215 illis
3943 3149 4343 3233 discendum,
4397 3171 4608 3235 quum
4648 3149 4731 3216 di-

2818 3235 2988 3302 citur
3030 3233 3217 3301 Deus
3273 3235 3648 3318 apparuisse
3692 3234 3986 3301 Samueli
4038 3237 4108 3301 in
4151 3236 4398 3323 templo
4446 3246 4517 3303 et
4558 3255 4729 3304 sanc-

2818 3320 3032 3387 tuario
3093 3317 3455 3387 dormienti.
3542 3319 3717 3386 Nam
3772 3320 3831 3386 si
3875 3322 4194 3405 vigilanti,
4238 3323 4294 3388 si
4338 3324 4643 3406 precihus
4677 3327 4735 3387 et

2819 3405 3096 3473 orationi
3154 3405 3413 3473 vacanti
3469 3405 3931 3492 respondisset,
3987 3408 4220 3473 merito
4279 3406 4559 3475 Samuel
4607 3427 4735 3475 sess

2818 3512 2977 3576 prae
3023 3511 3262 3569 arasse,
3319 3499 3386 3557 et
3442 3511 3483 3558 a
3524 3493 3667 3558 Deo
3720 3493 4066 3560 exauditus
4118 3493 4320 3561 fuisse
4379 3494 4732 3560 videretur:

2820 3576 2936 3644 sed
3017 3575 3303 3643 ormiens
3339 3578 3685 3644 exauditus
3728 3577 3855 3644 dici
3890 3600 4026 3644 non
4062 3579 4296 3663 potuit.
4353 3577 4540 3660 Quid
4575 3599 4732 3662 ergo,

2821 3682 3041 3730 nonne
3083 3683 3353 3729 suorum
3396 3663 3596 3728 etiam
3641 3683 3864 3746 preces
3907 3663 4093 3731 Deus
4133 3664 4480 3732 exaudiit?
4569 3664 4731 3731 Nae:

2820 3769 3050 3815 verum
3095 3769 3229 3813 non
3271 3747 3416 3814 ideo
3458 3770 3589 3814 non
3672 3749 3985 3816 raevenit.
4042 3750 4275 3834 Neque
4308 3751 4492 3817 enim
4526 3770 4734 3835 preces

2821 3841 3081 3900 nostrae
3124 3842 3399 3915 possunt
3439 3835 3615 3900 aliun
3662 3855 3700 3900 e
3743 3856 3936 3918 quam
3980 3857 4018 3902 a
4062 3835 4190 3904 fide
4232 3857 4528 3917 manare,
4587 3834 4736 3900 fides

2821 3941 2980 3987 vero
3025 3939 3065 3985 a
3106 3918 3252 3985 Deo
3308 3925 3425 3999 est,
3492 3941 3567 3986 ac
3620 3920 3894 4003 proinde
3948 3942 4219 3987 suorum
4276 3942 4508 4006 preces
4568 3920 4735 3986 Deus

2823 4004 2978 4071 dum
3020 4003 3305 4083 exaudit,
3341 4007 3538 4071 etiam
3578 4027 3686 4072 eos
3721 4009 4085 4090 praevenit.
4151 4005 4379 4088 Quare
4416 4006 4735 4074 mentibus

2823 4090 3064 4157 nostris
3107 4089 3304 4156 altius
3347 4090 3520 4157 istud
3565 4091 3991 4177 infigendum,
4045 4102 4114 4159 et
4168 4092 4252 4158 ad
4312 4093 4491 4159 hano
4549 4109 4732 4159 unam

2823 4175 3081 4243 divinae
3121 4177 3372 4259 gratiae
3414 4177 3881 4261 scaturiginem
3938 4177 4491 4259 adscendendum,
4549 4198 4664 4243 nos
4702 4198 4737 4240 a

2823 4260 2969 4327 Deo
3012 4262 3308 4344 cognitos
3366 4282 3495 4344 quo
3553 4271 3841 4346 tempore
3897 4263 4084 4330 illum
4129 4261 4601 4331 nesciebamus.
4663 4259 4735 4327 Id

2822 4345 3070 4414 Paulus
3113 4346 3196 4412 ad
3233 4346 3507 4415 Galatas
3548 4347 3751 4427 docet,
3796 4371 3999 4433 quum
4043 4350 4164 4415 ait:
4211 4350 4349 4416 Vos
4392 4359 4734 4433 antequam

2822 4432 3043 4498 Deum
3066 4433 3561 4516 cognosceretis,
3600 4436 3710 4518 qui
3748 4435 3988 4501 eratis?
4039 4434 4506 4519 cognitionem
4529 4444 4735 4501 autem

2822 4518 3005 4584 illam
3050 4517 3437 4585 Galatarum
3482 4540 3624 4587 esse
3668 4519 3855 4586 docet
3895 4543 3978 4586 ex
4023 4519 4169 4587 fide.
4244 4523 4466 4604 Atque
4509 4520 4735 4588 idcirco

2824 4625 2907 4670 ne
2963 4624 3118 4669 suae
3178 4604 3537 4687 sapientiae
3596 4615 3663 4671 et
3717 4604 4076 4672 industriae
4133 4606 4315 4673 illam
4360 4607 4732 4681 tribuerent,

2824 4690 3214 4756 nominatim
3256 4690 3402 4757 illos
3444 4712 3483 4756 a
3524 4691 3670 4757 Deo
3713 4692 4007 4776 cognitos
4046 4701 4111 4759 et
4156 4701 4550 4777 praeventos
4590 4699 4736 4756 tem·

2824 4796 2977 4858 pore
3018 4775 3347 4841 caecitatis
3389 4783 3457 4841 et
3490 4776 3900 4860 ignorantiae
3937 4779 4232 4861 ipsorum
4268 4776 4445 4843 dicit.
4493 4776 4733 4859 Itaque,

2823 4861 3079 4938 fratres,
3137 4859 3246 4927 hic
3305 4869 3616 4944 tanquam
3670 4863 3743 4928 in
3797 4863 4020 4929 tabula
4075 4861 4402 4947 depictam
4462 4864 4730 4948 gratiam

2822 4947 2950 5012 Dei
2994 4946 3437 5029 inspiciamus,
3482 4959 3546 5012 et
3599 4949 3789 5015 nobis
3841 4947 4310 5016 dormientibus
4351 4949 4572 5032 ipsum
4627 4965 4731 5029 pro

2824 5031 3008 5099 nobis
3052 5031 3355 5116 vigilasse
3398 5053 3843 5118 agnoscamus,
3886 5043 3956 5100 et
3996 5056 4202 5119 quum
4239 5056 4371 5101 non
4405 5055 4560 5101 eum
4593 5052 4729 5129 nos-

2823 5138 3064 5217 cemus,
3109 5139 3227 5185 nec
3272 5116 3353 5216 de
3394 5118 3535 5203 ipso
3576 5119 4031 5205 cogitaremus,
4074 5142 4194 5188 nos
4229 5129 4451 5188 tamen
4488 5138 4730 5205 quaesi-

2823 5225 2996 5271 visse
3040 5223 3310 5270 memor1
3357 5215 3574 5272 mente
3616 5226 4030 5291 reponamus.
