5059 6059
851 341 977 409 151

852 531 1015 597 tiam
1078 529 1395 598 adversus
1459 529 1772 614 populum
1833 527 2187 596 intonant?
2254 531 2403 614 quis
2461 551 2589 595 non
2649 529 2798 595 illes

853 637 1117 685 omnem
1192 616 1621 681 humanitatis
1697 616 2007 681 abiecisse
2083 636 2347 682 sensum
2412 617 2744 682 existimet
2763 614 2796 679 Ἰ

855 702 1157 787 Denique
1198 723 1283 767 ex
1325 701 1469 767 istis
1504 701 1849 781 diseamus,
1890 721 2086 784 saepe
2117 701 2344 768 fideles
2388 703 2618 768 multis
2651 720 2799 766 cum

854 788 1352 856 difficultatibus
1397 786 1651 867 luctari,
1707 806 1878 871 quae
1922 786 2072 852 fidei
2125 789 2490 854 contrariae
2532 787 2801 854 videan-

855 887 1003 941 tur:
1069 872 1183 939 sed
1225 893 1393 957 quae
1437 888 1657 937 tamen
1699 893 1849 939 cum
1894 892 1974 937 ea
2019 871 2184 938 bene
2226 873 2658 941 conveniant:
2726 892 2803 938 ac

851 959 1131 1046 proinde
1175 980 1293 1024 nos
1336 969 1630 1042 oportere
1666 957 1795 1025 Dei
1837 957 1976 1024 zelo
2016 967 2086 1023 et
2125 959 2341 1026 studio
2382 960 2477 1026 sic
2520 978 2803 1027 commo-

854 1049 1019 1124 veri,
1084 1055 1159 1111 ut-
1222 1045 1374 1114 lioet
1439 1063 1700 1110 omnem
1763 1043 2128 1110 humanum
2193 1045 2499 1112 affectum
2544 1045 2803 1111 exuisse

855 1133 1213 1207 videamur,
1272 1141 1489 1197 tamen
1531 1129 1615 1196 ad
1658 1128 2165 1197 misericordiam
2210 1131 2534 1215 proclives
2576 1133 2802 1210 simus,

852 1230 923 1284 et
965 1218 1072 1285 vel
1164 1217 1380 1302 roprio
1442 1217 1764 1301 sanguine
1807 1217 2196 1283 miserorum
2240 1217 2656 1301 pereuntium
2705 1217 2802 1282 vi·

856 1313 995 1371 tam
1038 1325 1109 1369 re
1153 1305 1356 1369 imore
1395 1303 1627 1386 parati.

1028 1390 1098 1458 Is
1119 1410 1276 1473 ergo
1311 1389 1434 1454 fuit
1455 1386 1785 1456 Samuelis
1818 1388 2104 1452 animus:
2152 1408 2361 1472 neque
2391 1390 2567 1455 enim
2601 1409 2801 1472 quum

857 1493 1077 1561 regem
1126 1480 1430 1560 Agagum
1472 1476 1540 1539 in
1585 1473 1795 1539 frusta
1837 1473 2136 1553 concidit,
2184 1473 2571 1541 crudelitate
2614 1475 2800 1542 fecit:

856 1566 970 1628 sed
1013 1583 1157 1627 eam
1199 1560 1618 1627 severitatem
1661 1558 1959 1625 adhibuit
2014 1578 2211 1642 quam
2270 1561 2473 1643 ipsius
2515 1561 2800 1627 officium

857 1648 1240 1732 postulabat,
1308 1644 1838 1732 quandoquidem
1901 1645 1994 1712 ita
2052 1645 2238 1712 Deus
2302 1646 2626 1712 voluerat.
2713 1646 2805 1711 Et

857 1745 1077 1799 tamen
1137 1734 1315 1800 illius
1369 1732 1681 1798 misertus
1737 1741 1855 1808 est,
1916 1743 1982 1795 et
2037 1751 2282 1816 pronus
2343 1732 2424 1797 ad
2484 1732 2804 1798 humanos

858 1820 1135 1886 affectus
1178 1819 1322 1885 fuit.
1410 1818 1549 1883 Nos
1612 1819 1832 1901 itaque
1893 1816 2141 1900 singuli
2209 1818 2375 1884 hanc
2440 1818 2803 1885 doctrinam

858 1927 1272 1991 usurpemus,
1331 1914 1408 1969 ut
1449 1912 1717 1987 peccata
1759 1901 2106 1978 oderimus,
2167 1913 2233 1967 et
2274 1924 2476 1987 quum
2522 1905 2804 1971 necessi·

859 2003 962 2059 tas
1022 1991 1377 2076 postulabit
1429 1989 1628 2055 etiam
1685 2008 1911 2054 severe
1951 1989 2416 2071 corripiamus:
2474 1999 2545 2055 et
2588 2002 2806 2055 tamen

858 2098 1018 2165 erga
1061 2097 1370 2161 personas
1415 2073 1581 2140 bene
1624 2075 1838 2140 affecti
1879 2075 2101 2150 simus,
2149 2085 2216 2139 et
2251 2075 2592 2159 lugeamus
2616 2077 2809 2144 mise·

859 2186 968 2231 ros
1030 2163 1328 2229 homines
1386 2182 1528 2228 sese
1585 2161 1656 2224 in
1699 2159 1972 2225 exitium
2017 2159 2321 2225 ultimum
2366 2161 2804 2227 coniicientes.

857 2250 1114 2317 Iudices
1150 2251 1371 2332 itaque
1403 2249 1459 2314 si
1495 2267 1659 2329 quos
1694 2246 1908 2329 capite
1951 2243 2289 2319 damnant,
2335 2268 2465 2311 non
2510 2249 2626 2322 ira,
2674 2268 2806 2312 non

860 2337 1244 2404 crudelitate
1289 2334 1457 2414 duci,
1503 2352 1714 2415 neque
1753 2351 2011 2396 omnem
2035 2330 2503 2398 humanitatem
2528 2352 2804 2398 exuere:

861 2425 972 2489 sed
1020 2433 1241 2489 tamen
1282 2420 1421 2485 zelo
1465 2419 1710 2506 gloriae
1755 2416 1885 2482 Dei
1928 2419 2066 2501 regi
2111 2417 2368 2498 debent,
2427 2431 2623 2502 atque
2666 2440 2805 2484 om-

860 2531 1011 2575 nem
1080 2506 1452 2573 naturalem·
1508 2504 1814 2570 affectum
1879 2523 2206 2585 superare,
2275 2515 2352 2568 ut
2414 2504 2626 2570 officio
2684 2524 2805 2570 suo

862 2596 1255 2678 fungantur:
1317 2599 1390 2658 et
1429 2589 1712 2658 vicissim
1758 2609 1984 2654 eorum
2029 2608 2190 2672 quos
2231 2590 2445 2673 capite
2488 2589 2806 2656 damnant

864 2680 1176 2759 misereri,
1235 2686 1301 2743 et
1356 2676 1649 2762 ipsorum
1711 2675 1954 2740 bonum
2011 2695 2357 2757 quaerere:
2418 2675 2591 2760 quod
2649 2676 2806 2743 licet

861 2768 977 2834 isti
1037 2765 1310 2831 affectus
1366 2761 1555 2829 valde
1609 2769 2050 2846 repugnantes
2101 2760 2470 2841 videantur,
2528 2761 2804 2846 pulchre

863 2864 1086 2920 tamen
1130 2851 1542 2929 conveniant,
1607 2847 1663 2913 si
1708 2845 1940 2911 modus
1983 2845 2092 2911 ille
2136 2866 2330 2929 quem
2377 2846 2561 2914 Deus
2604 2850 2804 2915 verbo

862 2959 983 3006 suo
1025 2938 1212 3003 nobis
1254 2934 1637 3022 praescribit
1679 2941 1998 2999 servetur.
2093 2933 2387 3017 Denique
2430 2932 2647 3000 danda
2691 2955 2804 2999 no·

862 3025 964 3093 bis
1005 3033 1110 3088 est
1149 3042 1348 3105 opera
1402 3034 1479 3087 ut
1536 3020 1628 3086 sic
1682 3018 1922 3083 nostris
1979 3018 2318 3085 affectibus
2372 3021 2806 3096 moderemur,

861 3122 937 3177 ut
986 3110 1109 3175 Dei
1167 3107 1489 3174 voluntati
1545 3105 1993 3185 subiiciantur,
2047 3116 2113 3169 et
2172 3105 2336 3169 nihil
2398 3107 2466 3170 in
2530 3105 2660 3170 illis
2717 3108 2809 3169 ni-

861 3198 1065 3262 mium
1112 3203 1450 3278 appareat:
1479 3200 1703 3276 *atque
1746 3190 1886 3256 eius
1930 3189 2387 3257 moderationis
2429 3191 2807 3275 exemplum

863 3294 1004 3350 esto
1064 3279 1349 3357 Samuel,
1404 3297 1599 3361 quam
1656 3274 1922 3360 quidem
1979 3275 2103 3339 etsi
2165 3296 2289 3341 non
2349 3298 2808 3360 usquequaque

864 3368 1155 3445 retinuit,
1210 3365 1323 3432 sed
1369 3375 1588 3428 tamen
1634 3382 1775 3430 sese
1822 3360 1945 3425 Dei
1987 3381 2241 3443 semper
2287 3362 2610 3427 voluntati
2655 3364 2810 3429 sub-

863 3455 1038 3520 iecit.
1137 3451 1233 3517 At
1293 3452 1353 3517 si
1418 3465 1551 3513 tam
1621 3446 2046 3513 excellentem
2113 3448 2498 3529 prophetam
2567 3447 2810 3532 aliquid

865 3539 1141 3605 humani
1184 3557 1446 3620 passum
1495 3535 1813 3609 videmus,
1857 3531 2012 3614 quid
2058 3531 2247 3598 nobis
2292 3534 2584 3600 futurum
2622 3545 2803 3618 puta·

867 3646 1032 3702 mus,
1076 3623 1189 3705 qui
1232 3622 1422 3706 longe
1464 3620 1546 3686 ab
1581 3620 1696 3684 illa
1738 3617 2132 3701 perfectione
2176 3620 2502 3700 absumus,
2550 3634 2621 3686 ut
2667 3619 2810 3685 Deo

869 3731 990 3776 nos
1054 3721 1220 3773 totos
1284 3709 1378 3772 ita
1441 3706 1730 3773 disemus
1800 3718 1871 3768 ut
1948 3703 2200 3770 nullum
2269 3705 2471 3769 alium
2540 3726 2808 3789 scopum

867 3795 1271 3880 propositum
1315 3793 1499 3858 nobis
1545 3793 1900 3857 habeamus
1948 3808 2141 3874 quam
2186 3802 2262 3854 ut
2325 3792 2530 3873 ipsius
2573 3812 2807 3858 nomen

869 3878 1318 3965 glorificetur?
1378 3877 1555 3945 Sane
1601 3876 1865 3944 Samuel
1914 3897 2042 3940 non
2089 3877 2286 3941 deflet
2332 3874 2601 3943 Saulem
2648 3878 2810 3945 lucri

870 3966 1231 4049 cuiuspiam
1293 3964 1520 4050 gratia,
1576 3964 1680 4028 cui
1739 3976 1967 4045 sponte
2010 3975 2321 4027 cesserat:
2386 3984 2595 4045 neque
2639 3965 2812 4048 quod

868 4054 938 4119 in
983 4052 1261 4137 gratiam
1305 4070 1456 4115 oum
1498 4049 1613 4114 illo
1657 4048 1870 4112 redire
1913 4058 2196 4131 cuperet,
2239 4060 2354 4113 aut
2394 4048 2601 4132 ipsius
2645 4052 2809 4116 divi-

870 4141 995 4204 tias
1018 4147 1329 4220 speraret,
1376 4144 1490 4199 aut
1513 4135 1762 4200 viribus
1785 4134 2158 4199 confideret.
2216 4133 2339 4199 Sui
2376 4135 2579 4217 ipsius
2614 4139 2813 4202 ratio·

871 4245 1023 4290 nem
1071 4222 1320 4288 nullam
1368 4220 1579 4296 habet,
1640 4220 1752 4283 sed
1797 4230 2055 4284 tantum
2102 4220 2320 4302 populi
2364 4220 2705 4288 commoda
2747 4235 2815 4288 et

871 4320 1084 4376 status
1129 4307 1658 4389 tranquillitatem
1705 4305 2019 4371 intuetur.
2066 4304 2323 4370 Deinde
2367 4318 2613 4371 tantam
2654 4322 2816 4373 tam-

870 4417 998 4480 que
1044 4391 1435 4459 horrendam
1499 4392 1621 4456 Dei
1683 4390 2031 4456 vindictam
2097 4392 2511 4457 considerans
2552 4395 2617 4457 in
2664 4415 2811 4460 eum

874 4503 1069 4567 quem
1129 4501 1260 4545 non
1319 4481 1410 4543 ita
1470 4475 1716 4560 pridem
1775 4476 1844 4540 in
1895 4479 2140 4560 regiam
2186 4490 2484 4543 evectum
2532 4479 2813 4563 dignita-

876 4580 1010 4634 tem
1067 4579 1334 4648 repente
1375 4563 1592 4629 deiicit
1638 4576 1705 4630 et
1744 4573 2143 4640 exauctorat,
2213 4563 2638 4632 vehementer
2682 4578 2812 4632 tam

876 4652 1154 4738 insignis
1246 4650 1451 4715 divini
1535 4651 1747 4731 operis
1828 4646 2263 4714 destructione
2346 4661 2814 4719 commovetur.

877 4740 1025 4806 Non
1071 4758 1258 4805 secus
1323 4757 1399 4803 ac
1461 4737 1519 4802 si
1583 4737 1728 4819 quis
1793 4734 2029 4800 eximie
2093 4734 2338 4800 caelata
2403 4755 2560 4802 vasa
2602 4736 2821 4804 doleat

879 4825 1226 4908 confringi,
1295 4832 1369 4887 ut
1432 4843 1561 4904 quo
1627 4822 1748 4885 fuit
1815 4839 1927 4883 vas
1992 4820 2270 4904 insignis
2333 4842 2411 4884 eo
2475 4822 2562 4886 sit
2632 4822 2818 4888 dolor

879 4910 1350 4977 vehementior.
1456 4906 1719 4974 Samuel
1790 4926 1942 4971 vero
2008 4905 2113 4972 hic
2175 4906 2552 4971 intuebatur
2613 4910 2818 4990 ipsius

884 4997 1009 5062 Dei
1060 4995 1373 5062 invisibili
1432 5014 1630 5058 manu
1692 5013 1809 5058 vas
1865 4993 2106 5057 factum
2173 4991 2319 5075 plus
2364 5012 2559 5075 quam
2604 4994 2819 5079 frangi

885 5092 955 5146 et
995 5083 1232 5146 minui:
1291 5102 1420 5162 quo
1473 5100 1626 5145 casu
1686 5078 1842 5143 dum
1887 5091 2352 5160 commovetur,
2410 5078 2817 5146 affectionem

886 5186 1070 5232 suam
1114 5167 1285 5248 piam
1333 5175 1399 5231 et
1440 5177 1735 5231 sanctam
1793 5165 2129 5246 patefacit:
2183 5184 2351 5246 quae
2410 5175 2546 5228 tota
2610 5165 2819 5233 fertur

883 5253 954 5317 in
1000 5250 1206 5317 divini
1250 5251 1536 5317 nominis
1578 5250 2116 5335 glorificat-ionem
2159 5259 2226 5315 et
2259 5247 2567 5315 ecclesiae
2602 5250 2822 5320 defen-

2506 339 2920 409 HommA
2948 336 3172 405 nvn.
4651 335 4733 402 152

2900 528 3172 593 sionem.
3263 524 3513 591 Verum
3572 534 3796 591 tamen
3850 547 3983 593 non
4038 526 4181 592 sine
4236 533 4493 610 peccato
4527 525 4584 590 id
4616 526 4745 592 facit:

2899 614 3168 679 minime
3210 612 3470 695 quidem
3528 613 3715 696 quasi
3771 612 3862 679 sit
3903 613 4177 679 affectus
4220 611 4331 679 ille
4368 611 4631 692 vitiosus,
4666 611 4749 678 aad

2898 699 3069 784 quod
3114 698 3380 764 modum
3425 697 3729 776 excedat,
3784 709 3852 766 et
3892 699 4103 765 luctui
4144 717 4265 765 suo
4310 698 4568 764 nimium
4599 696 4749 764 indal-

2900 793 3064 867 goat.
3152 784 3332 850 Hinc
3387 804 3761 861 monemur,
3821 784 4102 852 dandam
4160 804 4419 849 omnem
4457 803 4675 868 operam
4703 789 4751 848 ut

2899 871 3053 938 licet
3115 869 3254 936 zelo
3316 869 3561 952 optimo
3624 869 3957 949 ducamur,
4023 892 4107 937 ne
4170 882 4391 936 tamen
4446 869 4510 934 in
4559 889 4753 935 excom

2901 966 3152 1041 peccet:
3197 954 3311 1022 sed
3354 956 3532 1022 intra
3572 955 3771 1022 huius
3803 955 4217 1042 cogitationis
4250 956 4491 1021 limites
4518 973 4753 1021 sesamu-

2903 1043 3130 1120 tineat,
3195 1061 3449 1123 nempe,
3513 1042 3654 1108 fieri
3720 1057 4015 1125 oportere
4079 1041 4208 1107 Dei
4274 1041 4669 1108 voluntatem:
4714 1051 4756 1104 st

2903 1137 3167 1214 gratum
3209 1125 3526 1210 quidquid
3568 1127 3726 1194 facit
3769 1130 4029 1204 habere,
4077 1139 4146 1193 et
4186 1127 4259 1192 in
4301 1125 4510 1193 medio
4547 1125 4687 1191 luctu
4715 1138 4757 1188 st

2905 1215 3175 1281 tristitia
3228 1212 3643 1298 gaudendum
3709 1234 3855 1280 esse
3896 1226 3967 1282 et
4006 1212 4381 1281 laetandum
4426 1215 4493 1278 in
4530 1210 4757 1275 Domina

2903 1299 3075 1367 Nam
3131 1301 3256 1365 etsi
3314 1299 3560 1381 gloriae
3615 1300 3888 1366 studiosi
3947 1300 4186 1377 simus,
4252 1312 4473 1365 tamen
4520 1299 4644 1363 fieri
4676 1317 4759 1361 non

2903 1394 3117 1469 potest
3172 1385 3326 1468 quin
3392 1384 3592 1449 ctiam
3648 1387 3889 1452 nostris
3941 1385 4403 1452 afflictionibus
4452 1403 4762 1468 magnopen

2903 1491 3433 1538 commoveamur
3474 1480 3541 1536 et
3584 1471 3983 1538 afficiamur:
4048 1471 4166 1539 sed
4224 1481 4445 1536 tamen
4496 1468 4762 1552 superandi

2902 1569 3059 1623 suut
3101 1558 3210 1621 isti
3254 1557 3546 1640 affectus,
3592 1568 3657 1621 et
3699 1558 3770 1622 in
3814 1560 3956 1641 ipsa
3999 1567 4225 1624 nostra
4267 1557 4526 1622 tristitia
4554 1554 4762 1636 gauden-

2905 1643 3079 1721 dum,
3122 1652 3197 1708 ut
3239 1641 3385 1707 Deo
3426 1643 3596 1725 quod
3642 1643 3954 1710 debemus
3995 1642 4407 1710 obedieutiae
4460 1641 4765 1709 sacrificium

2904 1728 3268 1795 reddamus.
3316 1726 3494 1796 Sane
3537 1729 3739 1813 digna
3782 1729 4080 1797 doctrina
4121 1740 4222 1797 est
4263 1747 4463 1811 quam
4503 1726 4766 1809 diligenter

2907 1815 3318 1880 meditemur.
3404 1813 3736 1895 Quoniam
3795 1815 3968 1883 enim
4029 1815 4328 1880 homines
4370 1814 4493 1880 sibi
4532 1813 4667 1896 ipsis
4696 1808 4766 1872 ‹ls-

2907 1901 3080 1967 litias
3121 1920 3378 1983 semper
3419 1900 3686 1978 faciunt,
3729 1911 3798 1966 et
3838 1902 4142 1987 sibiipsis
4162 1898 4531 1980 adulantur,
4569 1896 4769 1991 pulchro

2907 2007 3126 2052 secum
3171 1988 3280 2071 agi
3335 1996 3576 2069 putant
3617 1987 3674 2052 si
3716 1987 4118 2070 reliquorum
4169 1986 4507 2052 hominum
4545 1983 4772 2067 hypom-

2906 2076 3010 2139 sin
3053 2087 3395 2156 sequentes
3437 2072 3658 2158 aliqua
3698 2084 3977 2142 externa
4019 2076 4234 2156 specie
4268 2072 4488 2138 nescio
4519 2070 4653 2154 quid
4680 2088 4770 2132 ret·

2907 2168 3045 2223 tum
3106 2159 3448 2226 simulent:
3507 2170 3574 2225 et
3628 2158 3944 2226 iustitiam
4002 2174 4073 2228 et
4128 2160 4568 2242 integritatem
4618 2152 4772 2220 verbis

2905 2244 3295 2326 praedicent,
3342 2252 3409 2309 et
3449 2245 3704 2312 interea
3746 2248 3881 2313 suis
3916 2246 4264 2314 affectibus
4286 2264 4360 2309 se
4382 2245 4583 2325 abripi
4600 2242 4773 2334 sinant,

2908 2330 3089 2396 velut
3131 2330 3298 2406 odio,
3341 2330 3608 2409 invidia,
3664 2332 3764 2397 ira
3807 2342 3873 2399 et
3910 2332 4276 2400 similibus:
4330 2350 4497 2413 quae
4549 2343 4773 2393 excussu

2906 2434 3095 2499 posse
3159 2416 3484 2495 videntur,
3550 2418 3725 2502 quod
3784 2417 4022 2485 bonam
4079 2417 4509 2486 intentionem
4561 2434 4689 2497 prae
4730 2428 4775 2474 st

2904 2502 3138 2567 ferant.
3199 2499 3377 2568 Sane
3422 2521 3555 2568 non
3598 2506 3811 2570 omnis
3856 2507 4024 2571 bona
4065 2505 4345 2574 intentio
4388 2524 4508 2567 noa
4542 2514 4775 2565 excusare

2906 2599 3157 2671 potest:
3217 2588 3331 2654 sed
3396 2609 3513 2655 nos
3558 2592 3731 2674 ipsos
3776 2593 3964 2658 nobis
3996 2613 4149 2660 esse
4190 2605 4526 2672 suspectos
4564 2594 4776 2669 oportet:

2908 2674 3436 2758 quandoquidem
3479 2674 3634 2742 licet
3677 2676 3918 2743 bouum
3956 2679 4154 2743 finem
4178 2676 4591 2741 consiliorum
4613 2670 4776 2736 haben·

2909 2779 3075 2838 mus,
3132 2761 3203 2825 in
3267 2761 3435 2828 hanc
3500 2768 3723 2827 tamen
3768 2772 3884 2828 aut
3926 2764 4108 2829 illam
4152 2776 4407 2847 partem
4458 2754 4778 2844 propendet·

2909 2866 3076 2925 mus,
3121 2846 3515 2930 modumque
3558 2856 3782 2915 tenere
3824 2870 4014 2931 quem
4057 2847 4324 2914 decebat
4358 2868 4494 2912 non
4517 2845 4776 2938 pessimat

2910 2928 3363 3100 ffiimssssssssa
3388 2953 3515 3084 ‘¹33
3555 2935 4103 3086 affixam,
4149 2937 4780 3092 lffszzaffmfztss

2911 3103 3247 3169 affectibus
3304 3104 3746 3171 immoderatis
3804 3105 4010 3190 abripi
4079 3129 4197 3174 nos
4256 3107 4582 3174 sinamus:
4642 3115 4779 3184 quum

2913 3187 3289 3256 Samuelem
3335 3189 3443 3255 hic
3485 3211 3599 3256 ore
3639 3193 3845 3276 ipsius
3888 3191 4015 3259 Dei
4062 3192 4455 3277 reprehendi
4499 3188 4779 3253 audiamut

3084 3275 3445 3359 Sequentia
3504 3276 3802 3359 deinceps
3850 3281 4049 3345 verba
4091 3277 4559 3363 expendamus,
4616 3272 4781 3356 quibus

2916 3364 3098 3428 Deus
3137 3384 3340 3446 quum
3384 3361 3574 3438 dicit,
3640 3367 3943 3446 quoniam
3984 3387 4091 3449 eqo
4129 3365 4465 3450 reprobavi
4505 3382 4653 3443 eun,
4702 3359 4781 3422 So·

2913 3450 3144 3515 muelis
3188 3446 3740 3515 inconsideratum
3789 3454 4035 3518 luctum
4074 3454 4293 3535 arguit
4328 3452 4413 3515 de
4450 3448 4650 3514 Saule.
4714 3444 4780 3539 ¹¹¹?

2912 3535 3101 3601 oebat
3141 3535 3402 3618 quidem
3448 3533 3740 3601 Samueli
3777 3536 3999 3603 Saulis
4041 3556 4266 3602 casum
4307 3537 4569 3618 deflere,
4609 3529 4781 3599 sedilh

2914 3622 3176 3688 modum
3238 3622 3432 3687 etiam
3493 3620 3719 3687 debuit
3775 3623 4128 3707 imponere,
4188 3635 4255 3687 et
4311 3623 4612 3686 affectum
4665 3615 4781 3710 cohi·

2914 3709 3102 3774 bere:
3160 3706 3276 3772 Sic
3332 3726 3449 3771 nos
3505 3721 3759 3789 oportet
3821 3710 4067 3774 nostis
4126 3707 4474 3774 affectibus
4514 3704 4781 3776 moder-n.

2914 3807 2990 3859 ut
3033 3792 3185 3858 licet
3226 3792 3382 3857 boni
3427 3791 3555 3869 illi,
3616 3815 3701 3859 ne
3743 3804 3966 3860 tamen
4023 3795 4293 3860 modum
4340 3791 4674 3867 excedant,
4714 3785 4781 3851 ssd

2913 3881 3091 3945 intra
3159 3879 3512 3944 voluntatis
3571 3878 3827 3945 divinae
3883 3882 4198 3946 terminos
4254 3902 4402 3947 sese
4468 3877 4782 3968 contineant

2916 3967 3151 4050 Qualis
3193 3966 3367 4029 enim
3412 3977 3782 4048 quantaque
3826 3968 4231 4032 contumacia
4290 3969 4464 4032 soret
4514 3961 4780 4055 pertinac-

2916 4065 3018 4120 ter
3051 4064 3276 4119 contra
3302 4049 3427 4115 Dei
3475 4050 3873 4117 voluntatem
3920 4050 4225 4119 sentire?
4271 4049 4575 4134 Exempli
4606 4057 4778 4139 gram}

2918 4141 2991 4208 Si
3038 4140 3340 4204 miseram
3400 4136 3737 4203 ecclesiam
3798 4138 4020 4202 multis
4077 4140 4295 4223 urgeri
4355 4133 4779 4221 pemequutiom-

2918 4227 3037 4292 bus
3093 4224 3461 4289 videamus:
3528 4223 3584 4287 si
3616 4221 3977 4307 *finprobos
4046 4223 4215 4288 nihil
4284 4226 4412 4291 nisi
4478 4219 4699 4306 gladios
4740 4225 4781 4275 a

2915 4314 3101 4398 ignes
3148 4308 3401 4383 minari,
3449 4308 3815 4393 triumphos
3861 4330 4054 4394 agere
4096 4320 4162 4376 et
4208 4310 4413 4374 veluti
4458 4308 4618 4373 laxis
4645 4301 4781 4368 habo-

2917 4400 3022 4463 nis
3071 4399 3138 4461 in
3185 4394 3312 4460 Dei
3377 4393 3546 4458 filios
3602 4396 3953 4461 crudeliter
3997 4397 4172 4474 ferri,
4223 4417 4389 4461 sane
4430 4416 4559 4458 non
4599 4393 4778 4472 oport&

2918 4505 3035 4550 nos
3080 4482 3297 4561 duros,
3356 4479 3614 4557 ferreos,
3672 4482 4065 4548 inhumanos
4109 4503 4270 4561 esse,
4323 4480 4442 4547 aed
4485 4480 4679 4563 potius
4712 4491 4778 4536 vo·

2921 4571 3258 4635 hementer
3315 4565 3486 4632 affici
3543 4567 3732 4634 malis
3777 4568 3935 4632 illis:
4002 4587 4217 4650 neque
4258 4570 4443 4633 enim
4481 4564 4655 4632 aliter
4683 4575 4778 4652 pr?

2917 4655 3098 4722 cibus
3157 4652 3235 4719 ad
3304 4654 3515 4718 Deum
3577 4673 3919 4737 assurgere
3983 4674 4405 4737 cuperemus,
4473 4651 4593 4720 nisi
4640 4653 4778 4712 tunm

2916 4739 3109 4805 malis
3153 4739 3574 4805 vehementer
3629 4741 4058 4805 afficeremur.
4145 4737 4280 4807 Sed
4346 4753 4560 4805 tamen
4616 4728 4777 4799 modu

2917 4825 3321 4891 adhibendus
3385 4837 3483 4889 est
3526 4823 3854 4907 lacrymis,
3929 4835 4007 4891 ut
4070 4840 4360 4892 nostram
4430 4817 4775 4910 obedienti-s

2919 4932 3084 4996 quae
3128 4910 3425 4976 omnibus
3470 4912 3711 4976 nostris
3752 4911 4090 4978 affectibus
4141 4912 4399 4996 praeire
4441 4908 4619 4975 debet
4653 4911 4773 4968 tosu-

2920 5001 3219 5065 ficemur:
3265 5006 3334 5062 et
3374 4994 3537 5060 illud
3581 4997 4031 5080 propheticum
4075 5017 4487 5080 usurpemus,
4526 4992 4677 5060 selus
4704 4983 4773 5049 ὼ

2920 5083 3248 5235 ἔῗὲἒέῗὲἱ
3283 5080 3715 5234 &affimat
3752 5084 4369 5252 ffsssslffsszfflus,
4391 5078 4775 5233 &3:⁶⁰AE

2921 5256 3140 5320 omnia
3183 5254 3547 5332 succedant,
3606 5254 3663 5320 si
3723 5254 4050 5322 desoletur
4087 5256 4374 5352 ecclesia,
4435 5254 4597 5319 illius
4629 5243 4771 5313 ruini·
