5059 6059
272 305 382 372 637

269 494 460 578 gratia
512 498 578 557 et
632 490 984 557 autoritate
1051 491 1298 569 valent,
1364 502 1433 557 et
1497 492 1746 560 divitiis
1811 491 2184 559 abundant:

269 601 405 647 nam
466 586 599 644 tum
667 577 955 642 maxime
1020 575 1141 643 sibi
1218 577 1416 645 nullis
1479 577 1541 643 le
1590 578 1733 644 'bus
1798 578 2184 645 subiiciendi

270 667 570 744 videntur,
644 661 758 728 sed
828 683 912 730 ex
978 662 1234 728 arbitrii
1299 666 1401 730 sui
1470 685 1554 728 vo
1583 672 1809 730 untate
1869 661 2185 748 quidquid

271 751 574 818 voluerint
654 743 936 814 faciendi
1014 758 1404 831 potestatem
1474 748 1736 816 habere.
1846 750 2042 815 Hanc
2106 751 2187 816 ob

268 856 503 905 causam
563 834 818 919 legibus
863 842 930 899 et
971 835 1291 900 institutis
1346 835 1486 919 regi
1546 835 1950 920 respublicas
1996 856 2188 920 opor-

268 935 391 990 tere
431 918 741 998 videmus,
803 921 947 985 sive
992 941 1109 986 rex
1156 920 1547 1002 dominetur,
1604 924 1745 988 sive
1789 922 1904 987 alii
1946 921 2188 1007 magis·

271 1019 465 1078 tratus
521 1005 995 1105 rempublicam
1087 1006 1581 1084 administrent,
1676 1029 1760 1076 116
1854 1007 2008 1092 quid
2105 1029 2189 1073 ex

269 1094 515 1161 libidine
570 1110 757 1157 66166
804 1112 954 1156 uam
1019 1102 1310 1175 geratur,
1372 1091 1487 1158 sed
1557 1093 1800 1179 singuli
1866 1093 2019 1178 quid
2088 1094 2190 1159 sui

267 1183 344 1248 sit
395 1177 582 1244 officii
641 1197 725 1241 ex
794 1176 1026 1261 egibus
1069 1177 1325 1244 discant
1368 1188 1437 1243 et
1479 1179 1711 1245 iisdem
1758 1179 2191 1246 subiiciantur

268 1275 327 1332 et
358 1265 831 1346 obtemperent:
877 1283 952 1329 66
988 1263 1123 1328 6166
1155 1263 1369 1330 veluti
1402 1264 1790 1348 populorum
1832 1275 2190 1332 armatura.

267 1353 508 1417 Interea
575 1347 849 1416 Samuel
928 1347 1101 1414 hanc
1175 1349 1389 1434 legem
1465 1352 1819 1436 scripsisse,
1900 1361 1969 1416 et
2033 1360 2190 1417 anto

268 1435 559 1520 Iehovam
640 1433 825 1499 illam
891 1433 1201 1501 stat-uisse
1283 1431 1537 1503 dicitur.
1648 1436 1905 1518 Quibus
1970 1436 2192 1504 verbis

268 1521 568 1599 docemur,
617 1539 885 1586 6666666
929 1541 1070 1586 6666
1107 1529 1183 1586 66
1225 1521 1499 1608 6616666
1544 1523 1701 1607 quid
1740 1523 1827 1589 sit
1854 1522 1958 1589 sui
1992 1523 2191 1590 officii

266 1608 412 1674 beue
466 1605 665 1674 norit.
756 1605 927 1672 Nam
994 1607 1051 1673 si
1122 1606 1367 1673 multas
1420 1608 1681 1691 quidem
1740 1608 1944 1674 bonas
2009 1609 2190 1695 leges

266 1693 509 1778 quaevis
553 1691 924 1775 respublica
967 1691 1285 1772 sanxerit,
1330 1694 1445 1760 sed
1488 1715 1652 1777 6666
1697 1695 2013 1760 memoria
2054 1706 2189 1762 sta-

266 1781 371 1844 tim
427 1777 722 1860 effluant,
783 1787 901 1843 666
957 1798 1124 1861 6666
1182 1778 1323 1844 6616
1384 1780 1700 1845 166616116
1759 1782 2189 1862 retineantur,

264 1864 436 1950 parvi
492 1865 621 1929 erit
678 1863 856 1930 istud
918 1864 1253 1944 momenti,
1314 1864 1485 1947 quod
1529 1865 1783 1933 incerta
1824 1868 2044 1933 omnia
2085 1867 2186 1933 fu·

264 1964 397 2017 tura
446 1949 596 2032 sint,
656 1949 785 2015 nisi
843 1949 1086 2014 tabulis
1128 1952 1417 2034 figantur
1473 1960 1538 2016 et
1579 1952 1790 2019 inscul
1838 1961 2052 2031 antur,
2113 1960 2191 2017 ut

264 2058 335 2101 ex
393 2036 472 2101 iis
534 2035 811 2118 quisque
877 2056 1071 2100 suum
1126 2035 1415 2102 officium
1467 2035 1694 2104 discat.
1847 2060 1881 2104 c
1956 2060 2187 2105 verum

263 2121 423 2188 istud
497 2141 645 2186 esse
722 2120 1108 2203 quotidiana
1172 2123 1577 2207 experientia
1641 2131 1947 2190 testatur:
2013 2123 2186 2207 quod

265 2206 494 2290 siquid
540 2206 743 2272 hodie
811 2206 1139 2272 sancitum
1185 2208 1291 2288 sit,
1360 2229 1507 2274 cras
1544 2207 1818 2295 {effluatz
1882 2220 1949 2277 et
2014 2209 2188 2294 quod

263 2294 437 2378 longe
486 2292 679 2377 peius
735 2301 855 2370 est,
908 2293 1108 2357 etiam
1167 2296 1447 2377 scriptae
1510 2294 1689 2378 leges
1732 2295 1956 2361 statim
2000 2316 2187 2380 sepe·

260 2378 503 2458 liantnr,
564 2389 641 2444 et
683 2376 1028 2443 hominum
1081 2379 1484 2466 negligentia
1528 2380 1633 2445 vel
1678 2381 2003 2465 pravitate
2038 2384 2186 2448 inu·

262 2466 392 2532 tiles
458 2463 841 2530 reddantur.
931 2464 1034 2528 Eo
1106 2464 1325 2546 itaque
1402 2464 1779 2549 diligentius
1844 2466 2021 2533 istud
2087 2475 2187 2536 666

258 2549 743 2628 observandum,
799 2547 971 2633 quod
1030 2548 1306 2616 dicimus
1360 2571 1624 2618 necesse
1679 2573 1823 2620 esse
1890 2552 2188 2619 homines

262 2634 477 2716 doceri,
532 2646 603 2700 et
652 2634 891 2701 tabulis
937 2634 998 2699 le
1046 2658 1117 2701 66
1159 2635 1364 2723 infigi,
1424 2644 1492 2702 et
1533 2658 1618 2703 ex
1660 2637 1794 2703 illis
1836 2638 2072 2721 cuique
2114 2637 2186 2704 in

260 2721 626 2788 memoriam
673 2720 874 2787 officii
916 2656 1044 2788 su?
1065 2717 1389 2789 rationem
1431 2721 1690 2790 reduci:
1751 2744 1835 2792 ne
1877 2725 2025 2808 quis
2070 2733 2191 2806 666Ι

260 2807 760 2891 incogitantiam,
840 2814 956 2872 666
1019 2803 1411 2888 oblivionem
1525 2811 1837 2890 raetexat,
1919 2816 2035 2877 aut
2098 2830 2186 2875 ex

263 2893 509 2958 arbitrio
590 2892 951 2976 quidquam
1031 2892 1353 2960 immutet.
1515 2916 1645 2961 666
1702 2897 1921 2981 itaque
1985 2915 2184 2964 usum

260 2979 565 3061 scriptura
623 2978 924 3061 praebet:
986 2987 1055 3043 66
1109 3001 1236 3044 666
1295 2981 1436 3045 6166
1493 3000 1690 3047 66666
1731 2980 1841 3049 1116
1884 2981 2183 3050 nomina-

262 3065 362 3128 tim
399 3063 633 3129 dicitur
670 3061 944 3130 Samuel
979 3074 1322 3147 postquam
1358 3066 1528 3149 quod
1566 3065 1669 3133 166
1704 3071 1875 3134 66666
1908 3068 2182 3154 regium,

260 3159 318 3215 et
353 3163 580 3216 mutua
624 3150 861 3235 6661616
908 3157 974 3215 66
1014 3147 1457 3217 membrorum
1502 3151 1813 3238 obligatio
1857 3152 2183 3220 declaras·

262 3249 363 3315 set,
419 3234 580 3303 illud
644 3234 714 3301 in
776 3235 1316 3302 commentarium
1377 3237 1696 3317 retulisse,
1758 3245 1833 3304 ut
1874 3240 1976 3306 166
2018 3237 2186 3305 illud

260 3332 651 3403 servaretur3
714 3330 783 3387 et
839 3320 1144 3404 deinceps
1187 3323 1475 3389 subortis
1510 3320 2006 3391 difficultatibus
2049 3343 2186 3391 666

259 3408 459 3488 616661
504 3406 747 3475 6616616
792 3416 1234 3491 quaereretur,
1279 3418 1395 3474 aut
1435 3409 1508 3474 in
1551 3409 1860 3496 ambiguo
1894 3431 2190 3478 remane-

263 3507 409 3574 rent,
472 3495 588 3562 sed
652 3492 736 3559 ad
802 3494 909 3558 ius
973 3494 1290 3578 seriptum
1356 3495 1841 3580 confugeretur,
1909 3516 1993 3562 ex
2059 3517 2187 3581 quo

260 3581 506 3661 quaevis
550 3578 829 3646 suborta
872 3577 1224 3646 difficultas
1268 3579 1652 3648 solveretur.
1698 3580 1846 3650 Hoc
1881 3582 2084 3668 igitur
2116 3581 2189 3648 in

256 3666 466 3747 primis
506 3664 619 3732 1116
666 3665 1117 3731 annotandum
1162 3675 1229 3731 et
1273 3666 1698 3751 sequendum.

407 3750 727 3834 Sequitur
774 3751 1100 3839 deinceps,
1144 3772 1356 3818 coram
1398 3752 1672 3820 Domino
1710 3753 1914 3836 fuisse
1956 3752 2189 3820 librum

257 3834 320 3898 in
340 3856 446 3918 quo
479 3838 587 3903 ius
621 3836 789 3903 illud
809 3838 1112 3920 serapium
1140 3843 1275 3904 erat
1292 3839 1498 3922 fuisse
1517 3840 1835 3922 positum,·
1871 3840 2188 3906 nimirum

259 3920 323 3984 in
361 3923 764 3990 sanctuario:
827 3923 998 4007 quod
1043 3923 1314 4008 perinde
1359 3925 1507 4005 1616,
1552 3947 1627 3992 66
1671 3924 1729 3991 61
1769 3921 1955 3993 Deus
1998 3923 2189 3994 testis

259 4025 465 4073 661616
521 4030 695 4093 6666
753 4009 926 4076 dieta
968 4018 1036 4075 66
1078 4012 1249 4078 16666
1294 4011 1555 4078 1661666
1599 4021 1964 4079 vocaretur.
2049 4010 2187 4078 No-

258 4101 385 4158 tum
440 4096 617 4161 enim
664 4104 766 4160 est
807 4115 1007 4178 quam
1051 4096 1435 4181 plerumque
1482 4096 1660 4163 leves
1703 4107 1771 4166 et
1812 4097 2189 4166 inconstan-

259 4187 349 4244 tes
398 4181 528 4246 sint
587 4181 912 4259 homines,
967 4203 1294 4266 quamque
1354 4183 1732 4250 mutationis
1789 4193 2189 4267 appetentes,

260 4275 317 4328 et
390 4287 609 4333 rerum
694 4289 1015 4335 novarum
1092 4268 1327 4353 cupidi,
1409 4279 1487 4334 ut
1566 4291 1686 4336 sua
1749 4269 2191 4338 inconstantia

260 4350 416 4433 quod
469 4374 750 4436 aequum
812 4363 911 4419 est
967 4361 1033 4419 et
1089 4365 1341 4423 rectum
1406 4363 1730 4424 evertant.
1833 4355 2067 4441 Itaque
2132 4357 2190 4425 61

261 4437 351 4502 661
402 4438 660 4522 privato
716 4438 881 4505 liber
940 4440 1046 4507 hie
1090 4440 1370 4510 traditus
1425 4442 1674 4519 fuisset,
1740 4448 1808 4508 et
1850 4442 1994 4510 eius
2035 4442 2191 4510 fidei

260 4524 642 4607 commissus,
692 4526 878 4594 66166
923 4526 1201 4612 singulis
1244 4525 1541 4594 tribubus
1585 4528 1922 4612 exemplar
1966 4528 2191 4595 distri·

261 4604 567 4691 bueretur,
643 4633 777 4680 non
837 4615 1005 4677 tanti
1077 4614 1310 4678 1616666
1374 4612 1547 4698 apud
1612 4614 1788 4696 ipsos
1852 4615 2189 4694 momenti,

264 4715 452 4778 neque
510 4709 734 4767 tantae
793 4697 1177 4778 autoritatis,
1232 4709 1513 4785 quantae
1572 4720 1777 4783 quum
1822 4700 2006 4766 Deus
2050 4700 2191 4800 ipse

265 4783 432 4846 testis
473 4784 831 4852 advocatus
875 4793 994 4862 est,
1054 4795 1122 4853 66
1164 4787 1267 4851 166
1310 4784 1471 4851 illud
1527 4786 1781 4872 regium
1825 4786 2007 4854 velut
2049 4806 2191 4852 6166

264 4864 401 4934 fidei
450 4870 978 4938 commendatum
1037 4880 1165 4937 est:
1226 4879 1301 4938 ut
1352 4873 1602 4954 quoties
1657 4871 1738 4939 de
1803 4871 1985 4957 regio
2044 4872 2192 4938 iure

267 4966 691 5038 quaereretur,
749 4957 930 5022 velut
987 4955 1068 5022 ad
1123 4957 1339 5041 ipsum
1384 4955 1747 5023 Dominum
1805 4957 2189 5041 confugere-

265 5045 383 5101 tur.
465 5040 627 5108 Fuit
704 5044 906 5127 igitur
982 5042 1095 5108 illa
1172 5044 1381 5110 veluti
1447 5042 1692 5127 publici
1767 5042 2194 5110 instrumenti

266 5130 670 5196 consecratio.
757 5127 871 5195 Sic
932 5128 1044 5212 qui
1106 5128 1286 5214 leges
1357 5129 1608 5214 aliquas
1674 5128 1998 5196 condituri
2058 5128 2191 5194 Dei

266 5227 486 5278 nomen
548 5216 878 5296 invocant,
944 5213 1160 5300 palam
1224 5216 1620 5299 profitentur
1683 5236 1774 5295 se,
1839 5237 1974 5282 non
2040 5216 2232 5280 666-“

1602 303 1702 369 IN
1746 303 1803 369 1.
1847 302 2032 372 LIB.
2076 304 2480 376 SAMUEL.
2528 305 2730 372 OAP.
2776 305 2867 372 X.

4106 304 4232 372 638

2289 516 2487 580 66616
2521 494 2885 564 humanum
2923 515 3089 577 6666
3122 491 3472 577 quodpiam
3502 491 3739 571 moliri,
3776 489 3892 559 sed
3916 491 4237 574 divinum,

2288 579 2458 664 quod
2516 581 2597 647 ab
2657 581 2851 646 unius
2896 579 3025 645 Dei
3082 579 3451 662 autoritate,
3509 577 3718 646 veluti
3776 579 3913 645 solo
3974 578 4236 663 legisla-

2292 677 2432 732 tore
2476 665 2776 751 pendeat.
2846 665 2998 732 Non
3043 665 3233 732 aliter
3275 665 3561 749 positum
3606 674 3708 729 est
3751 664 3821 730 in
3865 664 4240 730 sanctuario

2289 773 2510 822 coram
2552 752 2800 818 Iehova
2844 752 3177 835 publicum
3222 749 3384 816 illud
3431 751 3596 818 iuris
3641 751 3805 834 regii
3842 751 4242 817 instrumen-

2291 847 2452 917 tum,
2510 835 2698 922 quasi
2757 839 2940 904 Deus
2991 839 3132 924 1666
3189 839 3373 903 666616
3430 857 3657 902 eorum
3715 837 4010 903 omnium
4071 855 4238 921 quae

2291 937 2476 1008 gesta
2555 935 2620 989 et
2705 923 2956 990 sancita
3033 924 3294 989 1661666
3359 933 3741 990 vocaretur:
3820 944 3897 989 ac
3961 920 4239 1007 proinde

2292 1011 2663 1093 quicunque
2706 1009 3020 1076 adversus
3063 1008 3225 1075 illud
3271 1016 3632 1094 peccarent,
3677 1006 3863 1074 velut
3902 1008 3975 1072 in
4018 1008 4236 1072 Deum

2292 1096 2517 1160 iniurii
2578 1107 2645 1160 66
2703 1094 3174 1176 contumeliosi,
3231 1094 3700 1174 iudicarentur,
3762 1093 3949 1177 quasi
4007 1095 4237 1179 iugum

2291 1182 2521 1331 iPSgffss.
2577 1179 2970 1266 abrumpere
3048 1179 3318 1264 vellent,
3396 1189 3463 1245 et
3541 1200 3678 1247 non
3757 1180 4047 1265 amplius
4108 1180 4238 1265 ipsi

2293 1286 2370 1333 su
2418 1289 2547 1332 661.

2464 1351 2557 1418 Et
2614 1351 2694 1417 de
2753 1351 2900 1417 istis
2955 1351 3305 1434 hactenus3
3362 1351 3674 1437 sequitur,
3730 1372 3773 1417 a
3813 1350 4103 1418 Samuele
4144 1350 4242 1416 di-

2290 1438 2560 1504 missum
2610 1437 2820 1522 fuisse
2865 1437 3202 1522 populum,
3255 1457 3556 1524 quemque
3610 1438 3864 1504 domum
3925 1457 4131 1518 mam,
4185 1442 4242 1502 et

2295 1522 2557 1600 Saulem
2634 1525 2825 1589 etiam
2904 1522 3137 1589 abiisse
3200 1523 3449 1589 domum
3512 1542 3720 1604 suam,
3801 1521 4242 1588 comitantibus

2291 1630 2431 1676 eum
2487 1607 2784 1697 (honoris
2827 1607 3063 1696 gratia)
3127 1609 3216 1675 iis
3258 1629 3523 1692 quorum
3566 1629 3672 1675 cor
3713 1607 3895 1675 Deus
3934 1610 4238 1692 tctiqerat.

2291 1695 2400 1761 Ex
2454 1695 2691 1778 quibus
2750 1705 3021 1778 apparet
3077 1703 3237 1761 tnnc
3297 1693 3610 1779 temporis
3668 1695 3864 1779 longe
3919 1694 4236 1759 maiorem

2292 1779 2492 1848 161666
2557 1802 2812 1847 1661616
2869 1780 3351 1865 611661161666661
3409 1801 3605 1866 66616
3661 1780 3862 1846 166116
3925 1779 4235 1864 deinceps

2289 1868 2360 1932 in
2416 1866 2682 1933 mundo.
2769 1866 2942 1934 Nam
3002 1865 3114 1932 ubi
3169 1864 3333 1932 Saul
3386 1886 3510 1932 rex
3566 1874 3668 1932 est
3726 1864 4107 1951 designatus
4166 1873 4235 1931 66

2290 1953 2649 2033 ordinatus,
2702 1971 2779 2018 ae
2831 1952 2931 2017 illi
2988 1951 3143 2017 data
3197 1951 3393 2033 fides;
3453 1950 3605 2018 licet
3645 1951 3716 2017 in
3760 1949 4235 2037 campestribus

2290 2038 2469 2119 locis,
2513 2039 2658 2106 Deo
2701 2037 2984 2116 volente,
3031 2044 3106 2103 ut
3146 2037 3355 2104 honos
3396 2037 3494 2104 illi
3538 2037 3931 2115 haberetur,
3991 2056 4232 2122 magna

2290 2125 2505 2209 ipsum
2561 2123 2807 2190 civium
2863 2122 3216 2189 multitudo
3271 2124 3580 2191 comitata
3636 2130 3738 2188 est
3780 2131 3848 2188 et
3889 2130 4231 2189 assectata.

2287 2211 2512 2292 Atque
2572 2210 2771 2275 huius
2828 2209 3104 2275 honoris
3161 2210 3375 2275 Deum
3435 2217 3732 2277 autorem
3788 2218 4081 2293 apparet,
4148 2228 4232 2273 ex

2290 2296 2508 2364 verbis
2567 2295 2668 2379 iis,
2724 2294 2961 2378 quibus
3017 2294 3326 2362 dicuntur
3382 2295 3675 2362 comitati
3734 2292 4022 2375 Saulem,
4065 2311 4234 2384 'quo-

2286 2403 2433 2448 rum
2508 2399 2616 2446 cor
2677 2377 2858 2448 Deus
2919 2381 3220 2465 tetigerat.
3319 2380 3553 2464 Itaque
3618 2379 3765 2447 Deo
3844 2379 4233 2445 decernente

2291 2469 2532 2535 factum
2591 2465 2916 2545 videmus,
2967 2475 3060 2532 -ut
3121 2465 3285 2533 Saul
3351 2466 3664 2531 comitatu
3729 2485 3969 2550 magno
4033 2463 4232 2529 fuerit

2291 2554 2696 2634 honestatus,
2774 2574 2902 2637 quo
2965 2551 3280 2618 maiorem
3359 2551 3776 2619 autoritatem
3841 2549 4015 2636 apud
4078 2569 4234 2625 suos

2290 2637 2616 2718 obtineret
2626 2662 2644 2718 ;
2702 2658 2779 2716 66
2822 2637 3128 2722 deinceps
3171 2637 3372 2703 totius
3413 2636 3638 2722 populi
3680 2647 3879 2721 caput
3899 2647 3904 2658 '
3922 2653 4229 2720 agnosce-
4335 2683 4338 2686 -

2291 2732 2490 2804 retur,
2556 2731 2625 2789 et
2688 2745 2772 2790 ne
2834 2732 3105 2810 propter
3217 2722 3456 2789 riorem
3521 2719 3983 2803 conditionem,
4057 2723 4232 2806 quod

2291 2809 2600 2875 nimirum
2656 2817 2833 2876 esset
2893 2808 3125 2875 humili
3202 2829 3319 2875 666
3383 2816 3599 2887 66666,
3661 2808 3732 2872 16
3778 2816 4231 2895 contemptum

2290 2895 2569 2964 veniret.
2635 2893 2857 2978 Quum
2904 2896 3107 2979 igitur
3149 2895 3365 2961 Deum
3408 2892 3748 2960 videamus
3793 2889 3980 2960 Sauli
4023 2891 4231 2957 habiti

2291 2980 2560 3048 honoris
2617 2990 2931 3062 autorem,
2991 3003 3076 3047 ex
3121 2989 3196 3047 e'o
3239 2979 3427 3046 facile
3469 2979 3858 3066 colligimus,
3912 2999 4042 3044 non
4088 2998 4231 3042 6666

2288 3068 2417 3133 16111
2473 3065 2845 3134 mirandum
2889 3065 2947 3134 si
2988 3085 3179 3152 reges
3224 3078 3290 3133 66
3332 3063 3661 3168 principes
3704 3083 3942 3150 magno
3985 3059 4229 3130 satelli-

2288 3163 2432 3218 tum
2488 3151 2805 3220 eomitatu
2848 3152 3206 3237 stipantur,
3265 3174 3340 3219 ac
3385 3151 3902 3219 consiliariorum
3945 3159 4014 3215 et
4054 3147 4233 3214 viro-

2287 3260 2435 3305 rum
2493 3239 2867 3339 principum
2932 3236 3353 3304 multitudine
3417 3236 3843 3304 honorantur.
3931 3233 4102 3301 Nam
4171 3234 4231 3301 61

2288 3323 2434 3410 6616
2492 3345 2564 3388 16
2624 3325 2752 3388 1666
2810 3323 3010 3389 vellet
3058 3324 3403 3406 inquirere,
3471 3333 3726 3389 certum
3791 3329 3891 3387 est
3948 3317 4231 3387 6666616-

2287 3430 2442 3478 nem
2483 3408 2858 3475 rebellionis
2900 3429 2975 3476 ae
3020 3407 3397 3475 defectionis
3438 3408 3729 3475 oblatum
3763 3408 3879 3486 iri3
3925 3404 4231 3490 quemad·

2288 3494 2556 3563 modum
2591 3493 2837 3566 multos
2878 3494 3181 3561 videmus
3215 3492 3510 3560 homines
3543 3493 3858 3559 fanaticos
3894 3493 3963 3556 in
3998 3510 4232 3580 regum

2288 3582 2462 3648 facta
2503 3581 2601 3648 sie
2641 3581 2991 3665 inquirere,
3046 3589 3121 3646 ut
3164 3580 3358 3647 modo
3399 3580 3523 3645 hoc
3563 3579 3757 3645 modo
3799 3577 3966 3643 illud
4011 3597 4233 3665 repre-

2288 3666 2601 3744 hendant,
2647 3676 2721 3733 66
2766 3666 2936 3732 nihil
2982 3688 3116 3732 non
3158 3677 3430 3750 carpant
3474 3675 3539 3730 et
3582 3663 3955 3749 suggillent.
4026 3661 4233 3747 Atqui

2290 3753 2452 3821 haec
2506 3773 2639 3818 una
2682 3773 2800 3836 pro
2842 3751 3145 3820 omnibus
3187 3752 3356 3816 ratio
3398 3750 3698 3817 sufficere
3741 3749 3955 3828 debet,
4011 3747 4234 3815 Deum

2291 3839 2460 3905 velle
2501 3845 2578 3904 ut
2620 3857 2782 3990 3666
2825 3837 2975 3905 61116
3030 3837 3345 3923 praefecit
3387 3836 3468 3902 ab
3513 3835 3742 3903 iisdem
3784 3836 4234 3903 honorentur:

2292 3947 2369 3994 66
2470 3924 2616 3992 1616
2665 3946 2701 3989 6
2753 3931 3056 4010 oportere
3115 3932 3188 3987 ut
3230 3922 3450 4008 aliquo
3492 3930 3811 4007 apparatu
3854 3924 3990 3988 sint
4030 3941 4232 3987 vene·

2292 4031 2411 4078 ran
2461 4011 2498 4091 ⁸,
2559 4013 2627 4076 et
2684 4010 3002 4076 comitatu
3065 4009 3381 4093 insignes,
3448 4015 3523 4074 ut
3586 4008 3823 4075 melius
3886 4009 3954 4074 in
4022 4005 4232 4072 officio

2291 4098 2563 4182 quisque
2606 4095 3014 4164 subditorum
3059 4095 3486 4163 contineatur.
3556 4093 3780 4177 Huius
3822 4094 3918 4158 rei
3962 4089 4232 4156 eviden-

2291 4183 2640 4262 tissimum,
2698 4191 2774 4248 ut
2835 4183 2966 4249 iam
3022 4181 3213 4266 attigi
3269 4181 3591 4265 superius,
3652 4181 3967 4245 habemus
4009 4194 4231 4242 exem·

2290 4266 2474 4355 plum
2555 4269 2682 4337 hoe
2745 4268 2907 4352 loco,
2975 4289 3103 4352 666
3167 4266 3347 4333 Deus
3425 4265 3667 4331 dicitur
3730 4265 3918 4330 corda
3978 4259 4231 4327 aarum

2291 4356 2565 4441 tctiyisse
2619 4355 2731 4439 qui
2776 4353 3034 4424 Saulem
3083 4353 3330 4436 sequuti
3382 4356 3552 4418 tunt:
3604 4360 3671 4418 et
3711 4349 3915 4416 161666
3959 4346 4229 4414 comita-

2294 4454 2432 4509 tum
2490 4440 2681 4507 illum
2740 4462 2870 4506 non
2929 4459 3287 4525 paucorum
3344 4438 3456 4505 sed
3516 4458 3709 4520 quam
3775 4434 4230 4519 plurimorum,

2293 4533 2367 4594 ut
2422 4526 2636 4593 iustus
2693 4525 2905 4592 videri
2962 4536 3181 4625 posset
3246 4524 3589 4590 exercitus.
3675 4520 3751 4588 Si
3817 4519 3963 4605 quis
4027 4518 4231 4602 igitur

2294 4611 2574 4696 obiiciat,
2619 4632 2934 4696 quorsum
2978 4621 3103 4677 iste
3145 4607 3536 4677 comitatus?
3583 4607 3717 4671 ‘An
3763 4626 3894 4670 non
3941 4613 4043 4669 sat
4086 4612 4232 4667 erat

2291 4720 2431 4764 rem
2504 4697 2687 4763 illam
2751 4697 3054 4764 omnibus
3116 4692 3523 4764 innotuisse?
3635 4691 3777 4758 Nae
3841 4689 4027 4755 Deus
4090 4690 4231 4771 ipse

2290 4783 2654 4850 istiusmodi
2700 4781 3192 4867 exceptionibus
3234 4780 3533 4860 occurrit,
3589 4778 3897 4860 viamque
3961 4794 4228 4842 omnem

2336 4870 2625 4948 raeeidit,
2670 4891 2871 4954 quum
2917 4890 2988 4937 66
3029 4867 3219 4935 166166
3255 4868 3596 4934 comitatus
3638 4873 3706 4929 et
3742 4862 4007 4929 honoris
4041 4859 4232 4928 Sauli

2339 4955 2499 5023 abiti
2579 4963 2876 5022 autorem
2953 4955 3222 5044 agnosci
3287 4950 3526 5019 voluit:
3603 4970 3678 5016 ac
3756 4948 4029 5033 proinde
4096 4968 4231 5012 non

2290 5041 2473 5107 inani
2517 5042 2798 5108 stultitia
2837 5051 2952 5108 aut
2987 5041 3358 5118 ambitione,
3402 5060 3532 5103 non
3568 5035 3881 5102 iactantia
3916 5033 4073 5114 ulla,
4115 5041 4232 5097 aut

2292 5127 2640 5195 immodico
2675 5149 2895 5215 regem
2941 5147 3130 5193 suum
3178 5127 3420 5191 honore
3455 5120 3780 5189 afficiendi
3815 5120 4071 5200 affectu,
4117 5128 4233 5183 aut

2292 5213 2365 5279 in
2420 5212 2666 5282 idolum
2721 5215 2908 5281 illum
2967 5208 3474 5279 transformandi
3532 5208 3751 5278 studio
3791 5208 4055 5286 factum,
4115 5202 4232 5271 sed
