5059 6059
291 333 396 401 625

284 520 564 607 punitum,
620 537 821 602 quum
881 527 1056 584 sorte
1113 515 1557 600 deprehensus
1622 515 1867 582 fuisset.
1956 514 2186 599 Itaque

281 625 453 690 quum
506 601 801 687 singulae
854 603 1066 669 tribus
1129 604 1606 681 convenissent,
1663 611 1730 667 et
1788 607 1996 668 sortes
2038 623 2186 685 pro-

281 697 471 767 iectae,
530 688 714 754 Deus
772 708 842 754 se
908 689 1149 755 tribum
1219 688 1594 754 Beniamini
1660 690 1833 753 inter
1895 688 2184 770 reliquas

279 776 563 862 delegisse
604 774 909 841 ostendit.
997 774 1256 841 Deinde
1302 774 1382 840 ad
1429 774 1744 838 familiam
1790 773 1992 839 Metri
2038 795 2186 856 per·

275 864 526 940 venitur,
570 859 967 944 tandemque
1012 860 1093 925 ad
1130 860 1347 944 ipsum
1383 858 1651 926 Saulem
1695 880 1778 924 ex
1821 857 2012 925 domo
2049 859 2183 926 cis.

272 950 365 1014 Ita
415 967 594 1013 suum
657 945 991 1013 decretum
1036 946 1220 1012 Deus
1276 945 1634 1030 evulgavit,
1684 954 1751 1010 et
1790 955 1927 1010 'tam
1972 947 2183 1011 mani-

270 1035 435 1099 festis
465 1030 718 1099 indiciis
752 1031 1217 1116 comprobavit,
1255 1041 1326 1098 ut
1360 1052 1551 1097 nemo
1575 1031 1779 1115 possit
1802 1030 2182 1097 electionem

269 1119 471 1186 Saulis
525 1118 593 1184 in
653 1116 920 1183 dubium
981 1138 1235 1196 vocare,
1304 1117 1475 1201 quod
1540 1135 1685 1182 eam
1749 1116 1950 1194 Deus,
1996 1118 2183 1200 quasi

266 1225 545 1290 praesens
605 1203 882 1283 adesset,
962 1224 1082 1270 suo
1167 1203 1480 1288 suffragio
1556 1201 2026 1288 comprobaret,
2114 1212 2184 1269 et

264 1311 444 1356 manu
504 1289 905 1373 prehensum
969 1290 1209 1374 populo
1269 1291 1564 1356 offerret:
1632 1286 2181 1371 quemadmodum

264 1398 368 1461 per
419 1375 793 1442 Samuelem
854 1375 1183 1459 patefecit:
1251 1376 1437 1459 quasi
1494 1375 1810 1459 populum
1876 1375 2017 1459 ipse
2077 1374 2184 1440 his

264 1462 458 1528 verbis
477 1462 926 1545 compellaret:
952 1462 1059 1527 En
1080 1481 1276 1545 quem
1300 1459 1482 1527 vobis
1506 1481 1729 1545 regem
1751 1461 2051 1543 praefeci,
2076 1461 2183 1527 cui

263 1569 365 1614 vos
383 1547 701 1615 subiectos
726 1547 890 1628 volo,
935 1556 1003 1612 et
1026 1545 1106 1612 ad
1145 1548 1332 1615 cuius
1367 1547 1747 1630 obsequium
1771 1547 2177 1629 compositos.

410 1632 553 1698 Iam
616 1653 768 1699 vero
828 1632 1277 1716 expendamus
1335 1631 1667 1698 Samuelis
1734 1633 2180 1714 exprobratio-

260 1740 393 1786 nem
446 1718 630 1784 illam
687 1729 756 1784 et
809 1718 1157 1802 querelam.
1247 1717 1397 1801 Quo
1456 1739 1611 1784 vero
1654 1720 1992 1800 spectavit,
2052 1717 2179 1785 nisi

257 1817 324 1870 ut
354 1804 632 1888 populus
668 1804 750 1871 ad
786 1804 1255 1889 poenitentiam
1292 1803 1746 1884 adduceretur,
1783 1825 1867 1869 ne
1897 1803 2182 1886 amplius

258 1891 406 1971 Dee,
448 1891 641 1957 sicuti
701 1900 854 1957 ante
897 1890 1159 1966 fecerat,
1216 1888 1695 1956 reluctaretur?
1788 1889 2063 1966 Deinde,
2109 1897 2183 1955 ut

256 1984 693 2060 agnoscerent,
773 1998 844 2043 se
922 1977 1075 2042 licet
1149 1974 1458 2061 indignos
1525 1974 1656 2040 Dei
1734 1974 2183 2041 misericordia

256 2070 500 2146 propter
550 2063 848 2128 animum
910 2063 1350 2146 praefractum
1392 2070 1459 2127 et
1501 2061 1904 2139 induratum,
1960 2073 2181 2126 tamen

254 2148 456 2214 Deum
513 2148 805 2232 experiri
852 2147 1233 2226 beneficum,
1295 2148 1404 2232 qui
1450 2168 1571 2213 sua
1614 2146 1903 2213 bonitate
1946 2158 2015 2212 et
2056 2146 2185 2213 cle-

254 2234 482 2299 mentia
534 2234 855 2300 adversus
909 2233 1203 2317 ipsorum
1264 2233 1581 2300 malitiam
1627 2241 1923 2299 certaret.
2013 2233 2184 2298 'Dum

252 2319 436 2384 etiam
476 2318 791 2386 admonet
831 2340 918 2384 ne
958 2320 1031 2383 in
1074 2327 1410 2404 posterum
1454 2319 1591 2384 suis
1633 2319 1924 2385 consiliis
1966 2318 2184 2384 indul-

248 2415 448 2489 geant,
504 2405 668 2472 licet
708 2404 932 2472 Saulis
975 2425 1253 2491 regnum
1298 2424 1607 2489 prospere
1649 2403 1954 2472 succedat
1998 2405 2183 2487 quasi

250 2490 360 2557 sibi
414 2491 693 2575 pulchre
750 2491 1213 2558 consuluerint·
1260 2511 1416 2575 rege
1457 2492 1825 2573 impetrato.
1913 2489 2016 2555 Ne
2057 2491 2183 2556 ita—

245 2597 361 2658 que
417 2577 705 2661 populus
756 2591 1069 2662 prospere
1125 2581 1346 2642 rerum
1405 2595 1707 2643 successu
1768 2574 1977 2643 Saule'
2033 2595 2184 2659 reg-

248 2673 436 2728 nante
469 2664 840 2742 efferretur,
884 2683 1168 2747 suaeque
1201 2662 1566 2729 industriae
1600 2671 1667 2728 et
1703 2659 1968 2729 consilio
2006 2681 2186 2744 pros-

246 2767 425 2830 peros
484 2758 772 2817 eventus
833 2749 1218 2816 attribueret
1257 2749 1642 2815 nominatim
1689 2746 2183 2831 reprehendun·

247 2845 350 2898 tur
408 2834 591 2919 quod·
620 2833 1011 2900 'Dominum
1072 2835 1288 2900 Deum
1353 2851 1544 2900 suum
1614 2832 2030 2918 proiecerint':
2106 2853 2182 2899 ac

246 2918 507 3001 proinde
576 2922 906 2986 maximas
970 2923 1213 3008 p‘oenas
1278 2921 1695 3000 incurrerint,
1760 2937 1922 3003 quas
1979 2939 2181 3003 quum

246 3005 415 3071 Deus
458 3021 582 3092 pro
646 3006 943 3090 ipsorum
1002 3006 1253 3072 meritis
1314 3028 1450 3071 non
1504 3015 1820 3090 reposcat,
1886 3023 2183 3080 summae

242 3090 436 3174 ipsius
488 3092 885 3159 clementiae
943 3100 1011 3157 et
1068 3092 1459 3176 benignitati
1518 3091 1941 3158 tribuendum
2002 3108 2179 3156 esse:

242 3185 423 3261 atque
480 3178 977 3264 agnoscendum
1022 3177 1243 3244 Deum
1301 3195 1434 3244 nou
1494 3177 1800 3244 habuisse
1859 3176 2181 3241 rationem

241 3263 688 3330 contumaciae
736 3263 1043 3347 ipsorum,
1099 3263 1213 3330 sed
1256 3261 1418 3329 ‘eam
1459 3266 1672 3347 potius
1717 3262 1923 3329 veluti
1964 3262 2181 3345 'sepul-

239 3362 364 3413 tam
419 3349 866 3434 praeteriisse,
925 3361 1001 3415 ut
1057 3359 1396 3433 paternam
1452 3370 1611 3432 erga
1667 3349 1840 3432 ipsos
1898 3349 2187 3424 affectio-

240 3454 377 3499 nem
414 3437 839 3519 patefaceret.
886 3435 1016 3502 Hic
1049 3455 1206 3520 ergo
1240 3436 1430 3502 istius
1466 3435 1927 3518 increpationis
1950 3453 2187 3518 scopus

235 3528 359 3586 est:
419 3521 613 3587 unde
671 3521 796 3588 hoc
856 3519 1254 3601 discendum,
1316 3541 1552 3604 nempe
1616 3530 1690 3586 ut
1746 3539 1873 3603 quo
1940 3521 2185 3585 maiora

236 3603 355 3672 Dei
413 3629 582 3694 erga
647 3627 764 3674 nos
821 3607 1137 3674 beneficia
1192 3606 1456 3684 fuerint,
1521 3627 1601 3673 eo
1664 3607 1997 3689 graviores
2066 3626 2185 3672 nos

232 3710 494 3758 manere
540 3713 795 3779 poenas
838 3693 960 3758 nisi
1020 3699 1337 3776 quantum
1396 3694 1521 3776 ipsi
1583 3691 1936 3757 debeamus
1980 3709 2176 3775 agno-

232 3779 537 3859 verimus,
606 3789 674 3845 et
728 3800 848 3845 nos
905 3778 987 3844 ad
1028 3779 1239 3862 ipsius
1282 3779 1662 3862 obsequium
1709 3786 1877 3843 totos
1920 3797 2181 3860 compo-

230 3881 481 3943 namus,
528 3871 609 3932 et
653 3864 943 3931 debitum
988 3865 1304 3930 honorem
1348 3864 1444 3929 illi
1501 3863 1873 3930 reddamus.
1962 3864 2183 3946 Atque

228 3951 531 4033 equidem
592 3951 806 4017 fateor
865 3952 1198 4016 neminem
1254 3950 1429 4016 inter
1483 3949 1789 4015 mortales
1847 3958 2181 4031 repertum

228 4035 324 4115 iri,
382 4037 502 4120 qui
566 4058 705 4102 non
761 4037 849 4103 sit
904 4045 1210 4102 aeternae
1251 4036 1479 4103 mortis
1536 4054 1755 4103 coram
1803 4035 1928 4100 Dei
1973 4033 2182 4100 tribu-

227 4122 357 4186 nali
410 4137 701 4209 propter
764 4141 1091 4190 summam
1149 4120 1694 4207 ingratitudinem
1760 4141 1967 4187 reus.·
2020 4121 2182 4186 Sela

226 4209 400 4275 enim
468 4209 729 4276 creatio
779 4209 937 4274 satis
995 4229 1310 4292 magnum
1368 4208 1612 4275 habere
1672 4207 1928 4292 pondus
1987 4205 2182 4273 debet

223 4290 299 4356 ad
360 4315 487 4361 nos
549 4295 638 4360 ad
696 4295 904 4380 ipsius
959 4294 1209 4362 cultum
1278 4302 1345 4360 et
1409 4295 1727 4360 honorem
1792 4292 2177 4360 incitandos.

223 4377 833 4447 Verumenimvero
914 4401 1041 4465 quo
1107 4381 1313 4446 maior
1378 4392 1477 4447 est
1545 4379 1672 4446 Dei
1738 4380 1809 4445 in
1879 4379 2177 4446 homines

220 4463 666 4533 beneficentia
746 4477 813 4532 et
871 4466 1264 4547 liberalitas,
1346 4487 1423 4534 eo
1490 4467 1703 4533 maior
1782 4474 1885 4530 est
1951 4475 2181 4531 nostra

219 4550 660 4635 ingratitud0‚
739 4554 871 4618 nisi
934 4552 1114 4619 illius
1193 4552 1572 4619 liberalitati
1640 4550 2175 4634 respondeamus.

217 4638 438 4721 Atque
486 4638 621 4706 hoc
664 4649 845 4723 patet
888 4660 972 4704 ex
1008 4639 1228 4706 verbis
1261 4639 1412 4717 illis,
1462 4659 1668 4723 quum
1704 4644 1816 4717 ait,
1858 4637 2183 4704 Dominus

216 4742 320 4786 vos
373 4724 613 4790 eduxit
663 4746 697 4790 e
753 4730 923 4792 terra
976 4724 1265 4809 Aeqypti,
1317 4731 1373 4791 et
1424 4726 1663 4807 eripuit
1711 4743 1821 4789 vos
1885 4743 1919 4787 e
1982 4744 2179 4789 manu

214 4807 703 4894 Aeqyptiorum.
764 4811 937 4876 Nam
980 4812 1331 4896 singularis
1373 4812 1564 4878 istius
1603 4809 1897 4877 beneficii
1932 4831 2176 4875 memo-

216 4893 318 4958 ria
360 4896 606 4963 debuit
647 4898 963 4982 populum
1006 4896 1078 4961 in
1123 4899 1332 4965 officio
1378 4897 1582 4964 veluti
1625 4897 1851 4963 fraeno
1895 4895 2175 4979 quodam

216 4980 530 5048 retinere.
606 4982 886 5064 Quoties
928 4984 1104 5048 enim
1148 4982 1226 5049 de
1267 4984 1579 5052 beneficio
1625 4983 1740 5049 illo
1783 4980 2174 5067 cogitabant,

214 5064 607 5133 debuerunt
663 5079 884 5135 autem
950 5089 1209 5151 semper
1273 5073 1577 5157 cogitare,
1647 5069 1838 5134 toties
1902 5089 1973 5134 se
2034 5068 2177 5133 Deo

214 5149 557 5220 debitores
612 5176 752 5222 esse
817 5176 1175 5242 agnoscere
1241 5156 1391 5222 illos
1456 5156 1767 5240 oportuit,
1833 5167 1900 5220 et
1964 5154 2175 5219 teneri

212 5236 359 5304 Deo
397 5241 664 5323 gratias
698 5241 1104 5309 immortales
1149 5262 1343 5313 agere
1385 5252 1450 5308 et
1494 5241 1577 5308 ad
1621 5242 1763 5310 eius
1797 5241 2176 5325 obsequium

427 5342 665 5398 calvae
693 5359 882 5415 opera.
962 5345 1080 5402 voi.
1115 5344 1331 5400 xxzx

1612 326 1713 392 IN
1762 327 1810 391 1.
1853 326 2034 392 LIB.
2085 324 2487 395 SAMUEL.
2534 326 2735 394 CAP.
2779 328 2870 394 X.

4111 328 4242 395 626

2288 535 2431 580 sese
2474 522 2648 581 totos
2706 537 3118 601 componere,
3178 516 3703 601 quandoquidem
3749 538 3869 601 pro
3912 516 4232 602 singulari

2287 621 2405 667 sua
2450 601 2896 668 misericordia
2929 604 3106 687 ipsos
3141 624 3221 668 ex
3261 623 3458 668 manu
3507 604 3794 669 hostium
3831 602 4236 686 redemisset,

2286 701 2353 751 et
2386 687 2728 772 tyrannidi
2765 709 3001 773 regum
3035 711 3074 754 a
3109 687 3344 772 quibus
3379 688 3916 772 opprimebantur
3953 690 4237 774 eripuis-

2285 779 2422 837 set:
2477 791 2555 838 ac
2596 774 2869 856 proinde
2915 796 3047 842 non
3092 795 3233 841 esse
3277 774 3516 841 liberos
3562 783 3635 840 ut
3678 776 3815 840 suis
3858 776 4238 858 cupiditati-

2285 857 2408 923 bus
2486 869 2555 924 et
2618 859 2839 926 stultis
2904 861 3484 946 imaginationibus
3550 860 3764 925 locum
3831 859 4085 936 darent,
4167 869 4236 927 et

2284 944 2643 1011 secundum
2702 945 2851 1012 illas
2911 945 3341 1024 ambularent,
3409 946 3524 1011 sed
3578 947 3649 1011 in
3704 946 3831 1011 Dei
3891 957 4233 1029 potestate,

2285 1049 2477 1113 quem
2524 1030 2889 1098 Dominum
2945 1033 3124 1117 ipsos
3182 1032 3353 1098 ferre
3414 1052 3533 1115 par
3590 1042 3748 1097 erat.
3839 1035 4056 1116 Atque
4112 1031 4234 1099 has

2284 1136 2426 1182 esse
2481 1116 2662 1182 illius
2717 1118 2942 1203 populi
3006 1120 3435 1204 cogitationes
3493 1119 3820 1201 oportuit:
3888 1137 4007 1183 nos
4070 1138 4233 1184 vero

2283 1199 2478 1267 hodie
2535 1201 2688 1269 licet
2746 1224 2879 1270 non
2939 1224 3024 1270 ex
3080 1204 3369 1289 Aegypti
3435 1215 3615 1269 terra
3678 1203 3936 1269 liberati
4005 1203 4233 1283 simus,

2283 1286 2484 1372 longe
2518 1295 2741 1354 tamen
2778 1289 3304 1358 excellentiorem
3342 1289 3855 1373 redemptionem
3896 1290 4233 1375 habemus,

2284 1394 2417 1457 qua
2471 1373 2618 1438 Deo
2675 1376 2886 1459 magis
2932 1375 3357 1454 devincimur,
3414 1396 3619 1459 quum
3663 1396 3748 1441 ex
3795 1376 3986 1441 inferi
4030 1376 4232 1442 fauci-

2284 1458 2409 1524 bus
2455 1481 2574 1526 nos
2618 1460 2865 1541 eduxit,
2909 1473 2978 1526 et
3019 1484 3059 1528 a
3101 1461 3557 1527 maledictione
3591 1473 3881 1540 aeterna,
3923 1463 3991 1526 in
4037 1482 4234 1544 quam

2284 1565 2323 1609 a
2384 1555 2624 1610 natura
2681 1545 2962 1612 demersi
3019 1568 3282 1626 sumus,
3351 1548 3674 1613 liberavit.
3779 1546 3963 1628 Quas
4029 1548 4237 1630 igitur

2284 1641 2544 1696 nostras
2611 1631 2718 1699 hic
2783 1651 2928 1698 esse
2994 1645 3215 1717 partes
3279 1631 3712 1710 censebimus,
3781 1633 3907 1699 nisi
3972 1645 4046 1698 ut
4113 1653 4234 1699 nos

2282 1716 2383 1781 illi
2439 1724 2614 1782 totos
2671 1737 3124 1787 consecremus
3180 1720 3250 1784 in
3308 1719 3710 1803 agnitionem
3769 1718 3940 1784 tanti
3981 1731 4051 1783 et
4095 1727 4232 1784 tam

2282 1802 2778 1869 inaestimabilis
2822 1804 2998 1886 boni,
3052 1827 3179 1888 quo
3219 1805 3363 1888 ipse
3419 1826 3539 1871 sua
3571 1804 3972 1872 liberalitate
4016 1804 4235 1888 iudig-

2283 1908 2403 1954 nos
2463 1887 2725 1954 affecit?
2813 1890 3117 1958 Accessit
3161 1892 3242 1958 ad
3286 1891 3450 1956 illud
3496 1890 3778 1973 speciale
3820 1890 4234 1968 beneficium,

2284 1993 2489 2057 quum
2537 1995 2655 2039 nos
2698 1995 2736 2039 e
2779 1977 3070 2043 tenebris
3113 1999 3407 2043 errorum
3455 1975 3724 2042 eductos
3781 1976 3861 2041 ad
3906 1976 4235 2061 evangelii

2283 2058 2728 2143 cognitionem
2810 2064 3085 2130 vocavit.
3199 2063 3371 2130 Nam
3451 2083 3652 2146 quum
3724 2082 3851 2127 non
3929 2062 4234 2127 omnibus

2285 2154 2475 2228 parta
2517 2145 2605 2211 sit
2645 2146 2842 2224 salus,
2889 2148 3029 2214 eius
3070 2149 3270 2214 fimus
3313 2149 3682 2233 participes,
3742 2147 4003 2232 quando
4045 2147 4236 2212 Deus

2287 2249 2406 2296 nos
2467 2232 2662 2297 unico
2724 2254 2842 2298 suo
2907 2235 3044 2299 filio
3110 2236 3471 2319 coniungit,
3540 2246 3607 2299 et
3671 2234 3960 2315 corporis
4024 2233 4236 2317 ipsius

2287 2316 2585 2384 membra
2640 2336 2762 2400 per
2817 2318 2972 2385 fidei
3039 2320 3379 2388 vinculum
3444 2322 3616 2386 facit.
3704 2318 3922 2400 Quam
3985 2318 4238 2384 multos

2286 2403 2531 2486 passim
2595 2403 2897 2470 videmus
2954 2407 3226 2473 miseros
3283 2406 3584 2471 homines
3641 2402 4004 2483 derelictos,
4069 2418 4132 2469 et
4193 2425 4236 2469 a

2289 2489 2467 2554 vitae
2511 2497 2821 2555 aeternae
2855 2509 2974 2575 spe
3008 2513 3279 2577 prorsus
3316 2492 3564 2557 alienos
3597 2500 3664 2556 et
3685 2490 4008 2557 reiectos?
4054 2488 4238 2570 Quid

2287 2573 2427 2639 ita?
2517 2573 2715 2657 Quod
2771 2577 2840 2640 in
2901 2577 3246 2661 profundis
3299 2578 3586 2644 tenebris
3642 2597 3938 2642 errorum
3983 2575 4238 2642 detine-

2290 2669 2504 2740 antur,
2550 2671 2617 2726 et
2661 2660 2910 2727 nullam
2955 2662 3225 2730 Domini
3270 2666 3478 2729 nostri
3523 2663 3680 2728 Iesu
3723 2661 3974 2728 Christi
4018 2663 4240 2746 cogni·
4335 2700 4338 2703 -

2290 2748 2534 2811 tionem
2561 2746 2868 2826 habeant,
2903 2755 2982 2814 ut
3002 2770 3151 2815 eum
3177 2749 3305 2816 fide
3334 2749 3830 2832 amplectantur,
3871 2760 3940 2812 et
3972 2767 4237 2815 omnem

2288 2853 2472 2899 suam
2520 2832 2827 2898 fiduciam
2872 2835 2943 2898 in
2989 2834 3104 2900 illo
3147 2836 3484 2913 collocent,
3531 2844 3606 2899 ut
3642 2834 3849 2900 vitam
3899 2843 4234 2898 aeternam

2289 2939 2407 3003 per
2448 2917 2636 2984 illum
2695 2917 2882 2985 nobis
2924 2929 3182 3005 partam
3241 2920 3595 3000 obtineant,
3654 2930 3723 2984 et
3764 2919 3860 2983 illi
3901 2919 4235 2985 uniantur.

2290 3005 2472 3070 Deus
2531 3023 2690 3071 vero
2752 3025 2872 3072 nos
2931 3006 3045 3072 illo
3104 3006 3416 3073 beneficio
3474 3006 3709 3084 affecit,
3765 3017 3830 3069 et
3872 3003 3956 3069 de
3999 3023 4119 3068 sua
4163 3004 4235 3069 in

2290 3110 2406 3155 nos
2450 3088 2907 3157 benevolentia
2943 3093 3253 3159 certiores
3289 3094 3459 3169 facit,
3516 3114 3591 3157 ac
3627 3110 4010 3175 persuasum
4047 3089 4237 3156 nobis

2289 3193 2429 3241 esse
2474 3175 2624 3240 vult
2665 3195 2737 3241 se
2783 3176 2955 3243 velle
2994 3199 3114 3245 nos
3157 3179 3272 3243 illo
3317 3178 3628 3244 beneficio
3676 3176 3825 3251 frui,
3882 3196 3958 3242 ac
4002 3194 4237 3241 revera

2288 3261 2535 3326 sentire
2579 3281 2700 3326 nos
2743 3260 2826 3326 ab
2867 3263 2981 3328 illo
3025 3263 3416 3348 redemptos,
3465 3275 3540 3329 ιιι
3565 3264 3652 3328 ‘in
3695 3262 3982 3327 filiorum
4027 3260 4238 3345 ipsius

2286 3363 2562 3412 numero
2606 3367 3011 3415 censeamur.
3061 3350 3278 3434 Atque
3323 3352 3528 3430 ipsius
3572 3348 3985 3430 adoptionem
4021 3347 4238 3430 obsig-

2287 3443 2507 3499 natam
2570 3451 2714 3498 esse
2769 3432 2838 3498 in
2899 3436 3145 3502 nostris
3203 3436 3525 3513 cordibus,
3588 3445 3660 3499 ut
3716 3455 3866 3498 eum
3924 3446 4233 3516 tanquam

2287 3527 2540 3602 patrem
2583 3519 2992 3585 confidenter
3035 3522 3433 3598 invocemus,
3493 3529 3776 3585 testante
3819 3518 3947 3583 Dei
3991 3515 4235 3601 spiritu

2288 3622 2420 3669 una
2462 3625 2611 3670 cum
2656 3605 2890 3686 spiritu
2939 3616 3182 3684 nostro,
3226 3628 3346 3672 nos
3391 3627 3534 3672 esse
3578 3607 3748 3671 filios
3795 3605 3939 3670 Dei.
4008 3604 4238 3686 Quare

2287 3710 2490 3773 quum
2561 3699 2749 3755 tanta
2811 3692 2949 3756 sint
3013 3692 3157 3759 eius
3227 3714 3385 3777 erga
3452 3707 3569 3757 nos
3647 3691 3976 3768 beneficia,
4048 3702 4242 3756 tanto

2285 3776 2759 3842 intolerabilior
2816 3777 2943 3842 erit
2987 3788 3211 3844 nostra
3255 3775 3683 3862 ingratitudo,
3735 3776 3863 3841 ‘nisi
3911 3778 3982 3842 in
4027 3777 4236 3859 ipsius

2285 3863 2520 3928 timore
2565 3862 2994 3941 ambulemus,
3054 3873 3118 3929 et
3163 3885 3280 3930 nos
3325 3865 3452 3947 ipsi
3500 3862 3875 3929 obedientes
3921 3864 4235 3945 praebea-

2286 3967 2465 4014 mus:
2536 3955 2603 4013 et
2669 3949 2793 4013 nisi
2859 3949 2927 4013 iu
2998 3950 3140 4016 eius
3210 3970 3500 4016 amorem
3569 3951 3662 4015 ita
3725 3950 4081 4031 rapiamur,
4160 3956 4237 4012 ut

2284 4032 2604 4099 mundum
2680 4034 3163 4114 obliviscamur,
3245 4046 3310 4101 et
3374 4037 3442 4100 in
3524 4036 3778 4102 coelum
3863 4033 4231 4111 tendamus,

2280 4119 2352 4184 in
2427 4139 2557 4203 quo
2630 4119 3035 4186 haereditate
3102 4132 3171 4187 et
3249 4122 3500 4205 peculio
3582 4130 3807 4186 nostro
3888 4119 4226 4186 carissimo

2282 4206 2494 4290 pretio
2571 4206 2759 4271 nobis
2839 4208 3156 4290 acquisito
3239 4206 3492 4290 placide
3570 4205 3910 4272 fruamur?
4021 4205 4232 4270 Porro

2283 4291 2557 4358 Samuel
2635 4314 2766 4357 non
2846 4313 3047 4358 unam
3130 4287 3385 4359 t'antum
3466 4294 3913 4359 liberationem
3990 4291 4234 4374 populo

2283 4378 2654 4461 exprobrat,
2699 4376 2813 4443 sed
2858 4379 3244 4445 continuum
3281 4379 3413 4446 Dei
3456 4381 3745 4446 savorem
3789 4387 3855 4441 et
3888 4377 4230 4455 auxilium,

2282 4483 2408 4550 quo
2472 4483 2544 4529 se
2585 4464 2791 4547 ipsius
2849 4475 3252 4532 servatorem
3297 4467 3512 4549 palam
3558 4474 3837 4531 testatus
3881 4473 4010 4528 est:
4087 4463 4230 4543 Vos,

2279 4551 2512 4634 inquit,
2557 4551 2702 4615 emit
2744 4570 2777 4616 e
2820 4571 3015 4616 manu
3059 4553 3534 4636 Aeyyptiorum.
3625 4551 3853 4632 Neque
3899 4550 4021 4613 boc
4063 4550 4226 4614 satis

2279 4637 2377 4701 illi
2420 4637 2566 4716 fuit,
2619 4636 2733 4703 sed
2791 4650 2948 4720 quot
2996 4659 3201 4723 reges,
3265 4647 3424 4723 quot
3469 4638 3753 4722 tyranni,
3798 4646 3958 4718 quot
4000 4633 4223 4701 hostes

2279 4723 2346 4787 in
2406 4741 2523 4788 vos
2567 4723 3046 4806 conspirarunt,
3105 4726 3216 4807 qui
3261 4745 3376 4789 vos
3421 4723 3647 4789 multis
3694 4731 4021 4787 vexarunt
4064 4739 4222 4783 con-

2278 4808 2585 4882 tumeliis,
2631 4808 2743 4891 qui
2787 4829 2907 4876 vos
2951 4818 3407 4893 ruptaverunt,
3452 4809 3565 4890 qui
3609 4806 3787 4872 omni
3831 4806 4225 4873 crudelitate

2276 4895 2753 4973 laceraverunt,
2798 4915 2839 4959 a
2879 4896 3134 4977 quibus,
3183 4897 3309 4962 nisi
3355 4894 3538 4958 Deus
3585 4891 3905 4958 vindicem
3953 4912 4223 4956 manum

2278 4979 2700 5059 exercuisset,
2759 4980 3055 5047 funditus
3113 4982 3307 5046 deleti
3352 4977 3685 5045 fuissetis?
3774 4977 3954 5043 Hinc
3999 4978 4224 5042 admo·

2278 5087 2532 5144 nemur,
2598 5075 2673 5132 ut
2729 5066 2788 5132 si
2841 5065 3027 5133 Deus
3084 5065 3548 5132 benefaciendo
3609 5063 3793 5129 nobis
3855 5086 3981 5128 non
4043 5062 4224 5128 defa-

2279 5154 2539 5234 tigatur,
2605 5150 2719 5218 sed
2778 5173 2954 5217 nova
3018 5175 3276 5238 semper
3341 5153 3657 5217 beneficia
3720 5150 4031 5227 cumulat,
4101 5171 4226 5214 uos

2280 5238 2570 5306 vicissim
2630 5242 2796 5323 grati
2841 5258 2917 5306 ac
2963 5261 3281 5307 memores
3325 5238 3438 5304 illa
3483 5256 3929 5320 agnoscamus,
3990 5246 4058 5300 et
4101 5257 4226 5321 pro

3753 5337 3827 5395 40
