5059 6059
316 225 445 292 669

314 422 451 495 est,
522 436 690 499 quae
752 414 827 480 in
872 414 1115 480 multos
1171 413 1314 481 dies
1369 423 1507 480 tam
1565 417 1783 501 ipsum
1827 439 2024 502 quam
2069 417 2278 482 socios

315 505 538 570 fovere
601 501 944 585 potuisset,
1002 500 1258 567 vitulus
1314 501 1634 569 nimirum
1677 526 1825 571 cum
1870 505 2118 590 azymis
2162 522 2277 586 pa-

319 590 531 656 nibus.
618 589 727 653 Ex
779 607 907 670 quo
951 598 1226 670 apparet
1271 586 1520 652 nullam
1565 610 1706 655 esse
1751 592 2277 674 temperantiam,

313 675 383 740 in
428 676 513 740 iis
557 675 670 757 qui
697 672 824 736 Dei
868 672 1126 737 timoris
1168 670 1423 738 radices
1466 673 1538 737 in
1583 676 1823 742 animis
1865 677 2108 741 infixas
2144 694 2277 737 non

315 762 584 827 habent.
674 758 879 824 Modo
938 756 1116 827 enim
1174 764 1424 822 terrore
1483 760 1769 843 perculsi
1829 762 2124 826 animum
2182 758 2278 824 sic

315 847 638 914 abiiciunt
693 852 772 909 ut
814 842 1159 926 desperata
1195 841 1373 908 salus
1414 844 1739 927 videatur,
1784 857 1852 913 et
1894 848 2082 912 nulla
2117 864 2279 910 sana

315 932 593 999 consilia
625 929 1009 995 admittant:
1053 925 1248 992 modo
1283 948 1462 1009 vero,
1507 940 1578 994 et
1618 933 1884 1015 quidem
1925 941 2277 1008 momento,

314 1019 387 1084 in
408 1017 726 1101 gaudium
750 1024 819 1078 et
852 1014 1061 1079 risum
1098 1011 1555 1082 effunduntur.
1592 1017 1827 1101 Neque
1863 1039 2019 1084 vero
2056 1027 2276 1082 tamen

317 1102 481 1171 Saul
506 1104 601 1169 sic
636 1122 780 1167 sese
816 1098 1239 1176 exhilaravit,
1285 1099 1443 1182 quin
1490 1105 1929 1169 conscientiae
1972 1102 2278 1168 stimulos

315 1190 633 1267 senserit,
689 1184 929 1270 quibus
987 1204 1131 1249 sese
1193 1203 1233 1247 a
1276 1183 1422 1250 Deo
1476 1188 1984 1254 condemnatum
2042 1187 2275 1254 memi-

315 1284 539 1342 nerat:
594 1281 687 1352 et,
749 1280 827 1336 ut
870 1270 1069 1353 vulgo
1114 1268 1369 1353 dicitur,
1417 1271 1590 1339 risus
1632 1274 1843 1356 ipsius
1885 1275 2007 1340 fuit
2050 1273 2275 1339 sardo·

314 1362 469 1426 nius
498 1380 631 1424 non
667 1356 845 1422 ultra
877 1355 1104 1421 fauces
1120 1373 1547 1437 progressus:
1591 1380 1804 1443 neque
1820 1359 2095 1425 dubium
2118 1360 2275 1442 quin

313 1447 601 1513 libenter
624 1460 869 1507 metum
897 1452 963 1506 et
1001 1440 1340 1504 horrorem
1365 1463 1493 1524 quo
1529 1466 1569 1509 a
1610 1456 1869 1528 spectro
1912 1445 2029 1511 illo
2064 1446 2278 1510 fuerat

314 1530 658 1617 perculsus
723 1527 1004 1594 abiicere
1065 1526 1253 1590 nisus
1311 1527 1524 1607 fuerit,
1593 1531 1707 1597 sed
1773 1551 1907 1597 non
1973 1531 2274 1614 potuerit.

313 1620 422 1685 Ex
478 1636 610 1700 qno
669 1612 982 1679 discimus
1026 1611 1173 1675 Deo
1219 1630 1343 1677 nos
1386 1615 1589 1682 variis
1632 1617 1847 1681 modis
1887 1618 2275 1701 castigante,

312 1714 381 1770 et
422 1703 494 1768 in
539 1721 651 1766 eas
692 1696 1039 1781 angustias
1081 1695 1444 1781 redigente,
1504 1707 1579 1765 ut
1636 1722 1815 1768 mors
1859 1701 2100 1786 ubique
2136 1723 2278 1767 sese

312 1790 503 1855 nobis
548 1787 804 1861 offerat,
856 1791 925 1848 et
966 1782 1190 1847 omnia
1233 1796 1645 1865 praesentem
1690 1797 1971 1853 mortem
2015 1789 2276 1852 minen-

313 1884 444 1951 tur,
490 1869 925 1937 nihilominus
959 1867 1042 1933 ad
1089 1867 1296 1949 ipsius
1339 1870 1853 1938 misericordiam
1898 1875 2276 1957 confugere,

308 1970 378 2028 et
436 1979 623 2042 spem
679 1974 943 2038 semper
997 1954 1312 2032 retinere,
1382 1961 1679 2038 persuasi
1738 1960 1958 2025 Deum
2013 1981 2135 2025 nos
2191 1980 2275 2024 ex

305 2045 518 2131 ipsius
562 2042 850 2126 sepulcri
895 2037 1191 2104 faucibus
1234 2038 1511 2107 educere
1558 2064 1777 2126 posse:
1823 2046 2028 2111 immo
2074 2046 2273 2110 etiam

307 2129 592 2197 mortuis
628 2127 838 2192 vitam
875 2123 1169 2199 reddere,
1216 2125 1402 2191 cuius
1440 2129 1583 2211 ipse
1624 2131 1768 2195 fons
1812 2141 1917 2196 est
1959 2142 2027 2196 et
2069 2130 2275 2214 origo.

313 2218 567 2285 Contra
624 2233 786 2279 vero
829 2209 980 2276 Deo
1022 2208 1212 2275 nobis
1254 2212 1390 2276 otia
1432 2214 1731 2298 faciente,
1775 2216 2102 2283 discamus
2139 2237 2274 2282 non

308 2318 735 2386 segnescere:
796 2296 910 2360 sed
971 2296 1045 2360 in
1102 2298 1492 2363 memoriam
1547 2300 1676 2366 Dei
1733 2302 2276 2368 comminationes

304 2396 699 2455 revocantes
751 2382 1108 2464 sapiamus,
1166 2392 1234 2446 et
1291 2394 1442 2465 post
1484 2387 1867 2464 triennium,
1920 2388 2275 2469 quadrien-

301 2476 518 2550 nium,
585 2465 1000 2556 decennium,
1059 2466 1188 2531 Dei
1254 2469 1640 2550 patientiam
1707 2472 2146 2552 admirantes,
2208 2479 2275 2538 et

302 2580 433 2626 nos
455 2556 784 2622 debitores
820 2562 1254 2638 agnoscentes
1298 2555 1575 2637 gloriam
1619 2559 1745 2640 ipsi
1790 2558 2078 2624 debitam
2123 2557 2273 2623 red-

304 2646 580 2711 damus:
629 2641 723 2707 sic
752 2645 829 2703 ut
865 2660 950 2704 ex
994 2648 1182 2721 parte
1226 2641 1586 2723 propitium
1632 2663 1777 2709 esse
1819 2644 2036 2727 ipsum
2082 2643 2273 2709 nobis

303 2727 736 2816 gaudeamus,
805 2736 876 2789 et
932 2723 1063 2788 alia
1106 2745 1190 2789 ex
1235 2736 1421 2808 parte
1465 2728 1545 2793 de
1584 2729 1867 2812 peccatis
1911 2730 2274 2813 lugeamus,

302 2828 380 2881 et
402 2811 738 2897 perpetuis
760 2808 1070 2893 suspiriis
1105 2819 1172 2874 et
1205 2812 1559 2894 gemitibus
1602 2813 1890 2879 dolorem
1934 2815 2270 2880 internum

300 2912 651 2968 testemur.
698 2895 930 2977 Neque
954 2896 1131 2960 enim
1178 2896 1545 2979 spiritualis
1588 2900 1837 2965 laetitia
1872 2901 2274 2981 ex‚divinae

301 3007 470 3070 erga
526 3004 647 3048 nos
703 2980 1195 3048 misericordiae
1251 3002 1473 3064 sensu,
1533 2996 1648 3050 aut
1705 2985 2100 3068 superbiam,
2156 2992 2274 3049 aut

301 3067 775 3154 arrogantiam,
836 3076 952 3132 aut
1011 3067 1293 3148 denique
1355 3089 1657 3154 soporem
1704 3082 1769 3135 et
1812 3073 2155 3155 segnitiem
2200 3071 2273 3136 in

297 3157 497 3225 nobis
555 3154 750 3219 debet
803 3172 1152 3236 generare:
1228 3152 1344 3219 sed
1398 3156 1493 3220 ita
1549 3164 1774 3221 tamen
1831 3177 2127 3222 recreare
2199 3167 2278 3223 ut

293 3250 621 3328 perpetuo
681 3237 903 3321 aliqua
948 3238 1219 3302 tristitia
1281 3241 1368 3304 sit
1411 3240 1739 3318 admixta,
1796 3262 1964 3325 quae
2022 3261 2146 3308 nos
2189 3242 2275 3307 ad

294 3347 533 3397 veram
580 3325 1021 3390 humilitatem
1067 3322 1281 3388 ducat.
1328 3326 1419 3391 Et
1455 3325 1536 3392 de
1573 3325 1796 3393 Saulis
1830 3329 2001 3394 facto
2027 3327 2275 3395 dictum

298 3414 828 3480 hactenus-esto.

482 3497 834 3563 Caeterum
892 3497 1462 3579 magnanimitatis
1514 3497 1716 3563 etiam
1755 3498 1824 3563 in
1870 3500 2014 3582 ipso
2060 3499 2277 3565 cuius-

296 3585 461 3651 dam
502 3589 829 3666 apparent
871 3580 1098 3663 signa:
1145 3582 1318 3664 qnod
1362 3581 1442 3647 de
1478 3584 1935 3650 Israelitarum
1979 3586 2274 3652 exercitu

294 3667 661 3743 fundendo,
724 3678 792 3733 et
847 3667 924 3730 in
985 3688 1223 3733 manus
1266 3667 1779 3747 Philistaeorum
1824 3681 2139 3745 venturo,
2197 3690 2274 3735 ac

294 3754 582 3841 proinde
647 3751 729 3817 de
795 3752 1192 3818 imminente
1257 3753 1382 3818 sibi
1444 3764 1658 3820 morte
1737 3756 1978 3820 certior
2065 3757 2275 3820 factus

300 3862 443 3909 non
488 3839 760 3905 omnino
804 3838 1045 3903 abiecit
1089 3840 1409 3919 animum,
1452 3840 1567 3906 sed
1612 3850 1843 3907 curato
1886 3861 2158 3924 corpore
2200 3842 2273 3905 in

299 3935 527 3994 eastra
584 3944 709 3990 sua
766 3936 1211 3990 reversusest:
1293 3937 1366 3990 ut
1420 3926 1679 3991 fortiter
1743 3926 2045 3991 videatur
2104 3926 2271 3991 Saul

296 4012 439 4078 Dei
497 4010 760 4076 iudiciis
833 4009 1260 4091 acquievisse,
1342 4010 1693 4095 Deumque
1766 4020 2084 4094 sequutus
2145 4033 2273 4094 quo

299 4096 606 4165 vocabat.
662 4097 920 4161 Verum
964 4094 1444 4161 observandum
1491 4095 1864 4162 incredulos
1909 4108 2273 4162 momenta·

297 4203 472 4249 neos
512 4181 829 4264 quosdam
870 4188 1128 4246 tantum
1175 4181 1498 4263 impulsus
1543 4183 1804 4260 babere,
1866 4204 1943 4248 ac
2002 4181 2275 4265 proinde

300 4269 505 4334 firma
528 4267 656 4333 fide
678 4287 829 4331 non·
855 4266 1015 4346 niti;
1062 4265 1238 4349 quod
1275 4268 1490 4349 potius
1527 4269 1907 4351 arrogantia
1950 4269 2041 4334 sit
2074 4288 2272 4351 quam

300 4350 478 4419 fides
519 4351 816 4419 dicenda.
887 4352 982 4415 Et
1023 4359 1366 4435 praeterea
1409 4351 1539 4417 Dei
1583 4353 1841 4418 iudiciis
1884 4353 1966 4419 ad
2015 4366 2273 4435 tempus

296 4437 645 4523 perculsos
666 4489 680 4513 ,
738 4438 1044 4502 timorem
1106 4457 1369 4502 omnem
1428 4439 1652 4503 conari
1713 4438 2026 4505 abiicere:
2084 4439 2273 4521 quasi

297 4523 443 4591 Dei
468 4525 688 4589 minae
714 4532 969 4587 tantum
997 4522 1221 4586 inania
1242 4523 1446 4589 verba
1480 4524 1637 4602 sint,
1686 4530 1753 4589 et
1788 4544 2000 4590 vanus
2033 4534 2271 4589 metus.

299 4607 795 4691 Quamcunque
862 4607 1066 4683 igitur
1130 4606 1328 4672 fidem
1396 4607 1720 4675 increduli
1790 4629 2270 4692 nonnunquam

302 4697 579 4773 iactent,
625 4694 837 4776 deque
858 4691 988 4758 Dei
1012 4693 1227 4776 gratia
1264 4692 1648 4777 glorientur,
1696 4700 1763 4758 et
1805 4695 2018 4777 plenis
2054 4695 2273 4760 buccis

298 4778 717 4865 praedicent,
760 4779 915 4843 fidei
955 4798 1193 4843 nomen
1234 4777 1410 4844 haud
1432 4790 1744 4856 meretur,
1788 4779 1903 4844 sed
1926 4779 2273 4863 superbiae

294 4865 532 4950 potius
569 4874 635 4929 et
680 4865 1121 4949 arrogantiae.
1165 4864 1364 4931 Hanc
1408 4865 1491 4929 ob
1535 4885 1800 4930 causam
1846 4864 1928 4930 ad
1974 4865 2274 4947 quamvis

1556 229 1657 294 IN
1705 230 1760 295 Ι.
1806 229 1991 295 LIB.
2026 228 2435 296 SAMUEL.
2506 227 2706 293 CAP.
2751 228 3093 295 XXVIII.

4201 229 4354 295 670-

2382 414 2592 497 ipsius
2627 423 2705 479 ut
2735 416 3076 498 oportebat
3111 417 3356 482 territi:
3415 415 3528 483 sed
3565 417 3647 482 ad
3684 418 4025 501 ingenium
4061 418 4338 484 subinde

2381 509 2839 581 revertuntur,
2898 512 2964 568 et
3021 512 3288 586 stupore
3347 504 3540 588 plane
3597 503 3980 569 habescunt.
4082 504 4336 569 Eadem

2381 586 2589 668 igitur
2644 586 2773 650 fuit
2816 587 3042 654 Saulis
3102 589 3290 668 ratic,
3346 601 3541 672 atque
3582 588 3983 671 reliquorum
4032 590 4338 654 incredu—

2379 670 2593 735 lorum
2651 673 2984 741 omnium:
3050 674 3573 757 quandoquidem
3637 675 3819 739 nulla
3877 686 3978 739 est
4037 676 4337 751 firmitas,

2381 777 2594 840 neque
2650 762 3020 824 constantia
3061 763 3129 825 in
3175 760 3259 825 iis
3302 781 3465 843 quos
3506 759 3638 824 Dei
3681 761 3954 843 spiritus
3999 781 4132 824 non
4177 761 4336 844 agit.

2379 842 2504 906 Est
2538 843 2715 907 enim
2742 843 2870 909 Dei
2906 847 3176 930 spiritus
3219 846 3492 929 spiritus
3534 845 3947 911 rectitudinis
3970 845 4338 928 etintegri-

2381 928 2557 1006 tatis,
2603 949 2733 1010 quo
2777 932 2891 1012 qui
2934 929 3402 1009 destituuntur,
3454 939 3699 996 temere
3743 931 3874 995 huc
3917 931 4074 997 illuc
4116 931 4340 995 ferun-

2384 1022 2512 1079 tur.
2601 1014 2942 1082 Reversus
3000 1017 3205 1101 igitur
3249 1018 3320 1081 in
3363 1026 3579 1082 castra
3620 1038 3742 1081 sua
3787 1016 3951 1083 Saul
3999 1026 4335 1099 stuporem

2381 1120 2575 1164 suum
2631 1102 2855 1183 potius
2899 1123 3096 1184 quam
3141 1102 3589 1168 fortitudinem
3635 1112 3750 1167 aut
3792 1102 3876 1167 ad
3921 1100 4136 1167 Deum
4182 1094 4372 1167 con-⁶

2383 1187 2753 1251 versionem
2816 1187 3125 1270 prodidit,
3183 1198 3252 1253 et
3308 1187 3683 1253 divinorum
3743 1187 4135 1252 iudiciorum
4181 1210 4335 1252 con·

2382 1277 2727 1355 temptum.
2793 1273 3147 1338 Discamus
3191 1275 3397 1357 igitur
3440 1273 3584 1338 Deo
3627 1273 4014 1339 iudiciorum
4060 1295 4333 1339 snorum

2380 1358 2584 1422 minis
2639 1378 2760 1423 nos
2803 1369 3126 1438 terrente,
3185 1359 3543 1439 humiliari,
3587 1360 3803 1443 potius
3850 1379 4047 1442 quam
4093 1359 4333 1424 fortem

2382 1442 2681 1507 animum
2747 1464 2904 1525 prae
2969 1444 3157 1509 nobis
3221 1446 3423 1523 ferre,
3489 1456 3563 1508 ut
3628 1444 3818 1510 multi
3864 1445 4081 1509 solent
4124 1444 4333 1510 admi-

2380 1527 2656 1593 rabilem
2716 1531 2933 1595 nescio
2993 1550 3194 1613 quam
3253 1529 3701 1595 fortitudinem
3744 1531 3978 1605 dicere,
4026 1532 4081 1594 si
4127 1530 4334 1609 nullis

2381 1615 2580 1678 minis
2638 1623 3030 1692 terreantur,
3091 1625 3159 1680 et
3215 1615 3395 1681 nullo
3440 1616 3732 1698 periculo
3774 1629 4333 1697 commoveantur,

2382 1708 2696 1782 tanquam
2763 1698 3061 1766 duriores
3127 1701 3461 1784 Marpesia
3525 1712 3733 1767 cante.
3847 1699 4000 1778 Sed,
4068 1722 4332 1784 quaeso,

2381 1787 2648 1851 saxisne
2670 1794 2787 1851 aut
2822 1787 3073 1852 truncis
3107 1787 3338 1851 honori
3384 1787 3646 1852 dabitur
3687 1788 3745 1850 si
3790 1807 4001 1869 neque
4046 1786 4331 1871 lugeant,

2381 1891 2596 1954 neque
2641 1870 2797 1935 mali
2843 1872 3198 1955 quidquam
3239 1870 3783 1955 apprehendant?
3852 1872 4130 1938 Minime
4173 1893 4335 1956 gen-

2381 1956 2583 2021 tiuml
2670 1956 2902 2039 Neque
2962 1958 3137 2022 enim
3201 1957 3415 2023 locum
3477 1957 3673 2022 habet
3714 1958 3936 2022 virtus
3979 1960 4047 2022 in
4093 1959 4175 2024 iis
4219 1957 4334 2041 qui

2379 2063 2649 2108 sensum
2710 2043 2971 2108 nullum
3031 2041 3309 2109 habent:
3380 2064 3456 2110 ac
3522 2043 3798 2125 proinde
3858 2065 3986 2108 non
4048 2045 4334 2109 vertitur

2376 2126 2561 2194 laudi
2617 2128 3024 2205 bominibus,
3084 2129 3210 2193 Dei
3268 2130 3527 2195 iudiciis
3587 2149 3718 2193 non
3778 2130 4209 2210 commoveri,
4266 2138 4334 2194 et

2379 2215 2524 2278 eius
2582 2214 2796 2278 minas
2839 2236 2973 2278 non
3018 2223 3345 2279 metuere:
3402 2214 3515 2281 sed
3563 2213 3632 2277 in
3679 2214 3930 2279 malitia
3975 2215 4330 2280 obfirmari.

2380 2297 2515 2366 Sed
2581 2319 2842 2365 summa
2909 2300 3120 2365 virtus
3177 2299 3710 2365 Christianorum
3768 2311 3869 2365 est
3925 2299 4055 2365 Dei
4116 2301 4332 2377 timor,

2379 2405 2507 2467 quo
2541 2384 2750 2467 ipsius
2786 2383 3027 2451 iudicia
3062 2396 3384 2470 metuunt,
3429 2394 3496 2449 et
3540 2385 3624 2449 de
3666 2407 3737 2450 se
3782 2386 3943 2469 ipsis
3986 2386 4334 2469 desperan-

2378 2482 2478 2535 tes
2550 2469 2620 2534 in
2690 2471 2899 2552 ipsius
2957 2470 3404 2536 misericordia
3462 2469 3772 2536 fiduciam
3828 2492 4088 2536 omnem
4145 2492 4332 2537 suam

2378 2566 2729 2638 reponunt.
2777 2555 2957 2620 Sane
2979 2556 3089 2639 qui
3111 2576 3389 2639 magnos
3424 2558 3675 2621 animos
3709 2569 3970 2640 gerunt,
4009 2566 4080 2621 et
4114 2557 4332 2622 nescio

2377 2661 2578 2725 quam
2623 2641 3073 2707 fortitudinem
3116 2641 3385 2723 iactant,
3431 2661 3564 2707 non
3611 2643 3835 2723 procul
3880 2663 3920 2707 a
3962 2662 4085 2706 suo
4128 2642 4332 2708 exitio
4441 2644 4442 2647 ’

2378 2728 2638 2792 absunt.
2748 2726 2996 2792 Contra
3075 2727 3192 2809 qui
3278 2747 3543 2793 suorum
3614 2737 4023 2808 peccatorum
4090 2728 4332 2793 conscii

2377 2812 2707 2895 supplices
2765 2811 2850 2878 ad
2892 2811 3023 2877 Dei
3081 2813 3594 2878 misericordiam
3637 2812 4049 2897 confugiunt,
4091 2815 4331 2879 confir-

2380 2908 2648 2963 mantur
2670 2906 2738 2962 et
2759 2896 3139 2982 eriguntur:
3184 2897 3459 2980 ideoque
3493 2898 3690 2980 longe
3724 2898 3947 2963 utilior
3991 2897 4332 2965 humilitas

2380 2992 2449 3049 et
2485 2982 2691 3048 animi
2726 2982 3020 3067 deiectio,
3060 3004 3254 3066 quam
3299 2983 3582 3066 superba
3625 2982 3928 3067 gloriatio
3975 2994 4041 3048 et
4083 2985 4332 3050 iactan-

2379 3070 2493 3134 tia.
2580 3069 2938 3134 Praeterea
2988 3089 3191 3153 quum
3256 3069 3341 3147 in,
3374 3090 3495 3134 sua
3536 3081 3755 3134 castra
3797 3068 3964 3134 Saul
4007 3079 4181 3135 esset
4223 3091 4331 3135 re·

2379 3175 2632 3232 versus,
2674 3154 2990 3238 populum
3014 3165 3083 3219 et
3104 3154 3345 3220 liberos
3366 3153 3699 3220 exhortari
3737 3153 3820 3219 ad
3857 3156 4330 3237 poenitentiam

2377 3248 2446 3305 et
2500 3239 3002 3306 conversionem
3058 3238 3142 3304 ad
3199 3239 3417 3305 Deum
3477 3260 3832 3322 veramque
3887 3239 4328 3306 humilitatem

2378 3324 2690 3391 debebat:
2756 3325 2871 3391 sed
2938 3325 3105 3390 nihil
3172 3326 3303 3390 tale
3371 3327 3616 3391 factum
3676 3324 3759 3390 ab
3818 3327 3958 3408 ipso
4015 3326 4328 3410 legimus:

2378 3412 2509 3476 imo
2561 3410 2788 3494 potius
2831 3409 3145 3495 quidquid
3190 3410 3534 3477 audiverat
3576 3410 3820 3476 celasse
3864 3411 4148 3477 videtur.
4239 3418 4333 3478 At

2378 3498 2436 3563 si
2480 3497 2589 3562 vel
2634 3497 2911 3561 verbum
2955 3517 3033 3561 ea
3075 3495 3157 3562 de
3192 3518 3263 3561 re
3302 3494 3670 3562 Ionathano
3713 3498 3993 3578 fecisset,
4037 3498 4330 3582 profecto

2376 3591 2659 3665 sepatre
2679 3581 3016 3646 fortiorem
3038 3581 3451 3660 ostendisset,
3496 3602 3576 3647 ac
3618 3581 4061 3648 admonitione
4107 3584 4332 3650 divina

2377 3669 2731 3751 sapuisset,
2791 3676 2857 3732 et
2913 3668 3303 3733 correctioni
3362 3668 3626 3732 divinae
3683 3688 3828 3733 sese
3884 3677 4123 3751 sponte
4180 3669 4330 3735 sub-

2377 3754 2684 3818 misisset.
2731 3752 2867 3817 Sed
2893 3751 3055 3818 Saul
3096 3765 3405 3835 tanquam
3444 3753 3765 3818 attonitus
3810 3755 4033 3820 omnia
4076 3759 4328 3834 reticet,

2377 3848 2444 3904 et
2506 3860 2658 3905 cum
2725 3852 2993 3921 stupore
3059 3851 3372 3903 eventum
3440 3838 3615 3903 illius
3680 3839 4148 3922 praedictionis
4220 3862 4330 3905 ex-

2375 3933 2662 4006 spectat,
2721 3944 2933 4007 neque
2991 3934 3210 3988 tamen
3269 3924 3352 3987 ad
3396 3922 3615 3989 Deum
3677 3927 4103 3990 convertitur.
4193 3925 4332 3991 Nos

2374 4020 2608 4076 contra
2651 4008 2979 4075 discamus
3025 4029 3153 4074 non
3200 4009 3602 4085 erubescere,
3646 4031 3857 4091 neque
3905 4009 4334 4076 verecundari

2374 4108 2795 4180 peecatorum
2857 4104 3238 4159 nostrorum
3297 4094 3724 4173 confessione,
3785 4115 3988 4177 quum
4034 4095 4332 4161 minatus

2377 4179 2566 4246 nobis
2633 4181 2815 4245 Deus
2875 4181 3109 4256 fuerit,
3174 4188 3249 4244 ut
3313 4181 3830 4245 consolationem
3899 4181 4329 4264 recipiamus:

2375 4266 2488 4333 sed
2526 4274 2760 4331 contra
2793 4265 2949 4330 inde
2985 4265 3283 4348 praeberi
3328 4264 3515 4330 nobis
3557 4265 3958 4331 occasionem
4005 4266 4332 4332 immissas

2376 4374 2418 4418 a
2481 4350 2629 4416 Deo
2685 4350 3155 4435 castigationes
3219 4350 3644 4427 admittendi,
3710 4360 3778 4415 et
3841 4349 3925 4416 ad
3991 4351 4330 4417 meliorem

2374 4439 2633 4521 frugem
2700 4457 2850 4503 cum
2919 4435 3092 4501 seria
3155 4437 3556 4520 poenitentia
3620 4435 4027 4515 revertendi,
4107 4434 4332 4502 Saulis

2376 4520 2750 4606 superbiam
2808 4531 2877 4587 et
2933 4524 3290 4586 amentiam
3355 4521 3773 4598 detestemur,
3832 4541 4028 4604 quem
4072 4532 4332 4588 certum

2373 4618 2476 4674 est
2516 4607 2998 4690 turpitudinem
3042 4627 3232 4672 suam
3275 4606 3601 4672 occultare
3671 4607 3995 4683 voluisse,
4070 4627 4328 4689 nempe,

2374 4715 2446 4760 se
2490 4693 2962 4778 Pythonissam
3022 4691 3364 4757 mulierem
3423 4691 3504 4756 de
3552 4701 3799 4758 eventu
3845 4692 3989 4758 inte
4220 4710 4338 4757 se:

2375 4788 2443 4844 et
2498 4780 2751 4862 regiam
2812 4778 3204 4863 dignitatem
3258 4778 3544 4842 retinere
3596 4778 3704 4843 vel
3763 4778 3978 4843 invito
4036 4776 4328 4843 Domino

2373 4863 2695 4930 voluisse:
2741 4863 3170 4930 defectionem
3215 4863 3438 4947 populi
3473 4864 3803 4941 metuisse,
3850 4884 3892 4928 a
3934 4882 4065 4945 quo
4111 4863 4332 4929 deser-

294 4971 542 5018 auram
604 4958 867 5026 nutant,
926 4958 998 5014 et
1053 4951 1286 5031 quovis
1344 4959 1547 5015 vento
1602 4951 1816 5016 instar
1873 4950 2271 5015 arundinum
2376 4959 2487 5015 tus
2524 4947 2767 5032 praeda
2790 4949 3080 5014 hostium
3102 4950 3311 5013 fieret.
3355 4948 3636 5031 Regiam
3680 4949 3904 5032 itaque
3938 4948 4332 5032 dignitatem

293 5038 689 5121 agitantur:
749 5033 1033 5127 denique
1088 5044 1337 5100 temere
1395 5034 1528 5100 huc
1568 5034 1729 5101 illuc
1770 5035 2097 5114 feruntur,
2156 5056 2274 5100 ne·
2377 5036 2685 5108 retinere,
2742 5055 2939 5117 quam
2983 5033 3131 5098 Deo
3186 5034 3462 5118 gloriam
3521 5032 3679 5100 dare
3730 5034 4006 5101 mavult.
4090 5033 4334 5100 Nonne

292 5142 435 5207 que
457 5121 588 5187 Dei
612 5121 956 5205 promissis
995 5119 1194 5203 plane
1228 5120 1783 5203 conquiescentes,
1818 5141 2034 5204 neque
2072 5121 2275 5188 minis
2376 5140 2539 5188 vero
2595 5121 3036 5204 praestitisset
3091 5138 3244 5185 eum
3298 5119 3513 5186 solnm
3565 5122 3736 5187 mori
3753 5173 3771 5203 ,
3829 5139 4029 5204 quam
4085 5118 4334 5203 populo
