5059 6059
389 343 514 409 733
1664 344 1763 411 IN
1806 345 1863 410 Ι.
1907 344 2088 411 LIB.
2135 344 2540 412 SAMUEL.
2587 344 2788 411 CAP.
2824 345 3094 412 XXXI.
4267 346 4394 410 734

386 542 502 599 aut
543 532 613 597 in
656 529 1182 613 desperationem
1226 532 1583 612 veniamus,
1641 542 1716 599 ut
1772 534 2027 599 nullum
2068 532 2333 599 divinae
2394 531 2583 603 ‚haec
2627 534 2934 615 iniquitas
2976 534 3147 600 vobis
3189 534 3378 600 donec
3418 533 3810 599 moriamini.
3856 533 4123 614 Quibus
4167 531 4387 598 verbis

382 616 868 684 misericordiae
903 635 1172 682 sensum
1208 617 1586 701 habeamus,
1645 619 1762 685 sed
1813 620 2030 702 potius
2081 618 2331 703 suppli·
2438 618 2705 683 Domini
2753 618 3078 697 docemur,
3137 619 3401 702 signum
3444 639 3588 685 esse
3631 617 4130 702 reprobationis,
4187 638 4390 700 quum

385 723 494 770 ces
538 702 823 798 veniam·
844 699 1273 784 deprecemur
1316 710 1385 767 et
1425 724 1781 786 speremus.
1829 705 1943 771 Sic
1988 705 2095 770 isti
2141 703 2333 770 Iabes
2436 723 2514 769 eo
2560 724 2763 787 usque
2803 705 3088 787 stuporis
3110 704 3513 782 devenimus,
3555 711 3631 769 ut
3654 725 3783 769 non
3819 704 4146 788 possimus
4168 721 4389 767 coram

386 787 639 856 incolae
698 787 829 853 Dei
886 786 1134 854 iustum
1191 787 1501 853 iudicium
1547 790 1909 858 sentientes
1974 789 2331 856 adversum
2437 790 2581 854 Deo
2627 810 2748 854 nos
2791 787 3085 871 deiicere,
3143 799 3209 855 et
3250 797 3432 854 metu
3476 788 3862 855 iudiciorum
3921 789 4132 871 ipsius
4178 788 4389 853 territi

385 895 577 942 suum
603 873 920 958 populum
954 873 1396 958 profligatum
1442 882 1511 939 et
1553 875 1853 958 luporum
1901 874 2196 943 faucibus
2240 876 2333 939 la·
2435 873 2520 939 ad
2566 874 2775 956 ipsius
2810 875 3326 941 misericordiam
3357 874 3726 959 confugere.
3774 874 4220 956 Quamobrem
4258 872 4389 938 dis-

385 961 644 1026 niatum
686 959 898 1025 instar
939 958 1163 1025 ovium
1206 958 1590 1042 palantium,
1632 961 1717 1026 ad
1761 962 1980 1028 Deum
2023 959 2332 1044 confuge·
2437 980 2666 1026 camus
2687 960 3149 1026 afflictionibus
3171 968 3240 1026 et
3261 959 3738 1026 calamitatibus
3767 960 4247 1044 ingruentibus,
4272 979 4391 1023 nos

387 1051 563 1123 runt,
609 1044 985 1128 ieiunioque
1027 1064 1253 1127 preces
1291 1044 1768 1112 adiunxerunt:
1815 1045 1986 1130 quod
2033 1046 2157 1111 fuit
2200 1046 2343 1111 sin-
2438 1045 2521 1112 ad
2584 1047 3055 1127 poenitentiam
3116 1047 3375 1124 vocari,
3456 1066 3592 1112 non
3645 1046 3910 1127 quidem
3967 1046 4038 1109 in
4095 1044 4391 1110 externis

385 1130 614 1216 gulare
658 1128 1107 1196 testimonium
1151 1128 1360 1196 divini
1420 1150 1578 1215 erga
1620 1131 1794 1214 ipsos
1836 1131 2097 1210 favoris,
2157 1130 2341 1213 quod
2437 1130 2569 1196 illis
2614 1131 2871 1212 ritibus,
2923 1140 3085 1214 puta
3142 1150 3327 1198 sacco
3371 1130 3479 1197 vel
3541 1130 3757 1196 cinere
3815 1139 3933 1196 aut
3989 1130 4233 1195 ieiunio
4275 1150 4391 1213 po-

386 1236 519 1281 non
542 1214 1026 1298 obstupuerunt
1045 1214 1117 1279 in
1142 1215 1459 1297 adversis,
1495 1237 1710 1299 neque
1733 1217 2184 1302 desperarunt,
2218 1215 2335 1282 sed
2438 1217 2654 1294 sitam,
2713 1216 2828 1282 sed
2888 1218 2960 1281 in
3010 1237 3174 1283 vera
3232 1216 3606 1282 humilitate
3657 1226 3725 1281 et
3781 1223 4198 1299 peccatorum
4252 1234 4387 1280 non

384 1322 539 1369 cum
582 1299 826 1366 ieiunio
861 1300 1124 1365 veniam
1171 1299 1500 1384 deprecati
1545 1314 1731 1368 sunt:
1780 1313 1845 1369 et
1889 1304 2057 1369 bene
2101 1303 2170 1367 in
2217 1322 2333 1385 po·
2438 1301 2750 1368 simulata
2792 1301 3221 1380 confessione,
3266 1312 3335 1367 et
3369 1301 3454 1367 ab
3488 1322 3569 1368 ea
3602 1301 4015 1385 aegritudine
4053 1321 4220 1384 quae
4252 1321 4388 1365 non

383 1396 633 1453 storum
678 1392 1047 1469 sperarunt.
1133 1386 1330 1454 Hanc
1372 1387 1454 1454 ob
1494 1408 1757 1454 causam
1803 1388 2099 1474 graviter
2140 1387 2336 1453 irasci
2438 1407 2478 1451 a
2521 1386 2667 1453 Deo
2712 1396 2942 1453 avocet
2984 1387 3454 1470 desperatione,
3500 1386 3616 1453 sed
3698 1406 3823 1452 uae
3856 1407 4011 1454 cum
4058 1386 4188 1451 fide
4232 1405 4389 1450 con·

383 1470 603 1536 Deum
660 1492 780 1555 per
836 1471 1226 1555 prophetam
1286 1472 1527 1556 populo
1578 1473 1910 1553 videmus,
1983 1472 2157 1556 quod
2215 1493 2335 1556 pro
2438 1472 2681 1551 iuncta,
2727 1493 2850 1538 nos
2894 1473 2976 1538 ad
3020 1472 3241 1556 ipsum
3285 1473 3558 1557 propius
3604 1493 3641 1537 a
3688 1469 3904 1552 ducat,
3949 1492 4034 1536 ne
4073 1473 4145 1535 in
4182 1469 4386 1535 rebel·

382 1558 543 1622 fletu
601 1565 670 1623 et
723 1556 1038 1640 lacrymis
1101 1556 1187 1621 ad
1249 1556 1378 1622 Dei
1459 1555 1772 1625 iudicium
1841 1560 2334 1634 indurarentur,
2437 1557 2683 1623 lionem
2725 1558 2908 1622 illam
2931 1558 3313 1638 incidamus,
3361 1578 3544 1642 quae,
3589 1565 3667 1622 ut
3687 1565 3841 1623 ante
3862 1556 4170 1635 diximus,
4216 1577 4388 1620 nun·

380 1663 585 1724 quum
627 1642 742 1722 ait,
800 1643 1039 1707 vocavit
1078 1642 1400 1708 Dominus
1452 1642 1635 1709 Deus
1692 1647 2078 1712 excercituum
2119 1644 2193 1708 in
2233 1644 2338 1709 die
2440 1663 2636 1726 quam
2681 1643 3060 1709 remittitur.

379 1727 503 1795 {aa
562 1729 649 1794 aa
699 1727 913 1808 fletum
973 1732 1029 1792 et
1083 1729 1170 1794 ad
1217 1727 1563 1810 planetum,
1623 1730 1710 1795 ad
1762 1731 2093 1808 calvitiem,
2152 1733 2209 1794 et
2252 1729 2339 1794 ad
2610 1729 2754 1793 Iam
2801 1750 2962 1794 vero
3008 1729 3185 1813 agite
3228 1733 3332 1794 etc.

380 1811 706 1896 cinyulwn
726 1812 914 1893 sacci,
958 1817 1015 1878 et
1034 1832 1160 1878 ecce
1177 1814 1486 1896 qaudium
1506 1819 1560 1879 et
1588 1813 1850 1882 laetitia.
1896 1815 1974 1884 Si
1993 1814 2340 1884 dimittetur
