5059 6059
883 285 974 354 79

896 474 1069 541 circo
1090 484 1311 538 monet
1345 470 1697 556 apostolus,
1741 491 1824 536 ne
1862 467 2089 535 demus
2123 468 2335 535 locum
2375 469 2547 536 irae:
2593 468 2830 535 docens

899 560 998 625 ita
1052 557 1353 644 impediri
1407 557 1537 624 Dei
1581 577 1744 642 opus
1790 565 2110 640 quantum
2153 555 2224 619 in
2270 555 2457 622 nobis
2500 563 2617 632 est,
2663 552 2833 638 quod

899 644 1106 729 ipsius
1148 643 1430 710 officium
1477 661 1885 725 usurpemus.
1955 639 2130 723 Quid
2167 641 2262 705 ita
2299 639 2501 706 vero?
2549 639 2831 706 Causam

896 731 1039 814 ipse
1081 729 1265 795 Deus
1309 729 1436 795 alio
1481 730 1642 805 locu,
1690 748 1925 878 netiifflpe
1969 727 2037 791 in
2082 726 2355 792 Cantico
2380 727 2587 792 Mosis
2703 734 2831 791 eut.

895 814 1016 903 32)
1057 816 1288 899 aperit,
1334 814 1438 881 his
1482 814 1732 881 verbis:
1866 833 1943 877 ea
1998 820 2098 876 est
2140 812 2304 878 ultio
2348 824 2414 877 et
2455 814 2616 877 retri
2664 811 2833 877 utio:

898 902 921 965 l
1007 921 1169 967 uens
1213 898 1293 967 de
1336 900 1555 984 populi
1600 900 1700 965 sui
1747 896 2135 964 defensione.
2200 898 2344 963 Deo
2379 898 2599 982 itaque
2641 916 2833 962 suum

897 922 1089 1053 notans
1134 986 1459 1052 auxilium
1500 985 1943 1071 promittente,
1993 992 2060 1048 et
2093 983 2307 1050 illatas
2343 982 2526 1049 nobis
2561 983 2834 1049 iniurias

897 1072 1144 1157 ulcisci,
1213 1081 1279 1138 et
1343 1080 1656 1156 tanquam
1721 1070 1940 1154 clypeo
2006 1078 2226 1154 tegere
2290 1069 2567 1146 volente,
2631 1089 2835 1153 quare

897 1157 1106 1243 ipsius
1149 1178 1314 1243 opus
1355 1154 1960 1242 praeverteremus?
2003 1175 2205 1239 quare
2239 1153 2577 1221 iracundia
2609 1165 2834 1220 nostra

899 1243 1287 1329 praecipites
1311 1244 1379 1308 in
1414 1242 1728 1308 ultionem
1768 1251 2052 1307 nostram
2089 1239 2450 1306 fei-remur?
2494 1240 2637 1307 Nae
2658 1239 2831 1305 istud

899 1338 1007 1395 est
1046 1329 1286 1394 ostium
1330 1328 1476 1393 Deo
1534 1326 1854 1405 claudere,
1913 1335 1978 1391 et
2032 1326 2241 1409 ipsius
2297 1324 2585 1392 officium
2643 1346 2832 1391 usur-

901 1436 1092 1500 pare:
1137 1425 1201 1479 et
1245 1413 1555 1480 divinam·
1579 1412 2064 1495 protectionem,
2109 1410 2303 1496 longe
2347 1411 2647 1478 omnibus
2683 1412 2832 1477 sub-

906 1499 1202 1584 terfugiis
1246 1509 1314 1565 et
1368 1498 1893 1566 excusationibus
1950 1498 2444 1581 praeferendam
2488 1497 2831 1583 repudiare

900 1593 977 1652 et
1017 1586 1302 1652 reiicere.
1390 1584 1540 1651 Non
1599 1584 1788 1649 aliter
1845 1604 2039 1667 quam
2082 1584 2139 1649 si
2184 1582 2331 1667 quis
2374 1590 2686 1666 occupata
2729 1583 2828 1649 iu-

907 1670 1069 1738 dicis
1124 1670 1276 1737 sede
1332 1678 1712 1754 quereretur
1777 1669 1857 1735 de
1911 1666 2081 1734 facta
2144 1668 2268 1735 sibi
2333 1668 2593 1747 iniuria,
2660 1665 2830 1752 quod

898 1777 1051 1823 eum
1108 1757 1342 1822 merito
1399 1777 1627 1822 omnes
1690 1754 2045 1839 explodaut
2110 1763 2177 1819 et
2242 1754 2609 1820 exsibilent.
2713 1753 2828 1821 Sic

899 1862 1058 1909 sane
1102 1842 1273 1927 apud
1323 1843 1540 1908 Deum
1584 1837 1665 1906 de
1706 1841 1901 1906 illatis
1945 1839 2130 1905 nobis
2171 1839 2425 1905 iniuriis
2469 1839 2653 1924 queri
2697 1860 2829 1904 me-

897 1929 1026 1994 rito
1069 1949 1200 1993 non
1242 1948 1603 2011 possumus,
1659 1927 1788 1993 nisi
1844 1924 2169 2010 patienter
2218 1923 2476 1991 easdem
2521 1926 2825 2004 feramus,

893 2020 969 2080 et
1022 2013 1260 2099 spiritu
1321 2011 1841 2079 mansuetudinis
1900 2011 2316 2091 retineamur,
2383 2032 2465 2076 ue
2529 2011 2600 2074 in
2658 2011 2824 2076 iram

891 2098 1421 2165 effervescamus.
1512 2098 1687 2164 Hinc
1752 2097 1972 2181 itaque
2029 2096 2188 2162 satis
2245 2105 2343 2162 est
2384 2096 2822 2179 conspicuum,

893 2204 1101 2269 qnare
1144 2185 1308 2250 ultio
1348 2184 1606 2267 privata
1643 2181 2079 2267 prohibeatur,
2125 2189 2303 2265 puta,
2339 2203 2422 2247 ne
2444 2182 2570 2249 Dei
2606 2191 2845 2266 partes·

897 2271 1419 2371 praeveniamus,
1461 2277 1528 2333 et
1571 2268 1778 2352 ipsius
1819 2267 2103 2333 officium
2149 2275 2375 2333 nostra
2416 2267 2824 2352 impatientia

895 2356 1347 2438 impediamus.
1413 2352 1955 2438 Quandoquidem
1990 2355 2165 2420 enim
2201 2352 2342 2454 ipse
2377 2374 2496 2419 nos
2530 2354 2600 2420 in
2634 2375 2821 2420 suam

893 2441 1174 2507 tutelam
1219 2441 1474 2523 recepit,
1531 2439 1746 2505 illatas
1807 2439 1990 2505 nobis
2039 2438 2313 2505 iniurias
2372 2437 2520 2505 vult
2567 2438 2818 2506 ulcisci:

899 2547 1022 2592 nos
1079 2534 1298 2592 autem
1352 2524 1432 2590 ab
1487 2525 1665 2591 omni
1725 2523 1971 2589 ultione
2021 2524 2366 2603 abstinere,
2422 2524 2592 2607 quod
2649 2526 2824 2591 norit

896 2631 1095 2696 quam
1155 2621 1416 2679 nostrae
1473 2610 1806 2693 passiones
1866 2610 2182 2676 violentae
2224 2610 2361 2676 sint
2399 2617 2467 2677 et
2509 2608 2820 2676 immode-

897 2707 1114 2763 ratae:
1182 2695 1419 2781 quibus
1477 2717 1596 2762 uos
1655 2702 1909 2780 oportet
1962 2696 2135 2775 exui,
2195 2703 2266 2761 et
2315 2696 2638 2779 patienter
2694 2696 2821 2763 Dei

891 2782 1255 2849 vindictam
1298 2789 1691 2865 exspectare,
1748 2803 1831 2848 ne
1891 2789 2113 2848 nostra
2167 2781 2579 2865 impatientia
2634 2803 2818 2866 prae·

891 2868 1208 2934 iudicium
1264 2866 1390 2950 ipsi
1447 2866 1833 2933 adferamus.
1921 2866 2171 2933 Verum
2233 2868 2564 2934 enimvero
2621 2888 2818 2951 quae-

897 2954 1047 3020 dam
1092 2953 1379 3019 ultiones
1432 2975 1562 3018 non
1621 2954 1812 3019 modo
1867 2954 2218 3038 permissae
2279 2962 2344 3018 et
2387 2952 2602 3019 licitae
2644 2960 2822 3034 sunt,

891 3040 1007 3106 sed
1069 3039 1264 3104 etiam
1321 3038 1687 3105 mandatae.
1776 3038 2083 3122 Exempli
2141 3038 2372 3122 gratia.
2461 3036 2535 3103 Si
2581 3038 2820 3122 magis·

895 3134 1111 3192 tratus
1132 3124 1365 3208 aliquis
1398 3124 1687 3190 iustitias
1722 3122 1938 3208 gladio
1974 3135 2281 3200 armatus,
2330 3121 2432 3189 vel
2477 3122 2818 3203 latronem,

894 3211 1002 3277 vel
1068 3210 1295 3288 furem,
1365 3209 1471 3275 vel
1540 3210 1968 3275 facinorosum
2033 3207 2382 3291 quemlibet
2444 3207 2527 3275 ad
2604 3210 2821 3275 furcas

893 3296 1132 3377 trabat,
1175 3296 1466 3381 legitima
1502 3304 1567 3360 et
1601 3295 1768 3360 bona
1802 3295 1916 3359 illa
1951 3305 2049 3358 est
2092 3293 2271 3374 ultio,
2315 3294 2442 3360 Dei
2497 3295 2822 3361 voluntati

893 3381 1078 3448 nullo
1140 3378 1330 3448 modo
1390 3381 1736 3446 contraria.
1825 3380 1999 3445 Nam
2056 3387 2299 3459 contra,
2353 3387 2428 3445 ut
2483 3381 2576 3445 ait
2633 3379 2820 3447 Salo·

898 3488 1069 3547 mon,
1111 3468 1168 3533 si
1212 3467 1630 3552 magistratus
1664 3466 1746 3531 ab
1783 3464 1896 3531 illa
1930 3465 2175 3530 ultione
2212 3486 2405 3549 quam
2429 3466 2612 3532 Deus
2633 3486 2820 3549 prae·

895 3552 1057 3635 cipit
1099 3552 1478 3624 abstineret,
1523 3550 1594 3615 in
1617 3550 1834 3616 Deum
1870 3551 2161 3636 graviter
2195 3559 2491 3634 peccaret
2534 3551 2825 3617 rebellio-

902 3637 1003 3703 nis
1030 3656 1211 3703 reus:
1255 3635 1367 3703 sed
1403 3638 1517 3701 illa
1552 3635 1736 3717 ultio,
1773 3635 1960 3703 modo
1995 3637 2080 3701 sit
2115 3645 2471 3720 temperata
2507 3645 2575 3702 et
2610 3638 2825 3721 aequi-

901 3731 1036 3786 tate
1059 3722 1326 3802 nitatur,
1370 3721 1496 3788 Dei
1541 3732 1642 3788 est
1697 3742 1831 3789 non
1884 3721 2252 3787 hominum:
2311 3730 2488 3807 puta,
2545 3725 2599 3788 si
2654 3724 2821 3789 serio

900 3806 1137 3872 affectu
1180 3808 1250 3873 in
1275 3806 1403 3873 Dei
1447 3809 1702 3875 cultum
1749 3807 1997 3874 feratur
2038 3808 2479 3891 magistratus,
2520 3819 2587 3873 et
2628 3829 2819 3874 suum

893 3892 1180 3958 officium
1221 3893 1432 3959 facere
1476 3893 1750 3973 studeat,
1798 3892 1979 3959 nulla
2022 3894 2276 3976 privata
2318 3892 2559 3958 iniuria
2602 3892 2683 3958 ad
2728 3903 2825 3958 ta-

895 3977 1025 4042 lem
1070 3976 1404 4057 ultionem,
1449 3978 1561 4043 sed
1605 3980 1740 4044 solo
1775 3979 1907 4044 Dei
1947 3978 2250 4044 mandato
2296 3977 2628 4062 impulsus,
2671 4000 2821 4045 son-

899 4071 998 4130 tes
1042 4063 1132 4128 ita
1171 4063 1395 4147 puniri
1438 4062 1740 4130 iubentis.
1804 4065 1911 4130 Ex
1945 4064 2088 4131 istis
2123 4064 2323 4148 igitur
2355 4064 2515 4130 satis
2551 4074 2822 4149 apparet

895 4148 1175 4233 privatis
1253 4147 1611 4215 ultionibus
1690 4149 1942 4216 nullum
2029 4150 2307 4233 amplius
2382 4148 2601 4215 locum
2679 4150 2821 4216 dari

898 4241 1215 4317 oportere,
1260 4233 1432 4319 quod
1459 4234 1583 4299 Dei
1627 4235 1948 4302 maiestati
1993 4234 2358 4313 detrahant,
2401 4242 2469 4301 et
2510 4235 2580 4301 in
2616 4236 2638 4302 i
2685 4237 2821 4303 sius

894 4319 1406 4386 iurisdictionem
1448 4319 1757 4386 involent.
1828 4318 1962 4387 Sed
1999 4320 2226 4387 divina
2269 4320 2430 4386 ultio
2454 4320 2648 4386 lauda
2692 4321 2820 4404 ilis,

892 4426 1097 4490 quum
1155 4426 1218 4471 m
1309 4405 1324 4419 ⁶
1363 4413 1577 4471 tratus
1636 4404 1885 4472 nullam
1956 4406 2363 4490 privatarum
2428 4406 2818 4472 iniuriarum

896 4492 1210 4558 rationem
1319 4489 1538 4572 abens,
1598 4493 1666 4555 in
1725 4492 1936 4557 solum
1995 4492 2115 4557 Dei
2176 4490 2558 4558 mandatum
2615 4493 2822 4559 fertur

896 4576 1114 4643 studio
1156 4576 1371 4644 cultus
1412 4576 1637 4661 ipsius.

1068 4660 1431 4730 Veniamus
1473 4663 1605 4728 iam
1648 4661 1729 4727 ad
1773 4663 2135 4746 praesentis
2181 4662 2489 4728 historiae
2534 4663 2817 4747 explica·

896 4748 1165 4815 tionem:
1203 4747 1386 4815 Deus
1407 4747 1805 4814 Amalecitas
1849 4747 2141 4813 funditus
2186 4746 2385 4813 deleri
2430 4748 2628 4815 iubet.
2700 4751 2818 4815 At-

939 4834 1011 4897 ui
1072 4833 1196 4901 bac
1260 4834 1510 4899 ratione
1575 4832 1854 4919 populus
1922 4853 2072 4899 suas
2129 4833 2401 4899 iniurias
2466 4834 2817 4903 ulciscitur.

897 4853 1033 4984 ged
1080 4940 1204 4985 non
1250 4927 1349 4985 est
1392 4920 1517 4985 ista
1572 4920 1833 5005 privata
1876 4917 2056 4998 ultio,
2111 4918 2630 5004 quandoquidem
2688 4942 2816 4986 non

902 5012 1078 5070 motu
1131 5005 1391 5089 proprio
1450 5013 1567 5071 aut
1619 5005 1917 5089 passione
1976 5003 2472 5086 vehementiore,
2534 5003 2648 5071 sed
2693 5006 2818 5073 Dei

898 5088 1202 5157 mandato
1245 5092 1453 5156 fertur
1508 5091 1788 5176 populus
1846 5089 1926 5156 ad
1984 5089 2154 5155 hanc
2210 5089 2563 5157 ultionem:
2618 5113 2818 5176 quare

898 5193 1107 5260 neque
1160 5177 1445 5243 humana
1503 5198 1711 5262 neque
1767 5177 2024 5260 privata
2081 5175 2202 5241 fuit
2256 5175 2416 5242 haec
2458 5174 2639 5243 ultio.
2728 5178 2819 5244 Et

2595 277 3005 347 HOMILIA
3050 278 3168 344 LI.
4711 284 4771 349 80

2935 465 3123 532 Deus
3168 488 3297 535 non
3359 466 3609 533 laxavit
3665 467 3952 534 habenas
4006 468 4244 553 populo
4297 476 4374 533 ut
4429 470 4703 538 crudelius
4730 485 4776 541 et

2936 551 3294 619 immanius
3336 554 3623 619 saeviret
3663 554 3733 620 in
3778 552 4017 635 hostes,
4082 567 4149 619 et
4208 554 4452 620 malum
4494 556 4639 622 malo
4671 579 4778 642 pen-

2936 648 3143 703 saret:
3197 638 3312 705 sed
3360 650 3577 705 tamen
3622 639 3793 706 hanc
3846 638 3945 704 illi
3990 638 4337 706 vindictam
4396 644 4693 721 commisit,
4731 657 4781 711 ut

2935 724 3144 791 cuivis
3210 733 3522 809 appareat
3564 745 3758 808 quam
3803 725 4109 792 ecclesiae
4172 726 4354 791 salus
4399 728 4485 792 sit
4537 728 4641 811 ipsi
4679 750 4783 796 cm

2936 819 3003 875 et
3046 811 3354 893 pretiosa.
3418 809 3639 893 Quare
3684 832 3814 876 non
3859 810 4053 876 debet
4098 812 4279 877 nobis
4323 811 4599 878 insolens
4633 816 4784 883 videri

2936 893 3099 962 baec
3139 897 3269 962 Dei
3328 898 3653 964 sententia
3709 896 3790 961 de
3833 896 4211 963 Amalecitis
4268 896 4601 980 perdendis
4632 910 4688 965 et
4717 902 4784 967 in-

2942 983 3314 1048 ternecione
3360 1003 3491 1047 una
3533 980 3843 1049 delendis.
3908 981 4042 1049 Sed
4085 982 4210 1047 alia
4252 982 4358 1048 hic
4393 985 4592 1050 oritur
4624 1006 4786 1069 quaes·

2936 1066 3046 1146 tio,
3156 1067 3428 1134 uomodo
3471 1067 3651 1134 Deus
3695 1076 3844 1153 post
3884 1075 4018 1133 tam
4061 1066 4329 1152 longum
4388 1072 4673 1153 temporis
4718 1075 4784 1137 in·

2935 1160 3121 1218 terva
3146 1154 3282 1220 lum
3327 1153 3724 1219 Amalecitas
3781 1173 3912 1219 una
3967 1154 4427 1234 internecione,
4484 1163 4549 1222 et
4585 1157 4786 1239 quiden

2932 1238 3107 1321 ipsas
3154 1240 3461 1304 mulieres
3503 1260 3651 1306 cum
3696 1237 4059 1304 infantibus
4103 1238 4303 1304 deleri
4361 1239 4594 1307 iubeat.
4666 1243 4787 1310 Nm

2932 1327 3216 1407 primum
3262 1324 3481 1390 nullus
3523 1323 3678 1390 dum
3723 1345 3949 1391 eorum
3992 1325 4100 1408 qui
4145 1335 4283 1390 tum
4320 1327 4618 1392 vivebant
4646 1339 4787 1396 ustus

2931 1418 3091 1489 erat,
3136 1432 3338 1494 quum
3381 1412 3452 1475 in
3495 1409 3731 1475 itinere
3773 1409 4055 1495 populus
4093 1410 4496 1478 Israeliticus
4538 1413 4788 1497 impetum

2931 1494 3190 1561 illorum
3253 1497 3597 1562 sustinuit:
3654 1495 3767 1563 sed
3827 1505 4056 1562 contra
4114 1496 4227 1580 qui
4285 1496 4592 1563 adversus
4630 1497 4789 1565 Deum

2932 1590 2997 1646 et
3055 1580 3394 1648 ecclesiam
3453 1582 3659 1666 ipsius
3718 1583 3862 1647 ausi
3920 1591 4057 1647 tum
4102 1584 4422 1665 impetum
4468 1584 4666 1651 facere
4697 1586 4793 1650 fue-

2930 1675 3100 1743 rant,
3145 1668 3383 1752 partim
3430 1668 3888 1748 occubuerant,
3928 1666 4167 1752 partim
4214 1668 4370 1753 fuga
4414 1668 4537 1735 sibi
4576 1671 4793 1736 salutem

2930 1756 3413 1835 quaesiverant.
3501 1754 3591 1820 Et
3633 1751 3943 1838 quidquid
3987 1754 4075 1818 sit
4126 1755 4619 1838 conspirationis
4656 1758 4795 1823 istim

2929 1846 3190 1905 autores
3246 1839 3463 1922 puniri
3517 1838 3798 1989 amplius
3857 1860 3988 1904 non
4053 1847 4390 1923 poterant:
4455 1862 4532 1908 ac
4580 1842 4793 1926 proinde

2927 1924 3057 1989 iam
3102 1923 3547 1991 internecione
3648 1925 3803 1990 eleri
3860 1923 4169 1990 iubentur
4212 1926 4322 2010 qui
4384 1925 4659 1992 nondum
4693 1939 4790 1994 tum

2929 2009 3239 2093 temporis
3281 2009 3354 2075 in
3409 2008 3581 2076 vivis
3637 2016 3843 2076 erant.
3930 2010 4066 2078 Sed
4123 2010 4275 2094 quid
4331 2010 4414 2077 de
4470 2013 4791 2080 mulieribus

2927 2094 3232 2173 dicemus,
3301 2095 3533 2179 quibus
3597 2095 3978 2180 plerumque
4041 2098 4111 2162 in
4176 2097 4345 2163 bello
4413 2099 4591 2180 parci
4647 2098 4793 2166 solet:

2925 2180 3081 2331 guid
3128 2179 3209 2247 de
3252 2181 3617 2247 infantibus
3661 2181 3872 2248 adhuc
3916 2203 3955 2247 a
3997 2191 4282 2248 matrum
4339 2182 4644 2251 uberibus
4679 2206 4792 2268 pen·

2969 2265 3270 2332 entibus?
3316 2267 3489 2332 Nam
3531 2267 3912 2332 nominatim
3948 2288 4186 2352 pueros
4222 2269 4541 2336 lactantes
4574 2271 4793 2336 interfiu‘

2923 2352 3146 2419 iubere
3188 2351 3310 2418 hoc
3367 2353 3506 2420 loco
3550 2352 3902 2419 Dominum
3962 2352 4278 2420 videmus.
4371 2353 4550 2422 Saue
4600 2356 4794 2421 nullum

2926 2437 3033 2503 hic
3089 2439 3297 2506 teneri
3355 2437 3616 2504 modum
3673 2440 3839 2504 forte
3892 2440 4035 2523 quis
4093 2440 4353 2520 dixerit,
4419 2451 4489 2506 et
4532 2461 4794 2506 summm

2924 2523 3119 2590 istam
3164 2545 3304 2590 esse
3350 2524 3801 2591 crudelitatem
3845 2533 3911 2590 et
3953 2525 4309 2591 inauditam
4355 2527 4796 2593 immanitatem.

2928 2607 3061 2677 Sed
3104 2619 3286 2676 tanto
3331 2611 3541 2696 magis
3587 2610 3709 2678 bac
3750 2611 3822 2675 iu
3865 2620 4051 2695 parte
4093 2610 4280 2678 nobis
4320 2613 4678 2679 cavendum
4715 2623 4794 2688 est,

2924 2705 2992 2761 et
3036 2704 3295 2763 nostrae
3338 2695 3699 2763 curiositati
3740 2694 4033 2764 habenae
4065 2697 4470 2775 iniiciendae,
4515 2720 4599 2764 ne
4628 2699 4689 2764 in
4709 2698 4795 2764 Dei

2923 2780 3163 2848 iudicia
3204 2782 3518 2848 curiosius
3560 2781 3983 2865 inquiramus.
4068 2782 4239 2849 Nam
4284 2803 4451 2866 quae
4496 2796 4675 2863 esset,
4720 2783 4794 2848 ob-

2924 2886 3124 2948 secro,
3182 2865 3527 2947 dementia,
3587 2867 3715 2933 Dei
3774 2867 4016 2934 iudicia
4071 2877 4138 2934 et
4193 2868 4366 2936 facta
4410 2879 4667 2935 nostrae
4700 2869 4795 2954 opi·

2923 2951 3107 3018 nioni
3148 2963 3215 3017 et
3256 2952 3706 3037 imaginationi
3749 2951 4082 3031 subiicere,
4124 2963 4189 3019 et
4232 2954 4312 3019 de
4357 2955 4569 3038 ipsius
4599 2954 4796 3021 iudicii·

2923 3060 3007 3103 ex
3030 3047 3254 3104 nostro
3287 3060 3483 3105 sensu
3523 3040 3691 3105 ferre
3725 3040 4113 3105 sententiam
4130 3039 4163 3103 ⁴?
4208 3039 4349 3105 Nae
4368 3039 4504 3106 Dei
4539 3040 4796 3125 sapientis

2924 3134 3024 3190 est
3080 3122 3534 3190 immutabilis:
3601 3122 4143 3207 quemadmodum
4198 3132 4265 3191 et
4315 3126 4590 3193 immota
4642 3127 4795 3210 ipsius

2923 3210 3187 3290 veritas,
3245 3209 3453 3275 virtus
3507 3217 3575 3275 et
3627 3210 3906 3275 iustitia:
3968 3231 4134 3293 quae
4187 3214 4409 3276 omnia
4468 3222 4623 3278 sunt
4660 3212 4795 3276 nobis

2920 3293 3627 3378 incomprehensibilia:
3662 3296 3805 3379 quis
3848 3317 4002 3379 ergo
4024 3296 4205 3362 furor
4242 3305 4417 3363 esset
4453 3298 4536 3363 ad
4561 3311 4796 3363 nostrum

2923 3389 3184 3464 captum
3230 3389 3295 3444 et
3353 3401 3725 3447 mensuram
3772 3380 3883 3446 illa
3927 3380 4095 3446 velle
4140 3382 4455 3466 exigere?
4547 3383 4796 3450 Profecto

2923 3487 3057 3531 non
3098 3486 3284 3532 secus
3327 3466 3578 3533 faciunt
3619 3464 3987 3532 istiusmodi
4033 3466 4352 3549 homines,
4409 3489 4613 3552 quam
4664 3469 4709 3534 si
4749 3488 4797 3532 σο

2922 3551 3143 3617 lunam
3187 3550 3488 3618 dentibus
3530 3551 3699 3618 velle
3743 3551 4227 3636 apprehendere
4282 3554 4625 3632 iactarent,
4674 3549 4796 3637 quod

2924 3657 3216 3703 summae
3261 3646 3432 3703 esset
3473 3638 3764 3703 insaniae
3800 3638 4264 3704 testimonium.
4333 3637 4641 3721 Quantus
4670 3639 4797 3705 enim

2921 3723 3107 3788 furor
3164 3733 3332 3788 esset
3390 3722 3592 3788 solem
3651 3724 3863 3806 ipsum
3931 3724 4101 3790 velle
4161 3723 4362 3807 pallio
4430 3727 4534 3792 vel
4598 3723 4797 3791 munies

2923 3808 3513 3892 comprehendere?
3599 3807 3803 3892 Atqui
3843 3807 4061 3875 Deum
4120 3812 4257 3877 suis
4301 3810 4607 3878 sensibus
4644 3808 4796 3877 subii-

2922 3894 3185 3973 cientes,
3243 3901 3311 3958 et
3365 3893 3505 3960 eius
3561 3894 3732 3962 facta
3796 3893 3877 3958 ad
3934 3895 4037 3960 sui
4095 3904 4325 3980 captus
4371 3917 4665 3964 normam
4698 3894 4795 3960 exi·

2922 3989 3168 4064 gentes,
3226 4000 3360 4044 non
3413 3978 3587 4045 aliud
3645 3980 3893 4047 faciunt
3947 4000 4145 4063 quam
4200 3982 4256 4048 si
4300 3992 4563 4049 montes
4603 3997 4794 4052 omnm.

2923 4064 3300 4148 coelumque
3320 4085 3394 4133 ac
3417 4073 3659 4131 terram
3693 4066 3901 4149 ipsam
3937 4087 4136 4133 manu
4161 4088 4278 4133 sua
4298 4065 4797 4152 comprehendere

2923 4158 3337 4218 conarentur.
3426 4150 3617 4232 Quod
3662 4151 3719 4218 si
3764 4152 3912 4234 quis
3957 4173 3995 4215 a
4041 4151 4397 4237 grediatur,
4448 4174 4665 4220 annon
4701 4170 4795 4216 me·

2922 4238 3049 4302 rito
3093 4238 3375 4304 furiosus
3418 4247 3485 4303 et
3528 4239 3795 4304 insanus
3838 4238 4005 4304 habe
4048 4238 4229 4304 itur?
4281 4238 4712 4322 Quamobrem
4743 4254 4795 4301 ω

2922 4323 3163 4387 maiore
3207 4321 3424 4388 studio
3481 4323 3882 4403 enitendum,
3940 4331 4015 4388 ut
4070 4326 4246 4401 intra
4299 4325 4656 4392 modestiae
4706 4333 4794 4386 ter·

2924 4408 3135 4473 minos
3179 4408 3660 4475 contineamur:
3707 4418 3782 4475 ut
3826 4430 3973 4474 cum
4021 4409 4201 4474 omni
4243 4411 4599 4478 sobrietate
4638 4419 4697 4476 et
4724 4426 4795 4472 re·

2921 4494 3217 4560 verentia
3272 4495 3395 4559 Dei
3463 4493 3699 4560 iudicia
3755 4515 3922 4577 quae
3976 4493 4168 4579 longe
4228 4507 4534 4563 nostrum
4587 4503 4793 4579 captum

2920 4587 3233 4663 superant
3276 4580 3618 4647 adoremus
3661 4590 3727 4647 et
3770 4600 4178 4646 veneremur.
4245 4580 4504 4647 Verum
4549 4580 4792 4666 quonian

2920 4664 3271 4749 importuni
3314 4664 3571 4749 quidam
3621 4666 3917 4732 homines
3975 4664 4288 4733 diabolica
4342 4668 4625 4752 quadam
4663 4683 4791 4732 arro-

2920 4751 3148 4836 gantia
3189 4749 3501 4817 adversus
3543 4750 3759 4818 Deum
3805 4753 4179 4903 insurgunt}
4233 4760 4303 4819 et
4357 4755 4568 4820 veluti
4604 4765 4793 4819 eornm

2920 4836 3181 4917 tollunt,
3223 4835 3500 4921 agedum
3544 4845 3622 4904 ut
3663 4860 3735 4905 os
3778 4837 3908 4903 illis
3952 4838 4131 4904 occlu
4179 4848 4329 4904 atur
4363 4848 4427 4905 et
4464 4841 4653 4923 plane
4680 4855 4790 4903 con·

2920 4922 3299 5003 tundantur,
3320 4921 3545 4989 divina
3566 4925 3693 4990 ista
3723 4923 3960 4990 iudicia
3995 4945 4077 4988 ex
4113 4917 4394 5009 quadam
4418 4921 4789 4991 similitudino

2919 5006 2998 5072 ab
3043 5007 3411 5074 hominibus
3454 5008 3646 5076 ducta
3690 5009 4149 5095 expendamus.
4197 5009 4272 5077 Si
4316 5011 4464 5095 quis
4508 5017 4789 5077 noceam

2921 5092 3248 5159 hominem
3313 5093 3493 5160 caedi
3537 5105 3757 5161 tamen
3793 5096 3977 5177 nolit,
4022 5115 4230 5180 neque
4265 5097 4347 5162 ad
4383 5109 4649 5162 mortem
4671 5090 4788 5174 rapi·

2921 5177 3173 5246 etiamsi
3198 5200 3236 5245 a
3272 5179 3483 5247 iudice
3517 5181 3602 5247 sit
3635 5181 3898 5266 capitali
3933 5182 4253 5267 supplicio
4290 5182 4603 5262 addictus,
4622 5193 4788 5246 nonno
