5059 6059
877 323 1004 392 72⁷

875 513 1180 593 Domine,
1246 513 1358 598 qui
1422 534 1463 579 a
1526 519 1591 578 te
1655 511 2014 592 recesserit,
2084 511 2194 595 qui
2261 532 2418 579 vera
2476 509 2592 577 lux
2644 530 2717 575 es
2760 519 2828 575 et

880 607 1104 667 nostra
1143 599 1374 685 gloria,
1431 607 1499 665 et
1537 598 1678 665 sola
1720 599 1919 678 salus,
1978 597 2132 682 quid
2177 606 2366 664 extra
2407 605 2476 662 te
2518 595 2826 681 reperiet,

880 686 1009 753 nisi
1068 706 1239 751 vana
1295 696 1362 752 et
1416 685 1642 751 inania
1700 684 1924 751 omnia
1968 704 2133 767 quae
2177 684 2246 749 in
2288 693 2569 748 ventum
2615 689 2682 747 et
2729 682 2828 746 fu·

881 792 1059 837 mum
1106 770 1384 839 abeant?
1458 771 1760 838 Profecto
1822 789 1955 835 non
2009 769 2152 835 sine
2211 769 2396 852 gravi
2451 788 2648 835 causa
2707 765 2827 832 ho-

881 857 1168 923 minibus
1227 858 1354 924 ista
1410 855 1860 923 inculcantur:
1919 855 2183 922 Scimus
2240 855 2418 920 enim
2476 873 2674 937 quam
2720 873 2827 918 so·

881 942 1062 1009 leant
1115 943 1212 1009 illi
1258 943 1393 1009 suis
1439 943 1727 1008 inventis
1770 940 2100 1020 delectari,
2168 959 2492 1024 quamque
2538 938 2825 1021 pertina-

882 1029 1045 1097 citer
1086 1029 1201 1094 illa
1235 1030 1423 1108 tueri,
1466 1029 1590 1094 sibi
1625 1048 1885 1111 semper
1919 1028 2235 1110 optimum
2273 1025 2534 1091 illorum
2572 1024 2826 1090 exitum

880 1116 1233 1200 fingentes:
1296 1113 1454 1181 adeo
1512 1123 1589 1179 ιιι
1646 1114 1702 1179 si
1758 1111 1916 1198 quid
1960 1112 2173 1179 moliri
2213 1112 2565 1195 coeperint,
2632 1128 2823 1175 nemo

880 1201 1057 1285 ipsos
1118 1222 1158 1267 a
1213 1222 1330 1286 pro
1417 1200 1542 1266 sito
1595 1205 1870 1264 avertat.
1959 1196 2135 1279 Quid
2195 1196 2334 1265 ita?
2422 1196 2677 1279 Nempe
2720 1215 2822 1260 re-

881 1285 1202 1371 prehendi
1261 1309 1345 1352 no
1374 1294 1520 1353 unt:
1582 1293 1650 1351 et
1703 1293 1952 1351 tantam
2011 1283 2138 1350 sibi
2194 1284 2581 1366 sapientiam
2639 1300 2823 1345 arro-

970 1381 1062 1450 nt,
1133 1383 1208 1439 ut
1263 1372 1404 1438 sine
1460 1369 1589 1437 Dei
1645 1369 1841 1436 verbo
1929 1368 2041 1435 uid
2085 1368 2510 1454 sequendum,
2583 1366 2821 1450 quidve

882 1392 1267 1545 ffigiendum
1331 1459 1416 1523 sit
1477 1457 1641 1523 scire
1699 1477 1770 1522 se
1830 1392 2250 1520 arbitrentur.
2342 1452 2455 1522 Sic
2511 1453 2819 1519 videmus

884 1542 1260 1610 idololatras
1294 1550 1552 1608 montes
1586 1561 1817 1608 aureos
1853 1540 1976 1606 sibi
2011 1539 2338 1626 polliceri:
2383 1558 2594 1622 neque
2630 1557 2822 1621 posse

882 1629 1240 1695 rationibus
1298 1628 1451 1695 ullis
1510 1629 1678 1694 istuc
1737 1625 1988 1707 adduci,
2048 1636 2120 1690 ut
2172 1646 2291 1691 sua
2347 1627 2613 1690 tandem
2673 1643 2823 1690 con-

881 1715 1030 1783 silia
1094 1724 1161 1781 et
1223 1725 1492 1781 conatus
1557 1733 1802 1793 omnes,
1879 1712 2034 1777 licet
2097 1710 2281 1777 Deus
2344 1711 2672 1794 patienter
2735 1706 2818 1773 ad

881 1810 1145 1885 tempus
1185 1801 1332 1866 illos
1375 1801 1560 1877 ferat,
1608 1798 1828 1865 irritos
1870 1797 2010 1864 fore
2053 1795 2338 1864 credant.
2432 1796 2618 1862 Idem
2664 1813 2818 1877 pro-

881 1886 1049 1952 fanis
1092 1885 1393 1952 omnibus
1437 1884 1687 1964 accidit,
1732 1892 1800 1949 et
1839 1884 1925 1948 iis
1968 1885 2077 1968 qui
2114 1881 2486 1948 felicitatem
2523 1901 2710 1948 suam
2751 1888 2819 1944 et

878 1971 1345 2039 beatitudinem
1390 1972 1460 2037 in
1508 1969 1703 2036 rebus
1748 1969 2030 2035 terrenis
2073 1968 2407 2036 collocant.
2496 1966 2670 2032 Nam
2708 1965 2817 2048 qui

876 2057 1202 2141 voluptati
1262 2065 1327 2123 et
1382 2053 1930 2141 intemperantiae
1987 2053 2188 2119 dediti
2244 2062 2421 2131 sunt,
2490 2052 2603 2136 qui
2658 2070 2818 2117 ava-

880 2145 1036 2210 ritia
1055 2154 1122 2210 et
1142 2144 1305 2209 lucri
1329 2141 1686 2225 cupiditate
1711 2140 2086 2224 trahuntur,
2129 2140 2237 2223 qui
2260 2137 2617 2205 ambitione
2638 2134 2818 2202 labo·

881 2238 1033 2296 rant
1070 2236 1139 2295 et
1159 2228 1435 2314 gratiam
1463 2240 1530 2292 et
1550 2227 1962 2293 autoritatem
1988 2225 2176 2290 malis
2199 2224 2450 2291 artibus
2473 2228 2817 2308 quaerunt,

876 2336 1011 2383 non
1055 2314 1284 2381 sinunt
1320 2314 1441 2380 sibi
1484 2311 1861 2397 persuaderi
1884 2320 2154 2378 conatus
2175 2330 2400 2376 omnes
2422 2330 2574 2375 suos
2600 2308 2817 2374 irritos

880 2421 1042 2479 esse,
1086 2409 1153 2466 et
1238 2420 1309 2466 se
1374 2397 1542 2463 nihil
1609 2398 1738 2464 nisi
1787 2406 2058 2464 ventum
2107 2396 2473 2479 parituros:
2539 2393 2653 2462 sed
2697 2413 2818 2458 sua

881 2485 1136 2552 somnia
1192 2505 1310 2569 pro
1371 2483 1496 2549 diis
1554 2483 1818 2549 habent.
1905 2480 2069 2547 Inde
2128 2483 2202 2546 fit
2241 2488 2315 2546 ut
2357 2480 2415 2545 si
2459 2478 2614 2564 quid
2659 2478 2816 2545 novi

880 2571 1229 2637 commenti
1291 2577 1467 2650 sunt,
1525 2569 1799 2654 gloriam
1844 2567 1989 2633 Deo
2033 2565 2452 2633 detrahentes
2493 2566 2618 2632 sibi
2662 2563 2816 2631 solis

882 2656 1228 2723 ascribant.
1316 2655 1529 2720 Tanto
1587 2656 1804 2739 itaque
1861 2652 2244 2738 diligentius
2302 2651 2462 2718 haec
2518 2650 2817 2718 doctrina

882 2749 981 2808 est
1056 2739 1447 2820 meditanda,
1528 2747 1597 2805 et
1675 2759 1867 2824 quam
1952 2739 2313 2805 necessaria
2376 2735 2814 2821 cogitandum,

881 2837 1126 2912 quanto
1184 2825 1608 2911 procliviores
1668 2825 1749 2891 ad
1794 2845 1940 2890 eam
1985 2822 2528 2890 contemnendam
2574 2833 2814 2889 natura

880 2921 1036 2980 sunt
1093 2912 1409 2992 homines,
1467 2932 1700 2995 nempe
1756 2930 1865 2976 eos
1918 2909 2030 2993 qui
2074 2931 2115 2975 a
2157 2908 2302 2975 Deo
2346 2909 2689 2989 declinant,
2750 2916 2817 2973 et

879 2997 963 3064 ab
1016 3000 1154 3064 eius
1215 2998 1412 3065 verbo
1471 2997 1802 3076 recedunt,
1849 2994 2012 3063 nihil
2059 2995 2184 3062 nisi
2229 3007 2501 3060 ventum
2550 3015 2816 3078 parere;

880 3092 948 3150 et
987 3084 1315 3151 incassum
1367 3082 1697 3149 laborare:
1758 3094 1824 3147 et
1890 3080 2150 3166 quidem
2199 3079 2451 3147 diabolo
2494 3078 2644 3145 illos
2686 3080 2813 3146 fas·

881 3171 1161 3247 cinante,
1245 3171 1387 3237 sive
1453 3169 1619 3233 alius
1684 3167 1979 3235 carnales
2045 3167 2416 3249 voluptates
2481 3174 2813 3250 sequatur,

882 3255 1020 3322 sive
1077 3256 1247 3322 alius
1303 3254 1766 3339 superstitione
1823 3263 1890 3318 et
1930 3251 2324 3318 idolomania
2369 3250 2814 3334 dementetur3

883 3341 1045 3407 haec
1108 3342 1379 3424 inquam
1447 3339 1669 3406 omnia
1727 3348 1884 3405 sunt
1937 3337 2201 3404 vanitas
2258 3346 2328 3403 et
2385 3336 2818 3402 mendacium.

883 3425 1075 3509 Quod
1153 3438 1221 3493 et
1284 3426 1499 3510 ipsum
1567 3422 1837 3490 Samuel
1902 3422 2189 3507 explicat
2256 3421 2513 3489 disertis
2582 3423 2818 3501 verbis,

879 3532 1081 3594 quum
1118 3513 1227 3591 ait,
1272 3532 1394 3579 non
1416 3510 1766 3592 proderunt
1790 3508 1984 3589 vobis,
2027 3528 2219 3591 neque
2250 3513 2464 3574 erum
2495 3527 2628 3590 voa,
2662 3510 2818 3591 quia

882 3617 1050 3663 vana
1091 3602 1254 3665 sunt.
1342 3597 1475 3663 Hic
1516 3616 1676 3662 vero
1719 3603 1820 3661 est
1864 3592 2342 3661 observandum
2386 3595 2634 3660 multas
2676 3614 2819 3660 esse

890 3684 1199 3750 vanitatis
1233 3692 1299 3748 et
1333 3681 1653 3748 mendacii
1687 3681 1951 3764 species,
1988 3700 2186 3764 quum
2223 3678 2500 3745 dicimus
2537 3679 2818 3763 aliquem

890 3786 929 3832 a
965 3768 1109 3834 Deo
1147 3766 1501 3834 declinasse
1536 3777 1604 3833 et
1638 3767 1822 3833 illum
1862 3765 2173 3832 oblivioni
2208 3764 2571 3832 tradidisse.
2628 3767 2819 3845 Nam,

890 3859 964 3918 ut
1007 3860 1158 3919 ante
1201 3852 1357 3933 dixi,
1401 3853 1510 3919 alii
1554 3852 2126 3938 superstitionibus
2169 3861 2237 3917 et
2279 3850 2647 3917 idololatria
2683 3849 2821 3936 pol-

891 3937 1198 4004 luuntur:
1245 3938 1354 4004 alii
1400 3940 1623 4023 pravis
1667 3939 1803 4005 suis
1847 3935 2313 4021 cupiditatibus
2343 3945 2409 4001 et
2443 3936 2823 4004 libidinibus

892 4022 1180 4090 habenas
1223 4023 1473 4091 laxant.
1563 4023 1695 4091 Sed
1741 4033 1900 4108 quot
1941 4032 2113 4100 sunt,
2162 4021 2441 4101 obsecro,
2503 4023 2823 4106 supersti-

891 4110 1088 4176 tionis
1133 4110 1428 4193 species?
1491 4109 1661 4177 Nam
1720 4109 2082 4176 idololatris
2125 4128 2244 4174 sua
2300 4108 2536 4191 cuique
2592 4129 2821 4192 super-

881 4195 1073 4262 stitio
1139 4204 1208 4261 et
1250 4196 1553 4280 proprius
1596 4195 1811 4262 cultus
1852 4205 1969 4274 est,
2027 4203 2104 4260 ut
2146 4193 2567 4278 labyrinthus
2610 4194 2699 4260 sit
2740 4215 2823 4260 ex

891 4301 1021 4365 quo
1064 4281 1294 4349 nullus,
1332 4280 1524 4349 datur
1566 4282 1801 4360 exitus,
1861 4280 2031 4365 quod
2078 4279 2480 4363 experientia
2523 4287 2824 4346 testatur.

894 4370 987 4433 At
1044 4368 1149 4433 via
1204 4387 1402 4451 quam
1462 4369 1642 4433 Deus
1703 4366 1901 4433 verbo
1958 4385 2076 4434 suo
2134 4374 2455 4431 monstrat
2511 4366 2711 4450 plana
2762 4380 2828 4429 et

891 4453 1193 4536 expedita
1236 4460 1369 4519 est:
1437 4463 1511 4519 ut
1565 4461 1795 4518 contra
1851 4453 1979 4520 huc
2022 4449 2180 4518 illuc
2222 4451 2452 4517 incerti
2499 4459 2827 4537 vagantur

892 4538 1236 4618 increduli,
1303 4546 1368 4603 et
1411 4538 1478 4603 in
1543 4539 1690 4605 avia
1732 4538 2056 4614 feruntur,
2116 4538 2259 4602 sine
2301 4536 2436 4603 ullo
2481 4556 2826 4618 consensu,

893 4637 956 4690 et
1001 4644 1260 4691 summa
1305 4644 1456 4690 cum
1492 4624 1888 4691 confusione.
1976 4626 2067 4691 Et
2109 4622 2280 4707 quod
2317 4623 2510 4706 longe
2546 4623 2830 4690 deterius

893 4720 1012 4791 est,
1093 4729 1354 4777 summa
1409 4709 1872 4777 incertitudine
1946 4710 2211 4776 illorum
2270 4710 2608 4792 opiniones
2666 4710 2829 4776 fluc-

895 4803 1101 4862 tuant.
1190 4795 1361 4862 Nam
1407 4795 1520 4879 qui
1579 4795 1718 4861 suis
1773 4797 2063 4863 inventis
2123 4802 2191 4858 et
2247 4794 2830 4878 imaginationibus

894 4880 1258 4966 indulgent,
1301 4881 1491 4946 modo
1533 4882 1601 4946 in
1650 4880 1843 4967 hanc,
1886 4882 2077 4947 modo
2117 4880 2188 4943 in
2230 4878 2409 4945 illam
2449 4889 2704 4964 partem
2745 4882 2832 4946 fe-

893 4975 1130 5033 runtur
1173 4966 1384 5047 dubii;
1429 4975 1495 5032 et
1536 4965 1728 5032 modo
1769 4967 1893 5034 hac
1928 4965 2239 5051 precandi
2277 4965 2488 5031 Deum
2527 4967 2832 5050 formula,

895 5051 1086 5119 modo
1129 5052 1351 5133 altera,
1396 5052 1453 5118 si
1497 5055 1673 5137 prior
1709 5053 2128 5140 displicuerit,
2174 5059 2479 5117 utuntur:
2525 5052 2832 5118 totidem-

896 5157 1023 5224 que
1100 5137 1223 5204 sibi
1290 5144 1596 5221 patronos
1660 5146 1820 5224 quot
1882 5139 2082 5206 libido
2146 5135 2490 5204 dictaverit
2554 5140 2833 5223 fingunt,

898 5222 1116 5306 qualia
1170 5243 1311 5291 esse
1369 5223 1706 5290 hominum
1766 5226 2035 5311 ingenia
2089 5224 2330 5290 scimus
2391 5224 2723 5292 levissima
2764 5233 2834 5292 et

2505 321 2918 389 HOMILIA
2961 321 3217 389 XLIV.
4693 322 4769 389 728

2930 510 3527 577 inconstantissima
3605 517 3672 575 et
3744 507 3935 576 valde
4001 509 4369 575 temeraria.
4453 506 4654 589 Quare
4696 513 4777 578 uisi

2929 596 3058 662 Dei
3101 595 3299 663 verbo
3343 596 3648 674 nitamur,
3692 604 3941 663 certum
3986 604 4089 661 est
4130 615 4249 661 nos
4292 593 4462 659 nihil
4497 595 4714 661 firmum
4736 610 4779 663 et

2927 689 3166 747 statum
3224 683 3292 747 iu
3338 681 3467 748 Dei
3525 682 3706 748 cultu
3761 681 4130 747 habituros:
4188 679 4364 745 unde
4420 700 4551 745 non
4608 681 4696 747 abs
4730 704 4776 748 re

2928 764 3200 834 Samuel
3254 767 3535 833 Iudaeos
3593 768 3983 834 nominatim
4040 765 4366 846 admonet,
4426 768 4560 832 fore
4600 776 4661 831 ut
4688 769 4729 833 si
4752 789 4781 832 ι

2930 853 3213 919 Domino
3258 852 3748 935 declinaverint,
3800 854 3867 919 in
3910 871 4158 918 vanum
4204 852 4520 931 laborent,
4575 862 4637 918 et
4666 852 4781 918 irriti

2926 939 3061 1004 sint
3143 960 3371 1005 omnes
3457 940 3560 1005 sui
3642 946 3937 1006 conatus.
4036 938 4133 1005 Ut
4220 938 4399 1003 visus
4485 939 4571 1003 sit
4644 940 4777 1004 etism

2926 1026 3289 1109 respexisse
3332 1024 3673 1090 hominum
3717 1025 4157 1109 arrogantiam
4200 1024 4481 1089 multum
4523 1024 4649 1089 suis
4681 1044 4783 1107 ope-

2925 1108 3109 1175 ribus
3146 1118 3212 1176 et
3253 1110 3506 1177 meritis
3550 1111 3998 1177 tribuentium.
4083 1111 4176 1176 Et
4219 1120 4435 1175 tamen
4481 1108 4783 1175 idololstm

2924 1195 3225 1262 videmus
3268 1196 3407 1262 suis
3450 1195 3645 1262 idolis
3687 1196 3948 1281 quidem
3995 1195 4277 1281 gloriari,
4322 1203 4390 1259 et
4409 1195 4784 1261 maximeillis

2926 1290 3232 1365 tanquam
3297 1282 3545 1366 clypeis
3602 1294 3670 1348 et
3725 1282 4235 1367 propugnaculis
4281 1281 4644 1348 fortissimis
4678 1281 4784 1345 niti:

2923 1377 2990 1431 et
3046 1376 3267 1433 tamen
3325 1388 3584 1452 semper
3625 1389 3767 1435 esse
3810 1367 4139 1445 sollicitos,
4199 1376 4265 1432 et
4307 1365 4559 1450 aliquid
4600 1387 4789 1449 semper

2923 1450 3005 1519 ad
3069 1454 3319 1520 cultum
3385 1452 3673 1538 ipsorum
3741 1453 4036 1531 adiicere,
4105 1473 4441 1536 nunquam
4505 1453 4627 1519 sibi
4678 1450 4787 1535 ipsiu

2922 1539 3414 1618 satisfacientes,
3459 1548 3536 1605 ut
3578 1560 3788 1623 neque
3830 1560 3947 1624 pes
3980 1559 4190 1621 neque
4222 1549 4422 1621 caput
4455 1539 4525 1604 in
4563 1540 4790 1622 ipsorum

2921 1622 3099 1689 cultu
3160 1635 3488 1709 appareat.
3576 1626 3669 1691 Et
3725 1625 3885 1691 alios
3941 1626 4138 1690 etiam
4196 1625 4334 1690 suis
4386 1623 4791 1708 cupiditatibut

2921 1711 3014 1776 sic
3072 1710 3430 1794 indulgere,
3501 1721 3578 1776 ut
3635 1711 3722 1777 sit
3775 1709 4162 1777 insatiabilis
4217 1710 4475 1775 illorum
4540 1710 4791 1792 intempe-

2922 1796 3152 1863 rantis.
3241 1796 3482 1862 Merito
3540 1797 3758 1878 itaque
3804 1794 4069 1863 Samuel
4113 1796 4286 1862 istud
4333 1797 4653 1862 inculcat:
4699 1814 4794 1873 vos,

2921 1883 3031 1963 ait,
3074 1882 3225 1948 licet
3263 1881 3542 1947 multum
3588 1882 4059 1962 laboraveritis,
4118 1891 4185 1947 et
4226 1881 4664 1948 caeremonias
4695 1900 4793 1944 cae·

2921 1969 3235 2033 remoniis
3293 1968 3802 2045 cumulaveritis,
3860 1978 4056 2051 atque
4108 1969 4486 2052 arrogantia
4545 1977 4613 2033 et
4651 1977 4797 2031 teme·

2920 2054 3113 2119 ritate
3158 2063 3380 2120 vestra
3422 2053 3689 2119 distenti
3735 2053 4152 2138 rumpamini,
4218 2066 4437 2119 tamen
4484 2053 4558 2117 in
4614 2071 4798 2116 vanum

2919 2138 3319 2219 laborabitis,
3379 2150 3444 2203 et
3488 2138 3743 2204 nullum
3788 2139 3942 2204 inde
3984 2138 4299 2204 auxilium
4346 2138 4503 2203 estis
4552 2136 4800 2203 habituri.

2920 2222 3098 2307 Quid
3155 2224 3298 2293 ita?
3380 2222 3649 2291 Vanitas
3689 2234 3789 2290 est
3834 2235 3900 2289 et
3942 2246 4048 2291 res
4092 2225 4326 2290 inanis.
4411 2223 4598 2289 Hinc
4636 2225 4801 2305 itaque

2918 2312 2995 2377 fit
3038 2308 3223 2377 nobis
3266 2311 3709 2394 manifestum,
3752 2331 3948 2377 omne
3991 2319 4286 2377 nostrum
4333 2310 4578 2375 bonum
4613 2320 4675 2375 et
4702 2307 4802 2372 feli·

2920 2397 3185 2463 citatem
3230 2395 3297 2461 in
3343 2416 3477 2461 uno
3518 2396 3662 2462 Deo
3705 2396 3984 2480 positam
4030 2416 4191 2475 esse,
4236 2395 4303 2460 in
4350 2415 4482 2478 quo
4529 2395 4661 2460 solo
4694 2414 4805 2459 con·

2922 2482 3368 2567 quiescamus;
3435 2491 3510 2547 ut
3551 2490 3890 2567 postquam
3934 2482 4153 2565 ipsum
4199 2482 4710 2566 cognoverimus,
4741 2479 4803 2542 fe·

2918 2589 3142 2634 ramus
3184 2589 3304 2633 nos
3347 2568 3430 2633 ab
3465 2568 3606 2652 ipso
3640 2588 3712 2633 re
3763 2568 3777 2582 '
3818 2578 3883 2634 et
3918 2567 4286 2652 gubernari,
4332 2566 4808 2651 quandoquidem

2919 2676 3064 2721 sese
3127 2654 3316 2720 nobis
3376 2662 3510 2718 tam
3570 2653 3725 2719 fami
3757 2653 3979 2719 'ariter
4034 2653 4375 2738 patefacit:
4450 2673 4531 2719 ac
4589 2647 4805 2736 proinde

2917 2737 3228 2823 quidquid
3288 2740 3454 2804 ratio
3511 2748 3732 2804 nostra
3790 2739 3978 2804 nobis
4037 2738 4405 2812 dictaverit,
4466 2759 4603 2821 quo
4647 2747 4807 2803 teuts-

2919 2825 3157 2903 bimur‚
3215 2824 3573 2891 habeamus
3618 2845 3736 2908 pro
3777 2824 4083 2890 illusione
4126 2822 4463 2902 diabolica,
4516 2845 4681 2908 quae
4716 2841 4804 2887 non

2919 2910 3107 2977 modo
3150 2909 3409 2976 nullum
3458 2910 3651 2975 habet
3685 2909 4050 2988 utilitatem,
4095 2910 4210 2976 sed
4232 2929 4649 2994 summopere
4677 2907 4813 2974 dam·
4892 2982 4893 2993 χ

2921 3017 3080 3064 nosa
3144 3003 3263 3061 est.
3349 2996 3623 3061 Interim
3682 2995 3984 3062 fiduciam
4030 2995 4097 3061 in
4148 2997 4362 3062 Deum
4407 2995 4522 3063 hic
4569 2992 4811 3062 animad-

2920 3090 3252 3150 vertamus
3306 3082 3520 3147 cultus
3578 3082 3783 3163 ipsius
3842 3080 4368 3148 fundamentum:
4437 3102 4628 3148 suam
4682 3082 4813 3146 enim

2921 3167 3273 3233 utilitatem
3349 3165 3647 3232 homines
3713 3188 3970 3251 semper
4031 3178 4372 3251 quaerunt.
4461 3167 4640 3234 Nam
4694 3184 4813 3253 quan

2920 3273 3118 3321 causa
3174 3261 3273 3318 est
3331 3274 3447 3319 cur
3502 3253 3722 3318 miseri
3779 3262 3848 3318 et
3904 3254 4147 3320 incauti
4205 3252 4507 3319 homines
4566 3251 4716 3319 adeo
4748 3262 4811 3314 te·

2920 3359 3098 3405 mere
3162 3339 3477 3417 ferantur,
3539 3346 3613 3403 ut
3669 3338 3781 3403 alii
3840 3337 4147 3404 ridiculas
4189 3341 4643 3405 caeremonias
4682 3340 4817 3402 inve·

2921 3427 3128 3504 niam,
3163 3424 3275 3489 alii
3312 3435 3621 3508 patronos
3654 3424 3777 3490 sibi
3815 3424 4059 3491 multoe
4092 3424 4383 3509 fingant,
4434 3424 4552 3490 alii
4591 3420 4815 3489 terrenis

2921 3512 3107 3578 bonis
3149 3521 3211 3576 et
3249 3509 3665 3576 facultatibus
3699 3510 3794 3576 sic
3828 3510 4087 3576 inhient
4120 3519 4197 3575 ut
4231 3530 4580 3594 nunquam
4619 3506 4819 3591 exple-i

2924 3597 3194 3683 possint,
3240 3605 3308 3661 et
3350 3596 3588 3679 quibus
3630 3597 3887 3662 animus
3929 3597 4219 3680 ipsorum
4268 3606 4587 3680 tanquam
4631 3595 4813 3659 form

2923 3681 3163 3749 ardens
3220 3702 3558 3765 nunquam
3615 3682 3925 3761 satietur,
3980 3681 4093 3748 alii
4151 3682 4291 3747 suis
4349 3680 4823 3748 scortationibus

2923 3768 3084 3837 adeo
3139 3765 3616 3847 dementantur,
3682 3776 3756 3833 ιιι
3800 3766 4002 3833 nullis
4055 3787 4129 3832 re
4176 3766 4389 3851 agulis
4433 3768 4821 3833 retineantur.

2922 3854 3040 3923 alii
3105 3852 3450 3920 ambitioni
3493 3863 3563 3917 et
3604 3853 3927 3919 honorum
3969 3853 4118 3936 cupi
4165 3852 4311 3918 itati
4353 3873 4563 3938 supra
4604 3851 4825 3942 modun}

2923 3938 3347 4007 incumbant?
3439 3937 3626 4020 Quae
3682 3939 3948 4021 inquam
4004 3938 4132 4005 alia
4175 3958 4375 4005 causa
4416 3950 4543 4011 est.
4604 3958 4717 4004 cur
4748 3937 4824 3999 ian
4894 3944 4895 4019 3

2924 4028 2990 4092 in
3038 4023 3409 4091 istiusmodi
3452 4024 3839 4107 praecipites
3881 4024 4184 4090 feruntur
4226 4025 4405 4108 vitia,
4450 4046 4659 4108 quam
4695 4015 4828 4105 quod
4894 4036 4895 4049 ³

2924 4111 3070 4177 Deo
3129 4130 3262 4174 non
3320 4122 3476 4177 sunt
3539 4110 3843 4189 contenti,
3902 4119 3971 4175 et
4031 4129 4161 4174 non
4220 4112 4293 4174 in
4352 4110 4471 4176 illo
4533 4112 4676 4177 solo
4716 4126 4827 4171 cou-

2924 4197 3288 4280 quiescunt,
3362 4206 3439 4260 ut
3506 4196 3578 4261 in
3634 4197 3838 4277 ipsius
3890 4196 4126 4261 timore
4183 4205 4567 4261 constanter
4622 4208 4829 4280 perm-

2924 4280 3170 4348 neant?
3260 4281 3563 4364 Denique
3619 4280 3790 4364 quod
3848 4280 4062 4346 Deum
4122 4303 4251 4345 non
4315 4296 4681 4365 agnoscant
4726 4294 4832 4344 esse

2926 4367 3138 4433 solum
3204 4367 3417 4433 omnis
3478 4366 3626 4433 boni
3684 4365 3974 4432 fontem?
4065 4366 4244 4451 Ergo
4297 4366 4723 4433 statuendum
4758 4372 4829 4425 est

2926 4455 3119 4520 fidem
3181 4473 3323 4519 csse
3382 4454 3524 4519 veri
3569 4451 3697 4518 Dei
3738 4453 3956 4518 cultus
3999 4452 4437 4518 certissimum
4482 4463 4553 4518 et
4600 4452 4830 4519 unicum

2926 4540 3448 4606 fundamentum.
3534 4538 3708 4604 Nam
3753 4539 3806 4604 si
3856 4558 3997 4604 eam
4044 4539 4429 4621 sapientiam
4476 4548 4551 4604 et
4593 4535 4835 4623 pruden-

2929 4627 3088 4692 tiam
3156 4626 3533 4707 consequuti
3602 4625 3934 4703 fuerimus,
4002 4631 4079 4689 ut
4132 4643 4615 4709 cognoscamus
4666 4622 4835 4688 vitam

2931 4720 3218 4778 nostram
3265 4718 3334 4776 et
3376 4710 3651 4776 salutem
3698 4710 3764 4775 in
3802 4709 3948 4775 Deo
3989 4730 4124 4775 uno
4158 4731 4300 4775 esse
4334 4712 4644 4794 positam,
4688 4718 4747 4772 et
4776 4702 4835 4767 ab
4892 4726 4895 4783 ι

2926 4797 3044 4862 illo
3108 4796 3244 4861 solo
3308 4795 3623 4878 pendere:
3687 4803 3754 4861 et
3816 4796 3886 4861 in
3951 4795 4156 4881 ipsius
4220 4816 4455 4862 manus
4498 4795 4755 4862 animas
4788 4798 4835 4854 et
4894 4788 4895 4833 ³

2931 4902 3166 4967 copora
3208 4891 3431 4948 nostra
3476 4882 3909 4960 reiecerimus,
3968 4890 4145 4949 certo
4188 4882 4482 4966 persuasi
4530 4888 4833 4967 potentem

2932 4989 3074 5035 esse
3114 4982 3404 5053 tempore
3440 4977 3804 5052 opportuno
3839 4967 4025 5034 nobis
4059 4966 4409 5034 subvenire
4441 4978 4510 5033 et
4548 4965 4833 5034 auxilium

2942 5055 3134 5135 ferre,
3192 5060 3388 5137 atque
3447 5054 3606 5119 adeo
3661 5052 3857 5118 etiam
3921 5051 4105 5133 velle,
4164 5053 4359 5119 modo
4412 5053 4494 5121 ad
4540 5054 4755 5139 ipsum
4790 5052 4837 5113 in

2934 5140 3127 5207 rebus
3191 5140 3486 5224 angustis
3549 5139 4053 5224 confugerimus,
4121 5149 4187 5204 et
4241 5139 4557 5207 fiduciam
4612 5141 4685 5205 in
4724 5138 4837 5221 ip&

2933 5226 3498 5293 collocaverimus:
3559 5234 3809 5291 eertum
3866 5238 3965 5293 est
4020 5246 4143 5291 nos
4184 5247 4316 5291 non
4361 5234 4495 5291 tam
4544 5224 4835 5310 procliva
