5059 6059
753 321 878 384 271

2368 315 2773 382 HOMILIA
2820 317 3104 385 LXVII.

4572 313 4683 379 272

763 509 908 574 Deo
965 516 1321 590 protectore
1366 526 1485 570 nos
1528 505 1738 569 salvos
1779 506 1935 581 fore,
2001 504 2188 570 modo
2245 507 2311 570 in
2356 504 2675 604 angustiis
2776 504 3080 571 instituta
3118 507 3375 570 fuerant
3414 505 3672 570 ruinam
3718 505 4072 580 minentur,
4132 510 4209 567 ut
4254 502 4398 569 sola
4440 512 4687 569 tantum

764 595 909 659 istis
953 591 1036 657 ad
1076 592 1288 675 ipsum
1333 591 1795 674 confugiamus,
1841 602 1907 653 et
1946 612 2061 656 808
2105 592 2161 656 ei
2207 600 2376 656 totos
2411 591 2676 674 permitr-

765 693 999 753 tamus,
1058 677 1333 742 Davidis
1389 676 1756 759 exemplum
1801 676 2055 755 imitati,
2118 677 2228 760 qui
2271 676 2531 741 Psalmo
2577 675 2679 740 31.

765 766 834 829 in
891 784 1143 828 summo
1187 763 1572 826 constitutus
1617 761 2005 840 discrimine,
2052 763 2176 826 8ιι.
2244 761 2510 827 Domine
2551 762 2678 842 spi-

765 852 963 915 ritum
1019 868 1224 912 meum
1265 848 1335 911 in
1373 866 1598 911 manus
1639 853 1780 911 tuas
1820 848 2178 912 commendo.
2263 846 2421 927 Nae,
2462 868 2678 946 quum

771 958 855 998 ex
898 936 1029 998 imo
1072 944 1329 1015 pectore
1373 933 1536 996 tales
1580 952 1799 1014 preces
1843 931 2031 1012 fudit,
2075 932 2415 997 videbatur
2458 934 2585 996 iam
2612 933 2678 995 ι8

769 1020 1065 1103 sepulcro
1137 1018 1364 1101 pedem
1424 1017 1698 1081 alterum
1756 1017 2008 1093 habere,
2080 1039 2278 1101 quare
2338 1017 2418 1082 ad
2463 1017 2679 1081 Deum

769 1106 1146 1170 ardentibus
1214 1104 1378 1167 votis
1442 1103 1606 1166 mori
1673 1116 1933 1183 paratus
1988 1103 2294 1186 confugit.
2362 1103 2682 1184 Equidem

774 1210 1052 1272 agnosco
1099 1211 1213 1252 nos
1257 1189 1396 1252 sive
1440 1208 1759 1270 prospera,
1805 1190 1942 1251 sive
1974 1188 2246 1253 adversa
2279 1200 2544 1253 utamur
2580 1207 2684 1250 va

775 1275 1085 1354 letudine,
1127 1275 1265 1339 sive
1306 1273 1618 1345 secundis,
1664 1274 1804 1335 sive
1825 1272 2113 1337 adversis
2137 1272 2346 1352 rebus,
2389 1284 2684 1355 oportere

776 1361 860 1426 ad
919 1359 1129 1423 Deum
1188 1358 1478 1441 precibus
1536 1356 1904 1439 confugere,
1974 1357 2506 1439 quemadmodum
2570 1378 2687 1422 808

778 1445 1073 1526 exemplo
1131 1466 1246 1507 suo
1305 1443 1624 1507 Dominus
1682 1443 1816 1524 ipse
1873 1456 2087 1507 noster
2147 1444 2322 1507 lesus
2383 1444 2685 1507 Christus

777 1531 1010 1594 docuit.
1099 1528 1229 1594 Sed
1276 1539 1491 1592 tamen
1536 1549 1736 1609 quum
1780 1527 2060 1592 hostium
2099 1548 2362 1592 suorum
2399 1528 2681 1592 furorem

778 1616 994 1681 David
1033 1615 1445 1695 conspiceret,
1487 1623 1553 1676 et
1587 1612 1914 1676 videretur
1948 1613 2013 1676 in
2050 1613 2336 1696 ipsorum
2372 1623 2685 1695 potestate

773 1702 909 1765 iam
955 1702 1232 1774 futurus,
1293 1711 1430 1762 tum
1479 1697 1759 1761 maxime
1802 1697 2002 1762 vitam
2046 1720 2225 1762 suam
2268 1698 2334 1761 in
2386 1699 2506 1762 Dei
2551 1717 2683 1761 ma-

780 1808 935 1851 num
981 1785 1267 1859 coniecit,
1316 1805 1658 1865 persuasus
1699 1782 1914 1846 Deum
1961 1803 2145 1864 posse
2188 1784 2399 1866 ipsum
2444 1782 2524 1846 ab
2558 1804 2690 1846 om·

782 1871 970 1936 nibus
1011 1871 1141 1934 illis
1172 1869 1474 1950 periculis
1504 1878 1569 1931 et
1595 1868 1752 1932 diris
1782 1868 2058 1932 hostium
2087 1868 2688 1933 comminationibus

777 1978 1060 2035 servare,
1109 1966 1180 2018 et
1238 1957 1304 2018 in
1365 1954 1722 2018 libertatem
1790 1973 2091 2017 asserere.
2184 1953 2373 2034 Nam,
2444 1954 2684 2035 inquit:

777 2049 849 2107 tu
908 2042 1175 2107 Domine
1225 2059 1322 2105 me
1386 2039 1722 2102 redemisti.
1811 2038 2126 2103 Memoria
2175 2038 2505 2120 repetebat
2570 2038 2689 2102 Dei

781 2147 1091 2212 praesens
1136 2124 1471 2199 auxilium,
1515 2144 1641 2204 quo
1684 2124 1884 2186 ictum
1921 2121 2146 2187 hastae
2182 2122 2400 2189 Saulis
2435 2123 2567 2187 ab
2553 2144 2689 2222 ipso

783 2222 1142 2277 averterat:
1187 2222 1254 2273 et
1297 2210 1681 2306 agnoscebat
1726 2208 1966 2271 nullam
2012 2229 2149 2273 esse
2194 2222 2440 2273 tantam
2485 2204 2692 2272 homi-

788 2319 946 2362 num
1007 2298 1141 2361 vim
1196 2316 1324 2377 qua
1378 2293 1581 2376 possit
1638 2314 1720 2357 ex
1778 2293 2078 2393 periculis
2120 2294 2491 2378 ingentibus
2535 2294 2693 2363 erui

787 2383 912 2447 nisi
972 2382 1174 2445 solam
1231 2379 1355 2443 Dei
1401 2399 1666 2442 manum
1710 2387 1774 2442 et
1816 2380 2191 2460 potentiam.
2277 2377 2501 2460 Itaque
2548 2399 2692 2458 pro·

790 2465 1204 2531 missionibus
1247 2466 1386 2529 eius
1432 2464 1687 2527 nititur·
1732 2475 1797 2527 et
1840 2464 1992 2527 licet
2025 2486 2093 2528 se
2131 2465 2433 2528 miserum
2472 2483 2692 2563 pecca·

789 2565 992 2617 torem
1039 2551 1273 2614 sentiat
1334 2549 1554 2612 multis
1614 2558 2016 2629 peccatorum
2061 2548 2352 2613 sordibus
2395 2549 2692 2631 inquina-

791 2648 949 2713 tum,
1005 2636 1424 2699 nibilominus
1482 2635 1548 2698 in
1607 2634 1734 2697 Dei
1791 2632 2075 2698 bonitate
2117 2643 2353 2716 sperat,
2418 2644 2483 2699 et
2524 2635 2695 2698 fruo-

790 2738 929 2786 tum
983 2719 1459 2785 misericordiae
1515 2730 1580 2783 et
1620 2719 1868 2801 gratiae
1912 2720 2111 2801 ipsius
2156 2729 2499 2802 exspectat.
2588 2719 2695 2783 Id-

783 2811 955 2873 circo
1000 2807 1192 2871 etiam
1240 2805 1421 2869 illum
1468 2805 1680 2868 Deum
1727 2825 2018 2869 veracem
2064 2815 2270 2879 vocat,
2329 2825 2388 2885 q.
2435 2805 2537 2867 d..
2520 2823 2536 2838 ·
2594 2805 2695 2868 Τ8

792 2894 1072 2957 Domine
1104 2911 1265 2973 opus
1303 2904 1481 2954 tuum
1518 2889 1801 2972 coepisti,
1838 2890 2254 2971 quamobrem
2289 2901 2356 2953 et
2389 2889 2470 2952 ad
2498 2891 2695 2954 finem

789 2998 994 3060 usque
1029 2975 1367 3077 perduces:
1414 2974 1712 3057 quandoq
1715 2975 1928 3038 uidem
1966 2974 2173 3039 fidelis
2208 2992 2310 3039 es:
2356 2995 2563 3056 neque
2594 2996 2697 3039 me

786 3084 1009 3146 pasces
1053 3062 1231 3126 inani
1274 3081 1406 3141 spe,
1459 3060 1570 3123 sed
1617 3059 2071 3125 benefaciendo
2115 3059 2276 3124 mihi
2320 3079 2568 3141 perges,
2634 3070 2699 3124 et

781 3159 899 3213 tua
953 3148 1172 3230 potius
1227 3147 1298 3209 in
1358 3166 1462 3210 me
1506 3145 1671 3209 dona
1712 3145 2185 3228 multiplicabis,
2242 3165 2438 3244 quam
2481 3166 2695 3209 meum

786 3234 1061 3297 exitium
1108 3252 1393 3314 quaeras.
1443 3229 1595 3295 Ideo
1629 3229 1878 3296 confido
1912 3231 2113 3296 vitam
2150 3251 2360 3295 meam
2395 3230 2462 3294 in
2500 3251 2696 3294 manu

792 3332 903 3383 tua
965 3319 1241 3401 positam
1306 3326 1514 3380 tutam
1581 3317 1734 3379 fore.
1821 3315 1910 3378 Et
1968 3315 2095 3380 huc
2161 3317 2440 3397 pertinet
2502 3317 2696 3415 etiam

792 3404 952 3468 illud
1010 3404 1177 3485 quod
1236 3401 1362 3465 alio
1406 3400 1683 3482 quodam
1727 3400 1986 3465 Psalmo
2028 3399 2201 3475 dicit,
2269 3401 2394 3465 Dei
2452 3400 2698 3465 miseri-

792 3488 1040 3553 cordias
1094 3508 1234 3551 esse
1288 3487 1582 3551 meliores
1640 3506 1834 3567 super
1890 3489 2064 3550 omni
2106 3485 2260 3552 vita.
2350 3485 2483 3550 Vix
2526 3486 2699 3550 enim

793 3574 917 3639 sibi
975 3572 1266 3638 homines
1321 3580 1597 3671 possunt
1640 3571 1994 3647 consulere,
2053 3571 2351 3652 vitaeque
2395 3564 2702 3635 tutandae

792 3658 1076 3725 rationes
1134 3659 1462 3722 invenire.
1515 3676 1676 3738 quas
1719 3655 1775 3720 si
1817 3657 1981 3720 forte
2023 3656 2348 3721 invenisse
2390 3655 2512 3721 sibi
2557 3677 2702 3739 per-

792 3744 1130 3821 suadeant,
1188 3743 1544 3806 securiores
1600 3742 1750 3806 facti
1794 3741 2199 3817 indurantur,
2257 3750 2323 3806 et
2364 3761 2478 3823 spe
2520 3741 2699 3806 inani

796 3841 1163 3911 pascuntur.
1255 3826 1464 3892 David
1524 3837 1734 3890 autem
1793 3827 2079 3909 agnoscit
2135 3828 2416 3892 rationes
2457 3846 2699 3902 omnes,

795 3926 863 3977 et
924 3914 1142 3977 omnia
1206 3911 1474 3977 consilia
1537 3922 1603 3975 et
1660 3911 1873 3976 media
1938 3911 2224 3975 humana
2286 3911 2518 3993 quibus
2561 3932 2701 3976 sese

798 3999 960 4063 tueri
1007 3997 1297 4061 homines
1340 3996 1622 4073 student,
1666 3997 1853 4060 nihili
1901 4017 2041 4062 esse
2083 3996 2380 4061 facienda
2403 4017 2554 4077 prae
2579 3997 2700 4061 Dei

793 4105 993 4148 manu
1038 4103 1236 4166 quum
1281 4102 1399 4164 pro
1443 4084 1578 4147 suis
1621 4081 1840 4147 liberis
1882 4102 2000 4146 nos
2036 4082 2274 4148 habere
2309 4081 2699 4165 dignabitur.

793 4170 1136 4235 Caeterum
1181 4180 1247 4231 et
1287 4167 1461 4232 istud
1498 4167 1968 4232 observandum
1999 4180 2099 4231 est
2124 4176 2367 4243 contra,
2412 4188 2540 4231 non
2566 4187 2704 4231 8888

796 4254 978 4320 nobis
1022 4252 1550 4337 despondendum
1594 4254 1880 4316 animum
1926 4273 2122 4334 quum
2167 4273 2207 4316 a
2240 4252 2381 4317 Deo
2415 4251 2704 4317 derelicti

798 4340 1181 4411 videbimur,
1228 4339 1441 4422 ipsum
1487 4337 1685 4401 etiam
1729 4337 2007 4402 Davidis
2040 4337 2410 4419 exemplum
2445 4339 2704 4402 intuen-

793 4441 922 4490 tes.
969 4446 1167 4525 quare
1203 4425 1256 4488 si
1295 4423 1580 4505 undique
1616 4444 1730 4487 nos
1768 4422 2041 4488 obsideri
2080 4424 2159 4488 ab
2194 4422 2488 4488 hostibus
2524 4422 2704 4489 Deus

795 4512 1175 4596 permiserit,
1221 4520 1287 4572 et
1321 4509 1628 4590 improbis
1663 4507 2030 4573 hominibus
2062 4506 2144 4572 ad
2181 4529 2297 4573 nos
2330 4507 2706 4573 cruciandos

794 4598 1073 4679 aliquam
1148 4606 1524 4692 potestatem
1586 4593 1825 4669 fecerit,
1909 4614 1993 4657 88
2050 4603 2384 4675 propterea
2437 4594 2703 4694 inquam

797 4698 1176 4758 terreamur,
1233 4690 1296 4744 et
1352 4679 1638 4744 animum
1698 4678 1776 4743 ad
1835 4680 2042 4758 ipsum
2087 4680 2155 4743 in
2199 4679 2515 4762 angustiis
2558 4698 2706 4744 con-

796 4765 1082 4850 fugiendi
1129 4766 1520 4843 abiiciamus,
1572 4763 1680 4830 sed
1721 4767 1930 4846 potius
1952 4785 2025 4828 eo
2049 4763 2518 4830 ardentioribus
2544 4763 2706 4830 votis

794 4853 995 4935 ipsius
1041 4850 1543 4915 misericordiam
1586 4849 2026 4916 sollicitemus.
2112 4848 2335 4930 Neque
2370 4870 2523 4914 vero
2558 4860 2704 4915 tan-

796 4949 933 5002 tum
996 4936 1236 5021 singuli
1293 4935 1413 5000 sibi
1474 4935 1641 5001 hanc
1685 4934 2039 5001 doctrinam
2086 4934 2323 5000 debent
2363 4935 2703 5018 applicare,

791 5022 910 5087 sed
950 5024 1146 5088 etiam
1191 5021 1271 5085 ad
1315 5021 1687 5105 generalem
1731 5020 2033 5086 ecclesiae
2075 5030 2316 5085 statum
2361 5029 2462 5085 est
2496 5032 2705 5086 trans-

795 5106 1079 5173 ferenda.
1168 5106 1603 5207 Quamobrem
1669 5106 1727 5172 si
1765 5107 1825 5172 is
1868 5104 2173 5171 ecclesiae
2213 5114 2424 5171 status
2469 5104 2704 5171 videbi-

795 5201 926 5269 tur,
985 5206 1059 5257 ut
1101 5193 1302 5275 ipsius
1346 5193 1681 5259 immineat
1721 5190 2065 5270 desolatio,
2121 5199 2187 5255 et
2229 5209 2391 5273 quae
2429 5190 2706 5274 pulchre

2780 603 3089 674 appareat
3146 590 3453 666 confusio,
3510 612 3590 655 ne
3647 600 3990 673 propterea
4046 590 4399 669 turbemur,
4460 587 4576 655 sed
4616 590 4688 653 ad

2782 674 2909 739 Dei
2952 677 3269 741 auxilium
3311 641 3780 760 confugiamus.
3866 673 4192 739 Davidem
4232 676 4409 739 enim
4464 675 4568 740 11ιο
4607 676 4694 739 vi·

2782 759 3010 826 demus
3067 762 3146 826 ad
3204 775 3457 844 tempus
3512 762 3707 827 veluti
3754 761 3821 824 in
3866 760 4006 842 ipso
4048 762 4273 825 mortis
4316 758 4595 827 articulo
4636 776 4695 824 et

2784 845 2973 946 longe
3009 869 3050 912 8
3083 867 3197 931 spe
3233 858 3570 923 remotum,
3607 858 3681 911 ut
3714 847 4002 910 animum
4040 843 4443 927 despondere
4464 862 4697 929 posset,

2784 933 2911 997 nisi
2973 934 3152 997 Deus
3209 932 3592 997 miraculose
3635 931 4041 1014 providisset.
4133 930 4355 1011 Quare
4397 932 4458 997 si
4503 952 4698 996 evan-

2783 1017 2936 1100 gelii
2977 1039 3235 1083 cursum
3271 1017 3590 1100 impediri,
3624 1018 3679 1083 8ι
3714 1016 4050 1082 eeclesiam
4086 1016 4699 1081 comminationibus

2784 1104 3034 1179 terreri,
3093 1104 3146 1167 8ι
3192 1102 3468 1185 (188ι888
3511 1101 3823 1166 mundum
3869 1122 4107 1182 susque
4151 1101 4355 1183 deque
4400 1103 4561 1166 ferri
4606 1103 4703 1167 vi-

2786 1154 3088 1268 derimus,
3132 1189 3552 1252 nihilominus
3587 1208 3917 1270 speremus
3952 1186 4168 1250 Deum
4202 1188 4424 1251 omnia
4465 1190 4705 1270 impro-

2787 1274 3008 1337 borum
3048 1274 3314 1338 consilia
3352 1273 3661 1338 adversus
3681 1272 4011 1337 eeclesiam
4037 1292 4219 1336 suam
4245 1273 4708 1353 infracturum,

2787 1369 2854 1421 et
2896 1357 3173 1425 nubibus
3215 1360 3398 1423 irrita
3440 1359 3857 1422 donaturum:
3902 1357 4099 1421 immo
4134 1378 4557 1441 quaecunque
4596 1358 4709 1422 ad·

2789 1464 3015 1509 versus
3070 1442 3288 1509 fideles
3346 1444 3694 1510 machinati
3751 1444 3990 1507 fuerint
4035 1442 4103 1506 ιιι
4150 1446 4440 1525 ipsorum
4488 1446 4713 1526 capita

2784 1529 3252 1676 sserivatumm,
3316 1544 3381 1594 et
3424 1549 3678 1594 summa
3718 1528 4094 1594 confusione
4140 1540 4208 1592 et
4259 1526 4575 1594 dedecore
4618 1531 4715 1593 af-

2815 1628 3129 1680 ectnrum.

2957 1700 3390 1763 Transeamus
3447 1700 3526 1763 ad
3573 1700 3905 1781 sequentia
3947 1697 4093 1763 illa:
4161 1697 4251 1762 Et
4289 1698 4499 1763 amuis
4547 1697 4719 1764 Saul

2787 1805 2830 1847 a
2869 1784 3029 1862 facie
3051 1784 3285 1861 David,
3331 1805 3399 1850 eo
3428 1785 3591 1866 quod
3615 1784 3926 1849 Dominus
3967 1788 4117 1848 esset
4159 1804 4296 1848 oum
4336 1804 4423 1867 eo,
4470 1789 4526 1848 et
4572 1805 4622 1848 a
4652 1805 4721 1849 se

2786 1871 3148 1934 recessi-ssd.
3216 1870 3434 1934 Metus
3469 1870 3725 1953 quidem
3760 1870 3882 1933 iste
3918 1869 4128 1950 prima
4162 1870 4321 1934 faeie
4356 1867 4722 1934 laudabilis

2793 1955 2995 2018 videri
3060 1967 3292 2037 posset.
3380 1954 3603 2019 Timor
3665 1954 3838 2018 enim
3900 1954 4180 2029 Domini,
4250 1964 4321 2018 ut
4376 1955 4722 2036 scriptura

2792 2040 3090 2121 loquitur,
3145 2040 3403 2104 initium
3464 2056 3562 2105 est
3605 2040 3815 2104 omnis
3858 2039 4166 2103 scientiae
4206 2050 4273 2102 et
4316 2040 4725 2120 sapientiae:

2791 2135 2858 2189 et
2912 2125 3274 2207 ubicunque
3340 2126 3518 2190 Deus
3573 2145 3755 2190 suam
3818 2126 4126 2190 virtutem
4184 2124 4486 2203 declarat,
4558 2147 4725 2190 eum

2792 2211 3023 2274 timore
3102 2224 3167 2273 et
3244 2210 3609 2274 reverentia
3683 2231 3799 2273 nos
3879 2208 4069 2273 illum
4150 2208 4332 2274 decet
4399 2212 4727 2276 revereri.

2795 2294 3229 2375 Quamobrem
3291 2294 3493 2359 videri
3550 2308 3769 2377 posset
3813 2294 3920 2360 hio
3961 2293 4181 2359 Saulis
4225 2296 4436 2369 timor,
4497 2316 4642 2377 qno
4690 2317 4731 2361 8

2794 2380 2957 2445 facie
3013 2379 3290 2444 Davidis
3348 2380 3636 2446 timuisse
3693 2379 3948 2461 dicitur,
4006 2401 4132 2443 non
4193 2400 4334 2444 esse
4388 2380 4487 2444 illi
4550 2381 4731 2444 vitio

2797 2464 3163 2530 vertendus.
3252 2466 3390 2529 Our
3453 2483 3585 2529 non
3652 2466 3825 2528 enim
3891 2464 4168 2548 gratiam
4235 2464 4360 2530 Dei
4425 2486 4610 2547 quae
4659 2466 4733 2531 in

2798 2549 3051 2613 Davide
3121 2563 3429 2631 tanquam
3499 2548 3663 2614 radii
3722 2550 3961 2632 gloriae
4018 2549 4224 2631 ipsius
4279 2549 4736 2631 splendebant

2800 2635 3188 2700 honoraret?
3256 2636 3433 2700 Deus
3476 2635 3650 2699 enim
3694 2636 3854 2700 satis
3892 2634 4269 2699 ostendebat
4311 2657 4382 2700 se
4427 2636 4613 2701 velle
4662 2638 4737 2700 in

2796 2720 3049 2784 Davide
3105 2719 3442 2784 honorari:
3509 2740 3708 2802 quare
3765 2718 3926 2785 Saul
3984 2719 4179 2784 etiam
4238 2719 4419 2784 illum
4481 2725 4739 2786 timere

2798 2804 3004 2870 debet.
3094 2804 3404 2889 Singulos
3446 2806 3617 2870 enim
3661 2816 3915 2888 oportet
3954 2824 4172 2869 eoram
4215 2804 4329 2869 illa
4372 2806 4738 2871 maiestate

2798 2911 3103 2974 suprema
3161 2902 3454 2965 tremere,
3508 2900 3576 2955 et
3627 2902 3779 2955 ante
3835 2890 4040 2973 ipsius
4086 2890 4315 2954 faciem
4357 2891 4583 2974 silere,
4660 2908 4735 2957 nt

2798 2978 2892 3040 ait
2956 2977 3285 3058 propheta.
3382 2976 3636 3040 Verum
3699 2977 3823 3040 iste
3888 2974 4108 3041 Saulis
4173 2977 4368 3040 timor
4432 2977 4739 3043 Davidis

2798 3061 3024 3126 faciem
3107 3061 3413 3143 fugientis
3489 3083 3619 3125 non
3695 3061 3766 3126 in
3833 3061 4028 3126 alium
4095 3059 4294 3124 finem
4358 3065 4739 3143 spectavit:

2800 3166 2999 3245 quarn
3036 3156 3109 3210 ut
3145 3145 3269 3210 Dei
3305 3146 3735 3227 praesentiam
3770 3146 4057 3229 fugeret·
4100 3147 4210 3227 qui
4248 3165 4402 3211 sane
4440 3148 4739 3214 vitiosus

2799 3242 2900 3296 est
2955 3232 3166 3296 timor.
3256 3231 3443 3308 Nam,
3505 3242 3576 3295 ut
3631 3230 3786 3307 dixi,
3854 3232 4082 3296 timere
4124 3229 4338 3294 Deum
4384 3230 4737 3309 debemus,

2800 3329 2864 3382 et
2920 3336 3343 3399 quaecunque
3399 3338 3553 3381 suae
3608 3316 3849 3399 gloriae
3908 3317 4095 3401 signa
4138 3316 4270 3397 dat,
4329 3317 4575 3398 quibua
4626 3320 4741 3383 vel

2799 3403 3254 3468 confirmemur
3326 3401 3427 3466 vel
3494 3401 3885 3478 deiiciamur,
3959 3414 4025 3467 et
4090 3399 4170 3464 ad
4237 3401 4467 3466 vivum
4512 3424 4741 3487 usque

2800 3488 3215 3562 lancinamur,
3261 3507 3338 3551 ea
3371 3487 3664 3551 demissis
3705 3487 4081 3560 cervicibus,
4125 3496 4193 3550 et
4233 3486 4468 3551 velut
4448 3509 4518 3552 18
4558 3489 4743 3554 nihi-

2800 3572 2936 3639 lum
2981 3535 3223 3636 ι·8(18οιι
3265 3593 3475 3638 eoram
3521 3572 3862 3637 maiestate
3903 3571 4108 3655 ipsius
4144 3572 4464 3649 venerari,
4506 3574 4618 3639 8ιο
4657 3590 4739 3639 ιιι

2803 3677 2919 3722 808
2974 3657 3043 3721 ι8
3087 3657 3288 3738 ipsius
3329 3658 3706 3740 obsequium
3752 3656 3923 3722 ultro
3966 3676 4329 3738 conponere
4370 3658 4739 3737 diseamus,

2802 3744 3153 3825 iugumque
3209 3742 3412 3824 ipsius
3468 3740 3715 3825 placide
3758 3739 4118 3818 admittere,
4176 3752 4243 3805 et
4286 3764 4400 3807 nos
4442 3743 4587 3826 ipsi
4633 3766 4743 3809 re-

2803 3827 3044 3910 gendos
3086 3828 3225 3891 sine
3266 3829 3701 3912 repugnantia
3762 3837 3828 3891 et
3882 3790 4391 3893 contradictione
4445 3831 4737 3910 permit·

2804 3925 2958 3978 tere.
3046 3912 3186 3977 Nae
3244 3913 3300 3977 si
3362 3914 3575 3977 Deum
3631 3913 3752 3979 1180
3795 3913 4043 3977 ratione
4086 3912 4515 3992 timuerimus,
4582 3936 4737 3980 cer·

2805 4008 2942 4063 tum
3002 4008 3099 4062 est
3157 4018 3272 4062 808
3330 3998 3410 4062 8(1
3464 3998 3672 4081 ipsum
3718 4018 3904 4081 posse
3946 3997 4347 4063 confidenter
4388 3998 4735 4066 accedere.

2803 4082 3217 4182 Quapropter
3257 4084 3626 4183 confirmari
3672 4104 3790 4147 nos
3831 4082 3900 4147 in
3938 4083 4145 4166 ipsius
4178 4103 4411 4160 amore,
4457 4094 4525 4149 et
4562 4086 4737 4151 fidn-

2803 4169 2969 4233 ciam
3010 4167 3317 4233 bonitatis
3359 4169 3564 4250 ipsius
3604 4171 3671 4232 in
3694 4160 3895 4234 nobis
3929 4168 4151 4252 augeri
4184 4189 4224 4232 0
4270 4178 4456 4245 ortet,
4502 4169 4739 4236 admo-

2806 4253 2975 4318 nitos
3017 4253 3188 4317 dicto
3232 4254 3343 4318 illo
3380 4255 3780 4336 prophetae
3764 4275 3834 4318 18
3869 4253 4168 4330 Psalmis,
4280 4273 4436 4330 eum,
4482 4256 4735 4339 inquit,

2803 4340 3101 4418 timemus,
3176 4343 3234 4403 et
3307 4343 3512 4404 tantm
3573 4360 3644 4404 m
3704 4340 3914 4421 ipsius
3974 4338 4262 4421 templum
4327 4340 4737 4422 imi-edium

2804 4444 2992 4504 quum
3052 4443 3208 4489 suae
3266 4425 3517 4489 virtutis
3576 4426 3760 4509 siqua
3820 4425 4123 4506 quaedam
4184 4423 4395 4488 edidit.
4498 4427 4733 4494 David

2804 4529 2960 4572 sane
3017 4507 3231 4573 Deum
3291 4520 3588 4592 precatus
3631 4522 3748 4589 est,
3811 4530 3940 4574 non
3985 4520 4227 4574 temere
4272 4530 4483 4591 neque
4528 4515 4733 4579 nimis

2806 4593 3217 4671 confidenter,
3277 4594 3390 4660 sed
3433 4616 3581 4660 oum
3628 4595 3940 4661 modestia
3980 4606 4047 4660 et
4090 4596 4319 4659 timore
4362 4597 4733 4664 maiestatis

2806 4679 3042 4778 ipsius:
3106 4700 3318 4763 neque
3361 4681 3538 4745 enim
3582 4681 3661 4744 ad
3704 4679 3834 4745 Dei
3873 4679 4277 4746 maiestatem
4321 4701 4469 4744 cum
4516 4693 4731 4751 teme·

2804 4765 2978 4828 raria
3040 4764 3305 4831 audacia
3361 4766 3738 4832 mortalibus
3779 4776 3878 4830 est
3919 4752 4369 4830 accedendum.
4457 4767 4731 4834 Timen-

2808 4849 2961 4914 dum
3016 4851 3233 4934 itaque
3284 4852 3502 4916 Deum
3560 4850 3716 4917 dicit
3758 4848 3994 4927 David,
4053 4850 4164 4915 sed
4226 4849 4424 4934 addit,
4486 4852 4731 4921 nihilo-

2806 4936 3021 5001 minus
3078 4948 3295 5002 tamen
3346 4937 3417 5001 in
3456 4938 3659 5018 ipsius
3700 4937 4016 5019 templum
4062 4899 4470 5002 veniendum.
4540 4938 4726 5020 Quid

2806 5020 2901 5119 ιι8
2959 5021 3159 5087 vero?
3209 5022 3469 5122 Nempe
3526 5024 3739 5105 ipsum
3797 5021 4080 5087 bonitate
4138 5022 4407 5104 plenum
4450 5036 4723 5091 noverat

2807 5104 2949 5205 ipsa
3004 5107 3421 5189 experientia,
3476 5127 3639 5189 quae
3681 5107 3954 5174 faciebat
3994 5107 4287 5173 animum
4328 5109 4598 5192 propius
4640 5108 4721 5177 ed

2808 5192 3021 5275 ipsum
3060 5191 3426 5273 accedendi,
3466 5191 3888 5277 precibusque
3928 5191 4337 5259 sollicitandi.
4422 5194 4534 5261 En
4564 5216 4716 5279 qne-
