5059 6059
326 278 439 344 321

479 465 566 531 Et
630 463 712 530 de
779 463 882 530 his
947 465 1209 549 quidem
1263 463 1612 533 hactenus:
1692 468 2035 550 sequentia
2096 487 2253 535 vero

324 552 653 635 diligenter
708 551 1131 629 observanda,
1194 559 1391 635 atque
1444 551 1607 618 illud
1654 553 1721 618 in
1765 554 2017 637 primis,
2078 554 2249 637 quod

322 637 616 703 dicuutur
670 639 1016 703 sacerdotes
1056 637 1348 704 habuisse
1386 637 1770 722 fuscinulam
1811 640 2138 705 tridentem
2178 640 2251 705 in

318 745 499 790 manu
551 743 690 803 sua,
747 728 804 788 et
860 724 1114 790 misisse
1167 726 1238 790 in
1298 724 1583 802 ahenum,
1642 730 1822 808 atque
1876 726 2002 790 sibi
2042 729 2251 791 sustu-

314 812 457 879 lisse
495 811 660 891 quod
699 810 953 892 fuscina
998 810 1294 890 levabant,
1339 812 1449 894 qui
1495 812 1825 878 maximus
1869 810 2110 877 abusus
2142 812 2247 877 sui

317 894 595 962 muneris
615 896 759 961 fuit.
817 896 989 961 Nam
1035 918 1224 962 secus
1269 908 1409 962 erat
1432 896 1560 962 Dei
1605 897 1749 982 lege
1793 898 2245 974 constitutum,

313 1005 351 1049 a
385 982 564 1047 cuius
599 984 998 1065 praescripto
1032 1004 1224 1065 quam
1262 983 1456 1067 longe
1480 982 1785 1049 recedant
1806 984 2245 1067 conspicuum.

314 1071 397 1135 Et
458 1071 551 1132 ita
616 1069 689 1132 fit
756 1068 1048 1151 ipsorum
1107 1084 1444 1153 peccatum
1490 1069 1779 1153 gravius,
1846 1068 2015 1153 quod
2063 1067 2244 1135 nullo

311 1155 710 1239 ignorantiae
754 1165 1101 1238 praetextu
1156 1152 1289 1240 teg‘i
1336 1165 1553 1239 queat,
1613 1176 1819 1239 quum
1863 1156 2050 1221 Deus
2092 1177 2244 1239 par-

308 1251 401 1306 tes
456 1239 901 1305 sacerdotibus
984 1241 1283 1324 proprias
1349 1242 1789 1306 attribuisset:
1874 1251 2069 1324 atque
2137 1241 2240 1307 vel

307 1326 460 1410 ipsis
503 1324 865 1392 infantibus
913 1340 1107 1392 notae
1151 1336 1373 1393 essent
1414 1326 1862 1394 sacerdotibus
1907 1340 2124 1411 partes
2160 1327 2241 1393 ab

307 1413 441 1497 ipso
483 1409 632 1476 Deo
678 1413 1068 1497 assignatae.
1156 1413 1458 1497 Namque
1501 1414 1631 1477 Dei
1665 1413 1975 1478 mandato
2012 1414 2243 1480 dexter

302 1498 638 1576 humerus,
705 1509 842 1562 tum
909 1501 1106 1564 etiam
1175 1512 1404 1583 pectus
1462 1499 1620 1582 ipsis
1673 1499 2009 1566 cedebant.
2096 1499 2243 1565 Hoc

304 1606 451 1650 vero
507 1583 647 1649 nisi
706 1584 952 1650 diserte
1008 1584 1244 1651 fuisset
1288 1607 1692 1669 expressum,
1749 1585 2042 1670 speciosa
2083 1606 2238 1669 qua-

305 1671 447 1735 dam
512 1671 939 1735 excusatione
1006 1672 1130 1735 niti
1199 1672 1320 1737 visi
1389 1682 1626 1737 essent.
1716 1672 1968 1736 Verum
2036 1692 2241 1755 quum

306 1756 480 1822 Dens
548 1757 695 1838 ipse
761 1768 979 1838 partes
1046 1757 1206 1841 ipsis
1266 1778 1562 1823 cessuras
1627 1777 1710 1821 ex
1753 1758 2089 1824 sacrificiis
2132 1779 2242 1823 ex·

308 1842 630 1926 presserit,
719 1841 1033 1925 quidquid
1119 1853 1493 1927 praeterera
1556 1844 1810 1908 fuscina
1872 1842 2241 1923 trahebant,

295 1929 519 1993 merito
607 1928 992 1994 dicebantur
1070 1949 1299 2014 rapere
1365 1939 1625 2012 praeter
1687 1929 1977 1996 officium
2045 1939 2241 2013 atque

294 2029 509 2080 contra
542 2012 678 2078 Dei
737 2013 1136 2082 mandatum.
1202 2014 1433 2099 Itaque
1479 2016 1546 2080 in
1592 2015 1880 2081 ahenum
1916 2016 2234 2082 fuscinam

295 2100 657 2165 iniicientes
690 2100 943 2182 opimas
978 2121 1268 2185 quasque
1304 2111 1523 2185 partes
1560 2100 1999 2183 attrahebant,
2044 2111 2239 2186 atque

295 2186 762 2270 surripiebant:
827 2187 941 2251 sed
1007 2187 1260 2252 foedius
1325 2189 1496 2253 istud
1566 2197 1634 2252 et
1698 2188 1986 2271 gravius,
2064 2186 2237 2270 quod

292 2283 663 2355 antequam,
720 2272 1078 2338 secundum
1122 2273 1288 2358 legis
1326 2275 1798 2358 praescriptum
1844 2273 2046 2357 adeps
2081 2272 2236 2338 ado-

292 2357 541 2435 leretur,
645 2358 995 2424 crudarum
1081 2361 1376 2425 carnium
1443 2361 1812 2443 portionem
1877 2359 2235 2426 sacerdotis

292 2444 571 2509 ministri
622 2445 1057 2528 postulabant.
1148 2446 1351 2529 Atqui
1397 2446 1870 2529 responsabant
1913 2445 2234 2513 sacrificia

289 2530 638 2595 offerentes
726 2532 908 2613 prius
975 2530 1366 2597 adolendum
1433 2531 1690 2616 adipem
1758 2553 1957 2615 supra
2025 2532 2233 2596 altare

287 2637 469 2699 quam
558 2614 698 2682 illis
764 2617 1118 2699 quidquam
1187 2618 1465 2696 cederet,
1554 2617 1728 2701 quod
1796 2617 2230 2683 certissimum

290 2702 735 2768 testimonium
793 2714 937 2767 erat
971 2704 1190 2768 omnia
1224 2703 1370 2767 Deo
1409 2712 1802 2787 consecrata,
1849 2725 1924 2769 ac
1958 2703 2229 2788 proinde

287 2802 425 2853 ante
458 2789 714 2854 omnia
765 2788 1022 2872 adipem
1073 2809 1295 2854 coram
1341 2789 1485 2854 Deo
1531 2788 1959 2854 adolendum:
2019 2810 2229 2872 neque

281 2889 625 2957 propteroa
668 2887 888 2939 tamen
931 2875 1254 2942 sacrificia
1298 2876 1666 2950 cessabant,
1728 2875 1886 2941 licet
1940 2897 2223 2960 magnus

286 2960 509 3026 abusus
554 2960 861 3042 ipsorum
908 2971 1099 3025 esset.
1185 2959 1279 3026 At
1322 2974 1639 3044 quantum
1684 2961 1809 3028 hoc
1854 2959 2226 3047 flagitium?

286 3046 719 3111 Mor-talemne
775 3045 1106 3112 hominem
1149 3069 1227 3113 eo
1269 3068 1480 3130 usque
1523 3045 1865 3131 superbiae
1901 3047 2229 3127 devenire,

283 3141 351 3196 ut
409 3132 741 3197 adversus
804 3153 997 3198 suum
1066 3143 1429 3199 creatorem
1507 3145 1641 3200 tam
1697 3133 2071 3217 petulanter
2126 3134 2227 3198 in-

286 3231 535 3301 surgat:
613 3240 704 3284 an
772 3239 905 3282 non
953 3218 1356 3284 horrendum
1424 3218 1597 3286 istud
1657 3229 2029 3285 monstrum
2075 3218 2219 3284 est?

286 3303 481 3386 Atqui
527 3307 667 3369 iam
705 3303 828 3369 hoc
875 3327 1002 3369 non
1049 3305 1330 3389 amplius
1374 3326 1622 3372 novum
1666 3305 1811 3384 fuit,
1872 3305 1987 3371 sed
2029 3305 2224 3390 plane

288 3389 589 3455 usitatum
642 3392 709 3454 vi
752 3411 983 3455 carnes
1027 3412 1113 3456 ex
1170 3392 1400 3458 ahenis
1444 3401 1513 3456 et
1547 3392 1692 3457 ollis
1737 3412 1986 3475 rapere,
2029 3403 2223 3475 atque

287 3476 655 3541 sanctuario
698 3475 828 3541 Dei
870 3476 1069 3542 talem
1118 3476 1252 3543 vim
1297 3477 1556 3557 inferre,
1614 3488 1686 3543 ut
1744 3477 1873 3542 fide
1909 3478 2089 3561 omni
2123 3498 2225 3543 ca·

286 3563 478 3627 ruisse
525 3563 767 3627 merito
813 3562 1180 3627 videantur.
1228 3562 1480 3628 Verum
1525 3564 1880 3642 enimver0,
1925 3564 2081 3630 licet
2116 3583 2220 3627 ar-

284 3648 790 3731 rogantissimos,
851 3657 1072 3713 tamen
1119 3650 1524 3732 praesentiae
1568 3649 1695 3714 Dei
1739 3656 1953 3715 metus
1999 3649 2225 3716 debuit

282 3731 359 3795 ab
413 3734 530 3799 hoc
572 3734 830 3816 flagitio
876 3734 1220 3814 deterrere,
1282 3745 1475 3820 atque
1520 3734 1684 3800 adeo
1728 3736 1831 3801 sui
1878 3735 2072 3801 officii
2118 3756 2224 3801 re·

287 3819 576 3897 cot-datio,
674 3819 848 3902 quod
935 3840 1055 3903 pro
1143 3821 1346 3887 totius
1409 3820 1636 3905 populi
1702 3821 1983 3905 peccatis
2050 3821 2222 3905 apud

286 3901 489 3969 Deam
533 3928 609 3971 se
659 3906 890 3971 sistere
935 3907 1403 3973 intercessuros
1447 3917 1795 3991 oporteret.
1883 3904 2018 3973 Sed
2062 3907 2218 3990 quid

285 3990 475 4072 agas?
521 3993 661 4057 iam
705 3998 846 4056 erat
889 3990 1015 4056 Dei
1061 3995 1507 4058 sanctuarium
1549 3992 1629 4058 ab
1665 3994 1746 4058 iis
1780 3994 1848 4058 in
1887 3993 2216 4059 latronum

281 4076 655 4156 speluncam
713 4098 1125 4143 conversum.
1217 4078 1395 4145 Hinc
1452 4080 1716 4158 factum,
1772 4088 1847 4145 ut
1891 4079 2225 4145 sacrificiis

282 4159 541 4228 Domini
588 4164 683 4229 sit
729 4163 1090 4230 detractum
1135 4185 1175 4230 a
1215 4165 1579 4248 plerisque:
1624 4186 1707 4230 ex
1752 4183 1877 4248 quo
1920 4166 2000 4231 fit
2036 4166 2225 4231 nobis

281 4251 723 4332 conspicuum,
789 4251 1049 4331 qualem
1114 4271 1190 4316 ac
1258 4261 1570 4334 quantam
1646 4273 1865 4317 rerum
1930 4251 2221 4318 omnium

280 4337 729 4401 confusionem
773 4335 1041 4401 evenire
1085 4356 1347 4402 necesse
1392 4337 1480 4403 sit
1515 4337 1626 4402 ubi
1648 4337 1777 4404 Dei
1824 4338 2042 4403 timori
2078 4337 2219 4402 nul-

279 4416 377 4486 lus
442 4423 633 4487 locus
699 4421 1107 4505 relinquitur.
1197 4420 1400 4505 Atqui
1466 4424 1697 4489 saltem
1756 4424 2047 4507 oportuit
2102 4424 2222 4490 hos

277 4505 648 4573 sacerdotes
711 4509 919 4573 bonae
985 4509 1195 4573 famae
1260 4530 1417 4574 suae
1474 4529 1551 4575 ac
1609 4510 1892 4575 nominis
1939 4509 2221 4594 aliquam

278 4611 498 4657 curam
534 4614 788 4677 gerere,
836 4616 917 4658 ne
955 4596 1258 4660 omnibus
1293 4592 1574 4662 ludibrio
1611 4604 1848 4680 essent,
1885 4617 1959 4661 ac
1996 4597 2223 4661 sannis

277 4680 753 4762 exciperentur.
843 4679 1097 4744 Verum
1140 4681 1305 4746 haec
1346 4702 1503 4747 cura
1547 4683 1815 4747 minime
1858 4682 2037 4764 ipsos
2081 4690 2220 4746 tan-

280 4764 406 4845 git:
476 4786 721 4850 nempe
779 4773 853 4830 ut
899 4789 937 4830 a
982 4766 1123 4831 Deo
1171 4768 1514 4849 excaecati,
1573 4768 1743 4851 quod
1790 4767 2083 4833 debitum
2124 4767 2221 4832 illi

278 4847 593 4915 honorem
633 4873 761 4917 non
801 4851 1271 4930 exhibuissent,
1320 4856 1585 4918 meritas
1621 4855 1940 4919 scelerum
1977 4874 2223 4937 poenas

278 4933 480 5001 luant.
574 4936 796 5018 Quare
884 4940 1173 5022 oportuit
1235 4941 1413 5016 istos,
1502 4949 1577 5005 ut
1643 4939 1949 5023 deinceps
2015 4940 2223 5005 visuri

281 5040 528 5103 sumus,
577 5024 657 5086 ad
703 5035 981 5088 mortem
1029 5026 1188 5108 rapi,
1252 5033 1316 5090 et
1361 5035 1679 5109 tanquam
1714 5026 1842 5091 Dei
1887 5031 2221 5109 contemp-

280 5113 449 5172 tores
518 5110 706 5173 omni
772 5111 1007 5193 probro
1070 5124 1133 5175 et
1201 5110 1511 5177 dedecore
1556 5112 1761 5178 affici:
1831 5132 1992 5195 quos
2035 5132 2224 5178 caeca

280 5190 474 5259 libido
523 5216 603 5259 eo
648 5197 922 5279 impulit,
969 5205 1045 5261 ut
1100 5195 1282 5262 nulla
1324 5198 1470 5278 Dei,
1492 5198 1702 5264 ‘nulla
1745 5219 1902 5266 suae
1940 5197 2222 5265 functio-

487 5297 713 5353 calcini
738 5315 919 5369 opera.
968 5296 1088 5358 Vol.
1115 5297 1346 5358 XXIX.

1665 276 1768 344 IN
1812 279 1866 345 Ι.
1914 278 2093 346 LIB.
2144 276 2545 346 SAMUEL.
2593 275 2789 346 CAP.
2837 278 2930 344 11.

4169 280 4301 347 322

2356 469 2459 534 nis
2502 467 2730 535 habita
2771 468 3039 548 ratione,
3100 467 3284 534 nulla
3342 465 3706 534 honestatis
3748 466 4045 554 denique,
4106 468 4178 537 vi
4221 491 4299 538 ac

2356 555 2605 638 rapinis
2670 552 3079 633 indulserint,
3146 563 3212 618 et
3278 553 3359 619 ad
3416 576 3675 619 omnem
3733 555 4118 621 violentiam
4176 555 4299 623 ha-

2355 640 2554 706 benas
2619 639 2927 706 laxarint.
3018 640 3196 722 Quid
3261 640 3528 705 interim
3593 640 3834 708 misera
3906 642 4096 726 plebe
4160 643 4298 727 fiat,

2355 747 2522 810 quae
2579 724 2704 791 Dei
2762 728 3212 792 sanctuarium
3258 726 3694 792 nihilominus
3738 727 4043 793 observat
4080 741 4145 793 et
4189 749 4297 795 sa-

2353 813 2596 878 crificia
2639 813 2763 877 rite
2807 812 3004 877 colit?
3064 812 3383 878 Iniuriam
3430 821 3500 876 et
3540 814 3858 897 rapinam,
3914 813 4042 879 Dei
4086 822 4292 894 metu,

2353 899 2681 982 patienter
2753 897 3009 964 tolerat.
3099 897 3338 963 Annon
3404 897 3531 961 hoc
3596 898 3718 964 suit
3780 899 3910 964 Dei
3973 899 4296 983 templum

2351 985 2662 1062 involare,
2743 983 3086 1067 Deumque
3146 985 3362 1067 ipsum
3428 1005 3547 1049 suo
3612 983 3756 1050 loco
3822 984 4109 1068 pellere?
4180 984 4295 1054 Sic

2349 1070 2486 1135 fere
2530 1069 2743 1135 solent
2785 1071 3090 1154 flagitiosi
3136 1070 3455 1145 homines,
3513 1069 3579 1133 in
3627 1070 3906 1154 aliquem
3953 1070 4298 1155 dignitatis

2349 1155 2630 1239 gradum
2692 1158 2918 1236 evecti,
2977 1155 3106 1221 Dei
3148 1175 3389 1221 nomen
3440 1156 3751 1237 iactitare,
3796 1154 3971 1239 quod
4012 1155 4294 1222 ludibrio

2348 1251 2569 1307 tamen
2617 1240 2880 1307 habent.
2963 1242 3110 1307 Hoc
3153 1242 3229 1306 fit
3272 1242 3559 1306 maxime
3600 1244 4021 1325 conspicuum
4067 1243 4135 1308 in
4181 1243 4298 1308 illa

2347 1328 2667 1410 papistica
2723 1347 3079 1412 synagoga,
3138 1327 3207 1392 in
3254 1347 3385 1411 qua
3430 1327 3594 1392 nihil
3643 1330 3767 1392 nisi
3811 1338 4291 1394 sacrosanctam

2346 1415 2753 1480 maiestatem
2799 1413 2933 1493 Dei,
2968 1413 3309 1497 splendere
3354 1413 3616 1494 dixeris,
3662 1414 3828 1478 nihil
3866 1413 3993 1479 nisi
4029 1433 4291 1480 sacrum

2346 1508 2540 1582 atque
2614 1499 3010 1584 religiosum,
3087 1506 3162 1564 ut
3219 1499 3440 1564 miseri
3498 1519 3572 1565 ac
3627 1499 3952 1583 simplices
3995 1500 4291 1567 homines

2347 1586 2412 1650 in
2461 1584 2959 1651 admirationem
3005 1585 3365 1669 rapiantur.
3447 1584 3541 1650 At
3583 1584 3641 1650 si
3684 1587 3908 1667 vitam,
3972 1586 4029 1650 si
4075 1608 4290 1653 mores

2346 1672 2621 1737 istorum
2692 1671 3076 1754 inspexeris,
3153 1692 3370 1737 nonne
3428 1671 3660 1735 merito
3718 1670 3966 1736 dixeris
4024 1687 4287 1738 omnem

2347 1757 2729 1841 religionem
2765 1758 2943 1840 ipsos
2981 1766 3177 1840 atque
3213 1758 3704 1823 sanctimoniam
3749 1759 4051 1837 eiurasse,
4094 1768 4290 1841 atque

2345 1844 2607 1926 penitus
2653 1844 3039 1910 exstinctam
3097 1851 3292 1926 atque
3338 1843 3643 1909 abolitam
3681 1842 3894 1909 velle?
3941 1844 4076 1909 Nos
4113 1864 4286 1925 vero,

2346 1950 2472 2012 quo
2539 1929 2750 1994 maior
2812 1930 3087 1994 istorum
3155 1930 3337 1993 furor
3394 1938 3585 2012 atque
3630 1929 3890 1995 insania
3930 1929 4146 2008 fuerit,
4213 1933 4289 1997 in

2347 2014 2479 2080 Dei
2525 2014 2716 2080 donis
2781 2014 3273 2080 contemnendis
3340 2023 3407 2079 et
3471 2013 3742 2099 pedibus
3809 2016 4287 2099 conculcandis,

2344 2121 2422 2167 eo
2487 2099 2870 2186 diligentius
2933 2122 3284 2167 caveamus
3351 2121 3434 2166 ne
3499 2121 3537 2166 a
3603 2101 3735 2166 fide
3792 2101 3896 2167 vel
3956 2102 4286 2169 tantillum

2343 2186 2824 2253 dimoveamur:
2907 2207 3120 2269 neque
3179 2186 3353 2251 enim
3415 2186 3612 2253 huius
3671 2195 3923 2254 tantum
3970 2189 4083 2253 illa
4128 2198 4288 2256 sunt

2343 2273 2672 2356 temporis,
2716 2272 2829 2339 sed
2865 2273 3159 2338 omnium
3196 2273 3601 2338 saeculorum
3643 2273 3963 2358 exempla.
4052 2274 4285 2359 Neque

2341 2360 2515 2425 enim
2544 2380 2831 2443 unquam
2870 2358 3163 2425 diabolus
3206 2357 3579 2441 conquievit
3623 2362 3783 2443 quin
3816 2359 4127 2443 praedam
4164 2362 4286 2427 ali·

2334 2466 2532 2528 quam
2593 2446 2769 2510 inter
2811 2445 3111 2509 homines
3160 2454 3531 2528 venaretur,
3592 2446 3780 2512 cuius
3823 2447 3894 2510 in
3938 2446 4125 2512 nobis
4171 2448 4284 2515 de-

2339 2530 2674 2615 cipiendis,
2719 2529 3111 2596 invadendis
3149 2550 3225 2595 ac
3262 2530 3700 2614 deglutiendis
3746 2532 3868 2598 has
3911 2544 4065 2598 sunt
4109 2541 4284 2601 artes

2337 2616 2822 2683 usitatissimae.
2909 2615 3005 2681 At
3044 2615 3303 2681 fortiter
3345 2616 3817 2702 obsistendum,
3862 2630 4056 2702 atque
4102 2620 4283 2685 omni

2337 2725 2496 2770 cura
2538 2713 2604 2769 et
2646 2703 2869 2768 labore
2911 2701 3324 2769 efficiendum
3371 2724 3456 2768 ne
3492 2703 3832 2768 hominum
3867 2704 4283 2787 improbitate

2337 2810 2377 2854 a
2444 2789 2631 2856 verbi
2697 2787 2908 2853 divini
2973 2786 3185 2854 studio
3251 2797 3660 2856 avertamur:
3731 2812 3896 2856 neve
3941 2812 4061 2856 nos
4104 2790 4280 2859 illius
4337 2865 4342 2870 ,

2335 2875 2553 2958 capiat
2612 2874 2822 2940 ullum
2880 2873 3235 2953 fastidium,
3305 2873 3480 2957 quod
3538 2884 4024 2942 sacrosanctum
4084 2886 4281 2960 atque

2334 2961 2724 3027 inviolatum
2781 2980 3040 3043 semper
3096 2980 3237 3025 esse
3294 2958 3466 3045 apud
3532 2981 3649 3026 nos
3710 2969 3981 3043 oportet.
4071 2964 4278 3029 Porro

2334 3049 2663 3113 maximus
2720 3057 2785 3112 et
2844 3044 3295 3111 intolerandus
3353 3047 3419 3110 in
3476 3044 3622 3112 istis
3679 3047 4123 3113 sacerdotibus
4181 3048 4280 3113 di-

2335 3133 2529 3199 vinae
2570 3133 2934 3198 maiestatis
2969 3139 3398 3215 contemptus,
3445 3131 3551 3199 hic
3587 3132 3775 3197 nobis
3812 3132 4279 3216 observandus,

2337 3218 2408 3283 in
2451 3240 2526 3304 eo
2572 3217 2742 3301 quod
2785 3216 3023 3285 crudas
3066 3237 3299 3282 carnes
3343 3219 3408 3283 vi
3445 3219 3738 3302 rapuisse
3777 3217 4103 3302 dicuntur,
4148 3221 4277 3287 nisi

2333 3304 2709 3389 petentibus
2797 3314 3028 3388 sponte
3108 3323 3148 3367 a
3212 3303 3399 3387 plebe
3466 3304 3875 3370 sacrificante
3941 3304 4277 3372 darentur.

2334 3392 2603 3475 Ergone
2667 3390 2736 3456 in
2773 3390 2946 3473 'ipso
3013 3389 3293 3472 temple,
3375 3388 3664 3456 velutin
3733 3388 4075 3474 spelunca,
4155 3392 4276 3458 soli

2334 3477 2515 3543 locus
2573 3485 2672 3542 est
2734 3474 3126 3540 violentiae?
3198 3475 3501 3540 Notanda
3558 3476 3732 3540 enim
3784 3478 4278 3545 circumstantia

2334 3564 2625 3647 responsi
2704 3583 2929 3628 eorum
3010 3560 3120 3645 qui
3202 3561 3523 3629 sacrificia
3588 3561 3976 3627 offerebant:
4064 3583 4275 3647 neque

2332 3651 2506 3714 enim
2566 3647 2646 3714 de
2701 3648 2847 3713 istis
2904 3647 3073 3732 quod
3128 3647 3276 3729 plus
3336 3668 3528 3731 quam
3585 3670 3667 3713 ex
3713 3650 4112 3733 praescripto
4156 3671 4275 3732 par

2331 3736 2417 3801 sit
2482 3735 2802 3816 auferant,
2870 3732 2984 3798 sed
3049 3733 3372 3816 patienter
3435 3733 3741 3798 iniuriam
3805 3734 4106 3813 tolerant,
4172 3736 4276 3803 his

2329 3820 2580 3887 verbis:
2667 3821 2931 3886 Inceneo
3012 3820 3202 3901 adipe
3245 3819 3388 3884 tolle
3439 3820 3554 3885 tibi
3605 3824 3909 3902 quantum
3960 3821 4276 3888 desiderat

2329 3909 2547 3972 anima
2602 3911 2735 3973 tua.
2825 3907 2929 3970 En
2998 3925 3195 3988 quam
3261 3905 3590 3987 patienter
3653 3905 3904 3971 illatam
3962 3907 4271 3973 iniuriam

2329 3991 2451 4058 sibi
2517 3991 2750 4069 ferant,
2819 4012 2981 4074 quos
3046 3990 3190 4055 Deo
3255 3990 3379 4056 rite
3451 3991 3862 4058 sacrificandi
3905 3992 4135 4077 religio
4181 4001 4274 4059 te-

2325 4080 2538 4145 nebat.
2629 4076 3016 4145 Sacerdotes
3075 4077 3248 4141 enim
3310 4076 3467 4142 istos
3526 4079 3685 4142 sat-is
3730 4076 4271 4145 animadvertunt

2321 4186 2463 4230 rem
2528 4184 2780 4231 sacram
2851 4163 2920 4228 vi
2985 4183 3229 4244 rapere,
3295 4169 3360 4225 et
3422 4162 3849 4229 nihilominus
3916 4164 3996 4229 ab
4063 4164 4268 4229 hono·

2322 4250 2516 4317 randi
2562 4251 2691 4315 Dei
2734 4248 2870 4313 zelo
2907 4256 2975 4314 et
3009 4247 3227 4313 studio
3265 4248 3535 4312 minime
3572 4248 4009 4316 dimoventur.
4053 4250 4264 4317 'Panto

2318 4338 2540 4421 itaque
2597 4335 2920 4420 insignior
2975 4345 3075 4401 est
3119 4334 3508 4400 miscrorum
3574 4334 3849 4400 istorum
3917 4334 4256 4400 hominum

2321 4425 2528 4506 pietas
2573 4431 2640 4488 et
2683 4422 2931 4506 religio,
2978 4442 3105 4503 quo
3148 4422 3218 4485 in
3262 4420 3704 4487 sacerdotibus
3748 4422 3954 4486 maior
3997 4430 4095 4487 est
4139 4423 4261 4485 im·

2321 4512 2551 4594 pietas,
2611 4517 2678 4574 et
2722 4509 2933 4573 omnis
2976 4506 3184 4571 divini
3229 4515 3429 4589 atque
3503 4507 3775 4572 humani
3842 4507 4004 4571 iuris
4048 4507 4260 4591 magis

2320 4594 2593 4679 profana
2651 4594 2935 4660 violatio.
3023 4592 3137 4657 Illi
3196 4593 3371 4656 enim
3433 4594 3759 4677 patienter
3811 4592 4124 4657 iniuriam
4167 4593 4259 4658 fe-

2321 4691 2497 4758 runt,
2559 4680 2631 4746 hi
2676 4680 2757 4746 ad
2803 4679 3092 4744 malitiae
3134 4678 3490 4760 cumulum,
3550 4679 3676 4743 Dei
3723 4678 3900 4743 cultu
3949 4678 4260 4762 neglecte,

2320 4768 2697 4833 deveniunt.
2791 4765 3033 4831 Annon
3097 4764 3273 4830 enim
3340 4786 3460 4830 sua
3530 4763 3987 4841 sacerdotibus,
4055 4765 4261 4847 ipsius

2318 4854 2449 4919 Dei
2515 4851 2823 4918 mandato
2890 4863 2957 4916 et
3021 4851 3431 4935 praescript0‚
3511 4851 3771 4933 propria
3844 4849 4053 4932 portio
4119 4860 4263 4916 erat

2319 4937 2698 5023 assignata?
2770 4937 2964 5014 Sane,
3024 4936 3136 5003 sed
3195 4937 3262 5000 in
3324 4955 3472 5000 eum
3533 4937 3751 5016 finem,
3808 4945 3883 4999 ut
3924 4935 4142 5001 Deum
4189 4937 4260 5002 in

2319 5025 2693 5091 sanctuario
2760 5023 2993 5090 debitis
3052 5022 3407 5087 honoribus
3465 5029 4032 5105 prosequerentur.
4122 5020 4257 5089 Sed

2320 5111 2429 5178 hic
2484 5108 2656 5196 apud
2711 5111 2871 5176 istos
2928 5110 3139 5174 omnis
3182 5107 3308 5170 Dei
3353 5107 3551 5170 timor
3593 5107 3898 5186 concidit,
3964 5129 4040 5175 ac
4083 5129 4260 5176 mor-

2320 5196 2484 5264 tales
2545 5197 3033 5273 homunciones,
3106 5194 3307 5259 immo
3351 5192 3568 5277 potius
3613 5192 3933 5275 lumbrici,
3991 5216 4029 5261 o
4073 5195 4266 5280 flagi-
