5059 6059
843 330 968 395 703
2534 324 2944 392 HominiA
2992 324 3133 390 cv,
4619 338 4701 406 Μ

1466 518 1879 600 HOMILI
1887 522 1962 600 A
2011 518 2173 599 CV.
2887 513 3083 591 visse,
3131 513 3245 578 sed
3290 515 3577 597 iniquius
3613 537 3760 586 cum
3800 516 3963 599 ipsis
3999 538 4194 602 agere
4216 517 4500 593 voluisse,
4533 534 4706 603 partim

2887 600 3165 683 praedae
3222 621 3368 665 cum
3431 603 3587 682 ipsis
3643 606 4126 667 communicare
4182 617 4555 670 recusantes:
4598 630 4704 692 quie

1014 689 1117 753 21.
1180 688 1368 754 Venit
1425 693 1632 754 autem
1691 686 1908 754 David
1964 689 2052 753 ad
2105 688 2389 754 ducentos
2447 689 2618 752 viros
2675 688 2786 769 qui
2886 687 3134 751 occasio
3199 688 3328 750 fuit
3398 686 3670 752 Davidis
3732 689 4021 752 iustitiae
4088 700 4155 751 et
4221 691 4536 772 aequitatis
4591 710 4705 775 pite-

842 775 1004 840 lassi
1046 774 1466 855 substiterant,
1522 795 1627 840 nec
1683 774 1859 855 sequi
1908 779 2237 855 potuerant
2286 774 2516 851 David,
2575 779 2634 837 et
2690 794 2785 837 re·
2887 771 3201 848 facienda,
3246 772 3360 855 qui
3397 772 3560 836 nulli
3601 775 3808 837 facere
3846 775 4153 838 iniuriam
4193 776 4419 850 voluit,
4456 778 4544 841 sed
4573 780 4713 847 fideli·

840 862 1047 926 sidere
1087 881 1188 926 eos
1231 861 1507 926 iusserat
1548 862 1617 924 in
1649 865 1911 924 torrente
1947 859 2181 925 Besor:
2222 862 2332 941 qui
2375 860 2606 942 cyressi
2637 864 2786 923 sunt
2885 870 2988 920 ter
3045 879 3201 941 erga
3259 878 3484 922 omnes
3542 870 3857 941 quantum
3918 862 3983 924 in
4038 861 4180 944 ipsc
4238 862 4360 924 fuit
4412 882 4527 927 sese
4560 870 4710 947 gessit.

843 946 1087 1012 obviam
1131 945 1369 1026 David,
1429 953 1483 1011 et
1532 946 1768 1028 populo
1825 948 1933 1028 qui
1975 952 2109 1010 erat
2149 966 2290 1011 cum
2332 968 2435 1011 eo.-
2495 946 2785 1010 accedens
2882 942 3148 1008 Dicitur
3202 945 3420 1025 itaque
3478 947 3581 1009 vir
3638 948 3902 1026 quisque
3948 947 4270 1027 pessimus·
4327 952 4387 1010 ct
4437 950 4641 1030 iniquus
4666 954 4715 1018 de

840 1038 1047 1098 autem
1113 1031 1335 1097 David
1406 1034 1492 1098 ad
1558 1030 1865 1113 populum
1883 1081 1898 1109 ,
1979 1030 2279 1096 salutavit
2340 1052 2444 1096 eos
2499 1030 2780 1111 pacifice.
2881 1029 3047 1093 viris
3089 1031 3200 1111 qui
3242 1035 3419 1094 eraut
3457 1049 3598 1094 cum
3639 1030 3888 1096 Davidc
3927 1032 4189 1111 dixisse,
4231 1052 4356 1096 non
4390 1052 4502 1097 esse
4527 1056 4713 1117 amum

842 1117 1522 1267 22.Res130nderitsque
1563 1118 1907 1268 ogniifdvig
1921 1118 2277 1283 ‚passigtz‘aes
2322 1123 2378 1183 et
2412 1119 2672 1198 iniquus
2704 1116 2784 1265 dg
2881 1120 2959 1179 ut
2991 1116 3733 1280 communicaz‘etggiocum
3777 1117 4240 1268 ίρῗῖἀρναεέἰαᾳ,
4273 1117 4720 1271 θῗεέἇιιίαξιωηῦξὶ

842 1224 1006 1269 viris
1137 1224 1356 1268 seran
1424 1225 1563 1270 cum
1654 1224 1820 1281 av,
1908 1222 2058 1267 taxi:
2212 1222 2717 1268 ianonveueru
2881 1220 3377 1266 uxoressuase
3591 1222 3819 1267 ssuos
3978 1224 4123 1268 ucer
4465 1226 4497 1267 r
4701 1245 4720 1258 ·

840 1225 1176 1372 uobiscgum,
1220 1309 1343 1353 uon
1385 1290 1676 1355 dabimus
1714 1290 1803 1354 iis
1835 1290 2180 1371 quidquam
2213 1290 2289 1353 de
2322 1290 2572 1369 praeda
2593 1308 2784 1369 quam
2885 1287 3101 1349 videm
3165 1299 3382 1350 autem
3453 1287 3603 1352 huic
3669 1290 3938 1352 consilio
4004 1289 4324 1354 restitisse
4390 1301 4450 1353 et
4505 1256 4721 1358 <inisse

842 1377 1160 1441 eruimus:
1216 1376 1324 1439 sed
1387 1374 1667 1457 sufficiat
1728 1376 2062 1455 unicuique
2123 1395 2288 1438 uxor
2337 1396 2458 1438 sua
2519 1379 2577 1438 et
2638 1373 2780 1451 tilii,
2883 1393 3208 1436 summam
3253 1375 3441 1436 istam
3501 1374 3639 1437 fore
3697 1373 4262 1456 iugratitudinem,
4329 1376 4458 1439 Deo
4496 1390 4551 1439 et
4589 1382 4724 1441 homi·

842 1482 1000 1545 quos
1040 1481 1233 1543 quum
1275 1464 1623 1541 acceperint
1660 1461 1961 1525 recedant.
2016 1460 2121 1525 23.
2165 1459 2358 1526 Dixit
2399 1465 2603 1525 autem
2649 1459 2785 1524 Da·
2827 1476 2835 1589 ¹
2886 1459 3079 1522 nibus
3125 1478 3410 1537 exosam,
3455 1459 3629 1540 quod
3674 1460 3857 1524 Deus
3903 1460 4250 1524 tradiderit
4285 1461 4566 1543 praedam
4602 1463 4726 1527 inim

845 1548 983 1613 vid:
1034 1546 1179 1612 Non
1213 1547 1305 1610 sic
1335 1547 1599 1628 facietis,
1640 1547 1874 1627 fratres
1893 1548 2038 1625 mei,
2082 1547 2160 1610 de
2195 1546 2297 1609 liis
2339 1567 2496 1627 quae
2518 1546 2786 1610 tradidit
2881 1544 2949 1607 in
2999 1563 3230 1608 manus
3275 1546 3582 1625 ipsorum,
3644 1558 3709 1608 et
3773 1546 4109 1609 hominum
4172 1547 4371 1609 etiam
4427 1545 4629 1613 iudicio
4659 1551 4729 1611 de·

844 1632 1023 1699 nobis
1064 1632 1399 1710 Dominus,
1445 1638 1500 1696 et
1541 1632 1866 1696 custodivit
1907 1651 2043 1711 nos,
2088 1637 2142 1695 et
2184 1633 2357 1697 dedit
2400 1630 2783 1697 latrunculos
2828 1594 2835 1675 Ῑ
2888 1629 3033 1692 beat
3078 1630 3299 1693 eadem
3348 1651 3488 1695 esse
3535 1650 3683 1711 pars
3730 1631 4198 1713 proficiscentis
4243 1632 4328 1695 ad
4373 1632 4658 1713 praelium,
4687 1644 4729 1697 et

841 1720 953 1801 qui
975 1723 1309 1799 eruperant
1328 1719 1662 1783 adversum
1682 1738 1816 1797 nos,
1851 1718 1920 1781 iu
1941 1737 2172 1782 manus
2192 1723 2473 1782 nostras.-
2516 1717 2622 1782 24.
2653 1716 2783 1780 Nec
2828 1684 2834 1797 1
2882 1716 2965 1778 ad
3010 1716 3474 1796 impedimenta
3519 1719 3938 1781 remanentis.
4030 1717 4263 1800 Itaque
4309 1718 4560 1782 iussisse
4601 1719 4735 1782 Davi·

841 1805 1056 1869 audiet
1095 1824 1203 1868 vos
1245 1806 1580 1886 quisquam
1624 1825 1814 1884 super
1856 1823 2133 1869 sermone
2176 1803 2318 1867 lwc:
2374 1824 2574 1884 aequa
2617 1804 2782 1867 enim
2828 1812 2835 1897 Ι
2883 1800 3028 1864 dem
3097 1802 3454 1882 aequaliter
3519 1802 3725 1865 dividi
3794 1803 4101 1883 praedam
4169 1809 4348 1867 inter
4403 1824 4503 1867 eos
4555 1807 4642 1885 qui
4681 1803 4736 1867 id

831 1909 998 1971 pars
1041 1891 1161 1955 erit
1200 1890 1615 1955 descendentis
1657 1890 1742 1954 ad
1776 1891 2111 1971 praelium,
2173 1895 2227 1953 et
2271 1891 2655 1953 remanentis
2696 1889 2782 1953 ad
2829 1918 2834 1951 ι
2883 1887 3201 1969 praelium
3248 1887 3514 1969 profecti
3560 1901 3765 1966 erant,
3811 1900 3877 1951 et
3920 1910 4029 1952 eos
4070 1892 4178 1970 qui
4227 1889 4308 1952 ad
4357 1889 4742 1971 impedimenti

841 1975 1153 2051 sarcinas,
1196 1980 1251 2039 et
1291 1976 1585 2040 similiter
1626 1975 1922 2039 divident.
1983 1976 2086 2040 25.
2135 1975 2221 2038 Et
2260 1977 2494 2054 factum
2536 1981 2628 2039 est
2669 1973 2783 2039 hoc
2883 1985 3352 2037 remanserant.
3442 1972 3632 2053 Quod
3694 1994 3854 2037 vero
3913 1976 4224 2039 dicuntur
4281 1975 4411 2039 viri
4457 1976 4678 2055 pessimi
4706 1980 4740 2037 d

841 2082 918 2125 ex
958 2062 1063 2126 die
1103 2060 1238 2136 illa,
1297 2066 1351 2124 et
1393 2063 1680 2141 deinceps
1717 2062 2107 2125 constitutum
2150 2066 2204 2125 et
2236 2061 2666 2141 praefinitum,
2727 2064 2784 2123 et
2883 2059 3094 2139 iniqui
3151 2057 3609 2141 investiganda
3667 2080 3863 2124 causa
3920 2072 4039 2124 est.
4123 2060 4333 2125 Nemo
4390 2062 4557 2124 enim
4592 2062 4745 2143 primi

842 2148 1028 2229 quasi
1071 2147 1169 2211 lex
1212 2150 1283 2210 in
1328 2146 1540 2213 Israel
1587 2167 1788 2229 usque
1844 2148 1913 2209 in
1967 2148 2133 2211 diem
2175 2146 2351 2210 hanc.
2440 2148 2542 2211 26.
2607 2145 2783 2210 Venit
2885 2146 3096 2208 fronte
3165 2144 3324 2209 tales
3390 2146 3552 2208 istos
3609 2144 3809 2209 fuisse
3870 2145 4129 2224 dixerit,
4196 2146 4515 2228 siquidem
4563 2147 4744 2209 ratione

843 2254 984 2316 erqo
1026 2232 1247 2300 David
1293 2233 1362 2298 iu
1391 2232 1638 2316 Sicelcy,
1685 2238 1742 2297 et
1779 2234 1956 2296 misit
1989 2233 2153 2297 dona
2193 2233 2270 2297 de
2305 2234 2548 2312 praeda
2583 2232 2783 2296 senio-
2829 2264 2836 2315 l
2882 2230 3159 2313 quadam
3199 2231 3319 2294 niti
3360 2231 3685 2295 videntur.
3737 2230 3964 2315 Neque
4001 2234 4174 2296 enim
4214 2232 4500 2296 alienum
4524 2233 4745 2314 rapiunt:

840 2319 1018 2383 ribus
1057 2320 1229 2384 Iuda
1260 2321 1588 2400 proximis
1622 2320 1778 2395 suis,
1824 2319 2063 2382 dicens:
2107 2320 2390 2397 Accipite
2431 2318 2784 2382 benedictio·
2831 2320 2835 2331 ’
2883 2313 2996 2378 sed
3042 2318 3228 2379 aiunt
3269 2337 3339 2380 se
3383 2318 3556 2381 vitae
3600 2337 3758 2382 suae
3818 2318 4105 2400 periculo
4150 2317 4469 2400 praedam
4509 2318 4660 2380 illam
4692 2317 4748 2380 fe·

843 2425 983 2469 uem
1039 2405 1114 2469 de
1144 2406 1397 2487 praeda
1455 2405 1724 2470 hostium
1767 2403 2066 2470 Domini.-
2128 2404 2230 2469 27.
2281 2404 2408 2468 His
2448 2406 2563 2486 qui
2604 2408 2782 2467 erant
2830 2358 2835 2463 1
2884 2403 3066 2479 cisse,
3118 2401 3394 2483 ideoque
3438 2422 3715 2485 aequum
3761 2425 3904 2467 esse
3949 2413 4020 2467 ut
4065 2425 4259 2486 quam
4309 2405 4592 2468 fecerunt
4628 2422 4746 2483 prie-

844 2491 917 2554 iu
955 2489 1192 2568 Bethel,
1250 2495 1323 2554 et.
1347 2492 1458 2571 qui
1498 2492 1572 2556 iu
1618 2489 1886 2554 Ramoth
1937 2492 2022 2553 ad
2062 2491 2400 2564 meridiem.
2460 2494 2516 2554 et
2553 2489 2670 2570 qui
2711 2490 2783 2552 iu
2830 2482 2836 2531 Ι
2885 2487 3034 2552 dam
3082 2489 3433 2564 retineant,
3488 2499 3556 2552 et
3610 2492 3718 2570 qui
3766 2490 3976 2553 securi
4020 2489 4100 2552 ad
4160 2500 4520 2553 torrentem
4565 2508 4748 2551 reman-

851 2576 1096 2656 Gether,
1183 2576 1288 2640 28.
1335 2576 1423 2640 Et
1464 2577 1576 2658 qui
1617 2577 1691 2640 iu
1736 2579 1955 2653 Aroer,
2014 2582 2071 2640 et
2111 2577 2222 2657 qui
2265 2577 2335 2638 iii
2385 2574 2780 2656 Sephamoth,
2830 2542 2836 2633 Ι
2887 2582 3110 2637 serant
3162 2573 3303 2636 sine
3365 2572 3613 2649 labore,
3674 2594 3955 2639 uxorum
4014 2596 4284 2640 suarum
4348 2591 4416 2639 et
4477 2576 4748 2638 liberorum

844 2667 900 2726 et
942 2663 1052 2743 qui
1095 2662 1166 2725 iu
1208 2659 1530 2740 Esthama
1598 2661 1704 2727 29.
1750 2660 1838 2725 Et
1879 2664 1991 2742 qui
2034 2662 2106 2726 iu
2151 2661 2419 2742 Rachel,
2464 2667 2519 2724 et
2560 2661 2671 2742 qui
2714 2662 2782 2724 in
2831 2640 2837 2737 1
2887 2658 3255 2739 receptione
3298 2661 3586 2725 contenti
3638 2661 3788 2726 sint.
3837 2661 3978 2725 Hos
4015 2663 4219 2743 igitur
4244 2662 4432 2725 viros
4470 2662 4643 2734 dicas,
4678 2655 4756 2720 etsi

843 2747 1106 2813 urbibus
1150 2748 1472 2828 Ierameel,
1517 2753 1571 2813 et
1613 2750 1722 2829 qui
1766 2749 1833 2811 in
1876 2747 2138 2812 urbibus
2177 2748 2346 2827 Geni,
2400 2747 2504 2812 30.
2555 2746 2640 2809 Et
2671 2747 2784 2826 qui
2831 2742 2837 2817 Ι
2887 2744 3052 2808 lucri
3103 2746 3373 2808 nimium
3410 2745 3676 2826 cupidos
3711 2760 3777 2810 et
3814 2768 4041 2829 parum
4072 2749 4398 2811 humanos
4424 2766 4574 2829 erga
4594 2748 4756 2819 socios,

843 2834 915 2897 iu
960 2833 1275 2911 Harmina,
1335 2839 1393 2898 et
1447 2834 1558 2914 qui
1614 2836 1688 2897 iu
1744 2834 1886 2898 lacu
1928 2832 2127 2897 Asau.
2192 2838 2249 2895 et
2291 2834 2402 2914 qui
2440 2835 2512 2898 iu
2554 2832 2781 2915 Atach,
2832 2822 2840 2899 ἱ
2887 2851 3013 2895 non
3063 2829 3298 2894 debere
3343 2844 3560 2895 tamen
3606 2834 3894 2897 accusari
3941 2854 4154 2914 neque
4210 2832 4631 2897 condemnari
4669 2844 4762 2891 tim·

842 2919 948 2985 31.
994 2918 1085 2983 Et
1123 2920 1235 2999 qui
1291 2920 1360 2983 iu
1407 2918 1676 2993 Hebron,
1735 2924 1789 2983 et
1846 2919 2109 3000 reliquis
2164 2922 2276 3000 qui
2334 2924 2513 2983 erant
2568 2920 2638 2982 in
2681 2918 2784 2982 his
2832 2906 2838 2979 Ι
2885 2938 3079 2999 quam
3137 2917 3449 2998 pessimos
3511 2919 3701 2982 viros.
3791 2918 3959 2982 Nam
4018 2920 4131 3001 qui
4189 2940 4298 2983 res
4369 2939 4527 2983 suas
4578 2932 4764 2980 summo

844 3006 1012 3083 locis,
1058 3006 1125 3069 in
1171 3004 1398 3086 quibus
1430 3010 1845 3071 commoratus
1875 3007 2091 3085 fuerat
2111 3005 2351 3089 David,
2396 3010 2452 3069 et
2479 3005 2607 3067 viri
2626 3005 2781 3069 eius.
2831 2986 2838 3067 ι’
2884 3005 3025 3066 iure
3084 3004 3513 3084 persequitur,
3589 3007 3709 3067 etsi
3785 3005 4035 3068 lucrum
4092 3024 4290 3067 suum
4359 3004 4615 3086 quaerit
4658 3018 4764 3082 quo-

1019 3090 1361 3169 Qiiomodo
1405 3112 1708 3156 concessa
1764 3091 1884 3155 sibi
1947 3092 2024 3154 de
2076 3092 2452 3155 Amaiecitis
2511 3091 2782 3154 victoria
2830 3096 2836 3157 1
2886 3088 3230 3152 dammodo
3256 3102 3471 3153 tamen
3498 3087 3758 3153 videtur
3782 3091 4214 3156 excusandus.
4244 3090 4392 3155 Sed
4419 3089 4545 3153 Dei
4568 3088 4768 3169 spiritus

844 3175 1061 3240 David
1110 3198 1263 3240 usus
1308 3180 1411 3254 sit,
1461 3197 1748 3259 quasque
1777 3178 1914 3240 Deo
1960 3176 2204 3257 gratias
2241 3178 2446 3260 egerit
2486 3176 2554 3239 in
2593 3195 2778 3257 prae·
2829 3178 2836 3311 Ι
2884 3174 3078 3256 longe
3125 3174 3314 3238 aliter
3358 3174 3438 3238 de
3482 3176 3622 3237 istis
3667 3177 3888 3253 sentit,
3941 3196 4102 3257 quos
4151 3198 4286 3239 non
4342 3175 4537 3240 modo
4577 3187 4767 3257 pravus„

843 3263 1058 3330 sentia
1084 3263 1267 3327 uobis
1291 3264 1834 3327 considerandum
1859 3264 2158 3327 occurrit.
2206 3263 2284 3326 In
2319 3264 2550 3345 primis
2574 3263 2779 3345 igitur
2885 3259 2999 3324 sed
3046 3261 3238 3324 etiam
3282 3279 3560 3341 nequam
3599 3273 3667 3323 et
3705 3262 3963 3343 iniquos
4004 3278 4209 3325 vocat.
4259 3261 4535 3341 Quibus
4569 3258 4772 3321 vocibus

845 3348 1147 3431 audimus
1182 3349 1503 3412 Davidem
1551 3347 1631 3410 ad
1678 3348 1988 3412 ducentos
2030 3348 2175 3412 illos
2225 3350 2398 3413 viros
2442 3369 2601 3429 quos
2645 3349 2779 3412 ius·
2828 3324 2835 3417 Ῐ
2884 3366 3141 3409 summa
3199 3350 3490 3428 pravitas
3549 3360 3612 3410 et
3671 3350 4000 3428 corruptio
4059 3345 4486 3430 designatur,
4549 3364 4689 3428 quae
4720 3336 4770 3402 8¹1

845 3445 1021 3498 serat
1050 3436 1116 3496 in
1159 3444 1446 3499 torrente
1484 3434 1786 3511 residere,
1833 3434 2032 3498 fuisse
2078 3455 2432 3508 reversum,
2483 3434 2626 3497 illos
2671 3433 2781 3496 ob-
2829 3440 2835 3511 Ι
2882 3452 3075 3496 omne
3121 3432 3366 3495 malum
3414 3434 3599 3496 ferat.
3652 3434 3835 3496 Dura
3878 3454 4037 3497 sane
4080 3445 4146 3496 et
4189 3454 4446 3497 severa
4491 3427 4775 3497 sententia:

846 3521 1020 3583 viam
1067 3518 1312 3583 Davidi
1360 3541 1686 3604 egressos:
1733 3520 2141 3584 accedentem
2192 3533 2407 3584 autem
2459 3518 2779 3584 Davidem
2883 3518 2994 3666 sed
3043 3538 3236 3666 ᾳιιιίξι
3283 3536 3417 3580 non
3468 3518 3758 3582 mortalis
3819 3518 4032 3667 h⁰f¹⁰'
4091 3519 4208 3582 sed
4270 3520 4428 3601 ipse
4473 3518 4642 3581 Deus
4678 3532 4775 3605 profi

846 3624 956 3669 eos
1001 3605 1263 3686 pacifice
1307 3607 1714 3670 saliitavisse.
1792 3606 1899 3669 Ex
1945 3627 2073 3687 quo
2132 3620 2405 3687 apparet
2445 3608 2607 3669 istos
2653 3627 2778 3668 non
2883 3614 2952 3667 tu
2983 3603 3051 3666 it.
3208 3614 3387 3666 atum
3449 3605 3655 3685 igitur
3700 3616 3836 3668 esto
3939 3618 4230 3668 eci-etum
4302 3626 4426 3669 eos
4469 3623 4676 3668 omnes
4707 3614 4779 3679 qm

847 3691 1140 3840 igbnaviab
1156 3701 1220 3753 et
1267 3692 1614 3755 timiditate
1650 3692 2017 3755 substitisse
2040 3691 2119 3755 ad
2158 3704 2514 3841 torrentet‘rii
2557 3690 2784 3773 procul
2882 3691 3016 3753 suis
3059 3689 3414 3837 eomlilnodis
3458 3691 3668 3753 alieno
3713 3688 4107 3839 ἀθενίἑυθῃὲο
4155 3691 4480 3839 effigient,
4521 3687 4778 3833 impioshet

848 3798 885 3840 a
985 3776 1095 3838 icti
1146 3796 1249 3850 us,
1310 3778 1419 3840 sed
1483 3779 1866 3842 necessitate
1923 3788 2178 3842 coactos
2237 3800 2468 3860 quema
2520 3778 2777 3841 modum
2884 3796 3159 3856 nequam
3245 3776 3496 3840 omines
3541 3797 3698 3853 esse,
3758 3777 3870 3857 qui
3919 3777 4027 3858 qui
4129 3789 4252 3839 tan
4312 3798 4427 3840 em
4475 3794 4673 3841 coram
4738 3788 4782 3831 0·

844 3872 1037 3927 antea
1062 3860 1360 3926 vidimus.
1405 3864 1572 3926 Nam
1620 3864 1673 3926 si
1719 3863 1840 3926 sibi
1882 3864 2157 3928 alicuius
2202 3864 2503 3948 ignaviae
2542 3863 2781 3927 conscii
2830 3806 2838 3869 ζ
2882 3862 3166 3925 minibus
3213 3874 3621 3943 praetexant,
3666 3875 3740 3925 ut
3775 3875 3930 3925 sunt
3955 3865 4114 3926 satis
4157 3862 4512 3946 ingeniosi
4557 3856 4780 3923 homine!

848 3949 1145 4046 fuissent,
1208 3966 1612 4048 nequaquam
1671 3962 1785 4012 aut
1830 3950 2069 4013 Davidi
2129 3961 2264 4048 aut.
2304 3950 2415 4013 ulli
2464 3973 2546 4048 ex
2592 3949 2782 4013 sociis
2883 3947 3198 4047 adfaria
3241 3947 3487 4029 effugia
3508 3947 3896 4048 quaerenda,
3942 3961 4007 4011 et
4053 3949 4436 4045 aid-fucum
4486 3942 4782 4042 homiuibtt

844 4054 1073 4099 venire
1133 4031 1389 4132 obViam
1451 4054 1590 4097 ausi
1654 4047 1902 4098 essent:
1962 4035 2074 4098 sed
2135 4051 2349 4119 potius
2379 4035 2631 4134 ’aliquo
2678 4033 2779 4133 isel
2830 4040 2836 4099 Ι
2884 4032 3250 4097 faciendum
3295 4053 3491 4112 quum
3520 4034 3600 4096 de
3635 4054 4020 4133 reipsorum
4060 4045 4335 4133 agitur:
4389 4021 4782 4132 sed-qmdqmd

843 4118 1389 4270 pudoreSsudffusL,
1436 4119 1541 4218 yel
1586 4119 1857 4218 rebelies
1903 4142 1984 4184 ex
2029 4133 2438 4185 contumacia
2465 4141 2778 4220 'secessis-
2884 4129 3304 4266 pfaetexant,
3384 4121 3575 4218 firma
3642 4131 3708 4183 et
3773 4120 4226 4219 irrevocabilis
4266 4134 4529 4271 ἐαᾳοιι
4587 4127 4782 4260 spirihtffi

846 4217 1011 4270 sent.
1157 4226 1191 4267 e
1303 4227 1340 4267 o
1392 4225 1562 4268 viam
1632 4219 1907 4269 veniunt
1974 4217 2081 4271 tan
2132 4227 2281 4269 uam
2350 4228 2577 4270 amieis
2682 4227 2779 4269 ui·
2887 4216 3076 4268 aiter
3134 4215 3477 4267 sentientis
3537 4216 3760 4268 manet
3819 4219 4164 4269 sententia.
4339 4220 4432 4271 tsi
4503 4225 4665 4270 enim

850 4293 1114 4356 biiseum
1161 4290 1480 4373 quotlibet
1526 4291 1817 4372 pericula
1848 4228 2250 4389 ‘subireqnon
2298 4228 2782 4370 recusaverant,
2889 4291 3024 4354 loco
3072 4289 3162 4389 de·
3211 4292 3351 4353 iure
3395 4290 3674 4390 militari·
3722 4292 3959 4374 agitur,
4021 4294 4376 4374 generalis
4444 4308 4654 4392 tamen
4687 4281 4783 4348 inde

847 4377 957 4443 sed
1004 4399 1045 4440 a
1087 4378 1321 4458 quibus
1367 4398 1444 4439 eo
1504 4377 1640 4475 loce
1686 4376 2038 4442 subsistere
2077 4400 2231 4442 iussi
2281 4391 2489 4457 erant,
2556 4398 2782 4459 quem·
2885 4387 3208 4439 sententia
3251 4376 3332 4439 ad
3381 4387 3789 4476 totum-vitae
3833 4376 4161 4476 {inmari-ae
4204 4400 4427 4478 usum
4461 4378 4588 4442 dici
4627 4378 4785 4455 potest

847 4462 1192 4526 admodum
1248 4483 1555 4544 expresse
1601 4462 1665 4524 id
1717 4474 1996 4527 notatur.
2084 4465 2224 4528 Etsi
2269 4465 2478 4527 fateor
2522 4484 2781 4528 eausam
2887 4459 3079 4541 Quod
3125 4460 3205 4524 ad
3256 4460 3493 4525 bellum
3518 4482 3691 4526 enim
3734 4474 3989 4540 attinet,
4033 4485 4087 4527 si
4137 4464 4258 4528 lex
4303 4477 4445 4528 ista
4489 4466 4686 4526 locum
4717 4455 4782 4518 hn-

846 4550 1045 4612 fuisse
1083 4547 1531 4614 lassitudinem
1558 4549 1846 4646 ipsorum
1875 4570 2037 4630 quae
2060 4560 2281 4613 tamen
2308 4573 2418 4614 eos
2446 4549 2782 4614 reiiciendi
2834 4558 2840 4603 Ι
2888 4548 3098 4647 beret,
3163 4549 3489 4645 neminem
3552 4549 3961 4647 intpraedae
4021 4558 4295 4631 partem
4367 4572 4564 4634 posse
4621 4558 4785 4608 vem

849 4646 913 4699 et
957 4634 1339 4734 segregandi
1369 4636 1628 4716 acopiis
1675 4633 1940 4716 reliquis
1984 4646 2293 4716 tanquam
2341 4636 2614 4735 ignavos
2652 4655 2782 4734 non
2834 4634 2839 4695 Ι
2887 4654 3014 4696 nisi
3083 4633 3325 4715 praelio
3384 4635 3832 4733 interfuisset,
3900 4636 4047 4717 plus
4091 4655 4312 4734 quam
4366 4638 4602 4737 iniqua
4659 4636 4774 4692 effl‘

848 4720 1025 4783 dedit
1070 4740 1504 4784 occasmnem:
1552 4732 2003 4802 praeterquam
2043 4722 2210 4802 quod
2235 4742 2521 4786 sarcinas
2568 4732 2633 4785 et
2663 4742 2784 4783 im·
2887 4718 3085 4818 Nam,
3124 4719 3402 4800 exempli
3448 4734 3674 4802 gratia,
3723 4741 4040 4802 ponamus
4063 4720 4382 4802 aliquem
4433 4722 4643 4806 pridie
4661 4731 4786 4798 qm

849 4808 1218 4905 pedimentis:
1262 4807 1768 4906 custodiveriint,
1829 4815 1894 4868 et
1953 4815 2302 4904 transitum
2362 4816 2783 4907 occuparunt,
2887 4805 3201 4903 praeiium
3248 4805 3452 4877 fieret,
3512 4806 3892 4905 cellocatum
3946 4807 4024 4907 ‘in
4085 4809 4390 4907 specula
4455 4811 4662 4873 hostes
4697 4818 4785 4897 ρπ-

847 4891 1007 4956 adeo
1053 4904 1125 4956 ut
1168 4914 1220 4954 si
1260 4914 1325 4956 in
1352 4893 1527 4955 illam
1567 4902 1816 4974 partem
1844 4891 2061 4969 hostes
2106 4906 2421 4973 impetum
2464 4895 2783 4970 fecissent,
2889 4891 3194 4973 hibiiisse,
3232 4892 3473 4955 vulnus
3508 4906 3705 4955 etiam
3747 4913 4087 4974 accepisse,
4136 4904 4216 4957 et
4258 4894 4520 4959 deinde
4551 4889 4786 4976 praelim

849 4999 1069 5075 arcere
1137 4978 1320 5061 illos,
1389 4992 1500 5041 aut
1568 4992 1762 5076 etiam
1822 4976 2066 5077 Daridi
2139 4979 2191 5040 si
2262 4978 2578 5079 deteriore
2648 4979 2785 5043 ioco
2887 4988 3252 5057 sequutum,
3299 4998 3499 5076 quum
3544 4978 3656 5041 ille
3693 4979 4159 5077 semimortuus
4206 4998 4286 5045 et
4317 4974 4786 5082 yi¹,s⁰⁸⁶'ss⁸¹⁶?

845 5063 1074 5128 fnisset
1120 5065 1291 5127 ferre
1338 5075 1672 5147 suppetias
1720 5073 2069 5145 potuerint.
2145 5065 2445 5146 Denique
2483 5064 2785 5127 videmus
2834 5048 2840 5135 ξ
2889 5062 3027 5125 Ιοοο
3053 5082 3310 5125 movere
3337 5075 3649 5127 interesse
3675 5086 3803 5127 non
3843 5076 4150 5146 potuerit,
4208 5088 4383 5150 quis
4441 5069 4588 5132 ideo
4625 5062 4784 5126 dixfflfl

848 5169 978 5212 non
1028 5151 1365 5214 recessisse
1411 5152 1586 5231 ipsos
1630 5164 1859 5231 sponte
1905 5151 1986 5214 ab
2008 5151 2254 5214 officio:
2303 5172 2527 5213 verum
2564 5162 2783 5213 tamen
2889 5149 3100 5212 fructu
3164 5150 3474 5212 victoriae
3545 5149 3728 5213 illum
3802 5150 4322 5238 frustrandum,
4399 5157 4592 5219 cuius
4643 5159 4784 5211 tamefl

847 5235 1149 5316 sequitui·
1208 5235 1446 5300 multos
1507 5258 1588 5299 ex
1649 5234 1924 5299 Davidis
1980 5238 2172 5300 sociis
2234 5237 2357 5300 hoc
2406 5257 2535 5299 non
2585 5256 2785 5318 agno·
2889 5236 3098 5297 virtus
3135 5233 3451 5318 insignior
3487 5244 3583 5299 est
3610 5254 3804 5317 quam
3841 5235 4272 5318 reliquorum
4307 5230 4784 5307 omnium?P1*·
