5059 6059
286 348 395 416 693

1553 347 1649 412 IN
1698 348 1750 413 Ι.
1799 347 1977 415 LIB.
2028 345 2429 415 SAMUEIA.
2477 346 2676 414 OAP.
2725 348 2956 414 XXX.

4139 347 4272 413 694

284 538 360 605 ad
395 553 710 617 magnum,
754 539 884 598 tam
924 535 1001 601 ds
1032 535 1190 616 filiis
1216 535 1505 618 quamde
1541 534 1824 616 filiabuS,
1868 539 1927 600 et
1959 536 2033 600 de
2065 554 2210 618 spo·
2256 542 2263 623 Ι
2312 534 2383 601 in
2429 536 2653 601 oculos
2697 536 3126 602 incurrebant
3171 536 3474 602 fiduciam
3520 536 3591 600 in
3636 535 3782 600 Deo
3827 535 3992 601 fixit.
4062 532 4262 615 Quod

284 625 408 690 liis.-
470 634 870 703 quaecunque
930 628 1311 702 rapuerant,
1378 623 1589 687 omnia
1651 622 1908 687 reda-vit
1970 620 2206 687 David.
2256 634 2262 671 Ι
2312 623 2476 687 satis
2525 632 2833 686 testatum
2880 624 3135 688 faciunt
3181 624 3401 686 variae
3457 622 3610 686 illae
3672 622 4072 685 tentationes
4119 622 4264 703 qui·

282 710 375 776 20.
415 706 506 772 Et
545 706 693 771 tulit
732 708 1062 772 universos
1102 727 1339 792 Ψᾶρες,
1400 713 1457 772 et
1497 712 1797 782 amenta,
1841 713 1899 773 et
1940 708 2213 772 minavit

282 792 696 947 mm
757 811 977 858 mm:
1042 793 1492 875 (lixarumque.-
1573 792 1747 859 Haec
1814 799 1904 859 esi
1954 794 2210 877 praeda

445 1048 978 1116 Considerandus
1051 1049 1240 1116 nobis
1295 1051 1580 1117 occurrit
1627 1049 1900 1117 effectus
1958 1049 2209 1115 oraculi

275 1137 441 1202 illius
478 1134 723 1201 Davidi
771 1157 809 1199 a
843 1134 1132 1201 Domino
1175 1136 1334 1202 faeti
1379 1137 1458 1201 de
1494 1136 1775 1202 inimicis
1812 1156 2205 1219 persequen-

277 1224 386 1300 dis,
441 1221 613 1304 quod
672 1222 941 1285 minime
1000 1222 1123 1286 fuit
1181 1227 1397 1299 inane,
1461 1243 1581 1287 nec
1618 1242 1754 1304 ,spe
1809 1243 1929 1287 sua
1986 1220 2207 1287 David

278 1310 618 1373 frustratus
662 1319 799 1382 est,
874 1327 1074 1388 quum
1126 1309 1244 1374 Dei
1310 1308 1639 1373 voluntati
1711 1308 2204 1391 obtemperavit.

271 1395 662 1476 Progressus
742 1392 957 1475 itaque
1036 1413 1185 1459 cum
1270 1396 1600 1459 sexcentis
1665 1394 1797 1458 illis
1864 1395 2026 1458 viris
2092 1394 2203 1476 qui

269 1480 479 1565 ipsum
525 1478 1018 1554 comitabantur,
1078 1479 1318 1544 dicitnr
1365 1483 1619 1545 venisse
1665 1501 1869 1562 usque
1926 1479 2007 1544 ad
2069 1495 2201 1543 tor-

267 1576 515 1631 rentem
559 1563 848 1640 Besoris,
888 1578 955 1630 et
999 1566 1086 1630 ibi
1122 1578 1382 1630 coactus
1425 1567 1624 1629 fuisse
1648 1565 1962 1631 ducentos
2000 1566 2205 1628 bomi-

268 1673 381 1716 nes
425 1652 682 1714 tertiam
732 1664 981 1731 partem
1038 1653 1367 1716 exercitus
1422 1651 1813 1733 relinquere.
1907 1652 2207 1733 Exiguus

261 1737 462 1821 igitur
505 1736 619 1799 ille
664 1756 975 1801 numerus
1009 1737 1633 1820 quadringentorum
1658 1738 1941 1801 militum
1979 1759 2207 1819 super-

265 1824 388 1888 fuit
428 1819 514 1886 ad
560 1834 656 1885 tot
698 1820 918 1887 hostes
964 1822 1468 1906 persequendos,
1514 1833 1581 1888 et
1623 1824 1928 1887 cumillis
1974 1844 2208 1888 manus

260 1907 707 1974 conferendas.
796 1907 1145 1992 Ingentem
1203 1914 1380 1974 enim
1443 1908 1642 1973 fuisse
1691 1909 2206 1974 Amalecitarum

259 1993 623 2059 exercitum
682 1993 845 2058 satis
905 2002 1194 2078 app'aret.
1286 1994 1464 2075 Quid
1524 2014 1680 2078 ergo
1740 1994 2207 2078 quadringenti

254 2080 353 2145 illi
398 2079 720 2144 adversus
766 2092 1015 2145 tantam
1066 2080 1554 2145 multitudinem
1579 2080 1927 2162 poterant?
1980 2082 2208 2162 ltaque

253 2164 479 2231 David
558 2176 810 2246 poterat
882 2165 1245 2231 diffidentia
1318 2166 1599 2250 quadam
1658 2168 1931 2249 tentari,
1988 2168 2209 2231 iussus

255 2250 487 2316 hostes
536 2252 834 2332 persequi
880 2271 1032 2316 cum
1080 2267 1211 2316 tam
1258 2256 1502 2335 exigua
1549 2253 1835 2317 militum
1881 2273 2101 2331 manu,
2144 2265 2211 2315 et

256 2339 606 2403 victoriam
653 2357 934 2418 sperare,
983 2339 1216 2403 mediis
1263 2351 1480 2404 tamen
1507 2339 1827 2422 ademptis
1872 2339 2051 2403 illam
2099 2336 2208 2401 ob-

256 2421 540 2491 tinendi.
628 2422 901 2487 Poterat
943 2445 1102 2508 ergo
1148 2424 1367 2491 David
1413 2424 1643 2506 pedem
1691 2425 1933 2490 referre
1995 2427 2209 2506 potius

246 2527 451 2591 quam
500 2507 828 2591 progredi,
875 2520 951 2573 ut
971 2511 1242 2592 quisque
1268 2521 1479 2594 potest
1520 2510 1589 2575 in
1636 2532 1706 2575 se
1742 2512 1882 2593 ipso
1922 2511 2209 2593 experiri

248 2596 496 2676 quippe
556 2596 669 2675 qui
725 2594 888 2659 adeo
955 2596 1220 2681 fragiles
1278 2617 1528 2676 sumus,
1588 2609 1663 2660 ut
1720 2597 1845 2661 nisi
1906 2599 1973 2661 in
2033 2597 2209 2678 ipsos

244 2679 475 2743 oculos
546 2680 842 2745 incurrat
907 2685 1077 2746 ratio
1143 2682 1577 2758 liberationis,
1646 2694 1714 2747 et
1782 2682 2017 2747 modus
2081 2701 2208 2764 quo

240 2764 438 2829 Deus
486 2765 721 2828 iuvare
766 2787 885 2831 nos
924 2768 1282 2845 constituit,
1328 2771 1620 2832 animum
1668 2768 2207 2851 despondeamus,

237 2861 307 2916 et
352 2850 442 2915 de
494 2851 620 2914 Dei
667 2863 988 2934 potestate
1032 2855 1507 2935 quodammodo
1550 2854 1941 2919 dubitemus.
2023 2853 2205 2933 Quin

238 2937 447 3002 etiam
503 2948 686 3000 tanta
731 2951 833 3001 est
876 2952 1153 3005 naturae
1198 2953 1460 3005 nostrae
1503 2942 1919 3024 perversitas,
1964 2950 2039 3003 ut
2076 2938 2206 3004 Dei

239 3024 577 3088 virtutem
627 3022 858 3087 mediis
882 3024 1299 3091 inferioribus
1323 3026 1691 3108 alligemus,
1736 3036 1804 3090 et
1848 3026 1999 3091 licet
2020 3024 2207 3091 Deus

232 3109 580 3173 auxilium
646 3109 1067 3191 polliceatur,
1145 3114 1268 3177 nisi
1352 3113 1591 3176 nostris
1670 3112 1969 3176 sensibus
2046 3112 2207 3176 satis

228 3195 463 3273 faciat,
514 3193 642 3256 Dei
689 3198 1150 3276 promissiones
1198 3218 1326 3261 non
1373 3207 1629 3262 tantum
1676 3199 2047 3280 frigescant,
2092 3196 2206 3261 sed

224 3282 303 3345 in
352 3282 591 3344 fumos
636 3279 889 3356 abeant,
948 3296 1015 3347 et
1063 3285 1318 3348 nullum
1363 3284 1667 3347 effectum
1729 3304 1918 3365 posse
1974 3303 2202 3349 eonse-

225 3366 347 3449 qui
398 3365 889 3443 existimemus,
947 3370 1283 3452 multoque
1328 3371 1539 3452 magis
1597 3391 1797 3451 quum
1839 3369 2024 3433 Deus
2082 3368 2204 3432 ali·

221 3451 393 3535 quid
448 3450 790 3534 pollicitus
834 3456 1238 3520 contrarium
1286 3456 1497 3521 facere
1525 3456 1799 3533 videtur,
1843 3471 1909 3520 et
1954 3456 2048 3520 ita
2083 3474 2206 3518 nos

219 3538 523 3612 ludere,
607 3537 893 3604 solemus
973 3542 1398 3606 vehementer
1456 3540 1785 3623 indignari
1866 3552 1934 3606 et
2010 3541 2207 3605 inane

213 3644 377 3690 esse
428 3623 736 3706 cogitare
783 3623 1093 3708 quidquid
1141 3627 1471 3709 pollicitus
1515 3627 1733 3691 fuerit.
1818 3628 1906 3691 Et
1950 3625 2207 3691 videba-

212 3720 340 3775 tur
392 3707 638 3773 David
686 3731 874 3791 posse
918 3714 983 3774 in
1029 3717 1218 3777 istam
1280 3714 1651 3795 opinionem
1700 3714 1945 3778 venire.
2036 3712 2206 3777 Nam

208 3815 384 3862 soce
433 3793 716 3859 iubetur
752 3799 1157 3864 Amalecitas
1203 3801 1523 3882 persequi,
1583 3798 1694 3880 qui
1741 3819 1942 3881 quum
1989 3810 2207 3861 essent

204 3881 511 3965 ingenti
570 3900 858 3956 numere,
906 3880 1242 3969 profligari
1268 3906 1400 3947 non
1439 3894 1758 3967 poterant,
1805 3885 1935 3948 nisi
1980 3904 2019 3946 a
2062 3883 2203 3966 pari

202 3984 341 4033 aut
420 3966 694 4031 maiore
760 3968 1218 4034 multitudine:
1293 3969 1514 4034 David
1594 3984 1811 4034 autem
1881 3971 2206 4034 sexcentis

198 4066 513 4119 tantum
571 4054 919 4119 comitatus
961 4072 1104 4120 erat
1131 4058 1307 4132 viris,
1352 4057 1465 4138 qui
1510 4076 1667 4121 saue
1690 4057 1973 4137 impares
2018 4066 2209 4119 erant

198 4140 582 4213 hostibus,
641 4140 697 4202 si
745 4140 918 4205 vires
964 4142 1211 4206 viribus
1269 4156 1335 4205 et
1396 4141 1740 4206 multitudo
1798 4140 2205 4205 multitudini

188 4239 698 4309 comparetur.
802 4227 935 4290 Sed
1003 4245 1339 4311 praeterea
1408 4224 1661 4310 cogitur
1729 4225 2045 4291 ducentos
2123 4248 2208 4292 ex

188 4313 348 4377 illis
402 4313 505 4375 de
564 4313 672 4377 via
714 4312 1002 4377 defessos
1048 4313 1130 4377 ad
1178 4325 1533 4378 torrentem
1575 4312 1958 4394 relinquere.
2028 4311 2205 4393 Quid

182 4419 381 4483 orgo
456 4417 823 4479 superesse
890 4398 984 4462 illi
1054 4398 1439 4475 videbatur,
1527 4399 1657 4464 nisi
1738 4413 1811 4463 ut
1888 4399 2207 4463 adversus

178 4484 457 4550 metes
515 4504 909 4566 progressus
952 4505 1097 4549 sese
1140 4506 1418 4566 suosque
1455 4484 1753 4548 lanienae
1797 4483 2203 4567 exponeret?

169 4560 477 4638 Nonne
536 4579 800 4653 poterat
846 4570 1018 4653 apud
1062 4591 1135 4636 se
1178 4573 1503 4653 cogitare:
1566 4568 1640 4636 Si
1688 4569 1870 4635 Deus
1913 4591 2019 4633 me
2064 4570 2209 4635 vult

168 4660 503 4723 efficere
578 4657 908 4733 victorem,
964 4666 1033 4722 et
1091 4655 1171 4720 de
1241 4657 1537 4720 hostibus
1596 4657 2033 4736 triumphare,
2090 4677 2209 4721 cur

164 4764 336 4810 non
402 4741 765 4808 militibus
810 4742 971 4806 meis
1030 4743 1287 4807 animos
1347 4757 1414 4805 et
1460 4743 1634 4807 vires
1691 4741 2031 4825 suggerit?
2088 4754 2208 4806 car

161 4831 583 4915 permittit
624 4848 735 4892 eos
779 4826 1064 4892 defessos
1107 4829 1173 4891 in
1203 4825 1415 4892 media
1453 4828 1559 4891 via
1602 4826 2003 4892 subsistere?
2050 4826 2209 4892 Fuit

154 4919 423 5002 igitur
483 4915 624 4979 illa
668 4934 800 4976 non
853 4914 1016 4978 levis
1077 4915 1353 4978 tentatio
1410 4933 1575 4994 quae
1637 4934 1764 4977 non
1827 4924 1960 4977 tam
2021 4913 2210 4978 facile

151 5007 656 5072 vinceretur.
724 4997 856 5064 Sed
903 5018 1103 5082 quum
1130 4998 1351 5063 David
1398 4999 1764 5080 intrepidus
1799 5018 1947 5062 cum
1988 5002 2207 5080 paucis

2310 707 2431 773 bus
2474 708 2760 792 agitatus
2805 718 2922 782 est,
2988 717 3054 774 et
3098 708 3334 790 quibus
3376 718 3638 791 poterat
3681 707 3764 772 ab
3831 708 4042 772 officie
4101 726 4262 771 avo-

2309 795 2462 860 cari.
2557 792 2687 860 Sed
2755 815 2922 877 quae
2987 796 3077 858 ita
3140 795 3477 876 superavit
3560 804 3630 857 ut
3711 814 3970 857 summa
4055 792 4258 857 animi

2309 878 2824 962 promptitudine
2860 890 2929 945 et
2972 880 3313 944 alacritate
3344 882 3408 944 in
3447 880 3657 945 officio
3693 877 4076 961 perrexerit.
4145 876 4262 942 In·

2309 967 2564 1048 signem
2615 967 2832 1048 itaque
2876 966 3074 1030 fuisse
3120 966 3326 1049 ipsius
3386 966 3578 1029 fidem
3625 975 3903 1047 oportet,
3965 976 4031 1028 et
4090 962 4258 1030 altas

2310 1054 2378 1117 in
2426 1050 2632 1132 ipsius
2675 1052 2895 1115 animo
2941 1050 3188 1117 radices
3232 1053 3445 1133 egisse
3493 1052 3617 1115 Dei
3663 1052 3989 1125 timorem,
4048 1069 4253 1130 quum

2312 1136 2512 1203 nullis
2571 1136 3055 1219 impedimentis
3111 1137 3190 1200 ab
3251 1138 3464 1201 officio
3527 1137 3738 1217 potuit
3797 1135 4129 1209 deterreri,
4192 1143 4262 1199 et

2310 1224 2637 1307 insignem
2685 1224 2826 1287 eius
2860 1223 3294 1289 constantiam
3351 1243 3517 1306 quae
3572 1222 3638 1286 in
3700 1222 3828 1286 Dei
3885 1220 4261 1286 obedientia

2311 1311 2527 1391 ipsum
2575 1309 2867 1372 retinuit.
2957 1309 3068 1373 Ex
3112 1330 3238 1390 quo
3283 1316 3555 1392 apparet
3597 1308 3782 1372 illum
3832 1328 3960 1372 non
4008 1318 4255 1371 temere

2310 1394 2437 1459 Dei
2489 1395 2843 1460 bonitatem
2905 1393 3437 1478 apprehendisse,
3499 1393 3613 1459 sed
3674 1394 3755 1457 de
3815 1392 3929 1457 illa
3987 1395 4257 1456 omnino

2312 1501 2694 1563 persuasum
2743 1480 2958 1545 fuisse.
3049 1478 3164 1545 Sic
3220 1482 3421 1564 igitur
3479 1479 3736 1546 divinas
3796 1479 4259 1561 promissiones

2310 1564 2802 1649 apprehendere
2849 1584 2968 1631 nos
3015 1565 3218 1640 decet,
3274 1577 3349 1630 ut
3407 1577 3782 1632 constanter
3824 1585 3934 1629 eas
3977 1565 4258 1628 retinea-

2310 1673 2490 1727 mus,
2554 1665 2619 1715 et
2675 1651 2874 1715 nullis
2932 1653 3400 1717 tentationibus
3467 1653 3724 1717 concuti
3795 1672 3932 1726 nos,
3999 1662 4113 1713 aut
4175 1648 4258 1714 ab

2310 1738 2523 1803 officio
2568 1734 2881 1802 deterreri
2928 1739 3241 1815 sinamus,
3286 1748 3355 1802 et
3400 1738 3654 1802 diabolo
3699 1737 3852 1802 licet
3872 1737 4073 1801 variis
4117 1755 4254 1799 mo-

2309 1822 2410 1889 dis
2458 1843 2575 1888 nos
2618 1834 3059 1906 oppugnante,
3117 1836 3181 1886 et
3227 1825 3448 1888 varias
3489 1823 3861 1890 occasiones
3920 1821 4002 1885 ab
4043 1820 4258 1886 officio

2310 1909 2644 1975 resiliendi
2690 1910 3062 1992 praebente,
3126 1931 3459 1992 nunquam
3521 1922 3740 1973 tamen
3800 1923 3987 1991 terga
4043 1918 4259 1972 verta-

2314 2017 2477 2069 mus,
2524 1994 2637 2059 sed
2674 2004 3049 2060 constanter
3074 1997 3144 2059 in
3169 1996 3523 2073 vocatione,
3557 1994 3844 2060 ¹Davidis
3881 1992 4258 2074 exemplum

2310 2082 2569 2157 imitati,
2618 2101 3148 2162 perseveremus:
3195 2081 3304 2163 qui
3352 2081 3502 2146 licet
3546 2103 3677 2146 non
3702 2099 4010 2163 expresse
4032 2077 4253 2144 Deum

2312 2166 2574 2241 dixerit,
2621 2186 2808 2249 posse
2854 2186 3060 2250 pauca
3106 2189 3303 2231 manu
3343 2188 3470 2231 non
3513 2170 3728 2232 minus
3753 2187 3949 2249 quam
3990 2164 4250 2248 magnis

2310 2254 2515 2336 copiis
2541 2253 2755 2334 ipsum
2782 2272 3029 2329 eruere,
3077 2272 3211 2317 non
3254 2254 3470 2318 minus
3495 2267 3712 2318 tamen
3739 2251 4018 2319 credidit
4053 2270 4251 2333 quam

2311 2339 2708 2420 iosaphatus
2731 2338 2940 2404 bonus
2986 2339 3095 2402 ille
3142 2360 3289 2403 rex:
3335 2341 3444 2421 qui
3493 2359 3694 2422 quum
3735 2348 3922 2403 tanta
3964 2337 4250 2401 hostium

2312 2423 2738 2489 multitudine
2795 2426 3229 2506 premeretur,
3291 2437 3367 2490 ut
3422 2425 3760 2489 bominum
3819 2423 4123 2506 opinione
4175 2420 4258 2486 de

2310 2512 2455 2593 ipso
2520 2511 2760 2575 factum
2830 2510 3181 2593 videretur,
3251 2521 3316 2575 et
3380 2511 3558 2577 salus
3623 2511 3831 2593 ipsius
3898 2507 4257 2591 desperata,

2316 2595 2750 2661 nihilominus
2803 2596 2872 2659 in
2933 2595 3222 2661 Domino
3279 2616 3464 2678 spem
3522 2597 3767 2680 posuit,
3827 2595 4046 2659 aiens:
4103 2593 4256 2659 Non

2311 2703 2455 2747 esse
2478 2681 2625 2745 Deo
2672 2680 3002 2747 difficilius
3047 2702 3314 2747 servare
3352 2684 3419 2747 in
3447 2692 3740 2765 paucaet
3784 2683 4027 2763 exigua
4051 2699 4254 2744 manu

2311 2787 2504 2850 quam
2564 2768 2634 2831 in
2693 2789 2953 2850 magna.
3053 2767 3308 2848 Quibus
3370 2768 3585 2833 verbis
3648 2766 3970 2833 indicavit
4039 2766 4256 2830 Deum

2311 2855 2537 2918 omnia
2579 2874 2696 2936 per
2739 2874 2811 2918 se
2855 2854 3066 2935 ipsum
3116 2874 3321 2936 posse,
3365 2854 3640 2937 ideoque
3678 2876 3805 2918 non
3829 2872 3994 2934 opus
4017 2850 4258 2916 habere

2313 2941 2404 3006 rei
2453 2940 2652 3003 ullius
2695 2951 2956 3004 creatae
2998 2938 3276 3004 auxilio:
3335 2939 3488 3003 licet
3530 2954 3772 3015 tamen,
3831 2937 4255 3021 quemadmo-

2313 3025 2466 3090 dum
2537 3025 2856 3103 diximus,
2926 3036 3160 3090 natnra
3224 3036 3450 3091 nostra
3522 3025 3839 3107 proclives
3907 3025 4122 3089 simus·
4172 3021 4254 3087 ad

2313 3111 2608 3176 divinam
2683 3111 3040 3193 potentiam
3113 3113 3321 3195 signis
3398 3111 3763 3177 visibilibus
3832 3109 4254 3193 alligandam,

2311 3210 2510 3280 quum
2557 3211 2785 3263 contra
2809 3197 2953 3262 Deo
2998 3217 3140 3262 sese
3185 3198 3369 3263 nobis
3403 3199 3928 3263 communicante
3974 3193 4256 3278 reliqua—

2311 3304 2459 3348 rum
2520 3284 2817 3348 omnium
2875 3295 3323 3349 creaturarum
3387 3285 3634 3347 nullam
3693 3304 3837 3348 oese
3896 3283 4256 3364 potentiam

2309 3374 2477 3435 scire
2543 3390 2660 3433 nos
2726 3378 3055 3454 oporteat,
3135 3370 3470 3452 solamque
3536 3368 3661 3434 Dei
3728 3388 3992 3433 manum
4062 3366 4255 3433 nobis

2306 3455 2630 3533 sufficere,
2676 3458 2789 3536 qui
2833 3456 2978 3520 sine
3001 3455 3195 3520 ullius
3231 3457 3480 3521 auxilio
3503 3462 3718 3538 potest
3763 3475 3882 3518 nos
3926 3452 4256 3533 adiuvare,

2307 3553 2376 3605 et
2417 3562 2501 3606 ex
2545 3540 2845 3605 omnibus
2889 3540 3199 3623 periculis
3243 3543 3514 3626 eripere.
3585 3541 3730 3606 Hoc
3765 3542 3981 3622 ipsum
4028 3539 4258 3605 fecisse

2308 3626 2633 3691 Davidem
2687 3626 2999 3705 videmus,
3045 3628 3158 3710 qui
3205 3627 3355 3692 licet
3402 3626 3618 3693 verbis
3661 3625 3726 3691 id
3772 3646 3899 3690 non
3945 3627 4250 3708 profitea-

2310 3726 2434 3791 tur,
2493 3733 2566 3776 re
2626 3714 2768 3794 ipsa
2827 3726 3046 3776 tamen
3107 3713 3410 3792 declarat,
3472 3734 3672 3797 quum
3733 3711 4060 3794 intrepide
4119 3722 4254 3775 tam

2311 3818 2735 3862 numerosum
2785 3799 3066 3863 hostium
3114 3800 3479 3865 exercitum
3504 3821 3654 3865 cum
3681 3800 3922 3882 exigua
3965 3797 4250 3862 militum

2309 3905 2506 3948 manu
2556 3886 2984 3967 persequitur,
3025 3885 3090 3948 in
3115 3884 3260 3950 Deo
3285 3908 3412 3949 uno
3447 3902 3629 3968 spem
3652 3902 3912 3949 omnem
3940 3884 4257 3949 victoriae

2310 3988 2654 4054 reponens,
2707 3984 2773 4034 et
2831 3991 2907 4034 ea
2966 3970 3218 4036 ratione
3261 3970 3544 4036 debitam
3592 3970 3850 4037 laudem
3896 3970 4023 4052 ipsi
4065 3970 4257 4034 auri-

2300 4056 2538 4152 ‘buens.

2482 4140 2832 4223 Sequitur,
2893 4139 3172 4206 Davidis
3230 4143 3469 4208 milites
3537 4141 3842 4208 incidisse
3911 4139 3981 4203 in
4038 4139 4257 4206 virum

2309 4226 2656 4311 quemdam
2722 4232 3123 4311 Aegyptium
3184 4231 3698 4303 semimortuum,
3757 4236 4020 4310 propter
4083 4246 4254 4292 mor*

2311 4314 2465 4378 bum
2510 4333 2641 4395 quo
2686 4326 2838 4377 ante
2883 4313 3174 4377 triduum
3224 4316 3653 4389 laboraverat,
3701 4322 3769 4377 et
3811 4312 3955 4377 sine
3998 4310 4146 4376 cibo
4189 4326 4258 4379 et

2310 4414 2467 4482 potu
2524 4401 2829 4463 iacuerat.
2931 4397 3293 4479 Quaeritur
3359 4422 3399 4465 a
3471 4399 3704 4482 quibus
3764 4400 4074 4462 inventus
4131 4400 4257 4465 sit:

2311 4506 2462 4549 nam
2509 4485 2622 4549 alii
2670 4484 2891 4548 dieunt
2937 4486 3278 4550 inventum
3340 4486 3420 4550 ab
3481 4487 3562 4550 iis
3606 4485 3715 4565 qui
3761 4483 3841 4547 ad
3892 4494 4251 4551 torrentem

2309 4570 2756 4647 substiterant,
2802 4570 2915 4634 alii
2961 4591 3118 4634 vero
3164 4573 3244 4636 ab
3291 4572 3374 4635 iis
3417 4573 3526 4654 qui
3574 4569 3901 4634 Davidem
3958 4571 4256 4637 comitati

2310 4656 2591 4731 fuerant,
2640 4655 2814 4738 quod
2860 4667 2964 4719 est
3006 4658 3216 4741 magis
3264 4656 3636 4730 verisimile,
3699 4667 3764 4720 et
3822 4657 4036 4720 verbis
4095 4674 4253 4723 con·

2309 4754 2535 4806 textus
2578 4742 3094 4806 convenientius.
3181 4744 3528 4809 Caeterum
3575 4741 3745 4824 qnod
3803 4742 3887 4805 de
3943 4740 4254 4810 triduano

2309 4830 2551 4893 ieiunio
2596 4826 2838 4892 dicitur
2875 4849 3117 4893 novum
3176 4843 3243 4892 et
3284 4828 3579 4892 insolens
3623 4827 3962 4893 videretur
4019 4828 4086 4891 in
4149 4830 4257 4896 his

2308 4915 2698 4997 regionibus,
2743 4913 2979 4995 quibus
3026 4934 3214 4977 nemo
3260 4926 3471 4996 potest
3514 4935 3553 4978 a
3597 4914 3739 4979 cibo
3780 4924 3849 4977 et
3881 4925 4040 4996 potu
4085 4928 4254 4980 tam÷

2307 5000 2420 5063 diu
2468 5000 2817 5076 abstinere,
2863 4999 3187 5082 siquidem
3234 5021 3312 5064 ea
3353 5010 3458 5065 est
3512 5000 3683 5065 aeris
3726 5001 4125 5078 constitutio,
4175 5012 4250 5065 ut

148 5091 582 5157 militibus
629 5084 851 5149 hostes
897 5087 1329 5167 persequitur,
1374 5105 1599 5148 senon
1646 5084 1773 5148 levi
1821 5096 1890 5148 et
1912 5105 2207 5149 momen·
2254 5074 2260 5143 l
2307 5086 2592 5167 largiore
2636 5085 2775 5150 cibo
2834 5085 3266 5167 indigeamus,
3325 5086 3496 5168 quod
3558 5086 3626 5149 in
3685 5085 3814 5150 illis
3876 5086 4252 5170 regionibus

144 5190 405 5244 tanea
468 5169 787 5258 quadam
832 5169 961 5235 fide
1005 5169 1395 5253 praeditum,
1440 5168 1554 5233 sed
1593 5172 1761 5234 dono
1800 5172 2015 5251 potius
2060 5191 2205 5253 per-
2254 5174 2260 5233 l
2306 5171 2500 5236 aliter
2543 5171 2684 5235 fuit.
2759 5170 3368 5249 Et,observandum
3415 5170 3581 5235 illud
3625 5184 4011 5255 estpropter
4048 5174 4253 5239 multe

140 5259 673 5332 oeverautioe
720 5277 1041 5338 veraeque
1086 5256 1256 5331 fidei,
1306 5270 1473 5337 quae
1520 5256 1889 5338 praeteritis
1925 5257 2006 5321 iis
2039 5278 2205 5337 quae
2254 5258 2260 5305 ¹
2307 5259 2668 5339 scripturae
2710 5256 2869 5340 locs,
2913 5256 3239 5338 inquibus
3263 5257 3562 5323 videmus
3586 5258 3826 5323 multos
3862 5258 4255 5327 abstinuisse

3739 5359 3843 5414 44.
