5059 6059
843 307 970 377 ¹223

2464 302 2879 371 HOMILIA
2920 301 3181 369 XLIV.
4648 305 4732 370 724

846 493 1199 582 spondere:
1242 493 1357 561 sed
1400 515 1482 560 ex
1523 494 1649 560 hac
1691 491 1989 559 doctrina
2032 491 2248 575 potius
2269 490 2506 560 animis
2549 492 2792 559 nostris
2897 491 3037 557 Deo
3096 490 3429 593 beneficiis
3486 492 3732 577 gratias
3789 492 4033 593 acturi:
4091 489 4208 592 sed
4265 490 4433 592 nihil
4489 491 4739 562 sincerum

847 581 1145 667 infigere,
1208 579 1353 645 Deo
1419 579 1674 663 placere
1745 599 1863 644 nos
1926 577 2244 663 populum
2299 600 2490 646 suum
2559 578 2789 645 facere.
2891 587 3052 656 erat,
3100 577 3265 643 mlnl
3309 588 3636 662 integrum
3679 599 3748 643 in
3792 597 3970 662 ipsis,
4013 599 4235 644 omma
4276 576 4590 659 simulata,
4633 599 4739 647 con·

847 665 1438 733 Verumenimvero
1496 665 1690 731 multi
1749 685 1834 730 ex
1889 664 2185 748 patribus
2243 663 2565 743 fidelibus,
2634 686 2789 749 pro-

849 753 987 819 fani
1040 751 1160 818 filii
1219 758 1614 831 nascuntur3
1687 757 1762 816 ut
1815 751 1886 816 in
1943 749 2323 816 memoriam
2383 770 2642 834 semper
2686 772 2789 816 re-

848 857 1157 905 vocemus
1200 845 1492 903 nostram
1537 837 1878 922 originem,
1932 857 2168 920 nempe
2212 834 2438 902 fideles
2481 837 2659 903 nasci
2706 835 2788 902 de

850 923 1100 991 semine
1177 934 1487 1006 corrupto
1550 932 1620 988 et
1684 921 2031 989 maledicto
2101 921 2494 989 Abrahami:
2585 932 2651 988 et
2714 923 2786 987 in

848 1010 1092 1163 {3235
1133 1005 2546 1177 ‘35:⁸33'³¹,113³³3,.‘'„¹323{⁰233¹.²⁰ffi.32”53
2586 1016 2787 1160 {⁸532}

850 1201 1145 1260 numero,
1203 1180 1334 1246 nisi
1382 1179 1528 1245 Deo
1569 1181 1784 1247 visum
1826 1186 2002 1246 esset
2039 1178 2187 1245 illos
2230 1181 2300 1245 in
2345 1181 2627 1264 gratiam
2670 1179 2786 1246 ad-

850 1267 1134 1333 mittere.
1211 1265 1430 1349 Atque
1474 1266 1569 1332 ita
1611 1286 1731 1333 nos
1773 1285 1918 1332 esse
1954 1264 2085 1330 Dei
2118 1286 2368 1331 novum
2404 1287 2571 1349 opus
2604 1287 2788 1350 opor-

854 1360 968 1431 tet,
1027 1360 1105 1418 ut
1159 1351 1366 1435 ipsius
1408 1351 1529 1416 filii
1572 1352 1779 1417 simus
1824 1360 1893 1416 et
1935 1350 2325 1437 haereditas,
2383 1361 2460 1417 ut
2498 1352 2788 1436 loquitur

852 1437 926 1504 in
987 1436 1251 1504 Psalmo
1315 1436 1661 1520 propheta:
1728 1434 1978 1504 Sumus
2043 1437 2248 1521 ipsius
2311 1458 2497 1522 opus,
2557 1448 2624 1504 et
2666 1457 2788 1504 nos

852 1544 1055 1590 manu
1129 1544 1251 1590 sua
1319 1523 1597 1588 creavit:
1673 1521 1982 1606 qnoniam
2046 1544 2276 1589 sumus
2340 1544 2497 1590 oves
2564 1532 2790 1607 pastus

850 1611 1011 1677 eius.
1100 1607 1287 1690 Quae
1344 1628 1505 1675 sane
1560 1608 1763 1675 verba
1805 1616 2071 1691 possent
2113 1607 2196 1673 ad
2236 1609 2532 1675 omnium
2579 1610 2790 1675 homi-

849 1716 1008 1761 num
1064 1694 1135 1760 in
1178 1715 1420 1780 genere
1463 1693 1902 1760 conditionem
1946 1692 2193 1772 referri,
2255 1715 2416 1778 quos
2462 1695 2643 1765 Deus
2687 1693 2788 1760 di·

848 1782 1024 1848 citur
1095 1801 1350 1847 creasse
1405 1788 1470 1846 et
1528 1781 1862 1846 formasse.
1950 1778 2131 1846 Sunt
2188 1781 2365 1846 enim
2422 1780 2492 1846 in
2548 1801 2790 1865 genere

848 1886 1078 1933 omnes
1132 1865 1436 1932 homines
1493 1886 1533 1932 a
1586 1864 1730 1933 Deo
1775 1865 2071 1932 formati:
2128 1864 2242 1931 sed
2288 1867 2674 1932 nominatim
2716 1867 2793 1931 fi-

844 1952 1022 2018 deles
1081 1950 1393 2019 dicuntur
1435 1971 1580 2018 esse
1621 1971 1781 2019 oves
1823 1958 2051 2035 pastus
2093 1951 2251 2029 eius,
2320 1960 2396 2017 ut
2429 1951 2791 2018 doceamur

845 2038 964 2104 illa
1005 2058 1138 2103 non
1184 2058 1329 2104 esse
1373 2037 1801 2121 intelligenda
1845 2036 1926 2103 de
1971 2037 2261 2122 generali
2304 2037 2419 2103 illa
2461 2039 2792 2105 creatione

851 2121 1217 2191 secundum
1259 2143 1545 2202 carnem,
1590 2122 1704 2189 sed
1749 2122 1830 2188 de
1872 2143 2046 2188 nova
2086 2124 2433 2201 creatione,
2491 2145 2622 2207 qua
2664 2125 2794 2189 for-

851 2217 1064 2276 matos
1131 2230 1250 2275 nos
1315 2208 1558 2292 pascit:
1628 2215 1696 2274 et
1760 2215 1839 2274 ut
1892 2229 2046 2276 oves
2104 2208 2208 2275 sui
2251 2210 2472 2295 gregis
2511 2209 2797 2294 protegit

853 2303 1051 2378 atque
1095 2302 1340 2360 tuetur.
1428 2295 1646 2378 Atque
1691 2293 1856 2359 haec
1899 2294 2193 2360 doctrina
2233 2315 2317 2361 ex
2352 2295 2796 2378 superioribus

853 2380 1073 2447 verbis
1132 2379 1466 2460 elicienda,
1530 2387 1597 2445 et
1639 2380 1708 2445 in
1750 2387 2052 2446 nostrum
2099 2401 2292 2446 usum
2330 2379 2795 2461 convertenda,

852 2486 1059 2550 quum
1101 2463 1408 2531 andimus
1455 2465 1594 2531 Deo
1637 2464 1893 2549 placere
1938 2486 2057 2532 nos
2099 2465 2415 2549 populum
2459 2487 2654 2532 suum
2698 2468 2794 2531 fa-

857 2572 1024 2630 cere,
1101 2559 1169 2617 et
1230 2551 1303 2618 in
1368 2549 1728 2616 Abrahami
1791 2549 2132 2618 benedicto
2194 2552 2445 2618 semine
2509 2573 2794 2619 censere.

857 2636 1132 2703 Interim
1190 2642 1410 2701 tamen
1470 2635 1743 2704 Samuel
1797 2636 2112 2720 populum
2174 2638 2599 2703 vehementer
2643 2638 2796 2704 hor·

859 2730 1056 2801 tatur,
1110 2743 1194 2788 ne
1236 2742 1277 2787 a
1317 2722 1463 2789 Deo
1505 2720 1787 2804 recedat,
1830 2722 1946 2788 sed
1989 2722 2058 2788 in
2101 2723 2309 2807 ipsius
2349 2724 2535 2790 cultu
2578 2745 2798 2807 perse-

858 2816 1061 2887 veret,
1117 2815 1183 2874 et
1224 2808 1506 2893 gratiam
1547 2816 1784 2892 speret,
1839 2808 2153 2890 quamdiu
2197 2816 2379 2875 tanto
2424 2811 2550 2876 isto
2594 2809 2799 2893 privi-

858 2893 1032 2995 legio
1090 2914 1222 2959 non
1279 2894 1482 2959 fuerit
1537 2895 1798 2960 abusus.
1885 2894 2057 2960 Nam
2117 2895 2360 2961 scimus
2402 2894 2621 2961 Deum
2665 2916 2796 2961 non

857 2980 1064 3046 fuisse
1118 2978 1482 3047 Abrahami
1539 2980 1773 3045 semini
1832 2977 2246 3047 devinctum:
2313 2988 2385 3046 et
2423 3002 2534 3047 eos
2576 3002 2803 3047 omnes

860 3067 971 3150 qui
1037 3086 1119 3133 ex
1184 3065 1300 3130 illo
1361 3065 1726 3131 secundum
1786 3086 2048 3131 carnem
2106 3064 2601 3143 descenderunt,
2670 3088 2799 3134 non

860 3152 1062 3218 fuisse
1113 3151 1323 3235 ipsius
1380 3150 1739 3230 eccleciam,
1798 3151 2322 3234 quandoquidem
2362 3152 2553 3218 multi
2597 3153 2802 3220 excisi

861 3246 1022 3304 sunt
1082 3245 1150 3302 et
1213 3235 1460 3321 reiecti,
1527 3235 2073 3319 quemadmodum
2140 3237 2387 3304 Paulus
2446 3237 2669 3306 docet:
2736 3248 2804 3304 et

861 3343 1052 3390 sacra
1109 3322 1308 3388 etiam
1367 3322 1691 3405 scriptura
1748 3322 1832 3388 de
1887 3321 2165 3389 Ismaele
2222 3333 2291 3389 et
2347 3323 2568 3389 Esavo
2624 3323 2799 3390 idem

864 3408 1068 3476 docet.
1158 3406 1349 3488 Quod
1406 3409 1462 3473 si
1507 3407 1635 3474 duo
1678 3407 1774 3473 illi
1817 3409 2044 3475 reiecti
2087 3417 2262 3487 sunt,
2321 3408 2479 3493 quid
2525 3410 2607 3477 de
2649 3409 2800 3476 reli-

863 3515 992 3578 qua
1036 3493 1457 3560 multitudine
1502 3491 1843 3560 dicendum
1890 3494 2299 3575 arbitramur,
2342 3514 2549 3579 quum
2592 3495 2803 3561 multa

860 3580 1133 3647 fuerunt
1188 3579 1326 3646 illic
1379 3577 1674 3645 membra
1729 3579 1996 3666 putrida
2037 3588 2104 3645 et
2147 3580 2555 3647 reiectanea?
2615 3581 2802 3648 Bene

864 3666 1091 3749 itaque
1124 3662 1397 3732 Samuel
1429 3664 1738 3749 populum
1777 3665 2100 3744 admonet,
2136 3687 2221 3732 ne
2254 3665 2379 3732 sibi
2412 3667 2804 3750 persuadeat

867 3750 1444 3987 ἕζὲβιιοξῗὲὲῗνᾶώιῗὶη
1483 3837 2133 3989 eti-atcircmgciisliogiils
2212 3839 2476 3990 signu?
2534 3838 2802 3990 gazera,

871 3921 1048 4007 qnod
1098 3942 1123 3986 ι
1288 3944 1328 3987 o
1498 3944 1534 3988 e
1744 3943 1827 3989 uo
1976 3944 2013 3989 o
2083 3945 2120 3989 e
2177 3945 2260 3989 no
2305 3945 2361 3989 is
2447 3944 2485 3988 a
2688 3946 2801 3991 us:

869 4007 990 4075 sed
1042 4016 1119 4073 ut
1169 4006 1387 4091 potins
1427 3944 1792 4075 Domindin
1833 4019 2206 4092 sequantur.
2292 3945 2615 4076 Hancpob
2658 4031 2807 4077 cau·

871 4115 1015 4163 sam
1064 4091 1387 4178 propheta
1442 4093 1725 4161 Psalmis
1787 4093 1869 4159 15
1926 4104 1992 4160 et
2049 4094 2137 4160 24
2178 4093 2396 4161 Deum
2441 4096 2659 4179 ipsum
2703 4097 2805 4161 in-

873 4187 1197 4265 terrogat:
1257 4176 1428 4260 Quis
1485 4180 1574 4245 sit
1629 4179 2043 4247 habitaturus
2097 4182 2170 4247 in
2229 4189 2456 4246 monte
2496 4179 2681 4262 Sion,
2738 4182 2806 4247 id

876 4276 998 4342 est,
1038 4264 1332 4349 ecclesia,
1374 4272 1446 4330 et
1483 4264 1578 4331 ibi
1620 4274 2010 4349 perpetuum
2052 4267 2268 4334 locum
2311 4265 2690 4334 habiturus:
2735 4289 2811 4334 ac

875 4351 1139 4420 subiicit
1194 4370 1305 4416 sos
1362 4350 1503 4416 fore
1559 4351 1675 4435 qui
1717 4360 1917 4419 erunt
1960 4372 2125 4436 puro
2169 4353 2384 4433 corde,
2443 4360 2509 4419 et
2553 4354 2666 4436 qui
2708 4354 2812 4420 in·

874 4448 1185 4505 noeentes
1237 4455 1482 4503 manus
1528 4436 1898 4517 habuerint,
1955 4437 2024 4502 id
2081 4447 2182 4504 est
2237 4438 2351 4523 qni
2406 4439 2476 4503 in
2520 4437 2651 4505 Dei
2706 4461 2810 4507 ec-

876 4524 1072 4592 elesia
1129 4523 1204 4587 in
1255 4521 1637 4606 integritate
1694 4529 1760 4589 et
1812 4524 2184 4591 sinceritate
2226 4525 2811 4592 conversabuntur.

875 4609 1026 4678 Nae
1078 4606 1274 4674 multi
1319 4609 1444 4674 Dei
1488 4608 1806 4694 templum
1848 4609 2368 4693 frequentabant,
2427 4609 2542 4693 qni
2586 4618 2813 4677 tamen

879 4716 926 4761 a
983 4693 1140 4760 Deo=
1191 4692 1416 4778 procul
1480 4694 1770 4775 aberant,
1849 4695 2024 4778 quod
2086 4696 2246 4780 ipsis
2311 4695 2813 4780 exprobrantem

877 4779 1128 4849 Iniun-
1163 4798 1364 4862 saepe
1398 4779 1716 4859 videmus,
1774 4787 1852 4846 et.
1885 4782 2274 4848 nominatim
2317 4802 2532 4867 quum„
2564 4782 2659 4849 ita
2699 4804 2814 4866 po-

880 4864 1111 4949 pulum
1176 4866 1555 4950 compellat:
1622 4869 1730 4935 Aa
1795 4886 1917 4951 ego
1981 4866 2168 4934 vobis
2230 4866 2577 4936 devinctus
2619 4869 2812 4935 sam?

882 4951 1798 5107 wffffltqffiaml
1850 4952 2273 5106 attenuabat
2331 4953 2600 5038 poscitis
2643 4974 2815 5021 mer-

1111 5078 1129 5101 .
1319 5058 1359 5103 o
1423 5062 1444 5103 1
1617 5060 1702 5103 no
1731 5058 1804 5103 o:
2212 5061 2324 5105 τω
2416 5059 2637 5106 ossum
2698 5062 2817 5108 vos

884 5121 1133 5190 cultum
1205 5060 1430 5190 agunt
1479 5124 1845 5207 protanam.
2017 5145 2173 5191 nare
2230 5059 2613 5210 hypsei-itae
2671 5126 2817 5210 qui-

883 5206 1033 5274 dem
1072 5210 1520 5277 sanctuarium
1565 5209 2081 5294 frequentabant,
2127 5209 2352 5295 palam
2370 5210 2451 5277 de
2469 5213 2759 5296 acceptis
2776 5234 2818 5278 a

1366 3749 1884 3835 consequendam
1945 3752 2392 3851 Dei-gratiam
2436 3754 2686 3821 censeri
2730 3753 2801 3818 in
2860 3814 2861 3817 ,

2889 664 3058 730 tenti
3115 661 3353 729 bonam
3409 665 3653 731 famam
3695 665 3869 730 inter
3910 662 4206 730 homines
4250 663 4437 743 tueri,
4493 663 4594 729 sed
4625 666 4742 733 tales

2889 770 3030 816 esse
3095 770 3331 834 parum
3394 750 3657 817 solliciti
3719 750 3943 833 quales
3999 750 4225 816 haberi
4266 750 4580 828 volebant,
4628 771 4745 834 quae

2887 835 3011 901 fuit
3055 836 3346 902 omnium
3388 837 3795 903 saeculorum
3838 836 4222 919 corruptela.
4308 834 4446 901 Sed
4480 834 4637 902 Deus
4661 838 4749 903 sibi

2887 921 3259 987 istiusmodi
3300 921 3546 988 cultum
3593 922 3976 988 simulatum
4021 923 4236 1006 specie
4279 921 4626 987 devotionis
4657 921 4749 987 dis·

2888 1007 3128 1091 plicere
3183 1016 3492 1074 testatur:
3549 1029 3624 1075 ac
3675 1007 3949 1091 proinde
4001 1008 4316 1090 populum
4361 1006 4647 1073 admonet
4674 1031 4753 1073 ns·

2888 1093 3135 1158 minem
3180 1094 3323 1159 Deo
3365 1105 3628 1178 gratum
3674 1094 3828 1173 fore,
3886 1094 4016 1160 nisi
4055 1095 4476 1159 innocentem
4514 1094 4751 1159 manibus

2888 1188 2956 1247 et
2996 1177 3192 1246 corde
3234 1199 3492 1262 purum,
3552 1178 3619 1245 id
3660 1189 3765 1246 est
3807 1182 3993 1247 cuius
4036 1180 4311 1245 interius
4355 1179 4617 1245 affectus
4646 1182 4753 1262 puri

2888 1276 2957 1329 et
3024 1265 3311 1331 exterius
3366 1286 3564 1349 opera
3616 1266 3785 1331 bona
3840 1265 4103 1331 fuerint.
4192 1264 4417 1346 Quare
4469 1284 4606 1329 cnm
4646 1285 4751 1348 pm·

2890 1351 3086 1417 ximis
3128 1360 3589 1418 conversantes
3634 1352 3748 1416 alii
3782 1351 3945 1418 alios
3977 1353 4207 1418 iuvare
4243 1351 4570 1430 debemus,
4607 1370 4757 1433 quum

2889 1437 3276 1520 praesertim
3337 1435 3421 1502 ad
3478 1438 3696 1503 Deum
3750 1436 4115 1503 adducendi
4169 1444 4341 1513 sunt,
4417 1455 4624 1502 eoram
4666 1457 4756 1517 quo

2890 1523 3233 1608 integritas
3309 1532 3377 1588 et
3440 1523 3780 1590 sinceritas
3844 1523 4130 1589 maxime
4194 1522 4564 1606 requiritur.
4637 1521 4757 1586 Ean

2888 1609 3092 1693 igitur
3133 1607 3216 1673 ob
3259 1629 3521 1674 causam
3568 1607 3740 1676 hanc
3781 1609 4216 1675 conditionem
4263 1608 4577 1674 adiectam
4612 1628 4648 1672 a
4680 1606 4759 1673 Sa

2847 1720 2853 1729 ·
2890 1694 3107 1759 muele
3150 1692 3477 1761 videmus:
3524 1694 3681 1761 licet
3722 1704 3942 1760 tamen
3988 1693 4118 1760 Dei
4158 1695 4378 1779 gratia
4414 1713 4759 1777 nequaquan

2893 1801 2932 1845 a
2969 1779 3305 1846 voluntate
3340 1788 3562 1846 nostra
3594 1801 3802 1864 neque
3824 1781 3905 1847 ab
3927 1780 4230 1864 operibus
4253 1779 4552 1865 pendeat.
4594 1778 4761 1861 Neque

2890 1886 3050 1931 vero
3108 1864 3379 1932 Samuel
3437 1865 3559 1933 hoc
3615 1867 3753 1934 loco
3812 1866 4129 1952 populum
4186 1866 4375 1933 docet
4434 1866 4504 1930 in
4556 1886 4620 1930 se
4666 1866 4761 1947 ipso

2892 1950 3005 2017 vel
3057 1951 3310 2017 meritis
3363 1952 3499 2018 suis
3552 1951 3783 2018 salutis
3838 1972 4020 2036 spem
4081 1952 4422 2017 collocare:
4484 1949 4593 2017 sed
4641 1951 4764 2014 exd-

2894 2046 3037 2102 tare
3089 2037 3327 2103 nititur
3374 2037 3460 2104 ad
3503 2039 3781 2123 gratiam
3826 2038 3954 2104 Dei
3999 2036 4539 2123 amplectendam,
4586 2044 4646 2101 et
4678 2048 4765 2099 tor-

2895 2142 3122 2206 porem
3166 2123 3650 2202 excutiendum,
3693 2144 3820 2206 quo
3869 2124 4165 2209 plerique
4223 2124 4483 2207 profani
4532 2121 4767 2187 homines

2888 2208 3186 2291 ‘absorpti
3246 2207 3368 2274 sibi
3414 2209 3674 2277 delitias
3717 2210 3986 2290 faciunt,
4045 2219 4115 2275 et
4154 2230 4339 2293 spem
4385 2208 4462 2272 in
4504 2207 4639 2272 Deo
4672 2227 4767 2271 seso

2897 2293 3211 2361 collocare
3269 2294 3602 2373 simulant,
3661 2304 3738 2361 ut
3793 2295 3919 2362 sibi
3975 2295 4058 2360 ad
4116 2315 4309 2360 omne
4363 2294 4670 2378 flagitium
4713 2292 4769 2355 ls-

2898 2381 3113 2446 xiores
3183 2379 3473 2447 habenas
3531 2382 3937 2466 permittant,
4017 2388 4087 2447 et
4142 2379 4401 2446 libidini
4470 2389 4538 2445 et
4596 2381 4769 2444 intem·

2900 2465 3238 2549 perantiae
3303 2465 3572 2532 liberius
3641 2466 4046 2551 indulgeant.
4132 2464 4329 2532 Adde
4400 2486 4595 2548 saepe
4648 2463 4769 2529 bln-
4873 2504 4876 2517 ·

2899 2551 3170 2635 phemas
3224 2552 3595 2618 istiusmodi
3652 2552 3997 2619 hominum
4053 2572 4248 2619 voces
4300 2572 4573 2634 prorsus
4612 2549 4770 2615 disbo-
4874 2602 4875 2613 ,

2901 2637 3076 2717 lices,-
3132 2637 3351 2703 Deum
3404 2639 3725 2722 optimum
3783 2659 3947 2721 esse,
4000 2638 4220 2704 Deum
4278 2638 4553 2716 facilem,
4607 2636 4770 2717 bemg·
4873 2682 4875 2686 ι

2901 2743 3091 2789 num:
3137 2723 3308 2806 qnod
3353 2723 3457 2791 vel
3502 2725 3765 2790 unicum
3810 2724 4167 2807 suspirium
4210 2722 4508 2789 sufficiat-
4548 2720 4627 2786 ad
4653 2742 4772 2786 mor-
4873 2768 4875 2787 2

2904 2809 2991 2874 ἴω
3053 2818 3357 2875 aeternae
3421 2830 3667 2893 poenas
3727 2807 4086 2890 evitandas,
4166 2807 4339 2892 quod
4410 2810 4601 2875 unico
4655 2805 4771 2870 dieto
4873 2854 4875 2889 1

2904 2893 3167 2962 Peecwi
3208 2915 3384 2961 mors
3426 2906 3695 2963 aeterna
3727 2896 4036 2980 fugiatur.

2903 2980 3119 3047 mines
3172 2988 3307 3046 tam
3364 2981 3552 3048 facile
3610 2980 3733 3047 sibi
3784 2981 3946 3066 ipsis
4003 2982 4366 3065 imponunt,
4429 2989 4500 3046 et
4542 2977 4770 3044 diabolis

2904 3066 3272 3133 istiusmodi
3332 3065 3665 3133 blanditiis
3717 3088 3830 3133 eos
3886 3067 4187 3146 inebriat,
4253 3065 4641 3132 nominatim
4674 3080 4774 3146 pm·
4872 3110 4876 3147 ἶ

2903 3151 3106 3236 pheta
3179 3151 3358 3219 iubet
3422 3173 3532 3218 eos
3598 3152 3946 3237 diligenter
4009 3172 4273 3236 operam
4340 3151 4506 3217 dare
4568 3171 4644 3215 ne
4692 3146 4774 3211 Dei

2905 3239 3187 3388 gragndam
3258 3245 3694 3319 contemnant,
3767 3239 3882 3340 sed
3946 3249 4138 3305 caute
4195 3239 4265 3338 in
4323 3257 4452 3303 sua
4506 3234 4774 3334 vocatione
4873 3281 4875 3319 3

2904 3323 3639 3477 Quantum?
3668 3324 4775 3494 ἓξὲᾛὲᾚειίὲῖᾞὲἴιᾚ
4873 3454 4875 3489 ,

2904 3503 3134 3560 monet
3188 3494 3435 3580 fideles,
3494 3504 3566 3562 nt
3623 3496 3894 3580 quisque
3937 3516 4057 3562 vae
4091 3516 4282 3562 suum
4329 3496 4403 3560 in
4450 3494 4623 3594 omni
4657 3489 4778 3586 puti-
4874 3538 4875 3545 κ

2906 3588 3069 3732 tatefl
3101 3578 3446 3732 pzsideat,
3512 3590 3579 3648 et
3636 3603 3827 3648 suam
3877 3582 4263 3648 electionem
4306 3580 4428 3646 illo
4473 3589 4776 3647 tesumom
4873 3558 4875 3643 ]

2904 3686 3023 3733 con
3076 3687 3174 3731 rm
3246 3714 3263 3731 .
4874 3712 4875 3719 ,

3073 3751 3218 3818 Iam
3259 3772 3422 3818 vero
3467 3752 3660 3837 agite,
3707 3758 3812 3821 etc.

3459 4093 3956 4178 HOMILIA
3998 4094 4301 4177 XLIV.

3436 4267 3521 4334 V.
3565 4266 3669 4333 21.
3712 4266 3818 4333 22.
3920 4265 4079 4331 Vide
4116 4286 4338 4348 supra.
4874 4312 4875 4343 3

3082 4355 3188 4420 23.
3248 4352 3438 4419 Absit
3492 4358 3698 4421 autom
3739 4373 3783 4418 a
3823 4372 3919 4418 me
3959 4347 4779 4433 lampsacum-iuvamina,
4874 4404 4875 4415 ,

2911 4436 4876 4522 υίοεεεοπιονανιρνουοόὀεεεὺἀοωϋοωουόοαόοω.

2913 4532 3257 4594 ocream
3344 4524 3447 4590 24.
3492 4522 4355 4623 tofina-temam*
4418 4530 4479 4590 a
4534 4514 4779 4611 savia&
4873 4510 4875 4601 j

2915 4610 4875 4688 inveritateextotooordeuestrotvidtstisadnw1

2910 4695 3935 4781 fteeqnmeinvobisyesserit.
4021 4693 4777 4780 auennensem

3034 4784 3098 4798 ’'
3176 4783 3191 4798 ⁹
3268 4772 4780 4865 malffiatetvosetmrestoepafioerffl·

3089 4952 3399 5021 Vidimus
3442 4954 3750 5020 hesterna
3794 4953 4119 5035 concione,
4183 4952 4509 5037 quemodo
4551 4952 4672 5018 Deo
4706 4960 4778 5010 ¹⁸
4872 4992 4876 5025 ι

2917 5040 3247 5127 patienter
3302 5039 3656 5123 tolerante3
3713 5048 3780 5104 et
3832 5039 4117 5107 offensas
4160 5039 4405 5123 quibus
4436 5039 4575 5105 eius
4612 5033 4777 5102 adver
4874 5058 4875 5063 ¹

2919 5147 3065 5194 sum
3109 5147 3233 5194 nos
3273 5127 3441 5192 iram
3482 5125 3981 5209 provocavimus
4016 5124 4451 5204 condonante,
4490 5119 4777 5192 cavum
4873 5164 4876 5191 x

2921 5215 3011 5281 sit
3052 5234 3137 5280 ne
3180 5213 3387 5298 ipsius
3427 5210 3779 5279 abutamur
3819 5212 4156 5295 patientia.
4242 5210 4473 5296 Neque
4506 5208 4657 5276 enim
4686 5205 4776 5286 ipe·
4874 5244 4875 5267 ÷

4124 2894 4459 2977 Quoniam
4494 2894 4678 2980 igitur
4701 2890 4773 2954 lw-
4874 2968 4875 2971 Ἴ
