5059 6059
310 352 440 421 633

312 543 487 619 scire
546 565 663 610 nos
720 543 1004 611 voluerit
1048 543 1129 609 de
1170 546 1370 611 rebus
1412 546 1673 612 futuris.
1756 545 1925 611 Nam
1973 544 2144 629 quod
2192 544 2273 612 ad

317 631 693 697 animarum
753 643 1130 697 nostrarum
1192 632 1484 717 regimen
1533 634 1790 710 attinet,
1852 632 2082 716 legem,
2126 653 2273 715 pro·

319 715 555 801 phetas
614 726 686 784 et
722 715 1136 798 evangelium
1184 716 1500 784 habemus
1546 730 1792 784 certam
1839 728 1905 782 et
1948 716 2276 785 indubita-

318 817 455 869 tam
524 803 855 886 regulam,
922 824 1050 886 qua
1117 802 1198 868 ad
1250 802 1467 868 Deum
1532 804 1948 870 deducamur.
2057 806 2277 886 Atque

316 888 518 954 etiam
544 887 792 955 accedit
819 888 1228 967 beneficium,
1275 901 1436 972 puta
1472 889 1682 955 divini
1726 890 1908 955 verbi
1954 890 2277 975 expositio

316 995 403 1040 ex
448 994 578 1057 qua
620 972 778 1057 quid
827 974 983 1039 utile
1028 975 1115 1039 sit
1160 974 1364 1054 nobis,
1410 975 1567 1059 quid
1615 975 2061 1041 necessarium
2110 976 2275 1041 scire

316 1080 689 1145 possumus.
737 1058 939 1141 Quod
984 1069 1205 1125 autem
1249 1061 1543 1145 politiam
1590 1069 1659 1125 et
1704 1060 2097 1145 reipublicae
2143 1072 2275 1126 sta-

317 1155 464 1213 tum
521 1146 777 1224 attinet,
834 1146 1255 1211 scientiarum
1308 1146 1743 1213 humanarum
1792 1147 2088 1211 notitiam
2153 1146 2269 1212 ha-

315 1232 585 1310 bemus,
666 1252 749 1297 ex
815 1231 1051 1314 quibus
1116 1232 1270 1316 quid
1338 1233 1511 1298 facto
1578 1235 1664 1299 sit
1721 1253 1885 1316 opus
1944 1233 2273 1298 discimus.

318 1315 584 1399 Quibus
643 1316 950 1384 omnibus
1008 1328 1346 1385 contentos
1405 1325 1663 1402 oportet
1709 1339 1824 1383 nos
1865 1340 2275 1403 summopere

319 1422 555 1470 cavere
614 1425 699 1467 ne
761 1412 1072 1486 tanquam
1120 1406 1266 1487 equi
1311 1405 1566 1471 efferati
1611 1403 2051 1489 lasciviamus,
2094 1413 2160 1470 et
2204 1403 2270 1468 in

320 1509 405 1556 ea
456 1509 623 1573 quae
683 1509 873 1554 nosse
932 1510 1050 1556 nos
1108 1489 1277 1555 nihil
1333 1492 1569 1556 attinet
1619 1491 1937 1555 curiosius
1980 1490 2273 1574 inquira-

317 1594 500 1640 mus:
547 1573 718 1657 quod
755 1584 976 1640 tamen
1025 1575 1259 1641 vitium
1305 1576 1501 1642 hodie
1547 1596 1944 1659 magnopere
1988 1576 2056 1640 in
2103 1575 2273 1640 mul-

317 1661 407 1727 tis
471 1660 743 1739 obtinet,
810 1670 879 1724 et
941 1660 1201 1744 quidem
1266 1660 1424 1727 viris
1483 1661 1905 1747 principibus,
1966 1662 2072 1744 qui
2119 1682 2274 1727 suos

316 1748 673 1830 aruspices,
710 1767 862 1812 suos
899 1746 1162 1813 divinos
1184 1769 1404 1814 secum
1442 1747 1689 1813 ducunt
1725 1756 1792 1812 et
1825 1746 2272 1814 coniuratores

318 1831 706 1900 ordinarios.
798 1830 991 1913 Quod
1035 1836 1281 1899 crimen
1326 1834 1793 1918 gravissimum
1840 1855 2039 1918 quum
2086 1832 2272 1898 Deus

316 1927 459 1982 tam
498 1918 821 1983 severiter
865 1917 1418 1999 condemnaverit,
1466 1941 1596 1986 non
1647 1919 1916 1985 dubium
1962 1928 2068 1985 est
2110 1918 2272 2003 quin

316 2004 435 2070 isti
488 2023 708 2069 coram
754 2003 898 2069 Deo
956 2005 1053 2069 rei
1108 2004 1287 2070 illius
1332 2005 1482 2072 facti
1530 2004 1959 2091 gravissimas
2003 2005 2267 2070 tandem

315 2109 571 2175 poenas
624 2089 830 2155 luant.
921 2088 1108 2157 Unus
1165 2090 1389 2174 itaque
1434 2090 1621 2158 Deus
1672 2091 1841 2158 vivis
1886 2099 1951 2155 et
1994 2090 2270 2156 mortuis

315 2176 622 2242 sufficiat.
712 2174 904 2241 Unus
947 2176 1032 2261 sit
1076 2185 1299 2242 nostra
1343 2178 1522 2243 salus
1567 2186 1635 2243 et
1680 2177 1759 2243 ad
1806 2176 1987 2241 illam
2036 2178 2160 2242 via.

492 2262 703 2327 Porro
721 2258 996 2328 Saulem
1022 2262 1257 2345 aliquis
1285 2262 1527 2328 dixerit
1570 2263 1840 2348 gravius
1888 2262 2009 2329 hic*
2039 2283 2078 2326 a
2122 2260 2267 2326 Deo

312 2347 541 2432 puniri
601 2365 797 2430 quam
846 2347 1119 2414 meritus
1166 2348 1481 2427 videatur,
1543 2349 1714 2433 quod
1758 2370 1962 2432 quum
2011 2348 2268 2414 divinos

315 2441 391 2500 et
432 2434 876 2499 incantatores
911 2454 947 2498 e
985 2442 1162 2500 terra
1204 2435 1387 2500 iuxta
1408 2434 1533 2501 Dei
1580 2443 1996 2519 praeceptum
2047 2443 2267 2500 sustu-

314 2518 521 2598 lisset,
583 2518 1096 2585 misericordiam
1155 2521 1383 2585 saltem
1434 2543 1471 2585 a
1514 2520 1659 2587 Deo
1704 2521 2009 2604 consequi
2056 2541 2265 2585 mere-

315 2614 521 2682 retur,
565 2613 642 2669 ut
684 2624 803 2688 pro
847 2605 1205 2671 benefactis
1242 2608 1422 2673 Deus
1467 2606 1564 2671 illi
1608 2628 1792 2673 suam
1839 2606 2120 2690 gratiam
2160 2628 2264 2670 re-

406 2689 651 2756 nderet.
756 2687 890 2757 Sed
947 2690 1634 2771 animadvertendum,
1701 2714 1833 2757 non
1901 2712 2044 2757 esse
2103 2692 2264 2757 satis

400 2796 483 2841 ne
566 2775 848 2859 aliquem
930 2777 1216 2859 coepisse
1284 2778 1410 2843 nisi
1477 2778 1557 2843 ad
1625 2787 1993 2844 extremum
2060 2797 2262 2860 usque

403 2863 705 2928 rrexerit.
764 2862 949 2927 Bene
990 2862 1212 2946 itaque
1257 2872 1557 2948 coeperat
1602 2863 2263 2941 Saul‘exterminans

362 2948 574 3016 ivinos
617 2954 684 3012 et
718 2947 1159 3015 incantatores
1194 2970 1274 3014 ex
1312 2949 1578 3029 Iudaea,
1624 2950 1734 3016 sed
1775 2971 1907 3014 non
1949 2949 2075 3014 fuit
2119 2948 2263 3013 diu·

310 3044 558 3101 turnus
601 3033 778 3099 zelus
821 3033 1066 3118 ipsius:
1110 3035 1637 3119 quandoquidem
1682 3057 1889 3120 paene
1934 3043 2264 3100 momento

311 3120 400 3186 ad
438 3119 783 3205 Pythones
819 3141 1124 3187 reversus
1167 3129 1285 3198 est,
1331 3143 1492 3206 quos
1536 3130 1730 3188 antea
1774 3120 2261 3198 exterminavit,

309 3207 413 3272 ita
457 3214 533 3271 ut
565 3227 715 3273 cum
754 3205 899 3272 Deo
936 3217 1000 3271 et
1045 3207 1303 3291 impuro
1346 3209 1580 3292 spiritu
1622 3208 1876 3276 cultum
1919 3207 2261 3292 partiatur.

310 3292 523 3376 Atqui
599 3312 721 3358 nos
776 3303 1024 3358 rectam
1067 3294 1245 3360 viam
1290 3302 1548 3377 oportet
1589 3295 1893 3361 insistere
1937 3313 2260 3376 nusquam

310 3399 530 3462 neque
601 3377 684 3443 ad
743 3378 998 3444 laevam
1058 3400 1268 3462 neque
1324 3380 1405 3445 ad
1462 3380 1760 3445 dextram
1821 3378 2258 3446 deflectantes.

310 3463 668 3530 Caeterum
731 3463 886 3529 hinc
952 3466 1147 3529 etiam
1216 3465 1728 3550 observandum,
1800 3465 2030 3550 positis
2109 3463 2263 3530 licet

310 3550 506 3615 bonis
564 3549 847 3635 legibus,
922 3571 1254 3633 nunquam
1328 3559 1545 3617 tamen
1607 3551 1907 3619 homines
1961 3552 2054 3618 sic
2111 3550 2261 3615 illas

306 3634 665 3701 observare
709 3636 867 3719 quin
914 3637 1147 3720 aliquis
1192 3656 1451 3722 semper
1491 3637 1669 3703 inter
1710 3659 1820 3705 eos
1861 3637 2101 3704 abusus
2146 3634 2262 3699 ob-

308 3721 544 3787 tineat.
616 3722 924 3806 Exempli
968 3722 1198 3808 gratia,
1247 3720 1410 3789 Saul
1454 3723 1523 3788 in
1570 3733 1707 3788 tota
1750 3723 1992 3790 Iudaea
2034 3721 2258 3808 prohi-

306 3808 464 3877 buit
518 3806 601 3872 ad
645 3806 908 3874 divinos
953 3821 1064 3875 aut
1107 3809 1549 3876 incantatores
1592 3810 1962 3894 confugere,
2006 3821 2074 3875 et
2116 3809 2257 3893 qui-

306 3892 465 3960 dem
489 3894 815 3961 veneficos
839 3908 906 3959 et
927 3896 1251 3963 veneficas
1286 3895 1479 3961 iussit
1520 3894 1720 3960 etiam
1767 3907 1976 3959 morte
2020 3892 2257 3978 puniri,

306 3990 393 4046 ut
454 3978 757 4045 videatur
812 3990 948 4045 tam
1003 3980 1349 4065 flagitiosis
1407 3981 1782 4047 hominibus
1842 3990 2019 4045 terra
2061 3980 2260 4045 fuisse

310 4072 708 4150 repurgata:
780 4063 894 4130 sed
954 4077 1177 4132 tamen
1231 4066 1498 4148 ipsimet
1554 4066 1839 4131 ministri
1896 4072 2263 4150 suggerunt

310 4152 447 4235 ipsi
492 4172 633 4217 esse
677 4152 747 4215 in
793 4151 1022 4217 Endor
1066 4153 1393 4236 quandam
1439 4151 1932 4237 Pythonissam.
1992 4150 2259 4235 Annon,

306 4240 601 4317 obsecro,
645 4237 1092 4304 ministrorum
1120 4259 1190 4302 re
1242 4238 1296 4303 ‘s
1342 4238 1625 4305 officium
1673 4247 1814 4303 erat
1854 4239 2066 4322 legem
2113 4236 2261 4301 dili-

304 4332 550 4409 genter
609 4324 960 4390 observare
1015 4332 1082 4389 et
1142 4346 1180 4389 a
1229 4345 1457 4390 versus
1500 4344 1641 4389 eam
1685 4322 2132 4408 delinquentes
2175 4322 2258 4388 ad

310 4430 539 4493 regem
564 4405 865 4474 deferre?
913 4409 1257 4491 Quomodo
1297 4410 1501 4495 igitur
1540 4409 1825 4475 ministri
1862 4409 1958 4474 illi
1998 4408 2258 4493 publici,

313 4496 440 4579 qui
481 4494 642 4575 legis
687 4496 1108 4560 autoritatem
1154 4495 1321 4561 tueri
1370 4496 1712 4576 debebant,
1769 4496 2130 4562 veneficam
2175 4496 2258 4560 il-

306 4582 451 4648 lam
477 4581 947 4665 Pythonissam
973 4580 1316 4648 tulerunt?
1362 4580 1477 4648 Sic
1513 4601 1670 4647 sane
1715 4582 1924 4646 solent
1968 4580 2258 4666 plerum-

302 4689 443 4753 que
466 4668 815 4732 autoritate
849 4667 1172 4752 pollentes
1207 4666 1288 4732 ad
1320 4667 1690 4733 istiusmodi
1716 4667 1878 4733 vitia
1912 4667 2257 4748 caecutire,

306 4766 378 4822 et
424 4754 579 4819 licet
613 4774 726 4818 ore
761 4774 831 4819 se
876 4754 1309 4836 profiteantur
1330 4752 1465 4819 Dei,
1506 4753 1783 4837 gloriam
1829 4762 1895 4819 et
1938 4753 2259 4820 honorem

305 4860 437 4924 pro
463 4838 712 4904 viribus
735 4859 1118 4922 promovere
1154 4840 1347 4922 velle,
1391 4838 1743 4923 populique
1787 4839 2064 4904 salutem
2108 4860 2259 4923 pro·

304 4946 565 5009 curare,
604 4925 840 5008 reipsa
865 4936 1081 4991 tamen
1111 4924 1363 4991 vultum
1384 4925 1729 5001 ,simulasse
1751 4925 2257 5009 comperiantur,

302 5022 377 5079 et
447 5009 531 5076 ad
597 5010 759 5076 vitia
824 5012 1171 5077 manifesta
1235 5008 1581 5096 caligasse,
1648 5021 1713 5075 et
1781 5012 1846 5075 in
1908 5022 2258 5095 utramque

301 5110 570 5183 partem
608 5097 981 5163 fluctuasse.
1033 5097 1163 5165 Hie
1207 5095 1391 5164 loeus
1434 5097 1456 5162 i
1506 5099 1639 5162 itur
1680 5094 1988 5162 admonet
2030 5118 2257 5162 omnes

303 5205 428 5251 eos
484 5182 599 5266 qui
658 5182 738 5247 ad
800 5204 1018 5248 rerum
1171 5183 1460 5249 bernacu
1489 5205 1529 5248 a
1571 5181 1819 5260 sedent,
1872 5191 1945 5246 ut
1991 5181 2256 5249 videant

300 5292 398 5338 ne
442 5267 750 5337 simulate
793 5290 935 5336 sese
980 5270 1047 5334 in
1081 5205 1223 5334 {gei
1266 5268 1532 5355 negotio
1576 5276 1841 5353 gerant:
1877 5268 1990 5334 sed
2036 5269 2256 5353 potius

1562 356 1666 424 m
1708 357 1766 424 1.
1810 356 1992 424 Lm.
2035 314 2439 425 smum.
2486 356 2688 425 oAP.
2722 357 3060 426 xxv111.

4186 356 4316 422 634

2362 546 2638 613 candide
2673 547 2894 614 omnia
2930 546 3412 633 administrent,
3458 568 3541 613 ne
3587 548 3859 633 spiritus
3905 545 4111 611 divini
4156 567 4306 613 sen·

2363 634 2570 698 tentia
2613 634 3005 700 iudicentur.
3072 632 3646 715 Quemadmodum
3693 634 3867 699 enim
3918 630 4138 700 Saulis
4182 633 4300 695 mi·

2362 718 2555 783 nistri
2615 730 2929 786 notantur
2992 719 3216 785 divina
3276 721 3606 786 sententia
3665 720 3758 787 sic
3817 730 3882 785 et
3939 721 4102 784 istos
4144 717 4301 784 olim

2360 804 2505 870 Deo
2569 806 2885 871 rationem
2947 827 3086 872 esse
3147 805 3515 871 reddituros
3574 814 3823 871 certum
3872 815 3990 871 est..
4080 804 4302 886 Quare

2363 891 2539 956 enim
2575 894 2826 977 positae
2869 901 3027 957 sunt
3061 890 3260 976 leges,
3304 892 3430 955 nisi
3476 902 3551 956 ut
3594 891 3675 956 ad
3724 892 4035 958 amussim
4082 890 4301 955 obser-

2363 976 2652 1042 ventur?
2742 977 2881 1043 Nae
2942 999 3237 1043 summus
3278 976 3405 1042 Dei
3458 986 3869 1060 contemptus
3909 986 4010 1043 est
4053 978 4299 1060 positas

2360 1060 2539 1145 leges
2584 1062 2814 1128 abrum
2864 1084 2972 1128 ere
3016 1072 3083 1129 et
3126 1062 3396 1129 violare.
3442 1063 3740 1129 Profecto
3786 1063 3894 1147 qui
3940 1064 4066 1127 iuri
4111 1084 4296 1147 prae-

2364 1148 2510 1213 fecti
2571 1159 2746 1229 sunt,
2807 1085 2961 1213 «fare
2996 1170 3261 1232 operam
3310 1147 3548 1214 debent
3594 1166 3667 1213 ut
3709 1150 3971 1231 ipsimet
4017 1149 4150 1214 sint
4191 1148 4301 1213 lex

2359 1233 2613 1319 populis
2671 1233 2906 1318 quibus
2964 1234 3306 1300 nulladum
3368 1235 3478 1299 lex
3523 1236 3852 1319 proposita
3898 1242 4017 1300 est.
4074 1232 4203 1301 Sed
4243 1234 4298 1300 si

2360 1319 2608 1404 positae
2646 1330 2802 1384 sunt
2846 1320 3022 1405 leges
3068 1321 3148 1385 ad
3198 1320 3289 1385 rei
3336 1320 3632 1405 publicae
3670 1321 3773 1386 vel
3820 1319 4106 1405 regionis
4142 1341 4295 1385 con-

2360 1406 2820 1486 servationem,
2878 1429 2960 1472 ne
3006 1406 3119 1490 pili
3161 1407 3421 1490 quidem
3469 1404 3800 1472 faciendae
3840 1415 3996 1472 sunt
4043 1407 4168 1471 nisi
4214 1405 4299 1471 ad

2361 1492 2677 1556 amussim
2742 1490 3187 1558 observentur.
3280 1490 3621 1559 Summam
3684 1493 3858 1557 enim
3922 1491 4299 1558 confusione

2360 1576 2588 1643 invehi
2630 1599 2898 1644 necesse
2935 1590 3032 1642 est
3078 1580 3147 1642 in
3193 1577 3591 1662 respublicas
3635 1586 3748 1642 aut
3792 1599 4016 1662 regna,
4061 1578 4125 1643 in
4164 1578 4302 1662 qui·

2355 1663 2475 1728 bus
2494 1664 2920 1747 magistratus
2945 1686 3075 1728 non
3102 1663 3435 1742 timentur,
3476 1673 3589 1727 aut
3627 1663 3706 1728 ad
3735 1664 3894 1729 vitia
3923 1664 4293 1729 connivent.

2359 1746 2493 1815 Sed
2550 1750 2857 1832 quoniam
2919 1749 3026 1815 isti
3084 1749 3386 1816 homines
3428 1749 3557 1814 Dei
3617 1750 3879 1814 nomine
3937 1751 4298 1816 abutuntur

2359 1833 2440 1900 ad
2472 1855 2657 1900 suam
2697 1834 3175 1919 turpitudinem
3221 1834 3690 1909 occultandam.
3738 1835 3880 1901 ideo
3926 1857 4086 1918 quas
4131 1834 4298 1899 tule-

2358 1920 2492 1984 rint
2563 1920 2742 2005 leges
2817 1919 3134 1986 adversus
3194 1943 3263 1987 se
3317 1921 3492 2005 ipsos
3555 1922 3796 2004 positas
3856 1920 4297 2005 experientur,

2355 2005 2583 2089 Neque
2653 2027 2810 2072 vero
2871 2015 3128 2071 tantum
3175 2006 3337 2073 haec
3396 2004 3479 2072 ad
3534 2006 3778 2072 iudices
3836 2018 3900 2073 et
3944 2007 4289 2090 primarios

2356 2092 2730 2157 autoritatis
2793 2092 2965 2157 viros
3020 2094 3384 2175 pertinent,
3446 2092 3558 2157 sed
3621 2092 3816 2157 etiam
3878 2091 3959 2157 ad
4003 2093 4296 2176 ipsorum

2355 2177 2720 2258 ministros,
2780 2186 2847 2243 et
2906 2177 2988 2242 ad
3048 2200 3274 2244 omnes
3331 2177 3608 2262 denique
3670 2178 3866 2263 cives,
3925 2199 4087 2263 quos
4130 2179 4294 2244 scire

2353 2272 2613 2347 oportet
2675 2262 2894 2329 Deum
2975 2264 3258 2328 latarum
3316 2263 3535 2349 legum
3595 2265 3867 2330 abusum
3921 2285 4052 2329 non
4119 2263 4293 2328 inul-

2354 2357 2494 2414 tum
2542 2349 2947 2416 relicturum.
2992 2349 3201 2416 Porro
3245 2350 3515 2414 minime
3560 2351 3980 2415 metuendum
4029 2358 4146 2427 est,
4210 2370 4293 2413 ne

2353 2436 2556 2501 nimia
2622 2436 2708 2499 sit
2771 2436 2838 2500 in
2900 2435 3164 2500 iudiciis
3219 2435 3553 2517 severitas,
3618 2457 3818 2519 quum
3881 2434 4302 2519 reprimenda

2353 2532 2509 2585 sunt
2532 2519 2855 2587 maleficia
2877 2520 2959 2585 ad
2996 2541 3161 2604 quae
3209 2533 3442 2587 natura
3485 2543 3710 2587 omnes
3755 2531 3910 2586 sunt
3956 2521 4301 2604 proclives.

2369 2605 2531 2674 Saul
2603 2607 2804 2692 igitur
2871 2606 2996 2671 hoc
3062 2606 3201 2673 loco
3269 2608 3363 2673 sic
3417 2606 3911 2673 commendatur
3968 2627 4006 2669 a
4067 2606 4301 2691 spiritu

2367 2700 2615 2772 sancto,
2674 2690 2842 2775 qued
2902 2693 3224 2758 veneficos
3284 2706 3349 2758 et
3406 2692 3664 2759 divinos
3709 2693 4184 2771 exterminarit,
4229 2702 4302 2757 ut

2366 2777 2631 2844 interim
2689 2778 2818 2843 alia
2862 2798 2942 2844 ex
2988 2788 3171 2862 parte
3217 2778 3688 2845 condemnetur
3732 2800 3879 2843 cum
3927 2780 4062 2844 suis
4106 2778 4301 2843 mini·

2366 2867 2543 2948 stris,
2589 2863 2757 2949 quod
2805 2864 3274 2965 pythonissam
3320 2865 3614 2946 tulerint,
3677 2864 3758 2929 ad
3804 2865 3990 2930 cuius
4036 2864 4301 2929 oracula

2367 2949 2564 3015 multi
2622 2950 3105 3033 confugiebant,
3161 2949 3331 3033 quod
3391 2971 3521 3014 non
3566 2950 3708 3015 sine
3753 2971 4008 3015 summo
4053 2950 4300 3034 flagitio

2364 3037 2505 3101 fieri
2554 3044 2828 3120 poterat,
2879 3057 3081 3120 quum
3127 3036 3390 3120 impune
3433 3034 3512 3099 ad
3558 3035 3738 3100 illam
3785 3034 3982 3100 multi
4026 3054 4297 3100 concur-

2366 3131 2605 3188 rerent.

2538 3208 2743 3274 Porro
2787 3207 2956 3291 quod
3002 3205 3163 3274 Saul
3206 3205 3566 3272 Dominum
3614 3205 3960 3285 consuluit,
4024 3204 4297 3290 dignum

2364 3291 2557 3360 laude
2601 3291 2863 3377 quidem
2907 3291 3063 3358 fuit.-
3117 3292 3287 3378 quod
3334 3313 3490 3358 vero
3536 3292 3717 3358 Deus
3763 3314 3893 3357 non
3941 3290 4296 3374 respondit,

2363 3379 2537 3445 iusta
2561 3379 2684 3445 fuit
2707 3376 2964 3463 punitio
2999 3387 3408 3463 peccatorum
3435 3398 3599 3462 quae
3624 3386 3817 3443 antea
3861 3378 4295 3463 commiserat,

2362 3465 2475 3531 sed
2522 3467 2592 3530 in
2685 3464 2869 3531 rimis
2913 3464 3383 3532 consideranda
3424 3464 3542 3529 illa
3589 3464 3784 3530 verba
3828 3470 4002 3544 sunt,
4063 3462 4298 3547 quibus

2364 3549 2602 3616 dicitur
2680 3552 2789 3616 aul
2827 3553 3187 3636 conspectis
3221 3550 3784 3617 Philisthaeorum
3828 3550 4060 3616 castris
4107 3548 4298 3615 vehe-

2363 3646 2620 3703 menter
2684 3638 3000 3715 timuisse,
3062 3646 3128 3702 et
3167 3638 3519 3721 expavisse
3564 3657 3673 3702 cor
3715 3635 3858 3701 eius
3905 3635 4121 3701 nimis.
4188 3635 4297 3700 'ri-

2361 3744 2542 3788 mere
2597 3724 2773 3789 enim
2834 3724 3049 3808 potius
3107 3723 3216 3787 ille
3262 3721 3543 3806 quidem,
3588 3719 3697 3787 sed
3747 3743 3879 3787 non
3925 3729 4141 3786 tamen
4190 3742 4300 3786 ex-

2361 3829 2708 3893 pavescere
2768 3808 3009 3875 debuit.
3097 3808 3277 3891 Quid
3333 3807 3475 3874 ita?
3565 3808 3820 3892 Nempe
3876 3806 4123 3873 iustum
4173 3806 4298 3872 Dei

2360 3893 2679 3961 iudicium
2741 3908 2838 3960 est
2894 3896 2963 3959 in
3023 3894 3204 3960 verbi
3258 3895 3359 3961 sui
3416 3901 3897 3977 contemptores
3940 3913 4144 3977 pavor
4186 3893 4297 3959 ille

2359 3988 2427 4045 et
2451 3979 2821 4065 trepidati0,
2867 3990 2945 4046 ut
2965 3984 3080 4066 qui
3104 3980 3319 4046 Deum
3358 4002 3493 4045 non
3528 3980 3786 4060 timent,
3831 3978 3928 4044 illi
3966 3979 4289 4058 homines,

2361 4066 2494 4131 imo
2573 4067 2875 4133 umbram
2954 4088 3136 4131 suam
3206 4076 3674 4151 expavescant:
3754 4064 3913 4133 Saul
3982 4063 4297 4130 adversus

2360 4151 2579 4221 Deum
2640 4152 2870 4218 insana
2925 4151 3203 4235 quadam
3265 4151 3644 4237 arrogantia
3701 4173 3850 4218 cum
3911 4148 4297 4216 crudelitate

2362 4239 2707 4306 coniuncta
2774 4238 3222 4307 insurrexerat
3276 4248 3343 4302 et
3401 4238 3707 4304 cornibus
3765 4237 3979 4321 ipsum
4038 4235 4293 4300 coelum

2361 4332 2601 4407 petere,
2650 4324 2938 4407 Deoque,
3000 4324 3205 4390 veluti
3254 4323 3497 4389 bellum
3542 4322 3785 4389 inferre
3831 4322 4014 4385 visus
4057 4319 4295 4387 fuerat.

2362 4410 2554 4475 Nunc
2613 4410 2817 4496 igitur
2869 4410 3053 4475 illum
3116 4418 3376 4495 oportet
3419 4410 3608 4475 istius
3653 4405 4062 4492 arrogantiae
4107 4427 4294 4491 prae-

2361 4496 2569 4561 mium
2625 4497 2901 4576 auferre,
2962 4505 3027 4561 et
3083 4496 3449 4581 conspectis
3500 4493 3796 4561 hostibus
3841 4512 4291 4577 expavescere.

2359 4581 2686 4666 Equidem
2718 4584 2925 4647 fateor
2961 4580 3188 4647 fideles
3224 4582 3303 4646 ad
3341 4581 3781 4665 periculorum
3828 4580 4083 4644 obiecta
4119 4598 4293 4644 com·

2360 4669 2644 4748 moveri,
2703 4668 2963 4752 quando
3009 4667 3223 4733 uidem
3269 4666 3413 4753 [non
3477 4673 3633 4731 sunt
3687 4664 4119 4743 insensibiles,
4179 4663 4294 4728 sed

2358 4762 2606 4818 metum
2654 4753 2940 4838 ipsorum
3046 4774 3160 4820 eus
3203 4754 3296 4818 ita
3339 4760 3674 4836 temperat,
3717 4761 3793 4817 ut
3836 4752 3904 4815 in
3949 4751 4093 4836 ipso
4139 4770 4292 4815 con·

2358 4841 2735 4923 quiescant,
2803 4849 2978 4906 certo
3036 4838 3330 4924 persuasi
3385 4857 3718 4920 nunquam
3776 4836 3936 4921 ipsis
3994 4835 4293 4901 divinum

2359 4925 2680 4991 auxilium
2744 4925 3137 5003 defuturum,
3195 4923 3466 5008 ideoque
3509 4944 3706 5007 seque
3748 4942 3978 5005 resque
4022 4942 4177 4988 suas
4219 4921 4295 4986 in

2357 5011 2567 5096 ipsius
2636 5011 2939 5078 manibus
2998 5018 3342 5094 reponunt.
3444 5009 3553 5075 En
3613 5030 3742 5092 qua
3799 5006 4053 5074 ratione
4110 5006 4293 5074 Deus

2358 5116 2701 5162 servorum
2739 5104 2983 5163 metum
3021 5095 3298 5180 mitigat,
3343 5102 3408 5161 et
3441 5095 3511 5160 in
3556 5094 3786 5161 mediis
3831 5092 4292 5160 afflictionibus

2359 5191 2427 5247 et
2473 5182 2970 5248 difficultatibus
3006 5201 3301 5246 summae
3347 5180 3807 5250 consolationis
3856 5188 3922 5244 et
3967 5177 4290 5262 tranquil-

2359 5266 2567 5335 litatis
2612 5277 3065 5355 argumentum
3113 5266 3272 5351 ipsis
3314 5266 3691 5352 suppeditat
3733 5268 3800 5332 in
3835 5265 3978 5331 Deo
4024 5286 4291 5350 speran-
