5059 6059
262 284 363 351 733

256 470 502 539 maxime
577 482 646 530 se
728 466 952 528 nostra
1039 463 1449 531 contumacia
1535 466 1875 549 patefacit:
1964 464 2139 549 quod

252 573 478 643 prorsus
534 549 729 614 simus
794 546 1119 616 inhabiles
1181 559 1250 614 et
1328 551 1712 634 refractarii,
1793 562 1868 618 ut
1933 552 2135 617 veluti

252 638 469 725 magnis
517 632 745 702 ictibus
803 634 886 699 ad
929 634 1118 700 illum
1162 636 1368 702 simus
1411 635 1796 704 adducendi.
1884 636 2138 702 Idcirco

247 730 436 827 itaque
465 719 806 873 Egmmizffm
831 722 972 872 istil}²
1011 720 1300 871 ¹subinde
1339 726 1635 873 {emti-'⁵'
1687 723 2135 875 'lagaztmo

249 816 421 879 me
807 853 828 871 .
972 828 1012 873 o
1049 828 1122 873 ro
1179 828 1356 873 maxi
1429 830 1470 874 a
1525 831 1625 875 vis
1682 831 1751 875 in
2107 843 2136 858 -

249 894 638 964 hortationem
681 892 749 957 in
794 891 918 959 hac
961 892 1243 960 dictione
1285 893 1640 960 Dominus.-
1683 916 1835 961 nam
1881 894 2141 978 oblique

246 980 486 1068 populus
516 976 1032 1062 reprehenditur,
1076 978 1209 1045 nisi
1242 1001 1314 1045 se
1347 981 1815 1063 obsequentem
1851 980 2138 1047 Domino

283 1065 529 1144 raebeat,
583 1065 767 1147 quasi
810 1062 1017 1130 dicat:
1075 1064 1314 1131 Videte
1373 1065 1534 1148 quid
1590 1088 1630 1132 a
1687 1068 1873 1134 vobis
1914 1075 2138 1152 postu·

243 1090 365 1232 ssm,
437 1170 661 1233 nempe
725 1157 801 1215 ut
865 1149 1086 1216 Deum
1152 1152 1458 1228 timeatis,
1537 1173 1820 1236 eumque
1885 1153 2134 1220 colatis.

241 1235 459 1321 Ecquid
511 1254 666 1301 vero
711 1243 813 1301 est
864 1237 1103 1303 iustius
1145 1248 1218 1302 et
1270 1237 1583 1320 aequius?
1672 1237 1898 1320 Quare
1942 1259 2136 1323 quam

239 1322 466 1389 tandem
521 1322 1012 1389 excusationem
1070 1323 1484 1405 praetexetis,
1538 1345 1742 1407 quum
1802 1326 1885 1390 ab
1927 1326 2138 1391 officio

239 1407 611 1490 mritis,
688 1407 1213 1491 quandoquidem
1293 1408 1462 1474 nihil
1543 1431 1584 1474 a
1648 1410 1835 1477 vobis
1913 1411 2139 1495 flagito

235 1494 381 1578 quod
421 1512 545 1558 non
591 1493 720 1577 ipsi
763 1493 1102 1559 fateamini
1146 1513 1426 1577 aequum
1469 1515 1645 1561 esse:
1703 1517 1908 1579 quum
1953 1517 2138 1580 praes

237 1580 433 1646 sertim
486 1598 596 1645 cor
657 1586 961 1645 vestrum
1024 1588 1280 1645 tantum
1343 1581 1670 1665 requiram
1726 1581 1810 1648 ad
1869 1582 2140 1649 Domini

234 1665 472 1744 cultum,
527 1664 632 1731 oui
693 1684 815 1748 pro
876 1674 976 1731 tot
1029 1666 1366 1748 tantisque
1425 1666 1758 1735 beneficiis
1813 1669 1970 1735 estis
2027 1669 2138 1735 de-

231 1749 634 1818 vinctissimi?
727 1749 911 1817 Alibi
988 1771 1148 1817 vero
1221 1750 1546 1820 Dominus
1624 1753 1871 1820 cultum
1946 1775 2137 1821 suum

233 1845 402 1904 vocat
449 1846 743 1902 nostram
803 1835 1106 1915 salutem,
1164 1859 1205 1903 a
1259 1857 1391 1921 qua
1447 1846 1708 1904 tantum
1774 1839 2139 1908 recedimus

229 1928 517 2006 quantum
577 1922 651 1987 in
715 1922 844 1987 Dei
909 1922 1093 1989 cultu
1158 1924 1620 2008 segnescimus.
1719 1924 2140 2010 Quapropter

228 2028 346 2073 vox
381 2009 497 2072 ista
525 2007 1058 2092 magnifacienda
1092 2018 1212 2086 est,
1256 2023 1324 2074 et
1358 2009 1705 2095 diligenter
1737 2011 2137 2078 meditanda.

227 2093 412 2158 Porro
452 2093 646 2161 efiam
707 2092 983 2177 requirit
1038 2095 1212 2161 istud
1256 2095 1555 2180 amplius,
1610 2105 1684 2161 ut
1725 2097 1795 2162 in
1837 2098 2139 2178 veritate,

233 2186 292 2243 et
328 2199 403 2243 ex
439 2185 566 2245 toto
607 2178 814 2245 corde
855 2180 1001 2246 Deo
1046 2183 1356 2248 serviant.
1410 2181 1546 2248 Per
1589 2182 1937 2249 veritatem
1981 2204 2139 2251 vero

227 2263 639 2348 integritatem
687 2272 760 2330 et
798 2266 1243 2334 sinceritatem
1285 2267 1619 2351 intelligit,
1664 2289 1832 2352 quae
1875 2277 2138 2335 utrum-

226 2370 336 2433 que
382 2349 450 2414 in
504 2370 575 2416 se
632 2351 1114 2434 complectitur.
1199 2353 1391 2419 Nihil
1446 2354 1624 2419 enim
1680 2353 1860 2420 aliud
1912 2365 2015 2421 est
2052 2377 2137 2421 ex

227 2442 341 2500 toto
389 2435 580 2502 corde
634 2435 786 2503 Deo
843 2439 1115 2515 servire,
1173 2458 1369 2523 quam
1427 2460 1583 2507 vere
1626 2438 1846 2505 Deum
1904 2441 2135 2507 colere.

228 2519 456 2586 Nostris
511 2522 699 2588 enim
743 2524 1238 2591 inventionibus
1279 2525 1410 2591 Dei
1451 2525 1667 2592 cultus
1708 2525 2134 2607 adulteratur,

224 2625 399 2688 quam
463 2618 696 2674 tamen
764 2608 908 2676 Deo
982 2611 1232 2677 servire
1298 2612 1368 2676 in
1432 2612 1710 2678 veritate
1773 2610 2133 2693 iubeamur,

221 2692 341 2757 sius
389 2694 668 2761 verbum
723 2695 926 2779 sequi,
992 2704 1061 2762 et
1115 2695 1284 2762 nihil
1341 2696 1423 2762 de
1475 2704 1698 2763 nostro
1756 2698 2134 2766 admiscere.

221 2774 377 2857 Quid
417 2798 574 2864 ergo
620 2780 707 2845 de
750 2782 1176 2848 caeremoniis
1218 2790 1285 2847 et
1328 2782 1563 2849 ritibus
1607 2783 1738 2850 illis
1781 2782 2135 2851 idololatri-

213 2863 295 2928 cis
330 2862 397 2928 in
432 2864 763 2932 mundum
795 2867 1072 2935 invectis
1106 2867 1399 2936 dicemus
1434 2868 1631 2945 aliud,
1673 2889 1870 2953 quam
1904 2870 2137 2937 falsam

213 2947 573 3033 religionem
636 2960 708 3017 et
763 2954 1275 3019 commentitiam
1331 2955 1459 3020 Dei
1511 2954 1766 3021 colendi
1822 2957 2135 3041 supersti-

211 3031 481 3101 tionem?
595 3037 759 3105 Una
820 3039 995 3104 enim
1062 3060 1222 3106 vera
1286 3048 1388 3105 est
1450 3040 1698 3125 religio,
1781 3062 1918 3109 una
1980 3063 2139 3109 vere

215 3116 408 3185 Deum
465 3121 734 3189 colendi
791 3124 979 3201 ratio,
1037 3146 1232 3208 quam
1281 3124 1555 3208 ipsemet
1595 3124 1781 3193 Deus
1820 3128 1892 3192 in
1938 3130 2139 3195 verbo

210 3223 314 3354 ἓξ)
333 3291 348 3306 ι
367 3208 832 3361 ἵκηαι-ἑξεῖ
872 3209 981 3275 Ita
1034 3213 1231 3362 θιίιιᾶιι
1278 3210 1618 3362 Βθωὶειιιιέ
1673 3213 2141 3366 ιιοθιθιέῦὲθῗιιθ

297 3312 498 3359 risus
554 3314 692 3378 apu
831 3315 1110 3362 oannem
1198 3316 1237 3362 θ
1347 3318 1407 3363 ei
1462 3318 1543 3364 cu
1600 3320 1680 3363 us
1718 3318 1863 3364 ven
2070 3319 2141 3365 o-

213 3392 420 3456 quens,
466 3382 657 3445 omni
702 3381 1110 3448 simulationi
1151 3381 1365 3467 ipsam
1407 3384 1694 3468 opponit,
1739 3392 1807 3450 et
1838 3386 2143 3454 omnihus

213 3461 441 3530 umbrie
482 3474 556 3531 et
601 3467 842 3551 figuris
882 3467 1015 3534 illis
1057 3466 1379 3553 legalibus
1421 3490 1591 3552 quae
1628 3481 2138 3554 praecesserant.

217 3544 366 3614 Nam
391 3552 521 3617 etsi
554 3552 748 3618 Deus
791 3552 873 3619 ab
917 3554 1097 3618 omni
1141 3554 1398 3621 saeculo
1441 3554 1847 3641 spiritualem
1892 3557 2143 3624 cultum

214 3632 282 3698 ab
338 3635 726 3704 hominibus
781 3639 1181 3722 requisierit:
1238 3650 1464 3705 tamen
1519 3642 1644 3708 sub
1698 3641 1843 3742 lege
1898 3644 2144 3711 multae

213 3716 458 3787 fuerunt
498 3724 962 3790 caeremoniae
1019 3738 1089 3791 et
1129 3725 1300 3791 ritus
1356 3726 1620 3810 legales,
1675 3727 1911 3811 qmbus
1964 3731 2145 3796 veri-

209 3806 348 3872 tatis
409 3807 530 3875 lux
602 3807 1097 3877 obscurabatur.
1209 3811 1462 3878 Verum
1528 3812 1857 3881 Dominus
1921 3824 2145 3884 noster

211 3886 381 3959 Iesus
424 3892 752 3961 Christus
812 3917 931 3963 nos
996 3906 1218 3980 aperte
1282 3897 1486 3976 docet,
1550 3897 1769 3964 Deum
1834 3900 2008 3967 velle
2069 3902 2142 3967 in

207 3977 423 4129 w
467 3990 540 4046 et
585 3981 875 4132 {feritate
919 3981 1071 4083 ooli:
1116 3984 1348 4135 quilegie
1392 3983 1607 4051 verbis
1625 4005 1902 4136 Xmmnti
1944 3987 2146 4138 θίὲιιιι-

387 4087 498 4131 em
545 4088 587 4132 e
669 4087 1108 4135 caeremonias
1151 4090 1233 4135 ex
1303 4090 1457 4135 rnas
1500 4090 1620 4136 con
1668 4091 1862 4138 emna
1895 4123 1910 4139 .
2066 4095 2144 4141 oc

207 4144 326 4214 ioco
366 4151 604 4236 itaque
650 4153 921 4219 Veritas
965 4154 1293 4239 significat
1334 4155 1642 4222 affectum
1687 4178 1945 4241 purum,
2003 4180 2146 4226 ree-

205 4242 330 4299 tum
372 4248 439 4302 et
482 4239 850 4323 integrum,
896 4240 1008 4323 qui
1050 4239 1229 4307 cordi
1274 4240 1516 4325 duplici
1559 4242 1929 4326 opponitur,
1971 4245 2144 4329 quod

206 4319 384 4387 etiam
443 4324 820 4408 exponitur
877 4325 1298 4410 sequentibus
1356 4328 1595 4408 verbis,
1660 4348 1736 4393 esc
1789 4332 1911 4395 toto
1966 4332 2146 4399 corde

202 4411 400 4486 mero,
460 4411 667 4493 quasi
715 4411 986 4477 diceret:
1043 4411 1292 4478 Cavete
1350 4434 1434 4478 ne
1492 4414 1710 4479 Deum
1767 4413 2144 4498 hypocrita—

203 4508 334 4557 rum
379 4515 571 4563 more
636 4495 924 4563 timeatis
968 4506 1035 4562 et
1077 4498 1460 4582 precemini,
1516 4499 1630 4583 qui
1673 4500 1951 4568 multam
1993 4504 2142 4585 qui-

202 4574 336 4643 dem
396 4582 835 4649 sanctitatem
903 4604 1064 4666 prae
1125 4604 1200 4649 ee
1260 4583 1498 4663 ferunt,
1564 4595 1632 4650 et
1688 4585 1874 4651 inani
1931 4588 2141 4673 gloria

205 4668 456 4763 turgent
477 4669 792 4735 externis
813 4669 1050 4735 ritibus
1091 4679 1160 4735 et
1192 4671 1615 4771 caerem-niis
1651 4673 1941 4740 animum
1976 4675 2142 4741 adii·

199 4754 784 4907 ffi‘oe‘mf'fflm'
780 4753 1267 4908 ”umis
1303 4757 1669 4909 :¹325
1673 4768 2144 4925 203³1¹2¹3t‚‘³i¹1“02'2

197 4920 392 4990 multa
447 4925 698 4992 inania
750 4935 817 4993 et
880 4927 1070 4993 foeda
1118 4936 1472 5007 sectentur,
1529 4931 1713 5013 quasi
1771 4931 1839 4997 in
1885 4942 2142 5016 partem

198 5003 444 5076 divinae
501 5014 857 5096 pooentiae
913 5015 1263 5089 venissent,
1320 5022 1439 5079 ant
1493 5016 1730 5081 saltem
1769 5017 2141 5086 libertatem

197 5098 604 5181 mpissent
652 5096 800 5167 Deo
841 5097 1328 5184 praescribendi
1358 5119 1524 5183 quae
1562 5100 1650 5167 ad
1679 5100 1862 5170 illius
1890 5103 2140 5171 cultum

198 5185 556 5251 amm-is
617 5192 800 5251 sunt.
890 5185 1144 5252 Verum
1200 5185 1444 5252 diserte
1500 5187 1607 5254 hic
1661 5187 1810 5255 illos
1868 5190 2140 5257 Samuel

1511 274 1611 342 IN
1656 275 1713 341 Ι.
1757 275 1940 342 LIB.
1985 272 2389 343 SAMUEL.
2437 271 2640 339 OAP.
2682 271 2847 339 XII.

4059 280 4191 346 ‘134

2242 457 2550 526 admonet
2593 482 2677 526 ne
2721 470 2965 528 temere
3008 469 3077 527 et
3110 481 3194 527 ex
3228 483 3346 529 suo
3381 464 3651 531 arbitrio
3693 466 3839 532 Deo
3874 468 4188 551 serviant,

2242 555 2314 610 et
2370 546 2620 612 cultum
2679 545 2777 612 illi
2835 548 3118 613 mixtum
3185 547 3559 633 exhibeant,
3626 553 3744 619 sed
3801 562 3936 620 toto
3994 554 4189 621 corde

2242 629 2431 696 illum
2473 632 2713 698 colant.
2801 631 3154 699 Caeterum
3196 635 3481 720 ingenue
3523 636 3632 704 hic
3674 639 4018 706 fatendum
4060 652 4181 721 est,

2243 735 2365 782 nos
2409 716 2719 800 quamdiu
2763 718 2830 783 in
2877 719 3073 785 terris
3115 721 3393 804 agimus,
3452 742 3588 788 non
3630 745 3824 809 posse
3869 735 4005 791 tam
4047 726 4185 793 sin-

2241 821 2392 868 cero
2453 803 2697 870 affectu
2753 805 2826 869 in
2891 804 3019 870 Dei
3085 805 3336 871 cultum
3395 806 3573 888 ferri,
3639 831 3837 894 quam
3893 812 4184 880 officium

2241 888 2552 971 postulat,
2610 889 2726 956 sed
2787 900 3008 956 tamen
3063 890 3160 957 ita
3201 891 3383 976 loqui
3425 893 3634 961 solere
3677 915 3933 963 sacram
3977 900 4183 983 scrip-

2244 984 2480 1053 turam,
2543 983 2619 1040 ut
2676 996 2760 1042 ex
2818 983 2956 1041 toto
3012 976 3207 1043 corde
3248 979 3493 1062 aliquid
3537 982 3680 1046 fieri
3724 981 3914 1064 dieat,
3980 1005 4183 1067 quum

2244 1080 2378 1126 non
2416 1060 2675 1145 agimus
2718 1061 3045 1143 simulate,
3101 1083 3224 1131 nec
3268 1065 3486 1131 Deum
3547 1065 3779 1134 fallere
3821 1067 4184 1152 studemus,

2241 1153 2309 1211 et
2363 1164 2494 1212 non
2550 1147 2991 1230 perfunctorie
3046 1149 3262 1232 ipsum
3319 1149 3611 1233 solimus,
3667 1161 3744 1219 ut
3784 1155 3912 1239 ipsi
3954 1155 4182 1223 sordes

2240 1240 2495 1298 nostras
2542 1243 2610 1298 et
2651 1233 3075 1317 imaginarios
3116 1234 3333 1302 cultus
3376 1237 3759 1305 offeramus:
3817 1240 3933 1308 sed
3977 1261 4183 1326 quum

2239 1337 2429 1382 mens
2474 1329 2574 1384 est
2615 1318 2879 1403 integra
2921 1327 2989 1384 et
3028 1319 3304 1401 sincera,
3364 1331 3431 1387 et
3473 1324 3634 1389 recti
3679 1326 3973 1393 affectus.
4060 1329 4181 1394 Li-

2239 1413 2344 1468 cet
2395 1402 2606 1488 igitur
2661 1405 2854 1469 multi
2896 1404 2973 1469 in
3027 1404 3217 1471 nobis
3260 1404 3557 1475 defectus
3612 1417 3682 1476 et
3724 1411 3915 1478 multi
3959 1416 4179 1492 naevi,

2239 1487 2475 1570 quibus
2518 1490 2663 1555 Deo
2716 1490 2966 1556 servire
3023 1491 3219 1557 sicuti
3276 1491 3551 1577 dignum
3606 1504 3710 1563 est
3767 1497 4181 1584 impedimur,

2241 1581 2308 1640 et
2349 1575 2519 1642 sicut
2562 1585 2859 1642 nostrum
2906 1577 3193 1643 officium
3235 1578 3542 1663 postulat,
3602 1590 3824 1649 tamen
3869 1586 3927 1650 si
3971 1585 4184 1653 bonus

2239 1668 2342 1726 est
2384 1661 2674 1739 affectus,
2717 1669 2880 1728 tunc
2922 1660 3069 1727 Deo
3112 1684 3197 1728 ex
3240 1674 3376 1731 toto
3420 1666 3615 1733 corde
3655 1670 3923 1751 servire,
3965 1671 4034 1736 id
4079 1680 4183 1738 est

2238 1746 2309 1811 in
2374 1747 2751 1831 integritate
2806 1756 2875 1813 et
2936 1748 3332 1828 sinceritate,
3397 1751 3696 1819 dicimur.
3782 1756 3894 1820 Ex
3937 1756 4178 1839 quibus

2238 1841 2509 1914 apparet
2564 1831 2917 1917 singularis
2978 1834 3427 1902 benovolentia
3485 1847 3555 1904 et
3611 1840 3799 1906 favor
3842 1843 3991 1923 Dei,
4051 1863 4181 1927 quo

2239 1919 2321 1983 ad
2380 1938 2452 1983 se
2506 1920 2725 2002 ipsum
2784 1939 2905 1984 nos
2963 1919 3187 1986 allicit.
3273 1922 3447 1989 Nam
3504 1925 3561 1990 si
3604 1925 3862 1992 nullum
3906 1948 3947 1992 a
3990 1927 4186 1996 nobis

2237 2003 2486 2069 cultum
2546 2003 2923 2071 admitteret
2965 2005 3095 2073 nisi
3134 2008 3516 2091 perfectum,
3578 2021 3646 2075 et
3690 2014 3914 2080 omnia
3959 2024 4186 2081 nostra

2239 2091 2535 2174 exigeret
2569 2089 2651 2156 ad
2694 2110 2853 2157 suae
2895 2092 3187 2158 iustitiae
3229 2097 3562 2175 amussim,
3620 2098 3777 2181 quid
3821 2099 4016 2165 nobis
4055 2102 4180 2165 mi·

2237 2176 2401 2242 seris
2442 2178 2649 2257 fieret,
2703 2178 2936 2260 quibus
2989 2178 3228 2244 millies
3271 2190 3447 2247 esset
3500 2183 3949 2267 pereundum?
4038 2187 4176 2253 Nos

2240 2262 2416 2326 enim
2458 2260 2734 2328 subinde
2774 2262 3131 2330 deficimus.
3206 2268 3305 2332 Ac
3349 2268 3620 2351 proinde
3664 2269 3819 2335 licet
3860 2292 3981 2356 pro
4025 2292 4175 2338 nos·

2238 2353 2346 2413 tra
2398 2347 2583 2413 virili
2639 2347 2807 2414 bene
2861 2350 3079 2415 facere
3135 2370 3475 2419 conemur:
3544 2364 3767 2420 tamen
3825 2357 4178 2425 infirmitas

2240 2445 2468 2500 nostra
2523 2443 2592 2499 et
2634 2434 2839 2499 animi
2893 2434 3309 2502 imbecillitas
3351 2439 3647 2507 efficiunt
3687 2452 3762 2505 ut
3804 2463 4061 2527 semper
4105 2444 4176 2510 in

2238 2519 2543 2602 operibus
2586 2521 2829 2586 nostris
2871 2520 3114 2604 aliquid
3158 2522 3584 2606 desideretur,
3642 2534 3710 2593 et
3752 2530 3984 2595 merito
4027 2551 4179 2597 con·

2239 2605 2646 2706 damnemur.
2725 2604 2959 2706 ‘Quare
3001 2608 3056 2672 si
3099 2607 3286 2675 Deus
3341 2632 3598 2678 summo
3638 2614 3785 2679 iure
3836 2615 3909 2679 in
3952 2622 4179 2682 nostra

2239 2702 2941 2862 :33:52531253‘13’
2958 2698 3727 2851 ἐὲῃᾚέῗιὶεὲοῗὶπὲἓ
3762 2720 4176 2851 ἑῗὲηἷὲῗέῐ

2241 2866 2624 2931 abiecturos.
2733 2864 2986 2931 Verum
3063 2866 3589 2951 quandoquidem
3657 2880 3845 2935 tanta
3904 2871 4176 2938 lenitate

2241 2950 2584 3018 nobiscum
2628 2951 2787 3035 agit,
2843 2959 2921 3016 ut
2971 2952 3026 3018 si
3079 2951 3277 3017 modo
3313 2974 3444 3020 non
3488 2957 3696 3021 simus
3737 2956 4174 3039 simulatores,

2243 3058 2453 3120 neque
2507 3036 2892 3123 hypocritae
2948 3037 3285 3121 omnisque
3342 3060 3382 3104 a
3435 3041 3624 3107 nobis
3683 3042 3854 3109 absit
3913 3042 4176 3109 animus

2241 3124 2589 3208 malignus,
2648 3123 2764 3188 sed
2819 3123 3100 3207 simplici
3158 3135 3226 3190 et
3280 3134 3457 3192 recto
3498 3127 3695 3194 eorde
3737 3129 3955 3213 ipsum
3999 3128 4174 3195 cola·

2244 3231 2410 3291 mus,
2466 3210 2812 3294 promittat
2866 3231 2938 3277 se
2979 3210 3223 3277 cultum
3269 3221 3566 3277 nostrum
3610 3225 4048 3298 accepturum,
4108 3224 4175 3280 et

2243 3305 2556 3381 tanquam
2602 3296 2661 3362 si
2705 3307 2879 3363 emet
2921 3297 3244 3380 perfectus
3287 3307 3550 3381 gratum
3595 3298 3996 3378 habiturum,
4042 3321 4173 3384 quo

2243 3383 2463 3449 animo
2524 3381 2684 3447 ferri
2751 3380 3059 3448 debemus
3132 3383 3199 3447 in
3266 3383 3393 3450 Dei
3460 3384 3890 3468 dilectionem,
3967 3406 4171 3470 quum

2241 3470 2546 3537 videmus
2600 3466 2792 3532 illum
2857 3468 3106 3534 cultum
3172 3488 3364 3551 quem
3432 3469 3527 3535 illi
3586 3470 3956 3551 deferimus,
4020 3472 4177 3539 licet

2242 3555 2717 3640 imperfectum,
2762 3565 2981 3620 tamen
3028 3554 3270 3620 babere
3314 3566 3573 3640 gratum
3622 3567 3692 3622 et
3725 3566 4061 3644 acceptum
4077 3557 4110 3622 ’ἓ

2412 3639 2742 3723 Deinceps
2797 3660 2955 3707 vero
2996 3639 3268 3707 Samuel
3326 3641 3770 3709 exhortationi
3825 3664 3983 3710 suae
4038 3644 4173 3711 vim

2243 3726 2587 3793 additurus
2643 3724 2826 3792 addit
2841 3776 2857 3802 ,
2929 3727 3183 3793 vidistis
3249 3728 3419 3793 em'm
3484 3728 3817 3813 mynifiea
3887 3750 4047 3812 quac
4102 3733 4177 3797 in

2243 3813 2418 3880 vobis
2450 3813 2730 3897 yessorit.
2818 3812 2911 3878 Et
2965 3815 3093 3879 ista
3132 3832 3291 3878 sane
3334 3832 3452 3878 nos
3495 3813 3782 3898 alioquin
3826 3834 4064 3901 segnes
4106 3827 4176 3882 ct

2246 3897 2496 3965 desides
2531 3895 2616 3962 ad
2661 3897 2791 3962 Dei
2831 3898 3084 3966 cultum
3142 3918 3543 3984 magnopere
3597 3900 3839 3967 debent
3892 3918 4180 3968 commo-

2245 4005 2417 4065 vere,
2497 3985 2808 4049 nimirum
2872 3986 3041 4051 seria
3103 3983 3232 4049 Dei
3300 3985 3760 4053 beneficiorum
3839 3986 4178 4073 cogitatio:

2245 4090 2411 4156 quae
2467 4089 2600 4135 non
2656 4071 2957 4156 vulgaria
3000 4070 3264 4149 fuerint,
3323 4071 3439 4137 sed
3484 4072 3551 4136 in
3600 4074 3835 4155 quibus
3879 4072 4180 4158 specialis

2247 4157 2510 4241 quidam
2568 4156 2773 4240 ipsius
2830 4157 3019 4223 favor
3073 4172 3404 4240 appareat.
3491 4158 3673 4243 Ergo
3736 4179 3934 4241 quum
3996 4160 4178 4224 Deus

2246 4245 2379 4310 vim
2436 4262 2623 4308 suam
2680 4240 3062 4309 admiranda
3117 4242 3396 4324 quadam
3454 4244 3708 4309 ratione
3762 4256 3829 4310 et
3891 4243 4177 4310 miracu-

2245 4330 2386 4395 losa
2425 4328 2813 4407 exseruerit,
2878 4347 3199 4411 suamque
3240 4328 3760 4396 benevolentiam
3826 4348 3984 4413 erga
4049 4348 4174 4394 nos

2243 4413 2636 4500 patefecerit,
2694 4425 2947 4479 certum
3000 4425 3103 4479 est
3157 4424 3460 4499 oportere
3516 4436 3639 4482 nos
3682 4434 3760 4481 eo
3803 4415 4179 4480 ardentiore

2242 4500 2460 4570 studio
2537 4500 2608 4564 in
2680 4499 2893 4582 ipsius
2956 4499 3205 4568 cultum
3282 4501 3694 4582 inflammari,
3770 4500 3898 4565 nisi
3965 4500 4179 4568 brutis

2242 4588 2406 4672 ipsis
2463 4584 2814 4652 deteriores
2874 4606 3016 4653 esse
3071 4586 3395 4652 volumus.
3483 4585 3750 4654 Samuel
3795 4587 4014 4669 itaque
4056 4587 4174 4651 Iu-

2242 4675 2439 4741 daeos
2513 4670 2938 4753 excitaturus,
3013 4672 3171 4755 ipsis
3250 4673 3317 4737 in
3387 4673 3763 4739 memoriam
3843 4673 4179 4739 revocavit

2243 4770 2342 4827 tot
2396 4765 2708 4840 tantaque
2767 4758 2894 4824 Dei
2952 4759 3021 4823 in
3085 4760 3262 4843 ipsos
3320 4757 3653 4825 benefacta
3715 4765 3781 4822 et
3837 4757 4176 4838 miracula,

2241 4866 2412 4931 quae
2464 4842 2653 4908 Deus
2709 4844 2791 4908 ad
2857 4844 3007 4910 illos
3069 4844 3548 4910 conservandos
3611 4852 3681 4909 et
3742 4843 4180 4928 protegendos

2242 4931 2464 5007 edidit,
2521 4948 2688 5012 quae
2732 4929 2790 4995 si
2833 4938 2909 4996 ut
3112 4945 3213 4997 est
3253 4931 3324 4995 in
3368 4929 3750 4995 memoriam
3792 4929 4181 4996 reduxerint

2242 5020 2376 5086 siun
2415 5017 2813 5082 mensum
2862 5037 2938 5082 ar
2984 5036 3161 5083 orem
3215 5019 3284 5081 in
3333 5015 3492 5100 ipsis
3525 5014 3912 5092 excitatura,
3957 5017 4177 5082 Deum

2244 5127 2330 5171 ex
2386 5102 2607 5168 animo
2664 5110 2732 5166 et
2786 5123 2917 5167 non
2983 5102 3283 5169 simulate
3348 5101 3601 5167 colendi
3666 5110 3736 5167 et
3799 5100 4178 5169 venerandi.

2242 5191 2430 5257 Haec
2472 5206 2631 5253 vero
2675 5186 2757 5252 ad
2802 5208 2925 5254 aes
2967 5190 3168 5254 etiam
3209 5187 3402 5254 hodie
3442 5188 3791 5272 pertinent,
3834 5189 3949 5272 qni
3990 5186 4185 5274 longe
