<?xml version="1.0" encoding="UTF-8"?>
<!DOCTYPE html PUBLIC "-//W3C//DTD XHTML 1.0 Transitional//EN"
    "http://www.w3.org/TR/xhtml1/DTD/xhtml1-transitional.dtd">
<html xmlns="http://www.w3.org/1999/xhtml" xml:lang="en" lang="en">
 <head>
  <title>
</title>
<meta http-equiv="Content-Type" content="text/html;charset=utf-8" />
  <meta name='ocr-system' content='tesseract 3.04.00' />
  <meta name='ocr-capabilities' content='ocr_page ocr_carea ocr_par ocr_line ocrx_word'/>
</head>
<body>
  <div class='ocr_page' id='page_1' title='image "./ioanniscalvinio07unkngoog_0268.png"; bbox 0 0 5059 6059; ppageno 0'>
   <div class='ocr_carea' id='block_1_1' title="bbox 658 280 801 346">
    <p class='ocr_par' dir='ltr' id='par_1_1' title="bbox 658 280 801 346">
     <span class='ocr_line' id='line_1_1' title="bbox 658 280 801 346; baseline -0.014 1"><span class='ocrx_word' id='word_1_1' title='bbox 658 280 801 346; x_wconf 67' lang='lat'><strong>451</strong></span> 
     </span>
    </p>
   </div>
   <div class='ocr_carea' id='block_1_2' title="bbox 643 465 2615 5266">
    <p class='ocr_par' dir='ltr' id='par_1_2' title="bbox 643 465 2615 5266">
     <span class='ocr_line' id='line_1_2' title="bbox 677 465 2615 553; baseline -0.003 -17"><span class='ocrx_word' id='word_1_2' title='bbox 677 473 935 553; x_wconf 80' lang='lat' dir='ltr'><strong>oportet</strong></span> <span class='ocrx_word' id='word_1_3' title='bbox 975 467 1367 535; x_wconf 81' lang='lat' dir='ltr'><strong>Philistaeos</strong></span> <span class='ocrx_word' id='word_1_4' title='bbox 1416 465 1612 533; x_wconf 90' lang='lat' dir='ltr'><strong>huius</strong></span> <span class='ocrx_word' id='word_1_5' title='bbox 1654 467 1829 548; x_wconf 80' lang='lat' dir='ltr'><strong>facti,</strong></span> <span class='ocrx_word' id='word_1_6' title='bbox 1885 487 1962 534; x_wconf 89' lang='lat' dir='ltr'><strong>ac</strong></span> <span class='ocrx_word' id='word_1_7' title='bbox 2003 465 2261 550; x_wconf 89' lang='lat' dir='ltr'><strong>publice</strong></span> <span class='ocrx_word' id='word_1_8' title='bbox 2317 466 2615 552; x_wconf 84' lang='lat' dir='ltr'><strong>profiteri</strong></span> 
     </span>
     <span class='ocr_line' id='line_1_3' title="bbox 676 551 2614 638; baseline -0.001 -18"><span class='ocrx_word' id='word_1_9' title='bbox 676 555 809 620; x_wconf 90' lang='lat' dir='ltr'><strong>Dei</strong></span> <span class='ocrx_word' id='word_1_10' title='bbox 865 556 1271 621; x_wconf 87' lang='lat' dir='ltr'><strong>maiestatem</strong></span> <span class='ocrx_word' id='word_1_11' title='bbox 1313 552 1507 638; x_wconf 88' lang='lat' dir='ltr'><strong>longe</strong></span> <span class='ocrx_word' id='word_1_12' title='bbox 1562 573 1681 619; x_wconf 91' lang='lat' dir='ltr'><strong>suo</strong></span> <span class='ocrx_word' id='word_1_13' title='bbox 1740 552 1910 618; x_wconf 91' lang='lat' dir='ltr'><strong>idolo</strong></span> <span class='ocrx_word' id='word_1_14' title='bbox 1955 553 2410 637; x_wconf 87' lang='lat' dir='ltr'><strong>potentiorem.</strong></span> <span class='ocrx_word' id='word_1_15' title='bbox 2498 551 2614 619; x_wconf 78' lang='lat' dir='ltr'><strong>Sic</strong></span> 
     </span>
     <span class='ocr_line' id='line_1_4' title="bbox 677 638 2614 725; baseline -0.002 -20"><span class='ocrx_word' id='word_1_16' title='bbox 677 642 976 725; x_wconf 90' lang='lat' dir='ltr'><strong>papistae</strong></span> <span class='ocrx_word' id='word_1_17' title='bbox 1019 661 1216 723; x_wconf 90' lang='lat' dir='ltr'><strong>quum</strong></span> <span class='ocrx_word' id='word_1_18' title='bbox 1261 640 1549 704; x_wconf 83' lang='lat' dir='ltr'><strong>maxime</strong></span> <span class='ocrx_word' id='word_1_19' title='bbox 1604 640 1917 723; x_wconf 90' lang='lat' dir='ltr'><strong>populum</strong></span> <span class='ocrx_word' id='word_1_20' title='bbox 1976 638 2340 704; x_wconf 81' lang='lat' dir='ltr'><strong>istiusmodi</strong></span> <span class='ocrx_word' id='word_1_21' title='bbox 2385 658 2614 723; x_wconf 90' lang='lat' dir='ltr'><strong>super·</strong></span> 
     </span>
     <span class='ocr_line' id='line_1_5' title="bbox 679 725 2614 810; baseline -0.002 -17"><span class='ocrx_word' id='word_1_22' title='bbox 679 727 1049 793; x_wconf 83' lang='lat' dir='ltr'><strong>stitionibus</strong></span> <span class='ocrx_word' id='word_1_23' title='bbox 1103 746 1403 810; x_wconf 90' lang='lat' dir='ltr'><strong>pascere,</strong></span> <span class='ocrx_word' id='word_1_24' title='bbox 1472 746 1787 807; x_wconf 90' lang='lat' dir='ltr'><strong>suamque</strong></span> <span class='ocrx_word' id='word_1_25' title='bbox 1856 725 2332 810; x_wconf 89' lang='lat' dir='ltr'><strong>turpitudimen</strong></span> <span class='ocrx_word' id='word_1_26' title='bbox 2393 732 2614 809; x_wconf 80' lang='lat' dir='ltr'><strong>tegere</strong></span> 
     </span>
     <span class='ocr_line' id='line_1_6' title="bbox 678 809 2613 895; baseline -0.001 -17"><span class='ocrx_word' id='word_1_27' title='bbox 678 815 972 894; x_wconf 88' lang='lat' dir='ltr'><strong>cupiunt,</strong></span> <span class='ocrx_word' id='word_1_28' title='bbox 1037 833 1113 876; x_wconf 92' lang='lat' dir='ltr'><strong>eo</strong></span> <span class='ocrx_word' id='word_1_29' title='bbox 1180 812 1393 895; x_wconf 89' lang='lat' dir='ltr'><strong>magis</strong></span> <span class='ocrx_word' id='word_1_30' title='bbox 1451 831 1595 877; x_wconf 91' lang='lat' dir='ltr'><strong>sese</strong></span> <span class='ocrx_word' id='word_1_31' title='bbox 1651 810 1957 895; x_wconf 89' lang='lat' dir='ltr'><strong>produnt,</strong></span> <span class='ocrx_word' id='word_1_32' title='bbox 2016 819 2085 876; x_wconf 92' lang='lat' dir='ltr'><strong>et</strong></span> <span class='ocrx_word' id='word_1_33' title='bbox 2140 831 2232 888; x_wconf 91' lang='lat' dir='ltr'><strong>se,</strong></span> <span class='ocrx_word' id='word_1_34' title='bbox 2288 809 2396 875; x_wconf 84' lang='lat' dir='ltr'><strong>vel</strong></span> <span class='ocrx_word' id='word_1_35' title='bbox 2455 811 2613 893; x_wconf 90' lang='lat' dir='ltr'><strong>ipsis</strong></span> 
     </span>
     <span class='ocr_line' id='line_1_7' title="bbox 679 896 2610 979; baseline -0.001 -16"><span class='ocrx_word' id='word_1_36' title='bbox 679 897 952 963; x_wconf 87' lang='lat' dir='ltr'><strong>testibus</strong></span> <span class='ocrx_word' id='word_1_37' title='bbox 996 896 1372 976; x_wconf 84' lang='lat' dir='ltr'><strong>infantibus,</strong></span> <span class='ocrx_word' id='word_1_38' title='bbox 1416 896 1579 962; x_wconf 90' lang='lat' dir='ltr'><strong>risui</strong></span> <span class='ocrx_word' id='word_1_39' title='bbox 1623 907 1689 962; x_wconf 90' lang='lat' dir='ltr'><strong>et</strong></span> <span class='ocrx_word' id='word_1_40' title='bbox 1731 897 1876 962; x_wconf 89' lang='lat' dir='ltr'><strong>odio</strong></span> <span class='ocrx_word' id='word_1_41' title='bbox 1920 896 2212 962; x_wconf 91' lang='lat' dir='ltr'><strong>omnium</strong></span> <span class='ocrx_word' id='word_1_42' title='bbox 2249 905 2610 979; x_wconf 82' lang='lat' dir='ltr'><strong>exponunt.</strong></span> 
     </span>
     <span class='ocr_line' id='line_1_8' title="bbox 680 981 2612 1066; baseline -0.001 -18"><span class='ocrx_word' id='word_1_43' title='bbox 680 982 857 1065; x_wconf 80' lang='lat' dir='ltr'><strong>Quid</strong></span> <span class='ocrx_word' id='word_1_44' title='bbox 892 984 1067 1048; x_wconf 90' lang='lat' dir='ltr'><strong>enim</strong></span> <span class='ocrx_word' id='word_1_45' title='bbox 1106 983 1281 1048; x_wconf 90' lang='lat' dir='ltr'><strong>aliud</strong></span> <span class='ocrx_word' id='word_1_46' title='bbox 1320 1004 1401 1048; x_wconf 85' lang='lat' dir='ltr'><strong>ex</strong></span> <span class='ocrx_word' id='word_1_47' title='bbox 1436 983 1581 1048; x_wconf 88' lang='lat' dir='ltr'><strong>istis</strong></span> <span class='ocrx_word' id='word_1_48' title='bbox 1623 982 1851 1049; x_wconf 77' lang='lat' dir='ltr'><strong>audias</strong></span> <span class='ocrx_word' id='word_1_49' title='bbox 1894 1001 2126 1066; x_wconf 87' lang='lat' dir='ltr'><strong>quam:</strong></span> <span class='ocrx_word' id='word_1_50' title='bbox 2171 981 2302 1048; x_wconf 91' lang='lat' dir='ltr'><strong>Hic</strong></span> <span class='ocrx_word' id='word_1_51' title='bbox 2344 993 2612 1048; x_wconf 88' lang='lat' dir='ltr'><strong>sanctus</strong></span> 
     </span>
     <span class='ocr_line' id='line_1_9' title="bbox 676 1067 2609 1153; baseline -0.001 -19"><span class='ocrx_word' id='word_1_52' title='bbox 676 1068 966 1134; x_wconf 78' lang='lat' dir='ltr'><strong>febribus</strong></span> <span class='ocrx_word' id='word_1_53' title='bbox 1024 1068 1341 1145; x_wconf 92' lang='lat' dir='ltr'><strong>medetur,</strong></span> <span class='ocrx_word' id='word_1_54' title='bbox 1401 1068 1514 1133; x_wconf 89' lang='lat' dir='ltr'><strong>ille</strong></span> <span class='ocrx_word' id='word_1_55' title='bbox 1579 1068 1887 1153; x_wconf 87' lang='lat' dir='ltr'><strong>gravidas</strong></span> <span class='ocrx_word' id='word_1_56' title='bbox 1947 1068 2259 1133; x_wconf 88' lang='lat' dir='ltr'><strong>mulieres</strong></span> <span class='ocrx_word' id='word_1_57' title='bbox 2321 1067 2609 1133; x_wconf 87' lang='lat' dir='ltr'><strong>adiuvat.</strong></span> 
     </span>
     <span class='ocr_line' id='line_1_10' title="bbox 674 1152 2610 1237; baseline -0.001 -17"><span class='ocrx_word' id='word_1_58' title='bbox 674 1154 810 1220; x_wconf 87' lang='lat' dir='ltr'><strong>Hic</strong></span> <span class='ocrx_word' id='word_1_59' title='bbox 870 1154 1068 1237; x_wconf 90' lang='lat' dir='ltr'><strong>pollet</strong></span> <span class='ocrx_word' id='word_1_60' title='bbox 1128 1155 1251 1220; x_wconf 93' lang='lat' dir='ltr'><strong>hac</strong></span> <span class='ocrx_word' id='word_1_61' title='bbox 1314 1154 1579 1231; x_wconf 84' lang='lat' dir='ltr'><strong>virtute,</strong></span> <span class='ocrx_word' id='word_1_62' title='bbox 1646 1154 1756 1219; x_wconf 91' lang='lat' dir='ltr'><strong>ille</strong></span> <span class='ocrx_word' id='word_1_63' title='bbox 1820 1155 1967 1221; x_wconf 91' lang='lat' dir='ltr'><strong>alia.</strong></span> <span class='ocrx_word' id='word_1_64' title='bbox 2054 1154 2186 1218; x_wconf 89' lang='lat' dir='ltr'><strong>Hic</strong></span> <span class='ocrx_word' id='word_1_65' title='bbox 2250 1152 2482 1218; x_wconf 89' lang='lat' dir='ltr'><strong>melior</strong></span> <span class='ocrx_word' id='word_1_66' title='bbox 2546 1160 2610 1219; x_wconf 84' lang='lat' dir='ltr'><strong>et</strong></span> 
     </span>
     <span class='ocr_line' id='line_1_11' title="bbox 675 1239 2610 1324; baseline -0.002 -18"><span class='ocrx_word' id='word_1_67' title='bbox 675 1241 1133 1324; x_wconf 78' lang='lat' dir='ltr'><strong>praestantior,</strong></span> <span class='ocrx_word' id='word_1_68' title='bbox 1197 1240 1308 1305; x_wconf 90' lang='lat' dir='ltr'><strong>ille</strong></span> <span class='ocrx_word' id='word_1_69' title='bbox 1365 1241 1653 1305; x_wconf 85' lang='lat' dir='ltr'><strong>inferior.</strong></span> <span class='ocrx_word' id='word_1_70' title='bbox 1742 1239 2043 1323; x_wconf 89' lang='lat' dir='ltr'><strong>Denique</strong></span> <span class='ocrx_word' id='word_1_71' title='bbox 2102 1240 2274 1304; x_wconf 92' lang='lat' dir='ltr'><strong>solas</strong></span> <span class='ocrx_word' id='word_1_72' title='bbox 2330 1240 2610 1303; x_wconf 81' lang='lat' dir='ltr'><strong>virtutes</strong></span> 
     </span>
     <span class='ocr_line' id='line_1_12' title="bbox 679 1325 2611 1407; baseline -0.002 -15"><span class='ocrx_word' id='word_1_73' title='bbox 679 1335 1054 1392; x_wconf 85' lang='lat' dir='ltr'><strong>sanctorum</strong></span> <span class='ocrx_word' id='word_1_74' title='bbox 1099 1346 1360 1392; x_wconf 90' lang='lat' dir='ltr'><strong>suorum</strong></span> <span class='ocrx_word' id='word_1_75' title='bbox 1409 1327 1478 1390; x_wconf 91' lang='lat' dir='ltr'><strong>in</strong></span> <span class='ocrx_word' id='word_1_76' title='bbox 1523 1346 1635 1391; x_wconf 89' lang='lat' dir='ltr'><strong>ore</strong></span> <span class='ocrx_word' id='word_1_77' title='bbox 1681 1325 1942 1407; x_wconf 89' lang='lat' dir='ltr'><strong>habent,</strong></span> <span class='ocrx_word' id='word_1_78' title='bbox 1983 1335 2049 1390; x_wconf 92' lang='lat' dir='ltr'><strong>et</strong></span> <span class='ocrx_word' id='word_1_79' title='bbox 2091 1325 2446 1390; x_wconf 89' lang='lat' dir='ltr'><strong>eorundem</strong></span> <span class='ocrx_word' id='word_1_80' title='bbox 2491 1325 2611 1389; x_wconf 90' lang='lat' dir='ltr'><strong>mi-</strong></span> 
     </span>
     <span class='ocr_line' id='line_1_13' title="bbox 675 1410 2607 1494; baseline -0.001 -17"><span class='ocrx_word' id='word_1_81' title='bbox 675 1412 901 1477; x_wconf 85' lang='lat' dir='ltr'><strong>racula</strong></span> <span class='ocrx_word' id='word_1_82' title='bbox 945 1410 1341 1494; x_wconf 84' lang='lat' dir='ltr'><strong>praedicant.</strong></span> <span class='ocrx_word' id='word_1_83' title='bbox 1430 1410 1597 1476; x_wconf 91' lang='lat' dir='ltr'><strong>Inde</strong></span> <span class='ocrx_word' id='word_1_84' title='bbox 1641 1424 1837 1476; x_wconf 89' lang='lat' dir='ltr'><strong>natae</strong></span> <span class='ocrx_word' id='word_1_85' title='bbox 1881 1412 2213 1494; x_wconf 87' lang='lat' dir='ltr'><strong>reliquiae,</strong></span> <span class='ocrx_word' id='word_1_86' title='bbox 2257 1420 2325 1476; x_wconf 93' lang='lat' dir='ltr'><strong>et</strong></span> <span class='ocrx_word' id='word_1_87' title='bbox 2368 1431 2607 1475; x_wconf 89' lang='lat' dir='ltr'><strong>earun-</strong></span> 
     </span>
     <span class='ocr_line' id='line_1_14' title="bbox 676 1496 2608 1575; baseline -0.001 -13"><span class='ocrx_word' id='word_1_88' title='bbox 676 1496 824 1562; x_wconf 88' lang='lat' dir='ltr'><strong>dem</strong></span> <span class='ocrx_word' id='word_1_89' title='bbox 883 1497 1118 1563; x_wconf 89' lang='lat' dir='ltr'><strong>cultus.</strong></span> <span class='ocrx_word' id='word_1_90' title='bbox 1204 1500 1308 1564; x_wconf 88' lang='lat' dir='ltr'><strong>Ac</strong></span> <span class='ocrx_word' id='word_1_91' title='bbox 1350 1497 1405 1562; x_wconf 93' lang='lat' dir='ltr'><strong>si</strong></span> <span class='ocrx_word' id='word_1_92' title='bbox 1452 1499 1618 1562; x_wconf 78' lang='lat' dir='ltr'><strong>sorte</strong></span> <span class='ocrx_word' id='word_1_93' title='bbox 1660 1497 1905 1563; x_wconf 89' lang='lat' dir='ltr'><strong>idolum</strong></span> <span class='ocrx_word' id='word_1_94' title='bbox 1949 1497 2437 1575; x_wconf 75' lang='lat' dir='ltr'><strong>inveteraverit,</strong></span> <span class='ocrx_word' id='word_1_95' title='bbox 2488 1517 2608 1561; x_wconf 90' lang='lat' dir='ltr'><strong>no-</strong></span> 
     </span>
     <span class='ocr_line' id='line_1_15' title="bbox 671 1582 2606 1667; baseline 0 -18"><span class='ocrx_word' id='word_1_96' title='bbox 671 1604 828 1649; x_wconf 84' lang='lat' dir='ltr'><strong>vum</strong></span> <span class='ocrx_word' id='word_1_97' title='bbox 854 1582 1234 1667; x_wconf 90' lang='lat' dir='ltr'><strong>erigendum</strong></span> <span class='ocrx_word' id='word_1_98' title='bbox 1274 1584 1676 1667; x_wconf 87' lang='lat' dir='ltr'><strong>proponitur,</strong></span> <span class='ocrx_word' id='word_1_99' title='bbox 1722 1603 1797 1649; x_wconf 92' lang='lat' dir='ltr'><strong>ac</strong></span> <span class='ocrx_word' id='word_1_100' title='bbox 1836 1584 2074 1649; x_wconf 86' lang='lat' dir='ltr'><strong>veteris</strong></span> <span class='ocrx_word' id='word_1_101' title='bbox 2109 1582 2325 1647; x_wconf 88' lang='lat' dir='ltr'><strong>adusti</strong></span> <span class='ocrx_word' id='word_1_102' title='bbox 2354 1583 2606 1649; x_wconf 88' lang='lat' dir='ltr'><strong>cineres</strong></span> 
     </span>
     <span class='ocr_line' id='line_1_16' title="bbox 671 1668 2606 1752; baseline -0.001 -18"><span class='ocrx_word' id='word_1_103' title='bbox 671 1669 1074 1752; x_wconf 90' lang='lat' dir='ltr'><strong>colliguntur</strong></span> <span class='ocrx_word' id='word_1_104' title='bbox 1116 1669 1183 1732; x_wconf 92' lang='lat' dir='ltr'><strong>in</strong></span> <span class='ocrx_word' id='word_1_105' title='bbox 1229 1668 1559 1751; x_wconf 87' lang='lat' dir='ltr'><strong>reliquias,</strong></span> <span class='ocrx_word' id='word_1_106' title='bbox 1626 1677 1696 1734; x_wconf 91' lang='lat' dir='ltr'><strong>et</strong></span> <span class='ocrx_word' id='word_1_107' title='bbox 1739 1668 2097 1736; x_wconf 84' lang='lat' dir='ltr'><strong>venerandi</strong></span> <span class='ocrx_word' id='word_1_108' title='bbox 2140 1668 2443 1734; x_wconf 90' lang='lat' dir='ltr'><strong>omnibus</strong></span> <span class='ocrx_word' id='word_1_109' title='bbox 2488 1690 2606 1733; x_wconf 83' lang='lat' dir='ltr'><strong>ex-</strong></span> 
     </span>
     <span class='ocr_line' id='line_1_17' title="bbox 670 1753 2605 1837; baseline 0.001 -20"><span class='ocrx_word' id='word_1_110' title='bbox 670 1765 1022 1837; x_wconf 90' lang='lat' dir='ltr'><strong>ponuntur.</strong></span> <span class='ocrx_word' id='word_1_111' title='bbox 1111 1753 1380 1835; x_wconf 80' lang='lat' dir='ltr'><strong>Quales,</strong></span> <span class='ocrx_word' id='word_1_112' title='bbox 1449 1775 1690 1837; x_wconf 87' lang='lat' dir='ltr'><strong>quaeso</strong></span> <span class='ocrx_word' id='word_1_113' title='bbox 1758 1776 1894 1835; x_wconf 88' lang='lat' dir='ltr'><strong>vos,</strong></span> <span class='ocrx_word' id='word_1_114' title='bbox 1957 1755 2069 1819; x_wconf 90' lang='lat' dir='ltr'><strong>isti</strong></span> <span class='ocrx_word' id='word_1_115' title='bbox 2136 1753 2272 1819; x_wconf 82' lang='lat' dir='ltr'><strong>dii?</strong></span> <span class='ocrx_word' id='word_1_116' title='bbox 2363 1756 2605 1820; x_wconf 88' lang='lat' dir='ltr'><strong>Annon</strong></span> 
     </span>
     <span class='ocr_line' id='line_1_18' title="bbox 674 1839 2604 1924; baseline -0.001 -18"><span class='ocrx_word' id='word_1_117' title='bbox 674 1840 1010 1906; x_wconf 81' lang='lat' dir='ltr'><strong>deridiculi</strong></span> <span class='ocrx_word' id='word_1_118' title='bbox 1037 1840 1359 1904; x_wconf 80' lang='lat' dir='ltr'><strong>nimium?</strong></span> <span class='ocrx_word' id='word_1_119' title='bbox 1399 1860 1618 1905; x_wconf 92' lang='lat' dir='ltr'><strong>annon</strong></span> <span class='ocrx_word' id='word_1_120' title='bbox 1656 1840 1812 1922; x_wconf 89' lang='lat' dir='ltr'><strong>ipsis</strong></span> <span class='ocrx_word' id='word_1_121' title='bbox 1849 1841 2069 1924; x_wconf 90' lang='lat' dir='ltr'><strong>pueris</strong></span> <span class='ocrx_word' id='word_1_122' title='bbox 2104 1847 2296 1905; x_wconf 88' lang='lat' dir='ltr'><strong>notae</strong></span> <span class='ocrx_word' id='word_1_123' title='bbox 2330 1839 2604 1905; x_wconf 90' lang='lat' dir='ltr'><strong>istorum</strong></span> 
     </span>
     <span class='ocr_line' id='line_1_19' title="bbox 670 1924 2609 2009; baseline 0.001 -20"><span class='ocrx_word' id='word_1_124' title='bbox 670 1924 937 1990; x_wconf 81' lang='lat' dir='ltr'><strong>fraudes</strong></span> <span class='ocrx_word' id='word_1_125' title='bbox 998 1936 1066 1989; x_wconf 90' lang='lat' dir='ltr'><strong>et</strong></span> <span class='ocrx_word' id='word_1_126' title='bbox 1117 1925 1345 1992; x_wconf 89' lang='lat' dir='ltr'><strong>sordes</strong></span> <span class='ocrx_word' id='word_1_127' title='bbox 1401 1925 1694 1991; x_wconf 83' lang='lat' dir='ltr'><strong>foetent?</strong></span> <span class='ocrx_word' id='word_1_128' title='bbox 1741 1927 1972 2008; x_wconf 86' lang='lat' dir='ltr'><strong>Neque</strong></span> <span class='ocrx_word' id='word_1_129' title='bbox 2015 1946 2175 1992; x_wconf 87' lang='lat' dir='ltr'><strong>vero</strong></span> <span class='ocrx_word' id='word_1_130' title='bbox 2218 1946 2460 2009; x_wconf 84' lang='lat' dir='ltr'><strong>magna</strong></span> <span class='ocrx_word' id='word_1_131' title='bbox 2503 1925 2609 1991; x_wconf 81' lang='lat' dir='ltr'><strong>vis</strong></span> 
     </span>
     <span class='ocr_line' id='line_1_20' title="bbox 668 2010 2607 2096; baseline 0.001 -21"><span class='ocrx_word' id='word_1_132' title='bbox 668 2011 919 2094; x_wconf 87' lang='lat' dir='ltr'><strong>ingenii</strong></span> <span class='ocrx_word' id='word_1_133' title='bbox 962 2012 1315 2093; x_wconf 82' lang='lat' dir='ltr'><strong>requiritur</strong></span> <span class='ocrx_word' id='word_1_134' title='bbox 1357 2011 1427 2075; x_wconf 92' lang='lat' dir='ltr'><strong>in</strong></span> <span class='ocrx_word' id='word_1_135' title='bbox 1464 2013 1611 2075; x_wconf 86' lang='lat' dir='ltr'><strong>istis</strong></span> <span class='ocrx_word' id='word_1_136' title='bbox 1642 2011 2073 2096; x_wconf 73' lang='lat' dir='ltr'><strong>agnoscendis</strong></span> <span class='ocrx_word' id='word_1_137' title='bbox 2109 2010 2398 2077; x_wconf 81' lang='lat' dir='ltr'><strong>Satanae</strong></span> <span class='ocrx_word' id='word_1_138' title='bbox 2431 2012 2607 2077; x_wconf 88' lang='lat' dir='ltr'><strong>frau-</strong></span> 
     </span>
     <span class='ocr_line' id='line_1_21' title="bbox 672 2096 2609 2179; baseline 0.001 -18"><span class='ocrx_word' id='word_1_139' title='bbox 672 2096 883 2174; x_wconf 88' lang='lat' dir='ltr'><strong>dibus,</strong></span> <span class='ocrx_word' id='word_1_140' title='bbox 938 2097 1173 2179; x_wconf 89' lang='lat' dir='ltr'><strong>quibus</strong></span> <span class='ocrx_word' id='word_1_141' title='bbox 1227 2096 1598 2163; x_wconf 81' lang='lat' dir='ltr'><strong>istiusmodi</strong></span> <span class='ocrx_word' id='word_1_142' title='bbox 1656 2097 2005 2163; x_wconf 90' lang='lat' dir='ltr'><strong>simulacra</strong></span> <span class='ocrx_word' id='word_1_143' title='bbox 2056 2098 2292 2163; x_wconf 90' lang='lat' dir='ltr'><strong>nititur</strong></span> <span class='ocrx_word' id='word_1_144' title='bbox 2336 2099 2403 2162; x_wconf 91' lang='lat' dir='ltr'><strong>in</strong></span> <span class='ocrx_word' id='word_1_145' title='bbox 2452 2098 2609 2163; x_wconf 87' lang='lat' dir='ltr'><strong>deos</strong></span> 
     </span>
     <span class='ocr_line' id='line_1_22' title="bbox 670 2181 2606 2266; baseline 0.001 -19"><span class='ocrx_word' id='word_1_146' title='bbox 670 2183 942 2266; x_wconf 89' lang='lat' dir='ltr'><strong>erigere,</strong></span> <span class='ocrx_word' id='word_1_147' title='bbox 1000 2190 1067 2246; x_wconf 92' lang='lat' dir='ltr'><strong>et</strong></span> <span class='ocrx_word' id='word_1_148' title='bbox 1123 2181 1366 2248; x_wconf 89' lang='lat' dir='ltr'><strong>cultum</strong></span> <span class='ocrx_word' id='word_1_149' title='bbox 1431 2183 1573 2248; x_wconf 92' lang='lat' dir='ltr'><strong>Deo</strong></span> <span class='ocrx_word' id='word_1_150' title='bbox 1617 2183 1905 2250; x_wconf 82' lang='lat' dir='ltr'><strong>debitum</strong></span> <span class='ocrx_word' id='word_1_151' title='bbox 1967 2183 2197 2248; x_wconf 89' lang='lat' dir='ltr'><strong>iisdem</strong></span> <span class='ocrx_word' id='word_1_152' title='bbox 2242 2184 2606 2250; x_wconf 85' lang='lat' dir='ltr'><strong>instituere.</strong></span> 
     </span>
     <span class='ocr_line' id='line_1_23' title="bbox 672 2266 2609 2352; baseline 0.001 -20"><span class='ocrx_word' id='word_1_153' title='bbox 672 2266 849 2350; x_wconf 77' lang='lat' dir='ltr'><strong>Quid</strong></span> <span class='ocrx_word' id='word_1_154' title='bbox 895 2267 975 2331; x_wconf 93' lang='lat' dir='ltr'><strong>de</strong></span> <span class='ocrx_word' id='word_1_155' title='bbox 1019 2279 1354 2334; x_wconf 90' lang='lat' dir='ltr'><strong>crustaceo</strong></span> <span class='ocrx_word' id='word_1_156' title='bbox 1397 2267 1570 2333; x_wconf 89' lang='lat' dir='ltr'><strong>idolo</strong></span> <span class='ocrx_word' id='word_1_157' title='bbox 1607 2268 1837 2347; x_wconf 89' lang='lat' dir='ltr'><strong>dicam,</strong></span> <span class='ocrx_word' id='word_1_158' title='bbox 1883 2269 2053 2352; x_wconf 93' lang='lat' dir='ltr'><strong>quod</strong></span> <span class='ocrx_word' id='word_1_159' title='bbox 2090 2268 2496 2335; x_wconf 89' lang='lat' dir='ltr'><strong>adorandum</strong></span> <span class='ocrx_word' id='word_1_160' title='bbox 2541 2278 2609 2333; x_wconf 93' lang='lat' dir='ltr'><strong>et</strong></span> 
     </span>
     <span class='ocr_line' id='line_1_24' title="bbox 671 2351 2608 2436; baseline 0.001 -16"><span class='ocrx_word' id='word_1_161' title='bbox 671 2351 1121 2420; x_wconf 88' lang='lat' dir='ltr'><strong>venerandum</strong></span> <span class='ocrx_word' id='word_1_162' title='bbox 1187 2356 1601 2436; x_wconf 87' lang='lat' dir='ltr'><strong>proponitur,</strong></span> <span class='ocrx_word' id='word_1_163' title='bbox 1666 2355 1849 2436; x_wconf 87' lang='lat' dir='ltr'><strong>quasi</strong></span> <span class='ocrx_word' id='word_1_164' title='bbox 1904 2355 1971 2419; x_wconf 90' lang='lat' dir='ltr'><strong>in</strong></span> <span class='ocrx_word' id='word_1_165' title='bbox 2039 2355 2152 2419; x_wconf 92' lang='lat' dir='ltr'><strong>illo</strong></span> <span class='ocrx_word' id='word_1_166' title='bbox 2213 2355 2303 2419; x_wconf 86' lang='lat' dir='ltr'><strong>sit</strong></span> <span class='ocrx_word' id='word_1_167' title='bbox 2356 2354 2608 2421; x_wconf 85' lang='lat' dir='ltr'><strong>Christi</strong></span> 
     </span>
     <span class='ocr_line' id='line_1_25' title="bbox 670 2437 2608 2521; baseline 0.001 -16"><span class='ocrx_word' id='word_1_168' title='bbox 670 2459 907 2521; x_wconf 88' lang='lat' dir='ltr'><strong>corpus</strong></span> <span class='ocrx_word' id='word_1_169' title='bbox 950 2437 1326 2503; x_wconf 83' lang='lat' dir='ltr'><strong>inclusum?</strong></span> <span class='ocrx_word' id='word_1_170' title='bbox 1387 2439 1573 2515; x_wconf 83' lang='lat' dir='ltr'><strong>Ecce,</strong></span> <span class='ocrx_word' id='word_1_171' title='bbox 1620 2454 1697 2504; x_wconf 89' lang='lat' dir='ltr'><strong>ut</strong></span> <span class='ocrx_word' id='word_1_172' title='bbox 1738 2439 2265 2507; x_wconf 75' lang='lat' dir='ltr'><strong>Deusveritatis</strong></span> <span class='ocrx_word' id='word_1_173' title='bbox 2308 2440 2608 2506; x_wconf 89' lang='lat' dir='ltr'><strong>inimicos</strong></span> 
     </span>
     <span class='ocr_line' id='line_1_26' title="bbox 671 2524 2607 2610; baseline 0.002 -20"><span class='ocrx_word' id='word_1_174' title='bbox 671 2524 1084 2607; x_wconf 72' lang='lat' dir='ltr'><strong>constringit,</strong></span> <span class='ocrx_word' id='word_1_175' title='bbox 1155 2533 1227 2589; x_wconf 90' lang='lat' dir='ltr'><strong>et</strong></span> <span class='ocrx_word' id='word_1_176' title='bbox 1290 2524 1766 2607; x_wconf 90' lang='lat' dir='ltr'><strong>quodammodo</strong></span> <span class='ocrx_word' id='word_1_177' title='bbox 1838 2526 2178 2592; x_wconf 89' lang='lat' dir='ltr'><strong>tormentis</strong></span> <span class='ocrx_word' id='word_1_178' title='bbox 2250 2526 2459 2610; x_wconf 85' lang='lat' dir='ltr'><strong>adigit</strong></span> <span class='ocrx_word' id='word_1_179' title='bbox 2523 2527 2607 2593; x_wconf 87' lang='lat' dir='ltr'><strong>ad</strong></span> 
     </span>
     <span class='ocr_line' id='line_1_27' title="bbox 670 2608 2606 2696; baseline 0.002 -22"><span class='ocrx_word' id='word_1_180' title='bbox 670 2609 802 2674; x_wconf 91' lang='lat' dir='ltr'><strong>Dei</strong></span> <span class='ocrx_word' id='word_1_181' title='bbox 839 2608 1112 2692; x_wconf 80' lang='lat' dir='ltr'><strong>gloriam</strong></span> <span class='ocrx_word' id='word_1_182' title='bbox 1148 2629 1267 2675; x_wconf 88' lang='lat' dir='ltr'><strong>suo</strong></span> <span class='ocrx_word' id='word_1_183' title='bbox 1290 2611 1662 2676; x_wconf 89' lang='lat' dir='ltr'><strong>testimonio</strong></span> <span class='ocrx_word' id='word_1_184' title='bbox 1686 2612 2191 2696; x_wconf 85' lang='lat' dir='ltr'><strong>propagandam,</strong></span> <span class='ocrx_word' id='word_1_185' title='bbox 2239 2621 2304 2676; x_wconf 91' lang='lat' dir='ltr'><strong>et</strong></span> <span class='ocrx_word' id='word_1_186' title='bbox 2337 2634 2606 2677; x_wconf 92' lang='lat' dir='ltr'><strong>suorum</strong></span> 
     </span>
     <span class='ocr_line' id='line_1_28' title="bbox 669 2693 2606 2776; baseline 0.002 -18"><span class='ocrx_word' id='word_1_187' title='bbox 669 2693 1012 2775; x_wconf 90' lang='lat' dir='ltr'><strong>idolorum,</strong></span> <span class='ocrx_word' id='word_1_188' title='bbox 1059 2705 1124 2759; x_wconf 94' lang='lat' dir='ltr'><strong>et</strong></span> <span class='ocrx_word' id='word_1_189' title='bbox 1181 2695 1702 2776; x_wconf 85' lang='lat' dir='ltr'><strong>simulacrorum,</strong></span> <span class='ocrx_word' id='word_1_190' title='bbox 1757 2719 1834 2763; x_wconf 89' lang='lat' dir='ltr'><strong>ac</strong></span> <span class='ocrx_word' id='word_1_191' title='bbox 1877 2700 2122 2762; x_wconf 92' lang='lat' dir='ltr'><strong>rituum</strong></span> <span class='ocrx_word' id='word_1_192' title='bbox 2168 2699 2606 2763; x_wconf 88' lang='lat' dir='ltr'><strong>caeremonia·</strong></span> 
     </span>
     <span class='ocr_line' id='line_1_29' title="bbox 671 2781 2602 2867; baseline 0.002 -24"><span class='ocrx_word' id='word_1_193' title='bbox 671 2801 946 2863; x_wconf 89' lang='lat' dir='ltr'><strong>rumque</strong></span> <span class='ocrx_word' id='word_1_194' title='bbox 988 2781 1343 2847; x_wconf 82' lang='lat' dir='ltr'><strong>vanitatem</strong></span> <span class='ocrx_word' id='word_1_195' title='bbox 1402 2789 1468 2847; x_wconf 90' lang='lat' dir='ltr'><strong>et</strong></span> <span class='ocrx_word' id='word_1_196' title='bbox 1521 2783 1913 2848; x_wconf 89' lang='lat' dir='ltr'><strong>inanitatem</strong></span> <span class='ocrx_word' id='word_1_197' title='bbox 1960 2804 2073 2848; x_wconf 89' lang='lat' dir='ltr'><strong>ore</strong></span> <span class='ocrx_word' id='word_1_198' title='bbox 2116 2783 2378 2866; x_wconf 90' lang='lat' dir='ltr'><strong>proprio</strong></span> <span class='ocrx_word' id='word_1_199' title='bbox 2420 2793 2602 2867; x_wconf 91' lang='lat' dir='ltr'><strong>pate-</strong></span> 
     </span>
     <span class='ocr_line' id='line_1_30' title="bbox 668 2863 2603 2952; baseline 0.001 -21"><span class='ocrx_word' id='word_1_200' title='bbox 668 2863 1051 2946; x_wconf 77' lang='lat' dir='ltr'><strong>faciendam,</strong></span> <span class='ocrx_word' id='word_1_201' title='bbox 1106 2877 1172 2931; x_wconf 90' lang='lat' dir='ltr'><strong>et</strong></span> <span class='ocrx_word' id='word_1_202' title='bbox 1227 2867 1676 2952; x_wconf 85' lang='lat' dir='ltr'><strong>detegendam.</strong></span> <span class='ocrx_word' id='word_1_203' title='bbox 1766 2869 2017 2934; x_wconf 84' lang='lat' dir='ltr'><strong>Verum</strong></span> <span class='ocrx_word' id='word_1_204' title='bbox 2081 2876 2300 2933; x_wconf 87' lang='lat' dir='ltr'><strong>tantus</strong></span> <span class='ocrx_word' id='word_1_205' title='bbox 2344 2881 2446 2934; x_wconf 91' lang='lat' dir='ltr'><strong>est</strong></span> <span class='ocrx_word' id='word_1_206' title='bbox 2488 2869 2603 2934; x_wconf 88' lang='lat' dir='ltr'><strong>ho-</strong></span> 
     </span>
     <span class='ocr_line' id='line_1_31' title="bbox 668 2951 2607 3035; baseline 0.003 -20"><span class='ocrx_word' id='word_1_207' title='bbox 668 2951 922 3016; x_wconf 91' lang='lat' dir='ltr'><strong>minum</strong></span> <span class='ocrx_word' id='word_1_208' title='bbox 980 2963 1225 3035; x_wconf 88' lang='lat' dir='ltr'><strong>stupor,</strong></span> <span class='ocrx_word' id='word_1_209' title='bbox 1280 2954 1483 3019; x_wconf 91' lang='lat' dir='ltr'><strong>immo</strong></span> <span class='ocrx_word' id='word_1_210' title='bbox 1541 2963 1725 3019; x_wconf 86' lang='lat' dir='ltr'><strong>tanta</strong></span> <span class='ocrx_word' id='word_1_211' title='bbox 1780 2965 1885 3019; x_wconf 92' lang='lat' dir='ltr'><strong>est</strong></span> <span class='ocrx_word' id='word_1_212' title='bbox 1940 2954 2209 3031; x_wconf 88' lang='lat' dir='ltr'><strong>malitia,</strong></span> <span class='ocrx_word' id='word_1_213' title='bbox 2265 2962 2340 3018; x_wconf 92' lang='lat' dir='ltr'><strong>ut</strong></span> <span class='ocrx_word' id='word_1_214' title='bbox 2400 2953 2607 3020; x_wconf 88' lang='lat' dir='ltr'><strong>donec</strong></span> 
     </span>
     <span class='ocr_line' id='line_1_32' title="bbox 668 3036 2605 3122; baseline 0.002 -22"><span class='ocrx_word' id='word_1_215' title='bbox 668 3036 853 3102; x_wconf 92' lang='lat' dir='ltr'><strong>Deus</strong></span> <span class='ocrx_word' id='word_1_216' title='bbox 898 3039 1035 3120; x_wconf 89' lang='lat' dir='ltr'><strong>ipse</strong></span> <span class='ocrx_word' id='word_1_217' title='bbox 1101 3059 1213 3104; x_wconf 92' lang='lat' dir='ltr'><strong>cor</strong></span> <span class='ocrx_word' id='word_1_218' title='bbox 1253 3037 1544 3122; x_wconf 90' lang='lat' dir='ltr'><strong>ipsorum</strong></span> <span class='ocrx_word' id='word_1_219' title='bbox 1591 3039 1859 3122; x_wconf 88' lang='lat' dir='ltr'><strong>aperiat,</strong></span> <span class='ocrx_word' id='word_1_220' title='bbox 1915 3040 2096 3105; x_wconf 88' lang='lat' dir='ltr'><strong>nulla</strong></span> <span class='ocrx_word' id='word_1_221' title='bbox 2139 3039 2453 3106; x_wconf 87' lang='lat' dir='ltr'><strong>miracula</strong></span> <span class='ocrx_word' id='word_1_222' title='bbox 2503 3042 2605 3105; x_wconf 91' lang='lat' dir='ltr'><strong>in-</strong></span> 
     </span>
     <span class='ocr_line' id='line_1_33' title="bbox 667 3121 2606 3204; baseline 0.003 -16"><span class='ocrx_word' id='word_1_223' title='bbox 667 3121 964 3188; x_wconf 89' lang='lat' dir='ltr'><strong>credulos</strong></span> <span class='ocrx_word' id='word_1_224' title='bbox 1025 3134 1353 3204; x_wconf 88' lang='lat' dir='ltr'><strong>moveant,</strong></span> <span class='ocrx_word' id='word_1_225' title='bbox 1419 3125 1640 3190; x_wconf 90' lang='lat' dir='ltr'><strong>nullae</strong></span> <span class='ocrx_word' id='word_1_226' title='bbox 1704 3125 2180 3191; x_wconf 85' lang='lat' dir='ltr'><strong>cohortationes</strong></span> <span class='ocrx_word' id='word_1_227' title='bbox 2237 3123 2318 3190; x_wconf 94' lang='lat' dir='ltr'><strong>ad</strong></span> <span class='ocrx_word' id='word_1_228' title='bbox 2377 3126 2606 3193; x_wconf 89' lang='lat' dir='ltr'><strong>salutis</strong></span> 
     </span>
     <span class='ocr_line' id='line_1_34' title="bbox 669 3207 2604 3293; baseline 0.002 -21"><span class='ocrx_word' id='word_1_229' title='bbox 669 3208 849 3272; x_wconf 84' lang='lat' dir='ltr'><strong>viam</strong></span> <span class='ocrx_word' id='word_1_230' title='bbox 917 3207 1264 3290; x_wconf 89' lang='lat' dir='ltr'><strong>adducant,</strong></span> <span class='ocrx_word' id='word_1_231' title='bbox 1332 3230 1494 3293; x_wconf 90' lang='lat' dir='ltr'><strong>quos</strong></span> <span class='ocrx_word' id='word_1_232' title='bbox 1558 3210 1732 3276; x_wconf 88' lang='lat' dir='ltr'><strong>altus</strong></span> <span class='ocrx_word' id='word_1_233' title='bbox 1796 3210 2228 3276; x_wconf 90' lang='lat' dir='ltr'><strong>idolomaniae</strong></span> <span class='ocrx_word' id='word_1_234' title='bbox 2291 3220 2604 3279; x_wconf 83' lang='lat' dir='ltr'><strong>veternus</strong></span> 
     </span>
     <span class='ocr_line' id='line_1_35' title="bbox 663 3295 2603 3379; baseline 0.004 -22"><span class='ocrx_word' id='word_1_235' title='bbox 663 3295 1027 3376; x_wconf 83' lang='lat' dir='ltr'><strong>occupavit.</strong></span> <span class='ocrx_word' id='word_1_236' title='bbox 1112 3295 1313 3378; x_wconf 86' lang='lat' dir='ltr'><strong>Atqui</strong></span> <span class='ocrx_word' id='word_1_237' title='bbox 1354 3297 1651 3379; x_wconf 90' lang='lat' dir='ltr'><strong>papistae</strong></span> <span class='ocrx_word' id='word_1_238' title='bbox 1689 3296 2084 3378; x_wconf 89' lang='lat' dir='ltr'><strong>pollicentur</strong></span> <span class='ocrx_word' id='word_1_239' title='bbox 2113 3317 2201 3376; x_wconf 91' lang='lat' dir='ltr'><strong>se,</strong></span> <span class='ocrx_word' id='word_1_240' title='bbox 2239 3297 2297 3363; x_wconf 91' lang='lat' dir='ltr'><strong>si</strong></span> <span class='ocrx_word' id='word_1_241' title='bbox 2321 3298 2603 3364; x_wconf 86' lang='lat' dir='ltr'><strong>miracu-</strong></span> 
     </span>
     <span class='ocr_line' id='line_1_36' title="bbox 665 3378 2605 3458; baseline 0.003 -15"><span class='ocrx_word' id='word_1_242' title='bbox 665 3378 732 3443; x_wconf 90' lang='lat' dir='ltr'><strong>la</strong></span> <span class='ocrx_word' id='word_1_243' title='bbox 767 3380 1073 3458; x_wconf 80' lang='lat' dir='ltr'><strong>viderint,</strong></span> <span class='ocrx_word' id='word_1_244' title='bbox 1110 3382 1333 3445; x_wconf 87' lang='lat' dir='ltr'><strong>statim</strong></span> <span class='ocrx_word' id='word_1_245' title='bbox 1373 3382 1453 3445; x_wconf 87' lang='lat' dir='ltr'><strong>ad</strong></span> <span class='ocrx_word' id='word_1_246' title='bbox 1490 3383 1688 3447; x_wconf 90' lang='lat' dir='ltr'><strong>fidem</strong></span> <span class='ocrx_word' id='word_1_247' title='bbox 1723 3381 2215 3447; x_wconf 88' lang='lat' dir='ltr'><strong>convertendos.</strong></span> <span class='ocrx_word' id='word_1_248' title='bbox 2263 3386 2352 3447; x_wconf 85' lang='lat' dir='ltr'><strong>At</strong></span> <span class='ocrx_word' id='word_1_249' title='bbox 2373 3394 2605 3449; x_wconf 86' lang='lat' dir='ltr'><strong>contra</strong></span> 
     </span>
     <span class='ocr_line' id='line_1_37' title="bbox 664 3467 2604 3550; baseline 0.001 -19"><span class='ocrx_word' id='word_1_250' title='bbox 664 3474 916 3531; x_wconf 89' lang='lat' dir='ltr'><strong>certum</strong></span> <span class='ocrx_word' id='word_1_251' title='bbox 959 3472 1076 3546; x_wconf 90' lang='lat' dir='ltr'><strong>est,</strong></span> <span class='ocrx_word' id='word_1_252' title='bbox 1118 3485 1228 3531; x_wconf 90' lang='lat' dir='ltr'><strong>eos</strong></span> <span class='ocrx_word' id='word_1_253' title='bbox 1264 3467 1515 3532; x_wconf 90' lang='lat' dir='ltr'><strong>etiamsi</strong></span> <span class='ocrx_word' id='word_1_254' title='bbox 1565 3488 1985 3550; x_wconf 88' lang='lat' dir='ltr'><strong>quaecunque</strong></span> <span class='ocrx_word' id='word_1_255' title='bbox 2033 3469 2113 3533; x_wconf 92' lang='lat' dir='ltr'><strong>ab</strong></span> <span class='ocrx_word' id='word_1_256' title='bbox 2151 3469 2337 3534; x_wconf 89' lang='lat' dir='ltr'><strong>initio</strong></span> <span class='ocrx_word' id='word_1_257' title='bbox 2373 3469 2604 3534; x_wconf 91' lang='lat' dir='ltr'><strong>mundi</strong></span> 
     </span>
     <span class='ocr_line' id='line_1_38' title="bbox 666 3550 2603 3634; baseline 0.002 -19"><span class='ocrx_word' id='word_1_258' title='bbox 666 3550 837 3617; x_wconf 79' lang='lat' dir='ltr'><strong>sacta</strong></span> <span class='ocrx_word' id='word_1_259' title='bbox 893 3560 1047 3616; x_wconf 90' lang='lat' dir='ltr'><strong>sunt</strong></span> <span class='ocrx_word' id='word_1_260' title='bbox 1101 3552 1417 3617; x_wconf 90' lang='lat' dir='ltr'><strong>miracula</strong></span> <span class='ocrx_word' id='word_1_261' title='bbox 1474 3563 1629 3618; x_wconf 88' lang='lat' dir='ltr'><strong>ante</strong></span> <span class='ocrx_word' id='word_1_262' title='bbox 1686 3554 1906 3619; x_wconf 91' lang='lat' dir='ltr'><strong>oculos</strong></span> <span class='ocrx_word' id='word_1_263' title='bbox 1952 3554 2320 3634; x_wconf 88' lang='lat' dir='ltr'><strong>habuerint,</strong></span> <span class='ocrx_word' id='word_1_264' title='bbox 2380 3564 2603 3619; x_wconf 90' lang='lat' dir='ltr'><strong>tamen</strong></span> 
     </span>
     <span class='ocr_line' id='line_1_39' title="bbox 664 3637 2602 3723; baseline 0.004 -24"><span class='ocrx_word' id='word_1_265' title='bbox 664 3637 1089 3718; x_wconf 87' lang='lat' dir='ltr'><strong>pertinaciter</strong></span> <span class='ocrx_word' id='word_1_266' title='bbox 1149 3639 1405 3703; x_wconf 85' lang='lat' dir='ltr'><strong>veritati</strong></span> <span class='ocrx_word' id='word_1_267' title='bbox 1467 3640 1826 3704; x_wconf 78' lang='lat' dir='ltr'><strong>restitutos.</strong></span> <span class='ocrx_word' id='word_1_268' title='bbox 1917 3638 2094 3720; x_wconf 80' lang='lat' dir='ltr'><strong>Quid</strong></span> <span class='ocrx_word' id='word_1_269' title='bbox 2151 3639 2289 3705; x_wconf 81' lang='lat' dir='ltr'><strong>ita?</strong></span> <span class='ocrx_word' id='word_1_270' title='bbox 2348 3640 2602 3723; x_wconf 89' lang='lat' dir='ltr'><strong>Nempe</strong></span> 
     </span>
     <span class='ocr_line' id='line_1_40' title="bbox 666 3720 2600 3805; baseline 0.003 -21"><span class='ocrx_word' id='word_1_271' title='bbox 666 3721 836 3802; x_wconf 87' lang='lat' dir='ltr'><strong>quod</strong></span> <span class='ocrx_word' id='word_1_272' title='bbox 876 3720 1084 3786; x_wconf 82' lang='lat' dir='ltr'><strong>Satan</strong></span> <span class='ocrx_word' id='word_1_273' title='bbox 1124 3725 1344 3789; x_wconf 87' lang='lat' dir='ltr'><strong>oculos</strong></span> <span class='ocrx_word' id='word_1_274' title='bbox 1380 3725 1671 3805; x_wconf 91' lang='lat' dir='ltr'><strong>ipsorum</strong></span> <span class='ocrx_word' id='word_1_275' title='bbox 1705 3726 1799 3790; x_wconf 90' lang='lat' dir='ltr'><strong>sic</strong></span> <span class='ocrx_word' id='word_1_276' title='bbox 1834 3725 2217 3805; x_wconf 82' lang='lat' dir='ltr'><strong>excaecarit,</strong></span> <span class='ocrx_word' id='word_1_277' title='bbox 2263 3734 2336 3790; x_wconf 92' lang='lat' dir='ltr'><strong>ut</strong></span> <span class='ocrx_word' id='word_1_278' title='bbox 2373 3725 2600 3792; x_wconf 87' lang='lat' dir='ltr'><strong>viden·</strong></span> 
     </span>
     <span class='ocr_line' id='line_1_41' title="bbox 667 3806 2601 3892; baseline 0.004 -22"><span class='ocrx_word' id='word_1_279' title='bbox 667 3815 766 3871; x_wconf 90' lang='lat' dir='ltr'><strong>tes</strong></span> <span class='ocrx_word' id='word_1_280' title='bbox 811 3827 942 3870; x_wconf 90' lang='lat' dir='ltr'><strong>non</strong></span> <span class='ocrx_word' id='word_1_281' title='bbox 988 3806 1266 3874; x_wconf 87' lang='lat' dir='ltr'><strong>videant.</strong></span> <span class='ocrx_word' id='word_1_282' title='bbox 1355 3809 1562 3874; x_wconf 89' lang='lat' dir='ltr'><strong>Verbi</strong></span> <span class='ocrx_word' id='word_1_283' title='bbox 1604 3811 1867 3892; x_wconf 88' lang='lat' dir='ltr'><strong>quidem</strong></span> <span class='ocrx_word' id='word_1_284' title='bbox 1912 3810 2119 3876; x_wconf 83' lang='lat' dir='ltr'><strong>divini</strong></span> <span class='ocrx_word' id='word_1_285' title='bbox 2162 3818 2413 3876; x_wconf 90' lang='lat' dir='ltr'><strong>tantam</strong></span> <span class='ocrx_word' id='word_1_286' title='bbox 2458 3832 2601 3877; x_wconf 91' lang='lat' dir='ltr'><strong>esse</strong></span> 
     </span>
     <span class='ocr_line' id='line_1_42' title="bbox 660 3893 2602 3978; baseline 0.004 -23"><span class='ocrx_word' id='word_1_287' title='bbox 660 3893 796 3956; x_wconf 80' lang='lat' dir='ltr'><strong>vim</strong></span> <span class='ocrx_word' id='word_1_288' title='bbox 840 3905 1136 3974; x_wconf 91' lang='lat' dir='ltr'><strong>oportere</strong></span> <span class='ocrx_word' id='word_1_289' title='bbox 1178 3894 1478 3973; x_wconf 86' lang='lat' dir='ltr'><strong>fatemur,</strong></span> <span class='ocrx_word' id='word_1_290' title='bbox 1526 3907 1597 3960; x_wconf 92' lang='lat' dir='ltr'><strong>ut</strong></span> <span class='ocrx_word' id='word_1_291' title='bbox 1641 3897 1784 3978; x_wconf 89' lang='lat' dir='ltr'><strong>ipsa</strong></span> <span class='ocrx_word' id='word_1_292' title='bbox 1828 3895 2180 3961; x_wconf 87' lang='lat' dir='ltr'><strong>durissima</strong></span> <span class='ocrx_word' id='word_1_293' title='bbox 2225 3918 2385 3962; x_wconf 81' lang='lat' dir='ltr'><strong>saxa</strong></span> <span class='ocrx_word' id='word_1_294' title='bbox 2428 3897 2602 3962; x_wconf 85' lang='lat' dir='ltr'><strong>fran-</strong></span> 
     </span>
     <span class='ocr_line' id='line_1_43' title="bbox 657 3978 2602 4061; baseline 0.004 -20"><span class='ocrx_word' id='word_1_295' title='bbox 657 3988 786 4061; x_wconf 89' lang='lat' dir='ltr'><strong>gat,</strong></span> <span class='ocrx_word' id='word_1_296' title='bbox 833 3987 900 4043; x_wconf 89' lang='lat' dir='ltr'><strong>et</strong></span> <span class='ocrx_word' id='word_1_297' title='bbox 934 3979 1003 4041; x_wconf 90' lang='lat' dir='ltr'><strong>in</strong></span> <span class='ocrx_word' id='word_1_298' title='bbox 1041 3978 1378 4044; x_wconf 88' lang='lat' dir='ltr'><strong>hominum</strong></span> <span class='ocrx_word' id='word_1_299' title='bbox 1413 3982 1609 4047; x_wconf 90' lang='lat' dir='ltr'><strong>corda</strong></span> <span class='ocrx_word' id='word_1_300' title='bbox 1644 3982 1994 4047; x_wconf 88' lang='lat' dir='ltr'><strong>durissima</strong></span> <span class='ocrx_word' id='word_1_301' title='bbox 2037 3990 2104 4046; x_wconf 90' lang='lat' dir='ltr'><strong>et</strong></span> <span class='ocrx_word' id='word_1_302' title='bbox 2147 3982 2602 4049; x_wconf 90' lang='lat' dir='ltr'><strong>horridissima</strong></span> 
     </span>
     <span class='ocr_line' id='line_1_44' title="bbox 655 4064 2597 4147; baseline 0.004 -20"><span class='ocrx_word' id='word_1_303' title='bbox 655 4073 956 4147; x_wconf 89' lang='lat' dir='ltr'><strong>penetret</strong></span> <span class='ocrx_word' id='word_1_304' title='bbox 996 4064 1156 4147; x_wconf 89' lang='lat' dir='ltr'><strong>ipsis</strong></span> <span class='ocrx_word' id='word_1_305' title='bbox 1222 4066 1664 4146; x_wconf 86' lang='lat' dir='ltr'><strong>praedicatum</strong></span> <span class='ocrx_word' id='word_1_306' title='bbox 1725 4077 1793 4132; x_wconf 90' lang='lat' dir='ltr'><strong>et</strong></span> <span class='ocrx_word' id='word_1_307' title='bbox 1834 4068 2063 4132; x_wconf 90' lang='lat' dir='ltr'><strong>eadem</strong></span> <span class='ocrx_word' id='word_1_308' title='bbox 2100 4068 2422 4133; x_wconf 86' lang='lat' dir='ltr'><strong>emolliat:</strong></span> <span class='ocrx_word' id='word_1_309' title='bbox 2483 4070 2597 4135; x_wconf 91' lang='lat' dir='ltr'><strong>sed</strong></span> 
     </span>
     <span class='ocr_line' id='line_1_45' title="bbox 655 4148 2596 4232; baseline 0.004 -21"><span class='ocrx_word' id='word_1_310' title='bbox 655 4158 896 4232; x_wconf 90' lang='lat' dir='ltr'><strong>tamen,</strong></span> <span class='ocrx_word' id='word_1_311' title='bbox 953 4148 1128 4214; x_wconf 89' lang='lat' dir='ltr'><strong>iusto</strong></span> <span class='ocrx_word' id='word_1_312' title='bbox 1175 4148 1297 4215; x_wconf 93' lang='lat' dir='ltr'><strong>Dei</strong></span> <span class='ocrx_word' id='word_1_313' title='bbox 1343 4150 1597 4230; x_wconf 85' lang='lat' dir='ltr'><strong>iudicio,</strong></span> <span class='ocrx_word' id='word_1_314' title='bbox 1642 4172 1779 4217; x_wconf 89' lang='lat' dir='ltr'><strong>non</strong></span> <span class='ocrx_word' id='word_1_315' title='bbox 1824 4153 2016 4219; x_wconf 89' lang='lat' dir='ltr'><strong>modo</strong></span> <span class='ocrx_word' id='word_1_316' title='bbox 2062 4174 2194 4217; x_wconf 89' lang='lat' dir='ltr'><strong>non</strong></span> <span class='ocrx_word' id='word_1_317' title='bbox 2237 4154 2449 4220; x_wconf 88' lang='lat' dir='ltr'><strong>mollit</strong></span> <span class='ocrx_word' id='word_1_318' title='bbox 2493 4155 2596 4219; x_wconf 91' lang='lat' dir='ltr'><strong>in-</strong></span> 
     </span>
     <span class='ocr_line' id='line_1_46' title="bbox 652 4234 2590 4321; baseline 0.003 -21"><span class='ocrx_word' id='word_1_319' title='bbox 652 4234 1066 4301; x_wconf 92' lang='lat' dir='ltr'><strong>credulorum</strong></span> <span class='ocrx_word' id='word_1_320' title='bbox 1131 4256 1263 4312; x_wconf 90' lang='lat' dir='ltr'><strong>cor,</strong></span> <span class='ocrx_word' id='word_1_321' title='bbox 1332 4247 1408 4301; x_wconf 90' lang='lat' dir='ltr'><strong>ut</strong></span> <span class='ocrx_word' id='word_1_322' title='bbox 1465 4238 1677 4321; x_wconf 90' lang='lat' dir='ltr'><strong>magis</strong></span> <span class='ocrx_word' id='word_1_323' title='bbox 1732 4241 1932 4304; x_wconf 89' lang='lat' dir='ltr'><strong>etiam</strong></span> <span class='ocrx_word' id='word_1_324' title='bbox 1991 4238 2274 4304; x_wconf 90' lang='lat' dir='ltr'><strong>induret.</strong></span> <span class='ocrx_word' id='word_1_325' title='bbox 2364 4238 2590 4320; x_wconf 81' lang='lat' dir='ltr'><strong>Quare</strong></span> 
     </span>
     <span class='ocr_line' id='line_1_47' title="bbox 654 4320 2598 4393; baseline 0.003 -8"><span class='ocrx_word' id='word_1_326' title='bbox 654 4320 830 4386; x_wconf 89' lang='lat' dir='ltr'><strong>hanc</strong></span> <span class='ocrx_word' id='word_1_327' title='bbox 865 4341 1068 4385; x_wconf 90' lang='lat' dir='ltr'><strong>unam</strong></span> <span class='ocrx_word' id='word_1_328' title='bbox 1106 4342 1247 4386; x_wconf 91' lang='lat' dir='ltr'><strong>esse</strong></span> <span class='ocrx_word' id='word_1_329' title='bbox 1284 4322 1458 4388; x_wconf 84' lang='lat' dir='ltr'><strong>viam</strong></span> <span class='ocrx_word' id='word_1_330' title='bbox 1496 4324 1576 4388; x_wconf 91' lang='lat' dir='ltr'><strong>ad</strong></span> <span class='ocrx_word' id='word_1_331' title='bbox 1615 4324 1976 4389; x_wconf 88' lang='lat' dir='ltr'><strong>Dominum</strong></span> <span class='ocrx_word' id='word_1_332' title='bbox 2022 4325 2395 4390; x_wconf 87' lang='lat' dir='ltr'><strong>revertendi</strong></span> <span class='ocrx_word' id='word_1_333' title='bbox 2430 4326 2598 4393; x_wconf 90' lang='lat' dir='ltr'><strong>scia·</strong></span> 
     </span>
     <span class='ocr_line' id='line_1_48' title="bbox 652 4406 2596 4496; baseline 0.003 -25"><span class='ocrx_word' id='word_1_334' title='bbox 652 4427 819 4483; x_wconf 90' lang='lat' dir='ltr'><strong>mus,</strong></span> <span class='ocrx_word' id='word_1_335' title='bbox 866 4407 923 4471; x_wconf 93' lang='lat' dir='ltr'><strong>si</strong></span> <span class='ocrx_word' id='word_1_336' title='bbox 970 4406 1213 4471; x_wconf 87' lang='lat' dir='ltr'><strong>virtute</strong></span> <span class='ocrx_word' id='word_1_337' title='bbox 1257 4410 1465 4472; x_wconf 89' lang='lat' dir='ltr'><strong>sancti</strong></span> <span class='ocrx_word' id='word_1_338' title='bbox 1520 4409 1792 4492; x_wconf 91' lang='lat' dir='ltr'><strong>spiritus</strong></span> <span class='ocrx_word' id='word_1_339' title='bbox 1849 4411 1918 4475; x_wconf 91' lang='lat' dir='ltr'><strong>in</strong></span> <span class='ocrx_word' id='word_1_340' title='bbox 1975 4411 2161 4476; x_wconf 92' lang='lat' dir='ltr'><strong>nobis</strong></span> <span class='ocrx_word' id='word_1_341' title='bbox 2219 4419 2454 4496; x_wconf 88' lang='lat' dir='ltr'><strong>agente</strong></span> <span class='ocrx_word' id='word_1_342' title='bbox 2512 4411 2596 4477; x_wconf 92' lang='lat' dir='ltr'><strong>ad</strong></span> 
     </span>
     <span class='ocr_line' id='line_1_49' title="bbox 650 4491 2597 4577; baseline 0.003 -20"><span class='ocrx_word' id='word_1_343' title='bbox 650 4491 868 4575; x_wconf 89' lang='lat' dir='ltr'><strong>ipsum</strong></span> <span class='ocrx_word' id='word_1_344' title='bbox 928 4491 1347 4573; x_wconf 87' lang='lat' dir='ltr'><strong>adducamur,</strong></span> <span class='ocrx_word' id='word_1_345' title='bbox 1406 4500 1482 4559; x_wconf 91' lang='lat' dir='ltr'><strong>ut</strong></span> <span class='ocrx_word' id='word_1_346' title='bbox 1540 4496 1678 4577; x_wconf 87' lang='lat' dir='ltr'><strong>ipse</strong></span> <span class='ocrx_word' id='word_1_347' title='bbox 1731 4494 1999 4561; x_wconf 88' lang='lat' dir='ltr'><strong>mollitis</strong></span> <span class='ocrx_word' id='word_1_348' title='bbox 2059 4496 2297 4563; x_wconf 90' lang='lat' dir='ltr'><strong>animis</strong></span> <span class='ocrx_word' id='word_1_349' title='bbox 2357 4498 2597 4562; x_wconf 92' lang='lat' dir='ltr'><strong>nostris</strong></span> 
     </span>
     <span class='ocr_line' id='line_1_50' title="bbox 651 4578 2595 4663; baseline 0.003 -19"><span class='ocrx_word' id='word_1_350' title='bbox 651 4578 776 4645; x_wconf 90' lang='lat' dir='ltr'><strong>sibi</strong></span> <span class='ocrx_word' id='word_1_351' title='bbox 823 4598 943 4643; x_wconf 90' lang='lat' dir='ltr'><strong>nos</strong></span> <span class='ocrx_word' id='word_1_352' title='bbox 986 4579 1377 4645; x_wconf 85' lang='lat' dir='ltr'><strong>reconciliet.</strong></span> <span class='ocrx_word' id='word_1_353' title='bbox 1468 4579 1639 4644; x_wconf 87' lang='lat' dir='ltr'><strong>Nam</strong></span> <span class='ocrx_word' id='word_1_354' title='bbox 1700 4579 1988 4663; x_wconf 90' lang='lat' dir='ltr'><strong>alioquin</strong></span> <span class='ocrx_word' id='word_1_355' title='bbox 2032 4591 2285 4647; x_wconf 91' lang='lat' dir='ltr'><strong>certum</strong></span> <span class='ocrx_word' id='word_1_356' title='bbox 2331 4592 2431 4648; x_wconf 88' lang='lat' dir='ltr'><strong>est</strong></span> <span class='ocrx_word' id='word_1_357' title='bbox 2474 4603 2595 4649; x_wconf 93' lang='lat' dir='ltr'><strong>nos</strong></span> 
     </span>
     <span class='ocr_line' id='line_1_51' title="bbox 649 4663 2594 4752; baseline 0.002 -23"><span class='ocrx_word' id='word_1_358' title='bbox 649 4664 808 4747; x_wconf 87' lang='lat' dir='ltr'><strong>ipsis</strong></span> <span class='ocrx_word' id='word_1_359' title='bbox 849 4665 1193 4729; x_wconf 90' lang='lat' dir='ltr'><strong>incudibus</strong></span> <span class='ocrx_word' id='word_1_360' title='bbox 1237 4665 1374 4730; x_wconf 84' lang='lat' dir='ltr'><strong>sore</strong></span> <span class='ocrx_word' id='word_1_361' title='bbox 1421 4663 1738 4730; x_wconf 86' lang='lat' dir='ltr'><strong>duriores.</strong></span> <span class='ocrx_word' id='word_1_362' title='bbox 1830 4666 1993 4750; x_wconf 87' lang='lat' dir='ltr'><strong>Nae,</strong></span> <span class='ocrx_word' id='word_1_363' title='bbox 2039 4667 2095 4731; x_wconf 92' lang='lat' dir='ltr'><strong>si</strong></span> <span class='ocrx_word' id='word_1_364' title='bbox 2141 4667 2289 4750; x_wconf 86' lang='lat' dir='ltr'><strong>quis</strong></span> <span class='ocrx_word' id='word_1_365' title='bbox 2334 4669 2594 4752; x_wconf 90' lang='lat' dir='ltr'><strong>magnis</strong></span> 
     </span>
     <span class='ocr_line' id='line_1_52' title="bbox 647 4749 2594 4828; baseline 0.003 -14"><span class='ocrx_word' id='word_1_366' title='bbox 647 4749 1034 4814; x_wconf 87' lang='lat' dir='ltr'><strong>malleorum</strong></span> <span class='ocrx_word' id='word_1_367' title='bbox 1084 4749 1321 4815; x_wconf 90' lang='lat' dir='ltr'><strong>ictibus</strong></span> <span class='ocrx_word' id='word_1_368' title='bbox 1368 4751 1671 4816; x_wconf 90' lang='lat' dir='ltr'><strong>incudem</strong></span> <span class='ocrx_word' id='word_1_369' title='bbox 1716 4753 1927 4828; x_wconf 83' lang='lat' dir='ltr'><strong>feriat,</strong></span> <span class='ocrx_word' id='word_1_370' title='bbox 1987 4761 2240 4819; x_wconf 90' lang='lat' dir='ltr'><strong>certum</strong></span> <span class='ocrx_word' id='word_1_371' title='bbox 2285 4764 2387 4818; x_wconf 88' lang='lat' dir='ltr'><strong>est</strong></span> <span class='ocrx_word' id='word_1_372' title='bbox 2429 4755 2594 4819; x_wconf 89' lang='lat' dir='ltr'><strong>resi-</strong></span> 
     </span>
     <span class='ocr_line' id='line_1_53' title="bbox 643 4834 2591 4920; baseline 0.002 -19"><span class='ocrx_word' id='word_1_373' title='bbox 643 4834 880 4901; x_wconf 86' lang='lat' dir='ltr'><strong>lituros</strong></span> <span class='ocrx_word' id='word_1_374' title='bbox 922 4857 1180 4920; x_wconf 91' lang='lat' dir='ltr'><strong>semper</strong></span> <span class='ocrx_word' id='word_1_375' title='bbox 1223 4836 1509 4914; x_wconf 90' lang='lat' dir='ltr'><strong>malleos,</strong></span> <span class='ocrx_word' id='word_1_376' title='bbox 1568 4837 1740 4919; x_wconf 88' lang='lat' dir='ltr'><strong>quod</strong></span> <span class='ocrx_word' id='word_1_377' title='bbox 1786 4838 1858 4903; x_wconf 91' lang='lat' dir='ltr'><strong>in</strong></span> <span class='ocrx_word' id='word_1_378' title='bbox 1904 4839 2211 4905; x_wconf 88' lang='lat' dir='ltr'><strong>incudem</strong></span> <span class='ocrx_word' id='word_1_379' title='bbox 2257 4838 2591 4904; x_wconf 91' lang='lat' dir='ltr'><strong>duriorem</strong></span> 
     </span>
     <span class='ocr_line' id='line_1_54' title="bbox 644 4920 2591 5005; baseline 0.003 -20"><span class='ocrx_word' id='word_1_380' title='bbox 644 4920 972 4987; x_wconf 83' lang='lat' dir='ltr'><strong>incidant:</strong></span> <span class='ocrx_word' id='word_1_381' title='bbox 1034 4935 1232 5005; x_wconf 91' lang='lat' dir='ltr'><strong>atque</strong></span> <span class='ocrx_word' id='word_1_382' title='bbox 1287 4943 1366 4987; x_wconf 90' lang='lat' dir='ltr'><strong>ea</strong></span> <span class='ocrx_word' id='word_1_383' title='bbox 1410 4931 1512 4988; x_wconf 90' lang='lat' dir='ltr'><strong>est</strong></span> <span class='ocrx_word' id='word_1_384' title='bbox 1553 4923 1849 4989; x_wconf 89' lang='lat' dir='ltr'><strong>omnium</strong></span> <span class='ocrx_word' id='word_1_385' title='bbox 1896 4923 2239 4990; x_wconf 89' lang='lat' dir='ltr'><strong>hominum</strong></span> <span class='ocrx_word' id='word_1_386' title='bbox 2281 4925 2591 5005; x_wconf 89' lang='lat' dir='ltr'><strong>conditio,</strong></span> 
     </span>
     <span class='ocr_line' id='line_1_55' title="bbox 649 5005 2591 5093; baseline 0.004 -24"><span class='ocrx_word' id='word_1_387' title='bbox 649 5026 853 5089; x_wconf 90' lang='lat' dir='ltr'><strong>quum</strong></span> <span class='ocrx_word' id='word_1_388' title='bbox 920 5005 1046 5073; x_wconf 89' lang='lat' dir='ltr'><strong>Dei</strong></span> <span class='ocrx_word' id='word_1_389' title='bbox 1115 5008 1512 5074; x_wconf 88' lang='lat' dir='ltr'><strong>testimoniis</strong></span> <span class='ocrx_word' id='word_1_390' title='bbox 1585 5019 1653 5074; x_wconf 92' lang='lat' dir='ltr'><strong>et</strong></span> <span class='ocrx_word' id='word_1_391' title='bbox 1715 5009 2053 5075; x_wconf 88' lang='lat' dir='ltr'><strong>miraculis</strong></span> <span class='ocrx_word' id='word_1_392' title='bbox 2116 5010 2591 5093; x_wconf 87' lang='lat' dir='ltr'><strong>quodammodo</strong></span> 
     </span>
     <span class='ocr_line' id='line_1_56' title="bbox 645 5092 2590 5178; baseline 0.004 -23"><span class='ocrx_word' id='word_1_393' title='bbox 645 5092 990 5172; x_wconf 84' lang='lat' dir='ltr'><strong>feriuntur,</strong></span> <span class='ocrx_word' id='word_1_394' title='bbox 1033 5114 1198 5176; x_wconf 90' lang='lat' dir='ltr'><strong>quae</strong></span> <span class='ocrx_word' id='word_1_395' title='bbox 1244 5095 1466 5178; x_wconf 89' lang='lat' dir='ltr'><strong>procul</strong></span> <span class='ocrx_word' id='word_1_396' title='bbox 1514 5093 1709 5161; x_wconf 88' lang='lat' dir='ltr'><strong>dubio</strong></span> <span class='ocrx_word' id='word_1_397' title='bbox 1752 5095 1944 5160; x_wconf 89' lang='lat' dir='ltr'><strong>irrita</strong></span> <span class='ocrx_word' id='word_1_398' title='bbox 2002 5107 2158 5162; x_wconf 90' lang='lat' dir='ltr'><strong>sunt</strong></span> <span class='ocrx_word' id='word_1_399' title='bbox 2216 5097 2454 5173; x_wconf 88' lang='lat' dir='ltr'><strong>omnia,</strong></span> <span class='ocrx_word' id='word_1_400' title='bbox 2523 5106 2590 5163; x_wconf 90' lang='lat' dir='ltr'><strong>et</strong></span> 
     </span>
     <span class='ocr_line' id='line_1_57' title="bbox 644 5177 2590 5266; baseline 0.005 -24"><span class='ocrx_word' id='word_1_401' title='bbox 644 5177 891 5243; x_wconf 89' lang='lat' dir='ltr'><strong>nullius</strong></span> <span class='ocrx_word' id='word_1_402' title='bbox 926 5198 1082 5262; x_wconf 88' lang='lat' dir='ltr'><strong>erga</strong></span> <span class='ocrx_word' id='word_1_403' title='bbox 1125 5180 1301 5264; x_wconf 89' lang='lat' dir='ltr'><strong>ipsos</strong></span> <span class='ocrx_word' id='word_1_404' title='bbox 1334 5181 1650 5265; x_wconf 89' lang='lat' dir='ltr'><strong>ponderis</strong></span> <span class='ocrx_word' id='word_1_405' title='bbox 1686 5179 1927 5263; x_wconf 86' lang='lat' dir='ltr'><strong>futura,</strong></span> <span class='ocrx_word' id='word_1_406' title='bbox 1972 5181 2179 5250; x_wconf 90' lang='lat' dir='ltr'><strong>donec</strong></span> <span class='ocrx_word' id='word_1_407' title='bbox 2222 5183 2364 5266; x_wconf 89' lang='lat' dir='ltr'><strong>ipse</strong></span> <span class='ocrx_word' id='word_1_408' title='bbox 2400 5181 2590 5251; x_wconf 90' lang='lat' dir='ltr'><strong>Deus</strong></span> 
     </span>
    </p>
   </div>
   <div class='ocr_carea' id='block_1_3' title="bbox 2336 274 2993 345">
    <p class='ocr_par' dir='ltr' id='par_1_3' title="bbox 2336 274 2993 345">
     <span class='ocr_line' id='line_1_58' title="bbox 2336 274 2993 345; baseline -0.005 -2"><span class='ocrx_word' id='word_1_409' title='bbox 2336 275 2754 344; x_wconf 82' lang='lat' dir='ltr'><strong>HOMILIA</strong></span> <span class='ocrx_word' id='word_1_410' title='bbox 2794 274 2993 345; x_wconf 74' lang='lat' dir='ltr'><strong>xlx,</strong></span> 
     </span>
    </p>
   </div>
   <div class='ocr_carea' id='block_1_4' title="bbox 4525 273 4644 339">
    <p class='ocr_par' dir='ltr' id='par_1_4' title="bbox 4525 273 4644 339">
     <span class='ocr_line' id='line_1_59' title="bbox 4525 273 4644 339; baseline -0.017 0"><span class='ocrx_word' id='word_1_411' title='bbox 4525 273 4644 339; x_wconf 75' lang='lat'><strong>452</strong></span> 
     </span>
    </p>
   </div>
   <div class='ocr_carea' id='block_1_5' title="bbox 2692 459 4673 5271">
    <p class='ocr_par' dir='ltr' id='par_1_5' title="bbox 2713 459 4654 616">
     <span class='ocr_line' id='line_1_60' title="bbox 2714 459 4654 544; baseline -0.002 -15"><span class='ocrx_word' id='word_1_412' title='bbox 2714 463 2811 530; x_wconf 87' lang='lat' dir='ltr'><strong>ita</strong></span> <span class='ocrx_word' id='word_1_413' title='bbox 2872 462 3233 529; x_wconf 88' lang='lat' dir='ltr'><strong>contundat</strong></span> <span class='ocrx_word' id='word_1_414' title='bbox 3297 471 3367 529; x_wconf 93' lang='lat' dir='ltr'><strong>et</strong></span> <span class='ocrx_word' id='word_1_415' title='bbox 3428 462 3738 543; x_wconf 88' lang='lat' dir='ltr'><strong>emolliat,</strong></span> <span class='ocrx_word' id='word_1_416' title='bbox 3796 468 3875 527; x_wconf 86' lang='lat' dir='ltr'><strong>ut</strong></span> <span class='ocrx_word' id='word_1_417' title='bbox 3940 459 4064 527; x_wconf 90' lang='lat' dir='ltr'><strong>sub</strong></span> <span class='ocrx_word' id='word_1_418' title='bbox 4129 468 4400 544; x_wconf 88' lang='lat' dir='ltr'><strong>potente</strong></span> <span class='ocrx_word' id='word_1_419' title='bbox 4457 482 4654 530; x_wconf 87' lang='lat' dir='ltr'><strong>manu</strong></span> 
     </span>
     <span class='ocr_line' id='line_1_61' title="bbox 2713 546 3831 616; baseline -0.003 0"><span class='ocrx_word' id='word_1_420' title='bbox 2713 549 2843 616; x_wconf 89' lang='lat' dir='ltr'><strong>Dei</strong></span> <span class='ocrx_word' id='word_1_421' title='bbox 2886 548 3166 614; x_wconf 85' lang='lat' dir='ltr'><strong>deiectos</strong></span> <span class='ocrx_word' id='word_1_422' title='bbox 3208 549 3543 615; x_wconf 88' lang='lat' dir='ltr'><strong>humiliari</strong></span> <span class='ocrx_word' id='word_1_423' title='bbox 3587 546 3831 614; x_wconf 86' lang='lat' dir='ltr'><strong>doceat.</strong></span> 
     </span>
    </p>

    <p class='ocr_par' dir='ltr' id='par_1_6' title="bbox 2692 632 4673 5271">
     <span class='ocr_line' id='line_1_62' title="bbox 2883 632 4650 716; baseline -0.001 -15"><span class='ocrx_word' id='word_1_424' title='bbox 2883 636 2974 701; x_wconf 81' lang='lat' dir='ltr'><strong>Et</strong></span> <span class='ocrx_word' id='word_1_425' title='bbox 3017 636 3099 700; x_wconf 92' lang='lat' dir='ltr'><strong>de</strong></span> <span class='ocrx_word' id='word_1_426' title='bbox 3141 636 3288 701; x_wconf 88' lang='lat' dir='ltr'><strong>istis</strong></span> <span class='ocrx_word' id='word_1_427' title='bbox 3331 636 3670 701; x_wconf 88' lang='lat' dir='ltr'><strong>hactenus.</strong></span> <span class='ocrx_word' id='word_1_428' title='bbox 3742 633 4068 716; x_wconf 88' lang='lat' dir='ltr'><strong>Deinceps</strong></span> <span class='ocrx_word' id='word_1_429' title='bbox 4114 654 4275 701; x_wconf 82' lang='lat' dir='ltr'><strong>vero</strong></span> <span class='ocrx_word' id='word_1_430' title='bbox 4321 632 4513 699; x_wconf 91' lang='lat' dir='ltr'><strong>Deus</strong></span> <span class='ocrx_word' id='word_1_431' title='bbox 4553 632 4650 699; x_wconf 90' lang='lat' dir='ltr'><strong>di·</strong></span> 
     </span>
     <span class='ocr_line' id='line_1_63' title="bbox 2712 719 4649 805; baseline -0.002 -17"><span class='ocrx_word' id='word_1_432' title='bbox 2712 721 2887 789; x_wconf 91' lang='lat' dir='ltr'><strong>citur</strong></span> <span class='ocrx_word' id='word_1_433' title='bbox 2929 721 3104 804; x_wconf 89' lang='lat' dir='ltr'><strong>ipsos</strong></span> <span class='ocrx_word' id='word_1_434' title='bbox 3147 720 3446 787; x_wconf 89' lang='lat' dir='ltr'><strong>homines</strong></span> <span class='ocrx_word' id='word_1_435' title='bbox 3490 741 3838 805; x_wconf 88' lang='lat' dir='ltr'><strong>aggressus</strong></span> <span class='ocrx_word' id='word_1_436' title='bbox 3883 729 4224 802; x_wconf 86' lang='lat' dir='ltr'><strong>postquam</strong></span> <span class='ocrx_word' id='word_1_437' title='bbox 4266 719 4461 784; x_wconf 82' lang='lat' dir='ltr'><strong>irrita</strong></span> <span class='ocrx_word' id='word_1_438' title='bbox 4503 740 4649 784; x_wconf 85' lang='lat' dir='ltr'><strong>esse</strong></span> 
     </span>
     <span class='ocr_line' id='line_1_64' title="bbox 2712 805 4654 891; baseline -0.002 -18"><span class='ocrx_word' id='word_1_439' title='bbox 2712 806 2899 888; x_wconf 81' lang='lat' dir='ltr'><strong>vidit,</strong></span> <span class='ocrx_word' id='word_1_440' title='bbox 2945 817 3012 873; x_wconf 92' lang='lat' dir='ltr'><strong>et</strong></span> <span class='ocrx_word' id='word_1_441' title='bbox 3052 807 3301 872; x_wconf 89' lang='lat' dir='ltr'><strong>nullius</strong></span> <span class='ocrx_word' id='word_1_442' title='bbox 3345 806 3516 890; x_wconf 90' lang='lat' dir='ltr'><strong>apud</strong></span> <span class='ocrx_word' id='word_1_443' title='bbox 3563 807 3742 891; x_wconf 86' lang='lat' dir='ltr'><strong>ipsos</strong></span> <span class='ocrx_word' id='word_1_444' title='bbox 3782 805 4058 872; x_wconf 86' lang='lat' dir='ltr'><strong>effectus</strong></span> <span class='ocrx_word' id='word_1_445' title='bbox 4094 806 4474 872; x_wconf 88' lang='lat' dir='ltr'><strong>testimonia</strong></span> <span class='ocrx_word' id='word_1_446' title='bbox 4515 805 4654 870; x_wconf 78' lang='lat' dir='ltr'><strong>vin-</strong></span> 
     </span>
     <span class='ocr_line' id='line_1_65' title="bbox 2713 891 4652 977; baseline -0.002 -19"><span class='ocrx_word' id='word_1_447' title='bbox 2713 894 2922 959; x_wconf 88' lang='lat' dir='ltr'><strong>dictae</strong></span> <span class='ocrx_word' id='word_1_448' title='bbox 2945 914 3136 959; x_wconf 88' lang='lat' dir='ltr'><strong>suae:</strong></span> <span class='ocrx_word' id='word_1_449' title='bbox 3161 902 3355 976; x_wconf 91' lang='lat' dir='ltr'><strong>atque</strong></span> <span class='ocrx_word' id='word_1_450' title='bbox 3380 893 3643 976; x_wconf 89' lang='lat' dir='ltr'><strong>propius</strong></span> <span class='ocrx_word' id='word_1_451' title='bbox 3666 912 3912 977; x_wconf 88' lang='lat' dir='ltr'><strong>urgens</strong></span> <span class='ocrx_word' id='word_1_452' title='bbox 3934 893 4003 957; x_wconf 90' lang='lat' dir='ltr'><strong>in</strong></span> <span class='ocrx_word' id='word_1_453' title='bbox 4027 891 4331 976; x_wconf 89' lang='lat' dir='ltr'><strong>pudenda</strong></span> <span class='ocrx_word' id='word_1_454' title='bbox 4356 891 4652 973; x_wconf 85' lang='lat' dir='ltr'><strong>ipsorum</strong></span> 
     </span>
     <span class='ocr_line' id='line_1_66' title="bbox 2712 976 4653 1062; baseline -0.002 -18"><span class='ocrx_word' id='word_1_455' title='bbox 2712 982 2973 1045; x_wconf 91' lang='lat' dir='ltr'><strong>morbos</strong></span> <span class='ocrx_word' id='word_1_456' title='bbox 3018 979 3195 1045; x_wconf 92' lang='lat' dir='ltr'><strong>diros</strong></span> <span class='ocrx_word' id='word_1_457' title='bbox 3235 979 3525 1058; x_wconf 88' lang='lat' dir='ltr'><strong>immisit,</strong></span> <span class='ocrx_word' id='word_1_458' title='bbox 3583 999 3752 1062; x_wconf 85' lang='lat' dir='ltr'><strong>quae</strong></span> <span class='ocrx_word' id='word_1_459' title='bbox 3798 998 4001 1044; x_wconf 85' lang='lat' dir='ltr'><strong>verua</strong></span> <span class='ocrx_word' id='word_1_460' title='bbox 4043 977 4292 1057; x_wconf 87' lang='lat' dir='ltr'><strong>dicunt,</strong></span> <span class='ocrx_word' id='word_1_461' title='bbox 4335 989 4454 1044; x_wconf 88' lang='lat' dir='ltr'><strong>aut</strong></span> <span class='ocrx_word' id='word_1_462' title='bbox 4499 976 4653 1041; x_wconf 85' lang='lat' dir='ltr'><strong>hae·</strong></span> 
     </span>
     <span class='ocr_line' id='line_1_67' title="bbox 2711 1062 4652 1149; baseline -0.002 -19"><span class='ocrx_word' id='word_1_463' title='bbox 2711 1065 3135 1132; x_wconf 88' lang='lat' dir='ltr'><strong>morrhoidas.</strong></span> <span class='ocrx_word' id='word_1_464' title='bbox 3231 1063 3536 1149; x_wconf 89' lang='lat' dir='ltr'><strong>Agnosco</strong></span> <span class='ocrx_word' id='word_1_465' title='bbox 3582 1064 3845 1147; x_wconf 88' lang='lat' dir='ltr'><strong>quidem</strong></span> <span class='ocrx_word' id='word_1_466' title='bbox 3904 1065 4235 1130; x_wconf 89' lang='lat' dir='ltr'><strong>naturales</strong></span> <span class='ocrx_word' id='word_1_467' title='bbox 4279 1083 4428 1129; x_wconf 88' lang='lat' dir='ltr'><strong>esse</strong></span> <span class='ocrx_word' id='word_1_468' title='bbox 4489 1062 4652 1128; x_wconf 84' lang='lat' dir='ltr'><strong>istos</strong></span> 
     </span>
     <span class='ocr_line' id='line_1_68' title="bbox 2711 1147 4653 1235; baseline -0.001 -20"><span class='ocrx_word' id='word_1_469' title='bbox 2711 1150 3009 1218; x_wconf 85' lang='lat' dir='ltr'><strong>morbos:</strong></span> <span class='ocrx_word' id='word_1_470' title='bbox 3087 1150 3203 1217; x_wconf 88' lang='lat' dir='ltr'><strong>sed</strong></span> <span class='ocrx_word' id='word_1_471' title='bbox 3267 1171 3466 1234; x_wconf 90' lang='lat' dir='ltr'><strong>quum</strong></span> <span class='ocrx_word' id='word_1_472' title='bbox 3531 1151 3738 1234; x_wconf 87' lang='lat' dir='ltr'><strong>serpit</strong></span> <span class='ocrx_word' id='word_1_473' title='bbox 3801 1151 4123 1235; x_wconf 90' lang='lat' dir='ltr'><strong>contagio,</strong></span> <span class='ocrx_word' id='word_1_474' title='bbox 4201 1159 4271 1215; x_wconf 92' lang='lat' dir='ltr'><strong>et</strong></span> <span class='ocrx_word' id='word_1_475' title='bbox 4350 1147 4653 1233; x_wconf 84' lang='lat' dir='ltr'><strong>singulos</strong></span> 
     </span>
     <span class='ocr_line' id='line_1_69' title="bbox 2713 1236 4657 1322; baseline -0.002 -20"><span class='ocrx_word' id='word_1_476' title='bbox 2713 1237 2816 1302; x_wconf 83' lang='lat' dir='ltr'><strong>vel</strong></span> <span class='ocrx_word' id='word_1_477' title='bbox 2860 1238 3148 1322; x_wconf 89' lang='lat' dir='ltr'><strong>regionis</strong></span> <span class='ocrx_word' id='word_1_478' title='bbox 3190 1236 3297 1304; x_wconf 81' lang='lat' dir='ltr'><strong>vel</strong></span> <span class='ocrx_word' id='word_1_479' title='bbox 3341 1237 3522 1303; x_wconf 92' lang='lat' dir='ltr'><strong>urbis</strong></span> <span class='ocrx_word' id='word_1_480' title='bbox 3564 1236 3810 1301; x_wconf 91' lang='lat' dir='ltr'><strong>incolas</strong></span> <span class='ocrx_word' id='word_1_481' title='bbox 3856 1236 4134 1316; x_wconf 84' lang='lat' dir='ltr'><strong>invadit,</strong></span> <span class='ocrx_word' id='word_1_482' title='bbox 4196 1256 4321 1300; x_wconf 90' lang='lat' dir='ltr'><strong>nae</strong></span> <span class='ocrx_word' id='word_1_483' title='bbox 4367 1254 4543 1300; x_wconf 84' lang='lat' dir='ltr'><strong>nova</strong></span> <span class='ocrx_word' id='word_1_484' title='bbox 4585 1245 4657 1299; x_wconf 90' lang='lat' dir='ltr'><strong>et</strong></span> 
     </span>
     <span class='ocr_line' id='line_1_70' title="bbox 2709 1320 4657 1407; baseline -0.001 -20"><span class='ocrx_word' id='word_1_485' title='bbox 2709 1322 2996 1389; x_wconf 89' lang='lat' dir='ltr'><strong>insolens</strong></span> <span class='ocrx_word' id='word_1_486' title='bbox 3033 1333 3134 1389; x_wconf 90' lang='lat' dir='ltr'><strong>est</strong></span> <span class='ocrx_word' id='word_1_487' title='bbox 3167 1322 3526 1397; x_wconf 87' lang='lat' dir='ltr'><strong>calamitas,</strong></span> <span class='ocrx_word' id='word_1_488' title='bbox 3552 1322 3754 1388; x_wconf 87' lang='lat' dir='ltr'><strong>veluti</strong></span> <span class='ocrx_word' id='word_1_489' title='bbox 3789 1322 4017 1404; x_wconf 89' lang='lat' dir='ltr'><strong>siquis</strong></span> <span class='ocrx_word' id='word_1_490' title='bbox 4052 1322 4332 1407; x_wconf 87' lang='lat' dir='ltr'><strong>singulis</strong></span> <span class='ocrx_word' id='word_1_491' title='bbox 4367 1320 4657 1387; x_wconf 87' lang='lat' dir='ltr'><strong>alicuius</strong></span> 
     </span>
     <span class='ocr_line' id='line_1_71' title="bbox 2710 1405 4658 1493; baseline -0.002 -18"><span class='ocrx_word' id='word_1_492' title='bbox 2710 1409 2893 1475; x_wconf 89' lang='lat' dir='ltr'><strong>urbis</strong></span> <span class='ocrx_word' id='word_1_493' title='bbox 2935 1410 3167 1475; x_wconf 90' lang='lat' dir='ltr'><strong>incolis</strong></span> <span class='ocrx_word' id='word_1_494' title='bbox 3210 1409 3425 1493; x_wconf 89' lang='lat' dir='ltr'><strong>capita</strong></span> <span class='ocrx_word' id='word_1_495' title='bbox 3468 1407 3714 1474; x_wconf 90' lang='lat' dir='ltr'><strong>diceret</strong></span> <span class='ocrx_word' id='word_1_496' title='bbox 3768 1416 4125 1491; x_wconf 86' lang='lat' dir='ltr'><strong>amputata.</strong></span> <span class='ocrx_word' id='word_1_497' title='bbox 4209 1408 4447 1490; x_wconf 90' lang='lat' dir='ltr'><strong>Itaque</strong></span> <span class='ocrx_word' id='word_1_498' title='bbox 4491 1405 4658 1471; x_wconf 90' lang='lat' dir='ltr'><strong>Phi-</strong></span> 
     </span>
     <span class='ocr_line' id='line_1_72' title="bbox 2709 1492 4659 1561; baseline 0 -3"><span class='ocrx_word' id='word_1_499' title='bbox 2709 1495 2923 1561; x_wconf 87' lang='lat' dir='ltr'><strong>listaei</strong></span> <span class='ocrx_word' id='word_1_500' title='bbox 2965 1495 3122 1560; x_wconf 89' lang='lat' dir='ltr'><strong>satis</strong></span> <span class='ocrx_word' id='word_1_501' title='bbox 3166 1494 3442 1561; x_wconf 84' lang='lat' dir='ltr'><strong>convicti</strong></span> <span class='ocrx_word' id='word_1_502' title='bbox 3499 1504 3655 1560; x_wconf 90' lang='lat' dir='ltr'><strong>sunt</strong></span> <span class='ocrx_word' id='word_1_503' title='bbox 3696 1514 3827 1558; x_wconf 91' lang='lat' dir='ltr'><strong>non</strong></span> <span class='ocrx_word' id='word_1_504' title='bbox 3871 1514 4013 1560; x_wconf 89' lang='lat' dir='ltr'><strong>esse</strong></span> <span class='ocrx_word' id='word_1_505' title='bbox 4056 1492 4425 1560; x_wconf 86' lang='lat' dir='ltr'><strong>naturalem</strong></span> <span class='ocrx_word' id='word_1_506' title='bbox 4471 1492 4659 1558; x_wconf 90' lang='lat' dir='ltr'><strong>hunc</strong></span> 
     </span>
     <span class='ocr_line' id='line_1_73' title="bbox 2708 1578 4664 1665; baseline 0 -20"><span class='ocrx_word' id='word_1_507' title='bbox 2708 1581 3029 1660; x_wconf 89' lang='lat' dir='ltr'><strong>morbum,</strong></span> <span class='ocrx_word' id='word_1_508' title='bbox 3099 1601 3299 1665; x_wconf 91' lang='lat' dir='ltr'><strong>quum</strong></span> <span class='ocrx_word' id='word_1_509' title='bbox 3355 1579 3648 1665; x_wconf 87' lang='lat' dir='ltr'><strong>singulos</strong></span> <span class='ocrx_word' id='word_1_510' title='bbox 3715 1580 3830 1644; x_wconf 92' lang='lat' dir='ltr'><strong>illa</strong></span> <span class='ocrx_word' id='word_1_511' title='bbox 3892 1579 4036 1645; x_wconf 89' lang='lat' dir='ltr'><strong>lues</strong></span> <span class='ocrx_word' id='word_1_512' title='bbox 4100 1579 4466 1656; x_wconf 82' lang='lat' dir='ltr'><strong>invaderet,</strong></span> <span class='ocrx_word' id='word_1_513' title='bbox 4529 1578 4664 1645; x_wconf 87' lang='lat' dir='ltr'><strong>sed</strong></span> 
     </span>
     <span class='ocr_line' id='line_1_74' title="bbox 2709 1663 4662 1750; baseline 0 -20"><span class='ocrx_word' id='word_1_514' title='bbox 2709 1666 3006 1731; x_wconf 81' lang='lat' dir='ltr'><strong>divinam</strong></span> <span class='ocrx_word' id='word_1_515' title='bbox 3047 1689 3189 1732; x_wconf 88' lang='lat' dir='ltr'><strong>esse</strong></span> <span class='ocrx_word' id='word_1_516' title='bbox 3231 1688 3500 1733; x_wconf 90' lang='lat' dir='ltr'><strong>manum</strong></span> <span class='ocrx_word' id='word_1_517' title='bbox 3547 1685 3790 1750; x_wconf 89' lang='lat' dir='ltr'><strong>poenas</strong></span> <span class='ocrx_word' id='word_1_518' title='bbox 3832 1663 3915 1729; x_wconf 93' lang='lat' dir='ltr'><strong>ab</strong></span> <span class='ocrx_word' id='word_1_519' title='bbox 3962 1665 4129 1748; x_wconf 88' lang='lat' dir='ltr'><strong>ipsis</strong></span> <span class='ocrx_word' id='word_1_520' title='bbox 4172 1671 4662 1748; x_wconf 86' lang='lat' dir='ltr'><strong>reposcentem.</strong></span> 
     </span>
     <span class='ocr_line' id='line_1_75' title="bbox 2706 1749 4663 1835; baseline -0.001 -18"><span class='ocrx_word' id='word_1_521' title='bbox 2706 1752 2941 1835; x_wconf 91' lang='lat' dir='ltr'><strong>Itaque</strong></span> <span class='ocrx_word' id='word_1_522' title='bbox 2985 1753 3092 1817; x_wconf 83' lang='lat' dir='ltr'><strong>vel</strong></span> <span class='ocrx_word' id='word_1_523' title='bbox 3151 1752 3398 1817; x_wconf 87' lang='lat' dir='ltr'><strong>invitos</strong></span> <span class='ocrx_word' id='word_1_524' title='bbox 3456 1772 3810 1835; x_wconf 89' lang='lat' dir='ltr'><strong>agnoscere</strong></span> <span class='ocrx_word' id='word_1_525' title='bbox 3867 1749 4190 1834; x_wconf 85' lang='lat' dir='ltr'><strong>faterique</strong></span> <span class='ocrx_word' id='word_1_526' title='bbox 4233 1759 4495 1833; x_wconf 90' lang='lat' dir='ltr'><strong>oportet</strong></span> <span class='ocrx_word' id='word_1_527' title='bbox 4534 1772 4663 1816; x_wconf 87' lang='lat' dir='ltr'><strong>ur-</strong></span> 
     </span>
     <span class='ocr_line' id='line_1_76' title="bbox 2708 1836 4594 1921; baseline -0.001 -19"><span class='ocrx_word' id='word_1_528' title='bbox 2708 1850 2903 1921; x_wconf 87' lang='lat' dir='ltr'><strong>gente</strong></span> <span class='ocrx_word' id='word_1_529' title='bbox 2947 1838 3015 1903; x_wconf 84' lang='lat' dir='ltr'><strong>vi</strong></span> <span class='ocrx_word' id='word_1_530' title='bbox 3058 1838 3298 1904; x_wconf 86' lang='lat' dir='ltr'><strong>morbi:</strong></span> <span class='ocrx_word' id='word_1_531' title='bbox 3344 1836 3552 1903; x_wconf 75' lang='lat' dir='ltr'><strong>Deum</strong></span> <span class='ocrx_word' id='word_1_532' title='bbox 3596 1837 3869 1903; x_wconf 63' lang='lat' dir='ltr'><strong>Israelis</strong></span> <span class='ocrx_word' id='word_1_533' title='bbox 3908 1857 4170 1903; x_wconf 73' lang='lat' dir='ltr'><strong>manum</strong></span> <span class='ocrx_word' id='word_1_534' title='bbox 4210 1857 4399 1902; x_wconf 79' lang='lat' dir='ltr'><strong>suam</strong></span> <span class='ocrx_word' id='word_1_535' title='bbox 4576 1839 4594 1850; x_wconf 85' lang='lat'><strong>‘</strong></span> 
     </span>
     <span class='ocr_line' id='line_1_77' title="bbox 2706 1923 4666 2006; baseline -0.001 -18"><span class='ocrx_word' id='word_1_536' title='bbox 2706 1944 2839 1989; x_wconf 82' lang='lat' dir='ltr'><strong>rem</strong></span> <span class='ocrx_word' id='word_1_537' title='bbox 2895 1925 3227 1990; x_wconf 79' lang='lat' dir='ltr'><strong>adversum</strong></span> <span class='ocrx_word' id='word_1_538' title='bbox 3260 1945 3328 1990; x_wconf 81' lang='lat' dir='ltr'><strong>se</strong></span> <span class='ocrx_word' id='word_1_539' title='bbox 3360 1944 3663 2005; x_wconf 76' lang='lat' dir='ltr'><strong>suumque</strong></span> <span class='ocrx_word' id='word_1_540' title='bbox 3695 1924 3883 1989; x_wconf 81' lang='lat' dir='ltr'><strong>deum</strong></span> <span class='ocrx_word' id='word_1_541' title='bbox 3915 1923 4239 2006; x_wconf 72' lang='lat' dir='ltr'><strong>Dayonem</strong></span> <span class='ocrx_word' id='word_1_542' title='bbox 4275 1923 4666 1988; x_wconf 70' lang='lat' dir='ltr'><strong>extendisse.</strong></span> 
     </span>
     <span class='ocr_line' id='line_1_78' title="bbox 2712 2008 4673 2092; baseline -0.002 -16"><span class='ocrx_word' id='word_1_543' title='bbox 2712 2008 2865 2089; x_wconf 87' lang='lat' dir='ltr'><strong>Sed,</strong></span> <span class='ocrx_word' id='word_1_544' title='bbox 2912 2029 3169 2092; x_wconf 91' lang='lat' dir='ltr'><strong>quaeso,</strong></span> <span class='ocrx_word' id='word_1_545' title='bbox 3227 2030 3389 2075; x_wconf 89' lang='lat' dir='ltr'><strong>num</strong></span> <span class='ocrx_word' id='word_1_546' title='bbox 3431 2009 3578 2075; x_wconf 86' lang='lat' dir='ltr'><strong>ideo</strong></span> <span class='ocrx_word' id='word_1_547' title='bbox 3622 2009 3958 2074; x_wconf 88' lang='lat' dir='ltr'><strong>meliorem</strong></span> <span class='ocrx_word' id='word_1_548' title='bbox 4003 2018 4293 2074; x_wconf 89' lang='lat' dir='ltr'><strong>mentem</strong></span> <span class='ocrx_word' id='word_1_549' title='bbox 4338 2008 4673 2088; x_wconf 80' lang='lat' dir='ltr'><strong>induunt,</strong></span> 
     </span>
     <span class='ocr_line' id='line_1_79' title="bbox 2709 2094 4669 2178; baseline -0.001 -19"><span class='ocrx_word' id='word_1_550' title='bbox 2709 2105 2777 2159; x_wconf 92' lang='lat' dir='ltr'><strong>et</strong></span> <span class='ocrx_word' id='word_1_551' title='bbox 2841 2097 2923 2160; x_wconf 93' lang='lat' dir='ltr'><strong>de</strong></span> <span class='ocrx_word' id='word_1_552' title='bbox 2977 2094 3092 2160; x_wconf 92' lang='lat' dir='ltr'><strong>illo</strong></span> <span class='ocrx_word' id='word_1_553' title='bbox 3154 2094 3532 2162; x_wconf 81' lang='lat' dir='ltr'><strong>venerando</strong></span> <span class='ocrx_word' id='word_1_554' title='bbox 3598 2094 3997 2178; x_wconf 87' lang='lat' dir='ltr'><strong>colendoque</strong></span> <span class='ocrx_word' id='word_1_555' title='bbox 4061 2094 4235 2160; x_wconf 90' lang='lat' dir='ltr'><strong>serio</strong></span> <span class='ocrx_word' id='word_1_556' title='bbox 4301 2094 4669 2178; x_wconf 79' lang='lat' dir='ltr'><strong>cogitant?</strong></span> 
     </span>
     <span class='ocr_line' id='line_1_80' title="bbox 2709 2180 4670 2266; baseline 0 -20"><span class='ocrx_word' id='word_1_557' title='bbox 2709 2181 2988 2246; x_wconf 87' lang='lat' dir='ltr'><strong>Minime</strong></span> <span class='ocrx_word' id='word_1_558' title='bbox 3041 2183 3357 2266; x_wconf 88' lang='lat' dir='ltr'><strong>gentium.</strong></span> <span class='ocrx_word' id='word_1_559' title='bbox 3449 2180 3580 2248; x_wconf 84' lang='lat' dir='ltr'><strong>Sed</strong></span> <span class='ocrx_word' id='word_1_560' title='bbox 3647 2191 3874 2246; x_wconf 89' lang='lat' dir='ltr'><strong>contra</strong></span> <span class='ocrx_word' id='word_1_561' title='bbox 3938 2201 4009 2246; x_wconf 90' lang='lat' dir='ltr'><strong>se</strong></span> <span class='ocrx_word' id='word_1_562' title='bbox 4073 2200 4274 2263; x_wconf 87' lang='lat' dir='ltr'><strong>quam</strong></span> <span class='ocrx_word' id='word_1_563' title='bbox 4337 2191 4670 2246; x_wconf 85' lang='lat' dir='ltr'><strong>metuunt</strong></span> 
     </span>
     <span class='ocr_line' id='line_1_81' title="bbox 2710 2265 4670 2351; baseline 0.001 -20"><span class='ocrx_word' id='word_1_564' title='bbox 2710 2266 3037 2333; x_wconf 84' lang='lat' dir='ltr'><strong>vindicem</strong></span> <span class='ocrx_word' id='word_1_565' title='bbox 3074 2287 3341 2332; x_wconf 90' lang='lat' dir='ltr'><strong>manum</strong></span> <span class='ocrx_word' id='word_1_566' title='bbox 3377 2268 3517 2332; x_wconf 87' lang='lat' dir='ltr'><strong>eius</strong></span> <span class='ocrx_word' id='word_1_567' title='bbox 3551 2266 3940 2351; x_wconf 86' lang='lat' dir='ltr'><strong>effugituros</strong></span> <span class='ocrx_word' id='word_1_568' title='bbox 3973 2265 4200 2349; x_wconf 89' lang='lat' dir='ltr'><strong>procul</strong></span> <span class='ocrx_word' id='word_1_569' title='bbox 4234 2286 4380 2330; x_wconf 89' lang='lat' dir='ltr'><strong>eam</strong></span> <span class='ocrx_word' id='word_1_570' title='bbox 4413 2286 4670 2332; x_wconf 73' lang='lat' dir='ltr'><strong>aman·</strong></span> 
     </span>
     <span class='ocr_line' id='line_1_82' title="bbox 2710 2351 4670 2437; baseline -0.002 -19"><span class='ocrx_word' id='word_1_571' title='bbox 2710 2351 2923 2418; x_wconf 89' lang='lat' dir='ltr'><strong>dando</strong></span> <span class='ocrx_word' id='word_1_572' title='bbox 2966 2373 3006 2416; x_wconf 92' lang='lat' dir='ltr'><strong>a</strong></span> <span class='ocrx_word' id='word_1_573' title='bbox 3048 2374 3119 2418; x_wconf 92' lang='lat' dir='ltr'><strong>se</strong></span> <span class='ocrx_word' id='word_1_574' title='bbox 3162 2361 3231 2418; x_wconf 91' lang='lat' dir='ltr'><strong>et</strong></span> <span class='ocrx_word' id='word_1_575' title='bbox 3287 2351 3639 2437; x_wconf 88' lang='lat' dir='ltr'><strong>relegando</strong></span> <span class='ocrx_word' id='word_1_576' title='bbox 3681 2362 3971 2435; x_wconf 89' lang='lat' dir='ltr'><strong>sperant.</strong></span> <span class='ocrx_word' id='word_1_577' title='bbox 4016 2351 4192 2418; x_wconf 87' lang='lat' dir='ltr'><strong>Hinc</strong></span> <span class='ocrx_word' id='word_1_578' title='bbox 4234 2372 4390 2418; x_wconf 80' lang='lat' dir='ltr'><strong>vero</strong></span> <span class='ocrx_word' id='word_1_579' title='bbox 4432 2353 4670 2436; x_wconf 82' lang='lat' dir='ltr'><strong>mag-is</strong></span> 
     </span>
     <span class='ocr_line' id='line_1_83' title="bbox 2710 2436 4672 2522; baseline -0.001 -17"><span class='ocrx_word' id='word_1_580' title='bbox 2710 2460 2786 2505; x_wconf 90' lang='lat' dir='ltr'><strong>ac</strong></span> <span class='ocrx_word' id='word_1_581' title='bbox 2809 2437 3016 2522; x_wconf 89' lang='lat' dir='ltr'><strong>magis</strong></span> <span class='ocrx_word' id='word_1_582' title='bbox 3039 2440 3115 2503; x_wconf 90' lang='lat' dir='ltr'><strong>fit</strong></span> <span class='ocrx_word' id='word_1_583' title='bbox 3138 2438 3321 2504; x_wconf 92' lang='lat' dir='ltr'><strong>nobis</strong></span> <span class='ocrx_word' id='word_1_584' title='bbox 3341 2439 3758 2522; x_wconf 90' lang='lat' dir='ltr'><strong>conspicuum</strong></span> <span class='ocrx_word' id='word_1_585' title='bbox 3783 2447 4029 2520; x_wconf 90' lang='lat' dir='ltr'><strong>quanta</strong></span> <span class='ocrx_word' id='word_1_586' title='bbox 4050 2437 4135 2502; x_wconf 89' lang='lat' dir='ltr'><strong>sit</strong></span> <span class='ocrx_word' id='word_1_587' title='bbox 4158 2436 4672 2503; x_wconf 87' lang='lat' dir='ltr'><strong>incredulorum</strong></span> 
     </span>
     <span class='ocr_line' id='line_1_84' title="bbox 2711 2521 4670 2607; baseline 0.001 -19"><span class='ocrx_word' id='word_1_588' title='bbox 2711 2526 2779 2589; x_wconf 91' lang='lat' dir='ltr'><strong>in</strong></span> <span class='ocrx_word' id='word_1_589' title='bbox 2824 2545 3041 2590; x_wconf 87' lang='lat' dir='ltr'><strong>errore</strong></span> <span class='ocrx_word' id='word_1_590' title='bbox 3085 2525 3464 2607; x_wconf 86' lang='lat' dir='ltr'><strong>pertinacia,</strong></span> <span class='ocrx_word' id='word_1_591' title='bbox 3514 2545 3678 2607; x_wconf 92' lang='lat' dir='ltr'><strong>quos</strong></span> <span class='ocrx_word' id='word_1_592' title='bbox 3720 2525 3777 2589; x_wconf 92' lang='lat' dir='ltr'><strong>si</strong></span> <span class='ocrx_word' id='word_1_593' title='bbox 3837 2522 4209 2589; x_wconf 89' lang='lat' dir='ltr'><strong>divinorum</strong></span> <span class='ocrx_word' id='word_1_594' title='bbox 4252 2521 4670 2589; x_wconf 85' lang='lat' dir='ltr'><strong>iudiciorum</strong></span> 
     </span>
     <span class='ocr_line' id='line_1_85' title="bbox 2711 2607 4672 2695; baseline 0 -19"><span class='ocrx_word' id='word_1_595' title='bbox 2711 2610 3079 2676; x_wconf 90' lang='lat' dir='ltr'><strong>testimonia</strong></span> <span class='ocrx_word' id='word_1_596' title='bbox 3123 2612 3388 2693; x_wconf 88' lang='lat' dir='ltr'><strong>propius</strong></span> <span class='ocrx_word' id='word_1_597' title='bbox 3432 2617 3727 2695; x_wconf 91' lang='lat' dir='ltr'><strong>urgeant,</strong></span> <span class='ocrx_word' id='word_1_598' title='bbox 3787 2616 3865 2674; x_wconf 91' lang='lat' dir='ltr'><strong>ut</strong></span> <span class='ocrx_word' id='word_1_599' title='bbox 3907 2608 4129 2674; x_wconf 90' lang='lat' dir='ltr'><strong>nullus</strong></span> <span class='ocrx_word' id='word_1_600' title='bbox 4189 2607 4472 2692; x_wconf 90' lang='lat' dir='ltr'><strong>amplius</strong></span> <span class='ocrx_word' id='word_1_601' title='bbox 4530 2630 4672 2676; x_wconf 78' lang='lat' dir='ltr'><strong>ex-</strong></span> 
     </span>
     <span class='ocr_line' id='line_1_86' title="bbox 2709 2694 4670 2778; baseline -0.001 -16"><span class='ocrx_word' id='word_1_602' title='bbox 2709 2697 3028 2762; x_wconf 89' lang='lat' dir='ltr'><strong>cusationi</strong></span> <span class='ocrx_word' id='word_1_603' title='bbox 3045 2694 3226 2762; x_wconf 90' lang='lat' dir='ltr'><strong>locus</strong></span> <span class='ocrx_word' id='word_1_604' title='bbox 3241 2697 3328 2761; x_wconf 90' lang='lat' dir='ltr'><strong>sit</strong></span> <span class='ocrx_word' id='word_1_605' title='bbox 3343 2696 3650 2778; x_wconf 86' lang='lat' dir='ltr'><strong>reliquus,</strong></span> <span class='ocrx_word' id='word_1_606' title='bbox 3667 2704 3734 2761; x_wconf 91' lang='lat' dir='ltr'><strong>et</strong></span> <span class='ocrx_word' id='word_1_607' title='bbox 3750 2709 3995 2760; x_wconf 89' lang='lat' dir='ltr'><strong>metum</strong></span> <span class='ocrx_word' id='word_1_608' title='bbox 4015 2694 4385 2761; x_wconf 85' lang='lat' dir='ltr'><strong>divinorum</strong></span> <span class='ocrx_word' id='word_1_609' title='bbox 4405 2694 4670 2762; x_wconf 78' lang='lat' dir='ltr'><strong>iudici·</strong></span> 
     </span>
     <span class='ocr_line' id='line_1_87' title="bbox 2709 2780 4672 2865; baseline 0.001 -18"><span class='ocrx_word' id='word_1_610' title='bbox 2709 2803 2894 2847; x_wconf 91' lang='lat' dir='ltr'><strong>orum</strong></span> <span class='ocrx_word' id='word_1_611' title='bbox 2919 2803 2994 2847; x_wconf 87' lang='lat' dir='ltr'><strong>ac</strong></span> <span class='ocrx_word' id='word_1_612' title='bbox 3017 2781 3342 2864; x_wconf 90' lang='lat' dir='ltr'><strong>potentiae</strong></span> <span class='ocrx_word' id='word_1_613' title='bbox 3374 2782 3578 2865; x_wconf 90' lang='lat' dir='ltr'><strong>ipsius</strong></span> <span class='ocrx_word' id='word_1_614' title='bbox 3601 2780 4014 2847; x_wconf 89' lang='lat' dir='ltr'><strong>dissimulare</strong></span> <span class='ocrx_word' id='word_1_615' title='bbox 4036 2789 4382 2864; x_wconf 86' lang='lat' dir='ltr'><strong>nequeant,</strong></span> <span class='ocrx_word' id='word_1_616' title='bbox 4416 2789 4672 2848; x_wconf 80' lang='lat' dir='ltr'><strong>tamen</strong></span> 
     </span>
     <span class='ocr_line' id='line_1_88' title="bbox 2709 2866 4673 2952; baseline 0.002 -21"><span class='ocrx_word' id='word_1_617' title='bbox 2709 2889 2842 2933; x_wconf 87' lang='lat' dir='ltr'><strong>non</strong></span> <span class='ocrx_word' id='word_1_618' title='bbox 2902 2876 3260 2952; x_wconf 88' lang='lat' dir='ltr'><strong>agnoscant</strong></span> <span class='ocrx_word' id='word_1_619' title='bbox 3314 2866 3730 2933; x_wconf 89' lang='lat' dir='ltr'><strong>rebellionem</strong></span> <span class='ocrx_word' id='word_1_620' title='bbox 3785 2868 4105 2948; x_wconf 89' lang='lat' dir='ltr'><strong>innatam,</strong></span> <span class='ocrx_word' id='word_1_621' title='bbox 4162 2887 4375 2950; x_wconf 90' lang='lat' dir='ltr'><strong>neque</strong></span> <span class='ocrx_word' id='word_1_622' title='bbox 4422 2870 4673 2949; x_wconf 78' lang='lat' dir='ltr'><strong>pervi-</strong></span> 
     </span>
     <span class='ocr_line' id='line_1_89' title="bbox 2709 2951 4672 3036; baseline 0.001 -17"><span class='ocrx_word' id='word_1_623' title='bbox 2709 2954 2953 3019; x_wconf 89' lang='lat' dir='ltr'><strong>caciam</strong></span> <span class='ocrx_word' id='word_1_624' title='bbox 3020 2965 3089 3018; x_wconf 91' lang='lat' dir='ltr'><strong>et</strong></span> <span class='ocrx_word' id='word_1_625' title='bbox 3154 2953 3355 3019; x_wconf 87' lang='lat' dir='ltr'><strong>animi</strong></span> <span class='ocrx_word' id='word_1_626' title='bbox 3424 2954 3733 3020; x_wconf 88' lang='lat' dir='ltr'><strong>duritiem</strong></span> <span class='ocrx_word' id='word_1_627' title='bbox 3800 2953 4145 3036; x_wconf 89' lang='lat' dir='ltr'><strong>deponant,</strong></span> <span class='ocrx_word' id='word_1_628' title='bbox 4209 2951 4324 3019; x_wconf 91' lang='lat' dir='ltr'><strong>sed</strong></span> <span class='ocrx_word' id='word_1_629' title='bbox 4382 2959 4672 3020; x_wconf 84' lang='lat' dir='ltr'><strong>tantum</strong></span> 
     </span>
     <span class='ocr_line' id='line_1_90' title="bbox 2708 3037 4668 3122; baseline 0.002 -20"><span class='ocrx_word' id='word_1_630' title='bbox 2708 3038 2991 3104; x_wconf 88' lang='lat' dir='ltr'><strong>latebras</strong></span> <span class='ocrx_word' id='word_1_631' title='bbox 3033 3047 3102 3103; x_wconf 91' lang='lat' dir='ltr'><strong>et</strong></span> <span class='ocrx_word' id='word_1_632' title='bbox 3143 3038 3385 3122; x_wconf 87' lang='lat' dir='ltr'><strong>effugia</strong></span> <span class='ocrx_word' id='word_1_633' title='bbox 3427 3047 3764 3122; x_wconf 88' lang='lat' dir='ltr'><strong>quaerant,</strong></span> <span class='ocrx_word' id='word_1_634' title='bbox 3823 3039 4057 3121; x_wconf 89' lang='lat' dir='ltr'><strong>quibus</strong></span> <span class='ocrx_word' id='word_1_635' title='bbox 4099 3059 4189 3122; x_wconf 86' lang='lat' dir='ltr'><strong>se,</strong></span> <span class='ocrx_word' id='word_1_636' title='bbox 4250 3037 4307 3103; x_wconf 91' lang='lat' dir='ltr'><strong>si</strong></span> <span class='ocrx_word' id='word_1_637' title='bbox 4352 3057 4668 3122; x_wconf 76' lang='lat' dir='ltr'><strong>possent,</strong></span> 
     </span>
     <span class='ocr_line' id='line_1_91' title="bbox 2708 3122 4671 3207; baseline 0.002 -19"><span class='ocrx_word' id='word_1_638' title='bbox 2708 3123 2836 3188; x_wconf 91' lang='lat' dir='ltr'><strong>Dei</strong></span> <span class='ocrx_word' id='word_1_639' title='bbox 2874 3125 3207 3207; x_wconf 90' lang='lat' dir='ltr'><strong>potentiae</strong></span> <span class='ocrx_word' id='word_1_640' title='bbox 3243 3125 3554 3191; x_wconf 84' lang='lat' dir='ltr'><strong>eximant.</strong></span> <span class='ocrx_word' id='word_1_641' title='bbox 3643 3122 4168 3190; x_wconf 81' lang='lat' dir='ltr'><strong>Nonabsimiles</strong></span> <span class='ocrx_word' id='word_1_642' title='bbox 4210 3124 4485 3205; x_wconf 84' lang='lat' dir='ltr'><strong>furibus,</strong></span> <span class='ocrx_word' id='word_1_643' title='bbox 4525 3139 4671 3191; x_wconf 71' lang='lat' dir='ltr'><strong>aut</strong></span> 
     </span>
     <span class='ocr_line' id='line_1_92' title="bbox 2709 3210 4670 3294; baseline 0.002 -20"><span class='ocrx_word' id='word_1_644' title='bbox 2709 3210 3068 3275; x_wconf 91' lang='lat' dir='ltr'><strong>latronibus</strong></span> <span class='ocrx_word' id='word_1_645' title='bbox 3113 3218 3230 3275; x_wconf 88' lang='lat' dir='ltr'><strong>aut</strong></span> <span class='ocrx_word' id='word_1_646' title='bbox 3277 3210 3601 3277; x_wconf 88' lang='lat' dir='ltr'><strong>similibus</strong></span> <span class='ocrx_word' id='word_1_647' title='bbox 3643 3210 4041 3293; x_wconf 89' lang='lat' dir='ltr'><strong>quibuslibet</strong></span> <span class='ocrx_word' id='word_1_648' title='bbox 4083 3210 4480 3289; x_wconf 79' lang='lat' dir='ltr'><strong>facinorosis,</strong></span> <span class='ocrx_word' id='word_1_649' title='bbox 4525 3213 4670 3294; x_wconf 86' lang='lat' dir='ltr'><strong>qui</strong></span> 
     </span>
     <span class='ocr_line' id='line_1_93' title="bbox 2704 3295 4670 3379; baseline 0.001 -18"><span class='ocrx_word' id='word_1_650' title='bbox 2704 3295 2941 3361; x_wconf 89' lang='lat' dir='ltr'><strong>iudicis</strong></span> <span class='ocrx_word' id='word_1_651' title='bbox 2985 3316 3252 3361; x_wconf 92' lang='lat' dir='ltr'><strong>manum</strong></span> <span class='ocrx_word' id='word_1_652' title='bbox 3307 3306 3692 3374; x_wconf 88' lang='lat' dir='ltr'><strong>metuentes,</strong></span> <span class='ocrx_word' id='word_1_653' title='bbox 3753 3296 3909 3379; x_wconf 85' lang='lat' dir='ltr'><strong>fuga</strong></span> <span class='ocrx_word' id='word_1_654' title='bbox 3951 3295 4076 3362; x_wconf 92' lang='lat' dir='ltr'><strong>sibi</strong></span> <span class='ocrx_word' id='word_1_655' title='bbox 4118 3316 4426 3379; x_wconf 87' lang='lat' dir='ltr'><strong>quaerere</strong></span> <span class='ocrx_word' id='word_1_656' title='bbox 4468 3297 4670 3363; x_wconf 70' lang='lat' dir='ltr'><strong>salu-</strong></span> 
     </span>
     <span class='ocr_line' id='line_1_94' title="bbox 2706 3380 4670 3465; baseline 0.003 -20"><span class='ocrx_word' id='word_1_657' title='bbox 2706 3391 2840 3446; x_wconf 91' lang='lat' dir='ltr'><strong>tem</strong></span> <span class='ocrx_word' id='word_1_658' title='bbox 2885 3382 3202 3462; x_wconf 88' lang='lat' dir='ltr'><strong>nituntur,</strong></span> <span class='ocrx_word' id='word_1_659' title='bbox 3263 3402 3588 3465; x_wconf 89' lang='lat' dir='ltr'><strong>nusquam</strong></span> <span class='ocrx_word' id='word_1_660' title='bbox 3631 3382 3777 3460; x_wconf 89' lang='lat' dir='ltr'><strong>tuti,</strong></span> <span class='ocrx_word' id='word_1_661' title='bbox 3838 3403 4172 3464; x_wconf 91' lang='lat' dir='ltr'><strong>nunquam</strong></span> <span class='ocrx_word' id='word_1_662' title='bbox 4216 3380 4416 3464; x_wconf 91' lang='lat' dir='ltr'><strong>quieti</strong></span> <span class='ocrx_word' id='word_1_663' title='bbox 4459 3391 4670 3451; x_wconf 66' lang='lat' dir='ltr'><strong>metu</strong></span> 
     </span>
     <span class='ocr_line' id='line_1_95' title="bbox 2706 3465 4668 3552; baseline 0.002 -20"><span class='ocrx_word' id='word_1_664' title='bbox 2706 3487 2952 3549; x_wconf 88' lang='lat' dir='ltr'><strong>poenae</strong></span> <span class='ocrx_word' id='word_1_665' title='bbox 2996 3468 3420 3534; x_wconf 88' lang='lat' dir='ltr'><strong>imminentis.</strong></span> <span class='ocrx_word' id='word_1_666' title='bbox 3509 3469 3648 3533; x_wconf 84' lang='lat' dir='ltr'><strong>Aut</strong></span> <span class='ocrx_word' id='word_1_667' title='bbox 3689 3468 4034 3552; x_wconf 88' lang='lat' dir='ltr'><strong>flagitiosis</strong></span> <span class='ocrx_word' id='word_1_668' title='bbox 4091 3476 4159 3533; x_wconf 89' lang='lat' dir='ltr'><strong>et</strong></span> <span class='ocrx_word' id='word_1_669' title='bbox 4201 3468 4332 3532; x_wconf 89' lang='lat' dir='ltr'><strong>reis</strong></span> <span class='ocrx_word' id='word_1_670' title='bbox 4374 3465 4459 3533; x_wconf 88' lang='lat' dir='ltr'><strong>ob</strong></span> <span class='ocrx_word' id='word_1_671' title='bbox 4503 3490 4668 3536; x_wconf 74' lang='lat' dir='ltr'><strong>ma-</strong></span> 
     </span>
     <span class='ocr_line' id='line_1_96' title="bbox 2705 3553 4669 3638; baseline 0.003 -21"><span class='ocrx_word' id='word_1_672' title='bbox 2705 3553 2988 3619; x_wconf 90' lang='lat' dir='ltr'><strong>leficium</strong></span> <span class='ocrx_word' id='word_1_673' title='bbox 3048 3553 3312 3636; x_wconf 90' lang='lat' dir='ltr'><strong>aliquod</strong></span> <span class='ocrx_word' id='word_1_674' title='bbox 3379 3554 3512 3638; x_wconf 88' lang='lat' dir='ltr'><strong>qui,</strong></span> <span class='ocrx_word' id='word_1_675' title='bbox 3558 3553 3670 3619; x_wconf 91' lang='lat' dir='ltr'><strong>ubi</strong></span> <span class='ocrx_word' id='word_1_676' title='bbox 3733 3555 4031 3620; x_wconf 88' lang='lat' dir='ltr'><strong>sentiunt</strong></span> <span class='ocrx_word' id='word_1_677' title='bbox 4086 3554 4508 3636; x_wconf 84' lang='lat' dir='ltr'><strong>insequentes</strong></span> <span class='ocrx_word' id='word_1_678' title='bbox 4579 3577 4669 3623; x_wconf 75' lang='lat' dir='ltr'><strong>ee</strong></span> 
     </span>
     <span class='ocr_line' id='line_1_97' title="bbox 2704 3638 4668 3721; baseline 0.003 -18"><span class='ocrx_word' id='word_1_679' title='bbox 2704 3639 3139 3721; x_wconf 90' lang='lat' dir='ltr'><strong>apparitores,</strong></span> <span class='ocrx_word' id='word_1_680' title='bbox 3199 3648 3314 3705; x_wconf 92' lang='lat' dir='ltr'><strong>aut</strong></span> <span class='ocrx_word' id='word_1_681' title='bbox 3355 3649 3659 3706; x_wconf 89' lang='lat' dir='ltr'><strong>metuunt</strong></span> <span class='ocrx_word' id='word_1_682' title='bbox 3702 3661 3786 3706; x_wconf 93' lang='lat' dir='ltr'><strong>ne</strong></span> <span class='ocrx_word' id='word_1_683' title='bbox 3828 3639 3897 3704; x_wconf 90' lang='lat' dir='ltr'><strong>in</strong></span> <span class='ocrx_word' id='word_1_684' title='bbox 3943 3638 4088 3705; x_wconf 90' lang='lat' dir='ltr'><strong>illos</strong></span> <span class='ocrx_word' id='word_1_685' title='bbox 4129 3639 4441 3716; x_wconf 77' lang='lat' dir='ltr'><strong>incidant,</strong></span> <span class='ocrx_word' id='word_1_686' title='bbox 4497 3662 4668 3709; x_wconf 71' lang='lat' dir='ltr'><strong>aeae</strong></span> 
     </span>
     <span class='ocr_line' id='line_1_98' title="bbox 2702 3723 4670 3810; baseline 0.003 -22"><span class='ocrx_word' id='word_1_687' title='bbox 2702 3725 2769 3788; x_wconf 93' lang='lat' dir='ltr'><strong>iu</strong></span> <span class='ocrx_word' id='word_1_688' title='bbox 2809 3726 3135 3807; x_wconf 87' lang='lat' dir='ltr'><strong>quaelibet</strong></span> <span class='ocrx_word' id='word_1_689' title='bbox 3165 3726 3453 3809; x_wconf 90' lang='lat' dir='ltr'><strong>pericula</strong></span> <span class='ocrx_word' id='word_1_690' title='bbox 3477 3725 3635 3790; x_wconf 90' lang='lat' dir='ltr'><strong>dant</strong></span> <span class='ocrx_word' id='word_1_691' title='bbox 3671 3725 4073 3808; x_wconf 88' lang='lat' dir='ltr'><strong>praecipites,</strong></span> <span class='ocrx_word' id='word_1_692' title='bbox 4098 3734 4165 3790; x_wconf 92' lang='lat' dir='ltr'><strong>et</strong></span> <span class='ocrx_word' id='word_1_693' title='bbox 4187 3746 4379 3809; x_wconf 88' lang='lat' dir='ltr'><strong>saepe</strong></span> <span class='ocrx_word' id='word_1_694' title='bbox 4411 3723 4670 3810; x_wconf 76' lang='lat' dir='ltr'><strong>despe-</strong></span> 
     </span>
     <span class='ocr_line' id='line_1_99' title="bbox 2701 3810 4664 3880; baseline 0.003 -6"><span class='ocrx_word' id='word_1_695' title='bbox 2701 3810 2983 3876; x_wconf 88' lang='lat' dir='ltr'><strong>rabundi</strong></span> <span class='ocrx_word' id='word_1_696' title='bbox 3040 3812 3166 3877; x_wconf 90' lang='lat' dir='ltr'><strong>sibi</strong></span> <span class='ocrx_word' id='word_1_697' title='bbox 3223 3822 3500 3877; x_wconf 88' lang='lat' dir='ltr'><strong>mortem</strong></span> <span class='ocrx_word' id='word_1_698' title='bbox 3565 3812 3899 3876; x_wconf 87' lang='lat' dir='ltr'><strong>inferunt:</strong></span> <span class='ocrx_word' id='word_1_699' title='bbox 3964 3810 4058 3878; x_wconf 89' lang='lat' dir='ltr'><strong>sic</strong></span> <span class='ocrx_word' id='word_1_700' title='bbox 4112 3810 4457 3876; x_wconf 89' lang='lat' dir='ltr'><strong>Philistaei</strong></span> <span class='ocrx_word' id='word_1_701' title='bbox 4521 3813 4664 3880; x_wconf 77' lang='lat' dir='ltr'><strong>isti</strong></span> 
     </span>
     <span class='ocr_line' id='line_1_100' title="bbox 2701 3895 4662 3980; baseline 0.004 -21"><span class='ocrx_word' id='word_1_702' title='bbox 2701 3896 2981 3962; x_wconf 88' lang='lat' dir='ltr'><strong>latebras</strong></span> <span class='ocrx_word' id='word_1_703' title='bbox 3025 3906 3351 3979; x_wconf 90' lang='lat' dir='ltr'><strong>quaerunt</strong></span> <span class='ocrx_word' id='word_1_704' title='bbox 3386 3897 3702 3965; x_wconf 84' lang='lat' dir='ltr'><strong>adversus</strong></span> <span class='ocrx_word' id='word_1_705' title='bbox 3738 3898 3866 3963; x_wconf 90' lang='lat' dir='ltr'><strong>Dei</strong></span> <span class='ocrx_word' id='word_1_706' title='bbox 3910 3897 4367 3980; x_wconf 87' lang='lat' dir='ltr'><strong>praesentiam.</strong></span> <span class='ocrx_word' id='word_1_707' title='bbox 4439 3895 4662 3978; x_wconf 77' lang='lat' dir='ltr'><strong>Quae</strong></span> 
     </span>
     <span class='ocr_line' id='line_1_101' title="bbox 2701 3982 4660 4067; baseline 0.003 -21"><span class='ocrx_word' id='word_1_708' title='bbox 2701 4003 2902 4065; x_wconf 89' lang='lat' dir='ltr'><strong>quum</strong></span> <span class='ocrx_word' id='word_1_709' title='bbox 2964 3983 3149 4048; x_wconf 91' lang='lat' dir='ltr'><strong>nobis</strong></span> <span class='ocrx_word' id='word_1_710' title='bbox 3205 3983 3510 4065; x_wconf 86' lang='lat' dir='ltr'><strong>exempla</strong></span> <span class='ocrx_word' id='word_1_711' title='bbox 3568 3993 4042 4067; x_wconf 88' lang='lat' dir='ltr'><strong>proponuntur,</strong></span> <span class='ocrx_word' id='word_1_712' title='bbox 4109 3983 4389 4050; x_wconf 88' lang='lat' dir='ltr'><strong>sciamus</strong></span> <span class='ocrx_word' id='word_1_713' title='bbox 4455 3982 4660 4052; x_wconf 81' lang='lat' dir='ltr'><strong>idem</strong></span> 
     </span>
     <span class='ocr_line' id='line_1_102' title="bbox 2701 4067 4660 4152; baseline 0.003 -20"><span class='ocrx_word' id='word_1_714' title='bbox 2701 4069 3000 4134; x_wconf 91' lang='lat' dir='ltr'><strong>omnibus</strong></span> <span class='ocrx_word' id='word_1_715' title='bbox 3041 4067 3174 4133; x_wconf 91' lang='lat' dir='ltr'><strong>Dei</strong></span> <span class='ocrx_word' id='word_1_716' title='bbox 3227 4070 3529 4149; x_wconf 87' lang='lat' dir='ltr'><strong>inimicis,</strong></span> <span class='ocrx_word' id='word_1_717' title='bbox 3589 4090 3793 4152; x_wconf 87' lang='lat' dir='ltr'><strong>quum</strong></span> <span class='ocrx_word' id='word_1_718' title='bbox 3842 4070 3912 4134; x_wconf 90' lang='lat' dir='ltr'><strong>in</strong></span> <span class='ocrx_word' id='word_1_719' title='bbox 3969 4071 4323 4152; x_wconf 89' lang='lat' dir='ltr'><strong>reprobum</strong></span> <span class='ocrx_word' id='word_1_720' title='bbox 4364 4089 4660 4137; x_wconf 80' lang='lat' dir='ltr'><strong>sensum</strong></span> 
     </span>
     <span class='ocr_line' id='line_1_103' title="bbox 2701 4153 4658 4234; baseline 0.003 -15"><span class='ocrx_word' id='word_1_721' title='bbox 2701 4154 3154 4234; x_wconf 88' lang='lat' dir='ltr'><strong>coniiciuntur,</strong></span> <span class='ocrx_word' id='word_1_722' title='bbox 3199 4153 3508 4221; x_wconf 88' lang='lat' dir='ltr'><strong>accidere.</strong></span> <span class='ocrx_word' id='word_1_723' title='bbox 3580 4156 3751 4221; x_wconf 92' lang='lat' dir='ltr'><strong>Nam</strong></span> <span class='ocrx_word' id='word_1_724' title='bbox 3790 4154 3915 4222; x_wconf 90' lang='lat' dir='ltr'><strong>etsi</strong></span> <span class='ocrx_word' id='word_1_725' title='bbox 3958 4154 4326 4221; x_wconf 84' lang='lat' dir='ltr'><strong>facinorum</strong></span> <span class='ocrx_word' id='word_1_726' title='bbox 4361 4165 4658 4224; x_wconf 81' lang='lat' dir='ltr'><strong>veterno</strong></span> 
     </span>
     <span class='ocr_line' id='line_1_104' title="bbox 2700 4242 4660 4326; baseline 0.002 -20"><span class='ocrx_word' id='word_1_727' title='bbox 2700 4251 3116 4323; x_wconf 86' lang='lat' dir='ltr'><strong>occupentur,</strong></span> <span class='ocrx_word' id='word_1_728' title='bbox 3161 4249 3379 4306; x_wconf 89' lang='lat' dir='ltr'><strong>tamen</strong></span> <span class='ocrx_word' id='word_1_729' title='bbox 3427 4242 3541 4307; x_wconf 91' lang='lat' dir='ltr'><strong>ubi</strong></span> <span class='ocrx_word' id='word_1_730' title='bbox 3586 4242 3769 4307; x_wconf 91' lang='lat' dir='ltr'><strong>Deus</strong></span> <span class='ocrx_word' id='word_1_731' title='bbox 3804 4242 4072 4324; x_wconf 89' lang='lat' dir='ltr'><strong>propius</strong></span> <span class='ocrx_word' id='word_1_732' title='bbox 4117 4249 4327 4326; x_wconf 89' lang='lat' dir='ltr'><strong>urget,</strong></span> <span class='ocrx_word' id='word_1_733' title='bbox 4381 4249 4450 4307; x_wconf 92' lang='lat' dir='ltr'><strong>et</strong></span> <span class='ocrx_word' id='word_1_734' title='bbox 4491 4262 4660 4325; x_wconf 85' lang='lat' dir='ltr'><strong>pro-</strong></span> 
     </span>
     <span class='ocr_line' id='line_1_105' title="bbox 2700 4326 4656 4411; baseline 0.003 -21"><span class='ocrx_word' id='word_1_735' title='bbox 2700 4327 2844 4409; x_wconf 85' lang='lat' dir='ltr'><strong>pria</strong></span> <span class='ocrx_word' id='word_1_736' title='bbox 2904 4327 3299 4392; x_wconf 90' lang='lat' dir='ltr'><strong>conscientia</strong></span> <span class='ocrx_word' id='word_1_737' title='bbox 3371 4327 3550 4410; x_wconf 90' lang='lat' dir='ltr'><strong>ipsos</strong></span> <span class='ocrx_word' id='word_1_738' title='bbox 3614 4331 3873 4411; x_wconf 87' lang='lat' dir='ltr'><strong>premit,</strong></span> <span class='ocrx_word' id='word_1_739' title='bbox 3951 4326 4235 4393; x_wconf 88' lang='lat' dir='ltr'><strong>latebras</strong></span> <span class='ocrx_word' id='word_1_740' title='bbox 4308 4341 4656 4411; x_wconf 85' lang='lat' dir='ltr'><strong>quaerunt</strong></span> 
     </span>
     <span class='ocr_line' id='line_1_106' title="bbox 2700 4411 4651 4498; baseline 0.003 -22"><span class='ocrx_word' id='word_1_741' title='bbox 2700 4411 3013 4477; x_wconf 84' lang='lat' dir='ltr'><strong>adversus</strong></span> <span class='ocrx_word' id='word_1_742' title='bbox 3080 4413 3208 4478; x_wconf 92' lang='lat' dir='ltr'><strong>Dei</strong></span> <span class='ocrx_word' id='word_1_743' title='bbox 3272 4414 3705 4496; x_wconf 88' lang='lat' dir='ltr'><strong>maiestatem,</strong></span> <span class='ocrx_word' id='word_1_744' title='bbox 3779 4423 3846 4479; x_wconf 91' lang='lat' dir='ltr'><strong>et</strong></span> <span class='ocrx_word' id='word_1_745' title='bbox 3910 4414 4067 4498; x_wconf 83' lang='lat' dir='ltr'><strong>fuga</strong></span> <span class='ocrx_word' id='word_1_746' title='bbox 4126 4413 4252 4480; x_wconf 88' lang='lat' dir='ltr'><strong>sibi</strong></span> <span class='ocrx_word' id='word_1_747' title='bbox 4319 4434 4651 4497; x_wconf 84' lang='lat' dir='ltr'><strong>quaerere</strong></span> 
     </span>
     <span class='ocr_line' id='line_1_107' title="bbox 2698 4496 4650 4584; baseline 0.002 -21"><span class='ocrx_word' id='word_1_748' title='bbox 2698 4496 2975 4563; x_wconf 89' lang='lat' dir='ltr'><strong>salutem</strong></span> <span class='ocrx_word' id='word_1_749' title='bbox 3033 4497 3318 4564; x_wconf 90' lang='lat' dir='ltr'><strong>student.</strong></span> <span class='ocrx_word' id='word_1_750' title='bbox 3404 4501 3627 4582; x_wconf 81' lang='lat' dir='ltr'><strong>Atque</strong></span> <span class='ocrx_word' id='word_1_751' title='bbox 3680 4499 3879 4565; x_wconf 92' lang='lat' dir='ltr'><strong>huius</strong></span> <span class='ocrx_word' id='word_1_752' title='bbox 3937 4499 4036 4564; x_wconf 94' lang='lat' dir='ltr'><strong>rei</strong></span> <span class='ocrx_word' id='word_1_753' title='bbox 4093 4499 4285 4565; x_wconf 89' lang='lat' dir='ltr'><strong>nobis</strong></span> <span class='ocrx_word' id='word_1_754' title='bbox 4328 4500 4650 4584; x_wconf 86' lang='lat' dir='ltr'><strong>exemplo</strong></span> 
     </span>
     <span class='ocr_line' id='line_1_108' title="bbox 2698 4583 4650 4671; baseline 0.003 -23"><span class='ocrx_word' id='word_1_755' title='bbox 2698 4592 2858 4648; x_wconf 91' lang='lat' dir='ltr'><strong>sunt</strong></span> <span class='ocrx_word' id='word_1_756' title='bbox 2899 4583 3280 4650; x_wconf 89' lang='lat' dir='ltr'><strong>Philistaei:</strong></span> <span class='ocrx_word' id='word_1_757' title='bbox 3338 4586 3449 4667; x_wconf 89' lang='lat' dir='ltr'><strong>qui</strong></span> <span class='ocrx_word' id='word_1_758' title='bbox 3494 4583 3763 4651; x_wconf 88' lang='lat' dir='ltr'><strong>tandem</strong></span> <span class='ocrx_word' id='word_1_759' title='bbox 3805 4605 3948 4650; x_wconf 86' lang='lat' dir='ltr'><strong>sese</strong></span> <span class='ocrx_word' id='word_1_760' title='bbox 3992 4584 4121 4651; x_wconf 92' lang='lat' dir='ltr'><strong>Dei</strong></span> <span class='ocrx_word' id='word_1_761' title='bbox 4163 4605 4369 4652; x_wconf 87' lang='lat' dir='ltr'><strong>manu</strong></span> <span class='ocrx_word' id='word_1_762' title='bbox 4411 4590 4650 4671; x_wconf 86' lang='lat' dir='ltr'><strong>urgeri</strong></span> 
     </span>
     <span class='ocr_line' id='line_1_109' title="bbox 2698 4669 4651 4754; baseline 0.003 -21"><span class='ocrx_word' id='word_1_763' title='bbox 2698 4670 3015 4748; x_wconf 89' lang='lat' dir='ltr'><strong>sentiunt,</strong></span> <span class='ocrx_word' id='word_1_764' title='bbox 3061 4677 3127 4735; x_wconf 91' lang='lat' dir='ltr'><strong>et</strong></span> <span class='ocrx_word' id='word_1_765' title='bbox 3161 4672 3462 4752; x_wconf 82' lang='lat' dir='ltr'><strong>quamvis</strong></span> <span class='ocrx_word' id='word_1_766' title='bbox 3499 4672 3678 4737; x_wconf 90' lang='lat' dir='ltr'><strong>nullo</strong></span> <span class='ocrx_word' id='word_1_767' title='bbox 3715 4669 4107 4737; x_wconf 83' lang='lat' dir='ltr'><strong>admonente</strong></span> <span class='ocrx_word' id='word_1_768' title='bbox 4141 4671 4485 4754; x_wconf 82' lang='lat' dir='ltr'><strong>propheta,</strong></span> <span class='ocrx_word' id='word_1_769' title='bbox 4520 4684 4651 4739; x_wconf 81' lang='lat' dir='ltr'><strong>aut.</strong></span> 
     </span>
     <span class='ocr_line' id='line_1_110' title="bbox 2696 4753 4648 4841; baseline 0.004 -22"><span class='ocrx_word' id='word_1_770' title='bbox 2696 4763 3033 4839; x_wconf 89' lang='lat' dir='ltr'><strong>stuporem</strong></span> <span class='ocrx_word' id='word_1_771' title='bbox 3077 4753 3425 4838; x_wconf 89' lang='lat' dir='ltr'><strong>indicante,</strong></span> <span class='ocrx_word' id='word_1_772' title='bbox 3469 4768 3746 4824; x_wconf 89' lang='lat' dir='ltr'><strong>naturae</strong></span> <span class='ocrx_word' id='word_1_773' title='bbox 3789 4777 3989 4823; x_wconf 87' lang='lat' dir='ltr'><strong>sensu</strong></span> <span class='ocrx_word' id='word_1_774' title='bbox 4033 4756 4117 4821; x_wconf 89' lang='lat' dir='ltr'><strong>ad</strong></span> <span class='ocrx_word' id='word_1_775' title='bbox 4165 4757 4385 4822; x_wconf 89' lang='lat' dir='ltr'><strong>Deum</strong></span> <span class='ocrx_word' id='word_1_776' title='bbox 4429 4780 4648 4841; x_wconf 86' lang='lat' dir='ltr'><strong>usque</strong></span> 
     </span>
     <span class='ocr_line' id='line_1_111' title="bbox 2694 4841 4645 4927; baseline 0.002 -20"><span class='ocrx_word' id='word_1_777' title='bbox 2694 4862 3037 4925; x_wconf 89' lang='lat' dir='ltr'><strong>assurgere</strong></span> <span class='ocrx_word' id='word_1_778' title='bbox 3092 4841 3423 4908; x_wconf 90' lang='lat' dir='ltr'><strong>docentur.</strong></span> <span class='ocrx_word' id='word_1_779' title='bbox 3477 4843 3655 4925; x_wconf 80' lang='lat' dir='ltr'><strong>Quin</strong></span> <span class='ocrx_word' id='word_1_780' title='bbox 3700 4843 3900 4909; x_wconf 88' lang='lat' dir='ltr'><strong>etiam</strong></span> <span class='ocrx_word' id='word_1_781' title='bbox 3943 4863 4198 4910; x_wconf 90' lang='lat' dir='ltr'><strong>summa</strong></span> <span class='ocrx_word' id='word_1_782' title='bbox 4245 4844 4373 4910; x_wconf 91' lang='lat' dir='ltr'><strong>Dei</strong></span> <span class='ocrx_word' id='word_1_783' title='bbox 4417 4853 4645 4927; x_wconf 87' lang='lat' dir='ltr'><strong>potes-</strong></span> 
     </span>
     <span class='ocr_line' id='line_1_112' title="bbox 2695 4927 4648 5013; baseline 0.002 -20"><span class='ocrx_word' id='word_1_784' title='bbox 2695 4934 2797 4993; x_wconf 89' lang='lat' dir='ltr'><strong>tas</strong></span> <span class='ocrx_word' id='word_1_785' title='bbox 2842 4927 2949 4994; x_wconf 92' lang='lat' dir='ltr'><strong>hic</strong></span> <span class='ocrx_word' id='word_1_786' title='bbox 2984 4940 3084 4993; x_wconf 90' lang='lat' dir='ltr'><strong>est</strong></span> <span class='ocrx_word' id='word_1_787' title='bbox 3132 4927 3558 5007; x_wconf 81' lang='lat' dir='ltr'><strong>observanda,</strong></span> <span class='ocrx_word' id='word_1_788' title='bbox 3625 4930 3719 4997; x_wconf 92' lang='lat' dir='ltr'><strong>sic</strong></span> <span class='ocrx_word' id='word_1_789' title='bbox 3752 4928 4090 5012; x_wconf 88' lang='lat' dir='ltr'><strong>operantis</strong></span> <span class='ocrx_word' id='word_1_790' title='bbox 4125 4936 4200 4994; x_wconf 90' lang='lat' dir='ltr'><strong>ut</strong></span> <span class='ocrx_word' id='word_1_791' title='bbox 4242 4931 4648 5013; x_wconf 84' lang='lat' dir='ltr'><strong>agnoverint</strong></span> 
     </span>
     <span class='ocr_line' id='line_1_113' title="bbox 2694 5013 4640 5093; baseline 0.002 -15"><span class='ocrx_word' id='word_1_792' title='bbox 2694 5021 2761 5078; x_wconf 91' lang='lat' dir='ltr'><strong>et</strong></span> <span class='ocrx_word' id='word_1_793' title='bbox 2805 5013 2912 5079; x_wconf 84' lang='lat' dir='ltr'><strong>vel</strong></span> <span class='ocrx_word' id='word_1_794' title='bbox 2955 5014 3153 5080; x_wconf 87' lang='lat' dir='ltr'><strong>inviti</strong></span> <span class='ocrx_word' id='word_1_795' title='bbox 3193 5013 3549 5081; x_wconf 91' lang='lat' dir='ltr'><strong>iudicarint</strong></span> <span class='ocrx_word' id='word_1_796' title='bbox 3589 5036 3665 5081; x_wconf 92' lang='lat' dir='ltr'><strong>ac</strong></span> <span class='ocrx_word' id='word_1_797' title='bbox 3705 5014 3865 5082; x_wconf 84' lang='lat' dir='ltr'><strong>fassi</strong></span> <span class='ocrx_word' id='word_1_798' title='bbox 3907 5015 4059 5093; x_wconf 90' lang='lat' dir='ltr'><strong>sint,</strong></span> <span class='ocrx_word' id='word_1_799' title='bbox 4106 5015 4329 5081; x_wconf 89' lang='lat' dir='ltr'><strong>Deum</strong></span> <span class='ocrx_word' id='word_1_800' title='bbox 4361 5015 4640 5082; x_wconf 82' lang='lat' dir='ltr'><strong>Israelis</strong></span> 
     </span>
     <span class='ocr_line' id='line_1_114' title="bbox 2693 5097 4640 5186; baseline 0.003 -22"><span class='ocrx_word' id='word_1_801' title='bbox 2693 5120 2836 5165; x_wconf 90' lang='lat' dir='ltr'><strong>esse</strong></span> <span class='ocrx_word' id='word_1_802' title='bbox 2902 5097 3022 5167; x_wconf 91' lang='lat' dir='ltr'><strong>deo</strong></span> <span class='ocrx_word' id='word_1_803' title='bbox 3081 5121 3200 5167; x_wconf 92' lang='lat' dir='ltr'><strong>suo</strong></span> <span class='ocrx_word' id='word_1_804' title='bbox 3257 5101 3706 5183; x_wconf 89' lang='lat' dir='ltr'><strong>potentiorem,</strong></span> <span class='ocrx_word' id='word_1_805' title='bbox 3780 5111 3977 5184; x_wconf 88' lang='lat' dir='ltr'><strong>atque</strong></span> <span class='ocrx_word' id='word_1_806' title='bbox 4029 5101 4200 5168; x_wconf 88' lang='lat' dir='ltr'><strong>nihil</strong></span> <span class='ocrx_word' id='word_1_807' title='bbox 4260 5122 4332 5167; x_wconf 88' lang='lat' dir='ltr'><strong>se</strong></span> <span class='ocrx_word' id='word_1_808' title='bbox 4392 5122 4640 5186; x_wconf 82' lang='lat' dir='ltr'><strong>passos,</strong></span> 
     </span>
     <span class='ocr_line' id='line_1_115' title="bbox 2692 5185 4638 5271; baseline 0.001 -20"><span class='ocrx_word' id='word_1_809' title='bbox 2692 5185 2823 5251; x_wconf 89' lang='lat' dir='ltr'><strong>nisi</strong></span> <span class='ocrx_word' id='word_1_810' title='bbox 2879 5185 2993 5252; x_wconf 89' lang='lat' dir='ltr'><strong>illo</strong></span> <span class='ocrx_word' id='word_1_811' title='bbox 3061 5185 3339 5254; x_wconf 83' lang='lat' dir='ltr'><strong>vindice.</strong></span> <span class='ocrx_word' id='word_1_812' title='bbox 3426 5186 4020 5254; x_wconf 80' lang='lat' dir='ltr'><strong>Verumenimvero</strong></span> <span class='ocrx_word' id='word_1_813' title='bbox 4083 5185 4213 5255; x_wconf 90' lang='lat' dir='ltr'><strong>Dei</strong></span> <span class='ocrx_word' id='word_1_814' title='bbox 4270 5189 4638 5271; x_wconf 79' lang='lat' dir='ltr'><strong>potentiam</strong></span> 
     </span>
    </p>
   </div>
  </div>
 </body>
</html>
