5059 6059
798 341 927 407 287

793 528 1236 597 occasionibus
1280 528 1361 592 ad
1400 529 1714 593 ultionem
1745 529 2058 601 irritaret,
2102 530 2231 592 Dei
2255 538 2474 593 tamen
2501 530 2729 593 timore

797 629 863 680 et
919 615 1124 715 ipsius
1187 614 1400 679 cultus
1443 634 1663 678 amore
1707 625 1983 691 tenetur,
2051 625 2117 678 et
2160 614 2336 678 intra
2378 615 2730 697 patientiae

797 702 1109 766 terminos
1152 700 1491 765 retinetur.
1580 698 1721 763 Nae
1757 697 1978 765 Saulis
2013 700 2413 784 ingratitudo
2451 701 2732 764 nimium

795 800 933 851 erat
990 785 1221 867 turpis,
1284 802 1343 849 et
1408 786 1643 849 merito
1687 795 1943 868 poterat
1989 784 2224 864 David,
2284 785 2408 851 sibi
2454 786 2729 850 nimium

793 872 974 937 inuri
1033 871 1311 936 dedecus
1357 881 1423 936 et
1465 869 1883 947 intolerabile,
1945 871 2164 935 verbis
2207 873 2347 937 istis
2391 883 2504 936 aut
2548 872 2727 936 simi·

795 957 966 1023 libus
1024 959 1351 1038 conqueri.
1439 957 1635 1022 Mene
1697 977 1849 1020 vero
1907 967 2040 1021 tam
2102 956 2393 1041 indignis
2440 957 2731 1022 modisa

796 1042 1002 1110 Saule
1044 1043 1275 1125 excipi,
1331 1055 1583 1107 tantum
1632 1042 1908 1107 dedecus
1952 1061 2073 1142 ego
2119 1042 2417 1124 paterer?
2507 1042 2729 1124 Quare

793 1130 998 1194 filiam
1062 1127 1405 1210 despondit
1465 1139 1536 1192 ut
1579 1148 1653 1191 ea
1698 1148 1802 1191 me
1847 1128 2128 1211 turpiter
2172 1128 2547 1193 fraudaret?
2610 1150 2729 1208 ego

797 1219 971 1299 regis
1030 1215 1259 1279 filiam
1290 1234 1500 1297 neque
1562 1215 1860 1314 pretnsavi
1923 1234 2129 1296 neque
2176 1215 2361 1314 petii:
2419 1235 2541 1298 ego
2584 1234 2728 1280 sum

797 1314 1070 1384 paratus
1125 1300 1205 1364 ad
1267 1298 1523 1365 stabula
1580 1302 1796 1364 ovium
1853 1300 2059 1383 patris
2119 1301 2242 1364 mei
2305 1299 2536 1371 redire,
2593 1301 2731 1365 vita

797 1388 959 1451 mihi
1017 1385 1272 1468 privata
1332 1386 1574 1467 placet.
1633 1406 1831 1468 quare
1891 1406 2047 1469 ergo
2107 1385 2214 1448 ille
2270 1407 2372 1450 me
2418 1385 2729 1451 dedecore

797 1473 1122 1548 affectum,
1160 1469 1500 1535 ridendum
1538 1470 1840 1534 omnibus
1879 1469 2224 1553 propinat?
2268 1491 2467 1552 quare
2489 1471 2728 1553 populo

797 1555 1064 1639 praebet
1119 1557 1516 1622 occasionem
1576 1578 1723 1622 cum
1785 1558 1923 1620 risu
1984 1555 2353 1638 quaerendi,
2413 1557 2729 1640 quomodo

795 1644 906 1707 ille
967 1664 1166 1727 gener
1210 1643 1385 1725 regis
1429 1643 1752 1725 repulsam
1799 1663 2030 1724 passus
2073 1641 2215 1706 est?
2307 1643 2483 1707 Sane
2526 1665 2726 1726 quum

796 1729 937 1794 istis
982 1729 1284 1793 omnibus
1335 1727 1547 1792 David
1594 1727 1897 1806 abstinet,
1941 1740 2006 1791 et
2040 1728 2168 1791 ista
2204 1749 2330 1791 non
2369 1747 2729 1794 commotus

794 1815 1035 1879 iniuria
1083 1813 1505 1877 nihilominus
1552 1816 1763 1896 pergit
1807 1814 1872 1876 in
1923 1813 2046 1878 Dei
2094 1814 2447 1891 vocatione,
2493 1830 2562 1879 et
2598 1836 2726 1879 non

796 1899 1036 1964 desinit
1081 1898 1263 1965 Sauli
1313 1911 1445 1963 tam
1491 1901 1767 1982 ingrato,
1815 1910 1947 1962 tam
1996 1898 2240 1981 perfido
2287 1899 2542 1965 fidelem
2580 1921 2729 1984 ope-

793 2006 932 2050 ram
998 2006 1258 2056 navare,
1320 1986 1478 2050 satis
1535 2005 1858 2067 superque
1905 1995 2181 2049 testatur
2224 2006 2293 2049 se
2338 1987 2727 2067 principium

798 2070 959 2136 illud
1008 2072 1393 2154 cognovisse
1438 2071 1519 2134 de
1563 2091 1689 2152 quo
1738 2092 1966 2153 parum
2015 2071 2399 2153 cogitamus,
2446 2084 2510 2135 et
2555 2071 2727 2155 quod

794 2173 1015 2221 tamen
1062 2158 1395 2221 obversari
1442 2157 1645 2221 oculis
1685 2169 2007 2236 oporteret
2044 2155 2324 2239 singulis
2363 2160 2728 2235 momentis,

796 2264 1027 2324 nempe
1089 2263 1210 2307 nos
1277 2242 1474 2306 etiam
1536 2241 1830 2305 hostibus
1891 2243 2125 2305 nostris
2186 2263 2325 2305 esse
2371 2242 2727 2323 devinctos,

794 2342 859 2391 et
914 2329 1197 2394 officium
1261 2340 1552 2393 nostrum
1614 2348 1756 2391 esse
1817 2338 1889 2390 ut
1933 2327 1999 2390 in
2047 2329 2382 2393 vocatione
2427 2350 2729 2411 perseve-

796 2434 1034 2492 remus,
1096 2413 1217 2477 etsi
1287 2435 1402 2479 nos
1468 2413 1563 2477 illi
1629 2413 1854 2477 multis
1921 2413 2127 2476 modis
2195 2412 2532 2489 lacessant,
2604 2436 2729 2497 quo

801 2501 983 2564 Deus
1041 2520 1160 2564 nos
1204 2520 1352 2564 cum
1397 2500 1526 2564 illis
1571 2499 1818 2564 versari
1864 2498 2047 2579 velit,
2113 2512 2178 2564 et
2221 2519 2411 2581 quam
2458 2501 2730 2583 quisque

800 2586 1197 2650 vocationem
1245 2586 1492 2668 accepit
1533 2606 1851 2650 exercere.

971 2671 1060 2735 Et
1117 2671 1439 2735 hactenus
1494 2668 1573 2734 de
1636 2670 1889 2735 Davide
1932 2670 2180 2735 dictum
2225 2684 2365 2736 esto
2411 2671 2508 2736 bis
2554 2673 2726 2736 frau-

801 2758 970 2833 dato,
1039 2768 1105 2819 et
1164 2767 1379 2820 tamen
1442 2757 1743 2820 iniuriam
1790 2755 2238 2821 dissimulante
2282 2758 2730 2841 patienterque

799 2842 1085 2907 ferente:
1132 2842 1355 2908 Saulis
1398 2864 1552 2907 vero
1595 2844 1832 2907 factum
1873 2841 2334 2924 expendamus,
2377 2864 2503 2925 quo
2542 2864 2727 2908 suam

799 2950 925 2993 non
969 2926 1158 2991 modo
1195 2927 1750 3011 ingratitudinem,
1788 2926 1901 2993 sed
1938 2947 1975 2989 a
2013 2942 2229 2992 mente
2265 2928 2727 2995 alienationem

797 3012 1105 3100 prodidit.
1195 3012 1366 3078 Nam
1425 3013 1593 3097 apud
1653 3034 1877 3078 omnes
1934 3013 2229 3079 homines
2286 3023 2542 3097 oportet
2583 3035 2731 3081 con-

797 3112 1046 3164 tractus
1081 3119 1222 3164 esse
1263 3100 1467 3164 bonae
1502 3099 1686 3164 fidei.
1729 3112 1797 3163 et
1822 3100 2037 3163 virum
2062 3100 2419 3184 principem
2443 3101 2730 3165 maxime

797 3184 998 3263 decet,
1056 3184 1601 3284 quemadmodum
1658 3185 1803 3251 aliis
1858 3184 2174 3284 dignitate
2230 3195 2297 3250 et
2340 3185 2731 3251 excellentia

798 3270 1051 3355 praeire
1097 3270 1262 3349 vult,
1320 3271 1414 3336 sic
1459 3272 1656 3335 etiam
1702 3271 1770 3333 in
1816 3272 2042 3352 primis
2087 3270 2305 3334 datam
2352 3271 2548 3336 fidem
2592 3293 2729 3336 ser·

798 3378 973 3421 vare.
1062 3355 1269 3420 Porro
1338 3357 1547 3439 qualis
1603 3366 1977 3421 contractus
2032 3372 2133 3421 est
2192 3357 2727 3422 matrimonium?

799 3442 1080 3526 Sapiens
1125 3440 1432 3507 Salomon
1480 3454 1668 3505 vocat
1709 3441 2001 3505 divinum
2047 3451 2446 3507 contractum
2493 3456 2557 3507 et
2603 3445 2730 3508 foe-

801 3528 958 3592 dus:
1032 3542 1106 3592 ut
1173 3527 1396 3593 doceat
1459 3527 1923 3592 inviolabiliter
1985 3537 2284 3610 oportere
2326 3528 2595 3608 servari,
2662 3541 2730 3593 et

797 3612 1056 3695 quidem
1116 3616 1405 3678 sanctius
1465 3634 1660 3697 quam
1720 3614 2006 3696 reliquos
2060 3633 2285 3678 omnes
2329 3623 2726 3679 contractus.

797 3700 887 3764 Et
954 3712 1171 3762 tamen
1232 3699 1441 3765 nullos
1499 3700 1753 3764 facilius
1814 3699 2044 3782 frangi,
2117 3700 2496 3782 praesertim
2558 3703 2727 3765 inter

797 3785 1123 3868 principes
1164 3787 1336 3850 viros
1378 3797 1626 3849 certum
1663 3796 1783 3862 est,
1821 3784 1934 3847 sed
1973 3786 2039 3847 in
2078 3804 2400 3849 summam
2436 3787 2724 3867 ipsorum

804 3868 1434 3935 condemnationem.
1516 3870 1959 3935 Nihilominus
1997 3868 2216 3934 Saulis
2247 3870 2517 3953 perfidia
2541 3871 2727 3936 nobis

801 3957 908 4020 hic
950 3956 1355 4038 proponitur,
1422 3976 1549 4038 qua
1591 3958 1973 4038 promissam
2018 3954 2259 4019 Davidi
2301 3956 2502 4020 filiam
2539 3978 2726 4023 suam

794 4041 985 4106 alteri
1048 4052 1262 4105 tamen
1323 4042 1581 4124 repulso
1638 4040 1897 4106 Davide
1945 4038 2227 4113 tradidit,
2290 4053 2363 4106 ut
2405 4043 2725 4126 flagitium

793 4126 956 4191 illud
997 4136 1181 4190 tanto
1219 4129 1429 4210 magis
1464 4128 1825 4191 abominari
1867 4127 2208 4192 discamus.
2301 4127 2468 4191 Nam
2510 4148 2726 4192 nonne

793 4217 931 4295 ipse
994 4222 1179 4294 pater
1227 4212 1573 4277 videbatur
1608 4213 1807 4277 filiam
1846 4213 2119 4276 amatori
2160 4212 2439 4277 vendere
2475 4223 2541 4277 et
2576 4234 2726 4295 pro·

797 4300 1100 4364 stituere:
1149 4297 1669 4381 quandoquidem
1695 4298 1940 4362 Davidi
1967 4301 2278 4380 promissa
2304 4320 2435 4364 non
2473 4309 2728 4382 poterat

796 4385 988 4450 alteri
1042 4383 1225 4448 dari?
1315 4383 1544 4467 Neque
1599 4385 1773 4448 enim
1823 4384 2055 4449 licebat
2098 4381 2283 4450 Sauli
2329 4386 2497 4466 quod
2546 4384 2727 4449 Deus

794 4470 1227 4536 coniunxerat·
1271 4470 1662 4534 dissolvere·
1709 4490 1910 4552 quare
1950 4469 2136 4534 alteri
2174 4472 2439 4535 tradens
2481 4469 2726 4534 Davidi

794 4556 1245 4637 desponsatam
1288 4554 1627 4620 videbatur
1661 4568 1971 4638 tanquam
2007 4557 2074 4620 in
2111 4576 2316 4640 ganeo
2341 4557 2727 4637 producere:

795 4641 1317 4723 quandoquidem
1364 4641 1489 4705 Dei
1536 4642 1837 4705 instituto
1885 4643 2117 4706 mulier
2161 4663 2292 4706 nou
2338 4651 2553 4725 potest
2586 4662 2727 4707 esse

797 4729 1072 4790 duorum
1137 4729 1429 4792 virorum
1490 4748 1692 4791 uxor:
1759 4727 2296 4809 quemadmodum
2361 4748 2568 4809 neque
2627 4728 2727 4793 vir

798 4833 968 4877 unus
1024 4813 1299 4877 duarum
1362 4813 1725 4877 mulierum.
1819 4812 2038 4894 Quare
2099 4812 2250 4879 hinc
2304 4823 2574 4894 apparet
2617 4835 2727 4880 eos

794 4899 906 4981 qui
986 4899 1052 4960 in
1124 4899 1474 4963 rebellione
1538 4919 1656 4963 sua
1722 4896 2131 4973 indurantur,
2214 4912 2393 4962 tanto
2458 4909 2725 4981 stupore

795 4985 981 5058 affici,
1030 4996 1102 5047 ut
1145 4986 1391 5048 malum
1438 5005 1477 5048 a
1515 4983 1678 5050 bono
1716 4984 2083 5050 discernere
2119 4995 2462 5066 nequeant,
2509 4987 2725 5066 parvi·

796 5088 923 5152 que
990 5069 1229 5134 faciant
1293 5070 1373 5134 de
1438 5092 1507 5135 se
1576 5071 1914 5135 hominum
1981 5071 2374 5154 opinionem,
2441 5081 2507 5133 et
2574 5071 2723 5136 licet

798 5154 1155 5220 maledictis
1213 5156 1563 5221 multorum
1610 5168 1932 5239 petantur,
1990 5157 2052 5219 id
2102 5156 2434 5240 negligere
2479 5166 2721 5229 tamen,

791 5240 983 5306 modo
1040 5262 1245 5324 prava
1302 5264 1419 5307 sua
1462 5243 1731 5307 consilia
1774 5244 2131 5326 perducant
2174 5242 2255 5306 ad
2300 5244 2499 5307 finem
2544 5253 2721 5324 opta·

2402 338 2809 405 HOMILIA
2852 339 3179 404 LXVIII.

4642 341 4755 408 288

2834 538 2998 592 tum.
3085 528 3221 594 Nos
3281 550 3435 594 vero
3490 529 3929 603 observemus,
3986 547 4175 610 posse
4219 528 4489 611 quidem
4532 530 4614 593 ab
4657 529 4760 593 ho-

2833 612 3119 678 minibus
3185 615 3419 680 violari
3485 615 4011 678 matrimonium.
4077 613 4247 696 quod
4305 626 4534 678 tamen
4592 613 4761 680 Deus

2831 709 2932 765 est
2993 698 3467 778 vindicaturus,
3528 699 4050 783 quandoquidem
4111 699 4253 764 eius
4296 709 4493 764 autor
4535 709 4655 781 est,
4707 716 4762 765 et

2832 782 3095 861 vindex,
3149 806 3225 852 ac
3270 785 3544 869 proinde
3592 786 3735 850 vult
3775 805 4031 850 summa
4075 784 4202 850 fide
4245 785 4595 851 observari
4636 787 4762 850 sine

2833 870 3065 935 fraude
3120 882 3186 935 et
3230 872 3410 936 dolo:
3471 870 3632 936 adeo
3677 884 3749 937 ut
3792 890 3919 935 non
3968 883 4223 935 tantum
4271 869 4620 935 hominum
4665 891 4761 935 aut

2833 977 3050 1021 rerum
3111 972 3498 1033 creatarum,
3560 956 3672 1021 sed
3714 957 4061 1039 praecipue
4107 956 4356 1039 gloriae
4399 967 4472 1020 et
4516 957 4763 1022 honoris

2833 1040 2963 1105 Dei
3011 1043 3328 1107 rationem
3366 1007 3740 1121 habeamus,
3787 1041 3958 1124 quod
3994 1062 4219 1106 omnes
4255 1041 4402 1107 Deo
4440 1042 4760 1108 debemus.

3004 1126 3333 1226 Deinceps
3367 1128 3689 1212 sequitur:
3733 1126 3978 1194 Michol
4016 1127 4287 1193 alteram
4319 1125 4554 1194 Saulis
4578 1128 4763 1193 filiam

2833 1214 3154 1279 amavisse
3212 1212 3567 1279 Davidem:
3628 1210 4020 1295 Saulemque
4075 1235 4146 1279 re
4190 1213 4419 1278 audita
4464 1213 4763 1279 laetatum

2832 1318 2997 1375 esse,
3042 1309 3113 1362 ut
3158 1321 3392 1364 novam
3436 1301 3840 1364 occasionem
3886 1298 4152 1364 haberet
4197 1300 4535 1364 Davidem
4581 1301 4767 1364 inter·

2832 1384 3109 1450 ficiendi.
3201 1386 3420 1450 Etiam
3500 1396 3655 1448 ante
3736 1397 4013 1449 mortem
4094 1384 4271 1449 illius
4337 1387 4765 1467 quaesiverat,

2832 1472 3151 1552 promissa
3209 1471 3363 1546 filia,
3436 1470 3550 1535 sed
3609 1471 3738 1535 alia
3793 1468 4071 1553 quadam
4131 1471 4391 1534 ratione
4452 1470 4767 1536 abductus

2834 1555 3021 1620 alteri
3080 1557 3280 1621 filiam
3342 1555 3793 1638 desponderat.
3882 1555 4101 1620 David
4146 1558 4415 1620 interim
4464 1557 4767 1621 iniuriam

2833 1640 3256 1707 dissimulans
3321 1643 3579 1724 quietus
3645 1653 3803 1718 erat,
3884 1655 3951 1704 et
4014 1643 4110 1706 ita
4176 1642 4384 1706 veluti
4454 1644 4769 1723 quaedam

2834 1747 3089 1791 remora
3124 1728 3362 1793 iniecta
3390 1740 3493 1792 est
3515 1726 3741 1793 Saulis
3764 1728 4056 1793 consiliis
4079 1728 4160 1792 de
4183 1727 4475 1792 tollendo
4502 1727 4773 1793 Davide.

2831 1811 3000 1877 Nam
3062 1814 3279 1877 animo
3337 1834 3454 1877 suo
3510 1815 3935 1879 constituerat
3990 1811 4153 1880 Saul
4214 1813 4403 1877 illum
4466 1813 4773 1896 perdere:

2832 1910 2897 1963 et
2940 1908 3160 1962 tamen
3219 1911 3473 1982 praeter
3514 1899 3880 1981 opinionem
3928 1900 4131 1982 ipsius
4175 1898 4372 1964 saluti
4418 1900 4777 1964 consuluit.

2834 1984 2921 2048 Et
2980 1984 3104 2049 hoc
3162 2004 3356 2066 saepe
3398 2005 3523 2049 usu
3566 1988 3751 2050 venit
3797 1994 3868 2048 ut
3911 1985 4183 2049 consilia
4226 2000 4292 2049 et
4335 1985 4612 2050 fraudes
4655 1986 4777 2050 im-

2833 2071 3181 2151 proborum
3229 2070 3564 2135 bominum
3611 2070 3846 2153 quibus
3891 2085 4162 2135 mortem
4202 2070 4510 2135 fidelibus
4546 2092 4778 2154 procu-

2836 2155 3088 2231 rabant,
3134 2156 3201 2219 in
3241 2156 3527 2236 ipsorum
3565 2157 3804 2220 bonum
3846 2166 3915 2220 et
3949 2157 4223 2221 salutem
4261 2157 4524 2221 cedant.
4590 2157 4778 2222 Licet

2835 2240 3007 2306 istud
3054 2242 3123 2305 in
3173 2240 3392 2307 Saulis
3429 2242 3595 2307 facto
3631 2239 4080 2323 contemplari.
4172 2242 4338 2305 Nam
4378 2256 4527 2305 erat
4560 2242 4781 2307 oblata

2837 2348 3010 2392 nova
3074 2326 3315 2391 Davidi
3378 2348 3518 2392 sese
3580 2327 3937 2393 ulciscendi
4005 2326 4273 2403 occasio,
4339 2349 4549 2426 quum
4618 2329 4777 2395 Saul

2836 2413 3164 2497 ingratum
3225 2433 3415 2477 suum
3473 2413 3763 2477 animum
3810 2423 3874 2476 et
3918 2413 4233 2477 malitiam
4281 2414 4498 2496 magis
4542 2417 4783 2498 magis-

2835 2519 2962 2598 que
3009 2498 3444 2579 patefecisset,
3490 2498 3601 2563 sed
3647 2509 3866 2563 tamen
3906 2519 4158 2563 memor
4191 2499 4388 2563 officii
4425 2500 4607 2581 quod
4652 2518 4780 2565 tam

2834 2584 2960 2666 ipsi
2989 2585 3126 2648 Deo
3164 2605 3355 2666 quam
3395 2585 3531 2668 regi
3557 2583 3803 2667 totique
3837 2585 4075 2666 populo
4111 2582 4406 2661 debebat,
4425 2522 4786 2666 qpatienter

2834 2669 3009 2735 ferre
3069 2669 3300 2733 maluit
3353 2670 3648 2750 iniurias,
3720 2680 3787 2733 et
3841 2668 4132 2736 oblivisci
4189 2691 4417 2735 eorum
4476 2680 4782 2736 omnium

2834 2758 3065 2838 quibus
3130 2778 3169 2819 a
3214 2757 3355 2820 Deo
3399 2756 3668 2820 alienari
3719 2756 4033 2839 potuisset
4075 2755 4400 2839 privatam
4449 2778 4785 2838 quaerens

2836 2840 3222 2906 vindictam:
3270 2853 3335 2904 et
3378 2840 3641 2924 quidem
3687 2842 3756 2904 in
3805 2841 4031 2924 primis
4074 2841 4356 2905 dedecus
4394 2853 4465 2904 et
4501 2845 4787 2924 ignomi-

2836 2930 3010 2992 niam
3049 2949 3087 2992 a
3125 2925 3323 2992 Saule
3359 2927 3482 2990 sibi
3518 2928 3824 2992 inustam.
3907 2924 4084 2993 Sane
4119 2928 4175 2990 si
4211 2925 4438 2990 David
4474 2932 4785 2994 omnium

2836 3013 3173 3078 hominum
3246 3013 3843 3096 contemptissimus
3888 3025 3955 3077 et
3998 3012 4476 3079 abiectissimus
4520 3014 4789 3087 fuisset,

2835 3098 3017 3163 nulla
3060 3110 3280 3163 tamen
3326 3098 3511 3164 Sauli
3558 3110 3900 3199 supererat
3943 3099 4294 3173 excusatiO,
4342 3100 4527 3179 quasi
4584 3102 4789 3166 rebus

2834 3185 3132 3267 angustis
3188 3184 3391 3249 filiam
3449 3186 3887 3269 promisisset.
3941 3184 4109 3265 quod
4156 3148 4340 3248 nulla
4382 3187 4789 3251 necessitate

2832 3285 3090 3335 coactus
3171 3269 3412 3335 Davidi
3491 3268 3694 3334 filiam
3763 3268 4210 3353 desponderat,
4292 3290 4491 3350 quam
4568 3293 4787 3356 neque

2833 3355 3215 3430 ambiverat,
3282 3376 3488 3437 neque
3545 3356 3838 3439 petierat.
3927 3354 4062 3421 Sed
4105 3355 4283 3419 ultro
4327 3356 4785 3424 conditionem

2833 3441 3224 3524 propositam
3271 3462 3311 3505 a
3356 3439 3556 3507 Saule
3600 3442 3681 3505 de
3723 3439 4181 3523 consequenda
4212 3441 4399 3506 filia
4383 3463 4456 3505 ιιι
4493 3464 4786 3510 uxorem

2832 3525 3051 3590 David
3097 3526 3532 3591 obliviscitur:
3583 3546 3795 3608 neque
3838 3527 4034 3591 etiam
4081 3536 4349 3610 propter
4391 3527 4785 3612 ademptam

2833 3613 3147 3677 ultionem
3185 3613 3460 3694 quaerit.
3550 3610 3700 3692 Qua
3734 3633 3890 3694 ergo
3923 3624 4141 3677 mente
4187 3610 4348 3678 Saul
4402 3635 4543 3678 non
4590 3616 4787 3681 modo

2830 3698 3137 3763 iniuriam
3185 3697 3423 3763 Davidi
3462 3718 3595 3761 uon
3635 3697 3843 3762 levem
3882 3698 4055 3776 facit,
4099 3697 4211 3763 sed
4250 3699 4453 3762 etiam
4490 3716 4786 3767 mortem

2831 3785 3038 3866 ipsius
3080 3782 3289 3848 modis
3332 3783 3637 3848 omnibus
3681 3783 3974 3866 quaerit?
4064 3784 4319 3866 Nempe
4362 3783 4561 3849 illum
4604 3788 4788 3855 furor

2831 3884 2899 3933 et
2955 3871 3210 3935 insania
3271 3889 3539 3952 prorsus
3598 3868 4016 3935 excaecabat:
4076 3881 4535 3935 verumtamen
4594 3874 4786 3956 quid-

2831 3954 2987 4037 quid
3067 3955 3379 4020 moliatur
3455 3967 3520 4019 et
3586 3965 3863 4033 moveat,
3939 3956 4217 4021 Davidis
4280 3958 4664 4025 commodis
4728 3978 4785 4024 et

2832 4041 3104 4106 utilitati
3137 4041 3324 4106 cedat
3361 4053 3635 4122 oportet.
3685 4040 3879 4117 Hinc,
3924 4040 4210 4122 inquam,
4254 4054 4536 4124 apparet
4585 4066 4783 4128 quam

2830 4126 3233 4191 admirandis
3291 4125 3501 4191 modis
3558 4125 3744 4191 Deus
3788 4147 3978 4191 suum
4023 4147 4188 4208 opus
4232 4144 4659 4210 promoveat,
4726 4146 4785 4195 et

2830 4233 3025 4295 quam
3088 4211 3469 4277 mirabiliter
3525 4232 3690 4312 quae
3745 4212 4052 4277 ecclesiae
4105 4210 4232 4277 Dei
4276 4212 4601 4279 ultimum
4650 4220 4783 4282 exi·

2833 4302 2994 4364 tium
3040 4297 3478 4372 minabantur,
3536 4299 3602 4361 in
3649 4298 3941 4380 ipsorum
3986 4298 4269 4363 hostium
4316 4300 4783 4368 confusionem

2831 4395 2899 4450 et
2941 4384 3196 4449 ruinam
3242 4394 3599 4459 convertat,
3643 4398 3710 4448 et
3753 4382 3998 4467 laqueis
4042 4404 4203 4466 quos
4237 4384 4523 4465 improbi
4569 4402 4784 4453 tenen·

2831 4471 3080 4543 derant,
3136 4471 3205 4534 in
3264 4470 3554 4569 ipsorum
3611 4470 4057 4535 confusionem
4115 4481 4348 4534 nectat.
4440 4468 4569 4537 Sic
4620 4472 4781 4540 Saul

2830 4556 2952 4620 sibi
2996 4554 3239 4619 malum
3277 4556 3637 4635 accersivit,
3680 4555 3999 4638 siquidem
4038 4555 4340 4621 omnibus
4372 4576 4683 4637 pravum
4721 4576 4781 4623 et

2830 4642 3119 4706 dolosum
3169 4641 3506 4723 ingenium
3551 4661 3742 4704 suum
3790 4642 4111 4739 patefecit,
4156 4652 4224 4705 et
4257 4661 4330 4706 se
4363 4642 4597 4722 ipsum
4642 4667 4781 4728 per·

2829 4739 3024 4809 petua
3086 4727 3458 4791 confusione
3503 4738 3571 4790 et
3614 4726 3972 4806 ignominia
4015 4726 4245 4791 obruit.
4336 4726 4575 4807 Quum
4628 4752 4779 4813 ergo

2827 4812 3102 4877 Davidis
3163 4811 3472 4895 adspectu
3515 4815 3803 4889 territus,
3870 4832 4018 4877 eum
4064 4833 4104 4875 a
4146 4833 4217 4877 se
4260 4814 4487 4894 procul
4539 4835 4777 4881 aman·

2829 4899 3025 4976 davit,
3083 4919 3283 4982 quum
3330 4901 3660 4982 prosperis
3702 4897 3907 4978 ipsius
3950 4910 4311 4963 commotus
4353 4904 4775 4967 succensibus

2827 4984 3109 5050 eundem
3168 4985 3511 5063 revocavit,
3568 5004 3765 5066 quum
3824 4982 4134 5047 honorem
4195 4994 4263 5047 et
4306 4987 4603 5066 gratiam
4638 5009 4773 5087 qua

2826 5071 3113 5154 pollebat
3164 5070 3289 5153 ipsi
3332 5070 3571 5133 invidit
3617 5081 3682 5134 et
3727 5068 4037 5151 perdendi
4081 5070 4370 5134 rat-iones
4416 5076 4769 5151 quaesivit,

2826 5156 2981 5240 quid
3044 5157 3228 5222 illum
3273 5157 3397 5219 ista
3441 5175 3680 5238 quaeso
3722 5153 4077 5219 iuverunt?
4161 5155 4267 5219 En
4313 5177 4507 5238 quam
4559 5161 4769 5225 admi·

2825 5242 3066 5308 randae
3127 5244 3269 5306 viae
3312 5241 3600 5320 Domini,
3662 5241 3774 5323 qui
3830 5239 4200 5305 occasiones
4260 5241 4451 5307 uobis
4502 5243 4767 5327 ignotas
