<?xml version="1.0" encoding="UTF-8"?>
<!DOCTYPE html PUBLIC "-//W3C//DTD XHTML 1.0 Transitional//EN"
    "http://www.w3.org/TR/xhtml1/DTD/xhtml1-transitional.dtd">
<html xmlns="http://www.w3.org/1999/xhtml" xml:lang="en" lang="en">
 <head>
  <title>
</title>
<meta http-equiv="Content-Type" content="text/html;charset=utf-8" />
  <meta name='ocr-system' content='tesseract 3.04.00' />
  <meta name='ocr-capabilities' content='ocr_page ocr_carea ocr_par ocr_line ocrx_word'/>
</head>
<body>
  <div class='ocr_page' id='page_1' title='image "./ioanniscalvinio07unkngoog_0667.png"; bbox 0 0 5059 6059; ppageno 0'>
   <div class='ocr_carea' id='block_1_1' title="bbox 284 318 404 383">
    <p class='ocr_par' dir='ltr' id='par_1_1' title="bbox 284 318 404 383">
     <span class='ocr_line' id='line_1_1' title="bbox 284 318 404 383; baseline 0 -1"><span class='ocrx_word' id='word_1_1' title='bbox 284 318 404 383; x_wconf 79' lang='lat'>417</span> 
     </span>
    </p>
   </div>
   <div class='ocr_carea' id='block_1_2' title="bbox 283 508 2240 2243">
    <p class='ocr_par' dir='ltr' id='par_1_2' title="bbox 283 508 2238 2141">
     <span class='ocr_line' id='line_1_2' title="bbox 285 508 2234 597; baseline 0.001 -24"><span class='ocrx_word' id='word_1_2' title='bbox 285 508 360 578; x_wconf 89' lang='lat' dir='ltr'>de</span> <span class='ocrx_word' id='word_1_3' title='bbox 426 529 619 576; x_wconf 86' lang='lat' dir='ltr'>servo</span> <span class='ocrx_word' id='word_1_4' title='bbox 685 508 772 575; x_wconf 91' lang='lat' dir='ltr'>sit</span> <span class='ocrx_word' id='word_1_5' title='bbox 845 508 1298 594; x_wconf 88' lang='lat' dir='ltr'>dispositurus.</span> <span class='ocrx_word' id='word_1_6' title='bbox 1409 510 1598 578; x_wconf 90' lang='lat' dir='ltr'>Licet</span> <span class='ocrx_word' id='word_1_7' title='bbox 1663 510 1871 597; x_wconf 89' lang='lat' dir='ltr'>igitur</span> <span class='ocrx_word' id='word_1_8' title='bbox 1929 510 2234 577; x_wconf 75' lang='lat' dir='ltr'>sensibus</span> 
     </span>
     <span class='ocr_line' id='line_1_3' title="bbox 284 595 2234 679; baseline 0.001 -18"><span class='ocrx_word' id='word_1_9' title='bbox 284 597 574 663; x_wconf 86' lang='lat' dir='ltr'>externis</span> <span class='ocrx_word' id='word_1_10' title='bbox 600 595 921 661; x_wconf 88' lang='lat' dir='ltr'>rationem</span> <span class='ocrx_word' id='word_1_11' title='bbox 949 616 1079 661; x_wconf 90' lang='lat' dir='ltr'>non</span> <span class='ocrx_word' id='word_1_12' title='bbox 1120 596 1437 679; x_wconf 90' lang='lat' dir='ltr'>percipiat</span> <span class='ocrx_word' id='word_1_13' title='bbox 1480 597 1919 664; x_wconf 77' lang='lat' dir='ltr'>liberationis:</span> <span class='ocrx_word' id='word_1_14' title='bbox 1965 597 2234 662; x_wconf 89' lang='lat' dir='ltr'>firmum</span> 
     </span>
     <span class='ocr_line' id='line_1_4' title="bbox 283 681 2235 767; baseline -0.001 -18"><span class='ocrx_word' id='word_1_15' title='bbox 283 694 498 749; x_wconf 90' lang='lat' dir='ltr'>tamen</span> <span class='ocrx_word' id='word_1_16' title='bbox 548 683 673 749; x_wconf 90' lang='lat' dir='ltr'>hoc</span> <span class='ocrx_word' id='word_1_17' title='bbox 717 683 957 747; x_wconf 86' lang='lat' dir='ltr'>retinet</span> <span class='ocrx_word' id='word_1_18' title='bbox 999 681 1497 748; x_wconf 79' lang='lat' dir='ltr'>fundamentum</span> <span class='ocrx_word' id='word_1_19' title='bbox 1526 684 1739 749; x_wconf 91' lang='lat' dir='ltr'>Deum</span> <span class='ocrx_word' id='word_1_20' title='bbox 1784 704 1901 748; x_wconf 92' lang='lat' dir='ltr'>suo</span> <span class='ocrx_word' id='word_1_21' title='bbox 1945 695 2235 767; x_wconf 88' lang='lat' dir='ltr'>tempore</span> 
     </span>
     <span class='ocr_line' id='line_1_5' title="bbox 285 769 2238 851; baseline 0 -17"><span class='ocrx_word' id='word_1_22' title='bbox 285 788 557 834; x_wconf 86' lang='lat' dir='ltr'>manum</span> <span class='ocrx_word' id='word_1_23' title='bbox 600 788 791 833; x_wconf 90' lang='lat' dir='ltr'>suam</span> <span class='ocrx_word' id='word_1_24' title='bbox 848 780 1300 847; x_wconf 71' lang='lat' dir='ltr'>exsarturum,</span> <span class='ocrx_word' id='word_1_25' title='bbox 1362 770 1549 835; x_wconf 88' lang='lat' dir='ltr'>cuius</span> <span class='ocrx_word' id='word_1_26' title='bbox 1610 769 2022 851; x_wconf 90' lang='lat' dir='ltr'>providentia</span> <span class='ocrx_word' id='word_1_27' title='bbox 2075 769 2238 834; x_wconf 85' lang='lat' dir='ltr'>baec</span> 
     </span>
     <span class='ocr_line' id='line_1_6' title="bbox 283 852 2237 922; baseline 0.001 -2"><span class='ocrx_word' id='word_1_28' title='bbox 283 854 503 920; x_wconf 91' lang='lat' dir='ltr'>omnia</span> <span class='ocrx_word' id='word_1_29' title='bbox 548 852 1128 919; x_wconf 76' lang='lat' dir='ltr'>administrantur:</span> <span class='ocrx_word' id='word_1_30' title='bbox 1190 875 1265 922; x_wconf 90' lang='lat' dir='ltr'>ac</span> <span class='ocrx_word' id='word_1_31' title='bbox 1311 854 1460 922; x_wconf 87' lang='lat' dir='ltr'>licet</span> <span class='ocrx_word' id='word_1_32' title='bbox 1505 855 1751 921; x_wconf 89' lang='lat' dir='ltr'>multae</span> <span class='ocrx_word' id='word_1_33' title='bbox 1798 854 2237 921; x_wconf 79' lang='lat' dir='ltr'>revolutiones</span> 
     </span>
     <span class='ocr_line' id='line_1_7' title="bbox 285 940 2236 1023; baseline -0.001 -17"><span class='ocrx_word' id='word_1_34' title='bbox 285 952 348 1007; x_wconf 85' lang='lat' dir='ltr'>et</span> <span class='ocrx_word' id='word_1_35' title='bbox 392 950 816 1023; x_wconf 86' lang='lat' dir='ltr'>tempestates</span> <span class='ocrx_word' id='word_1_36' title='bbox 861 940 987 1005; x_wconf 91' lang='lat' dir='ltr'>Dei</span> <span class='ocrx_word' id='word_1_37' title='bbox 1032 940 1362 1007; x_wconf 85' lang='lat' dir='ltr'>decretum</span> <span class='ocrx_word' id='word_1_38' title='bbox 1411 942 1725 1007; x_wconf 90' lang='lat' dir='ltr'>remorari</span> <span class='ocrx_word' id='word_1_39' title='bbox 1766 940 2131 1017; x_wconf 84' lang='lat' dir='ltr'>videantur,</span> <span class='ocrx_word' id='word_1_40' title='bbox 2169 950 2236 1006; x_wconf 92' lang='lat' dir='ltr'>et</span> 
     </span>
     <span class='ocr_line' id='line_1_8' title="bbox 287 1026 2237 1092; baseline -0.001 0"><span class='ocrx_word' id='word_1_41' title='bbox 287 1034 470 1092; x_wconf 85' lang='lat' dir='ltr'>tanta</span> <span class='ocrx_word' id='word_1_42' title='bbox 511 1046 735 1090; x_wconf 90' lang='lat' dir='ltr'>rerum</span> <span class='ocrx_word' id='word_1_43' title='bbox 779 1026 1074 1090; x_wconf 89' lang='lat' dir='ltr'>omnium</span> <span class='ocrx_word' id='word_1_44' title='bbox 1119 1047 1262 1092; x_wconf 89' lang='lat' dir='ltr'>esse</span> <span class='ocrx_word' id='word_1_45' title='bbox 1285 1026 1576 1092; x_wconf 75' lang='lat' dir='ltr'>confusio</span> <span class='ocrx_word' id='word_1_46' title='bbox 1621 1038 1697 1092; x_wconf 90' lang='lat' dir='ltr'>ut</span> <span class='ocrx_word' id='word_1_47' title='bbox 1717 1027 1976 1092; x_wconf 90' lang='lat' dir='ltr'>coelum</span> <span class='ocrx_word' id='word_1_48' title='bbox 2023 1040 2237 1091; x_wconf 88' lang='lat' dir='ltr'>terrae</span> 
     </span>
     <span class='ocr_line' id='line_1_9' title="bbox 287 1110 2237 1196; baseline -0.002 -16"><span class='ocrx_word' id='word_1_49' title='bbox 287 1111 546 1179; x_wconf 87' lang='lat' dir='ltr'>misceri</span> <span class='ocrx_word' id='word_1_50' title='bbox 573 1110 925 1190; x_wconf 84' lang='lat' dir='ltr'>videretur,</span> <span class='ocrx_word' id='word_1_51' title='bbox 972 1122 1190 1176; x_wconf 89' lang='lat' dir='ltr'>tamen</span> <span class='ocrx_word' id='word_1_52' title='bbox 1211 1111 1433 1178; x_wconf 86' lang='lat' dir='ltr'>David</span> <span class='ocrx_word' id='word_1_53' title='bbox 1469 1112 1590 1179; x_wconf 89' lang='lat' dir='ltr'>hoo</span> <span class='ocrx_word' id='word_1_54' title='bbox 1628 1112 1947 1196; x_wconf 89' lang='lat' dir='ltr'>principio</span> <span class='ocrx_word' id='word_1_55' title='bbox 1983 1132 2237 1196; x_wconf 86' lang='lat' dir='ltr'>semper</span> 
     </span>
     <span class='ocr_line' id='line_1_10' title="bbox 285 1197 2237 1283; baseline -0.001 -19"><span class='ocrx_word' id='word_1_56' title='bbox 285 1198 521 1265; x_wconf 88' lang='lat' dir='ltr'>nititur</span> <span class='ocrx_word' id='word_1_57' title='bbox 577 1197 791 1264; x_wconf 76' lang='lat' dir='ltr'>Deum</span> <span class='ocrx_word' id='word_1_58' title='bbox 844 1197 1163 1279; x_wconf 75' lang='lat' dir='ltr'>facturum</span> <span class='ocrx_word' id='word_1_59' title='bbox 1215 1205 1283 1263; x_wconf 90' lang='lat' dir='ltr'>et</span> <span class='ocrx_word' id='word_1_60' title='bbox 1351 1219 1481 1264; x_wconf 90' lang='lat' dir='ltr'>uon</span> <span class='ocrx_word' id='word_1_61' title='bbox 1540 1208 1796 1265; x_wconf 89' lang='lat' dir='ltr'>tantum</span> <span class='ocrx_word' id='word_1_62' title='bbox 1852 1199 1923 1263; x_wconf 93' lang='lat' dir='ltr'>in</span> <span class='ocrx_word' id='word_1_63' title='bbox 1998 1218 2237 1283; x_wconf 90' lang='lat' dir='ltr'>genere</span> 
     </span>
     <span class='ocr_line' id='line_1_11' title="bbox 285 1281 2235 1367; baseline -0.002 -16"><span class='ocrx_word' id='word_1_64' title='bbox 285 1284 442 1351; x_wconf 87' lang='lat' dir='ltr'>dicit</span> <span class='ocrx_word' id='word_1_65' title='bbox 495 1283 822 1366; x_wconf 64' lang='lat' dir='ltr'>sedarum</span> <span class='ocrx_word' id='word_1_66' title='bbox 876 1281 993 1349; x_wconf 89' lang='lat' dir='ltr'>sed</span> <span class='ocrx_word' id='word_1_67' title='bbox 1047 1284 1436 1349; x_wconf 90' lang='lat' dir='ltr'>nominatim</span> <span class='ocrx_word' id='word_1_68' title='bbox 1493 1285 1713 1367; x_wconf 91' lang='lat' dir='ltr'>inquit</span> <span class='ocrx_word' id='word_1_69' title='bbox 1764 1284 1839 1350; x_wconf 79' lang='lat' dir='ltr'>de</span> <span class='ocrx_word' id='word_1_70' title='bbox 1879 1304 1995 1361; x_wconf 78' lang='lat' dir='ltr'>me,</span> <span class='ocrx_word' id='word_1_71' title='bbox 2048 1283 2235 1367; x_wconf 87' lang='lat' dir='ltr'>quasi</span> 
     </span>
     <span class='ocr_line' id='line_1_12' title="bbox 287 1367 2235 1454; baseline 0.001 -19"><span class='ocrx_word' id='word_1_72' title='bbox 287 1372 607 1436; x_wconf 71' lang='lat' dir='ltr'>fateretur</span> <span class='ocrx_word' id='word_1_73' title='bbox 649 1390 721 1435; x_wconf 93' lang='lat' dir='ltr'>se</span> <span class='ocrx_word' id='word_1_74' title='bbox 765 1367 1030 1452; x_wconf 90' lang='lat' dir='ltr'>quidem</span> <span class='ocrx_word' id='word_1_75' title='bbox 1078 1369 1392 1436; x_wconf 90' lang='lat' dir='ltr'>miserum</span> <span class='ocrx_word' id='word_1_76' title='bbox 1436 1382 1507 1436; x_wconf 89' lang='lat' dir='ltr'>et</span> <span class='ocrx_word' id='word_1_77' title='bbox 1546 1370 1871 1437; x_wconf 90' lang='lat' dir='ltr'>abiectum</span> <span class='ocrx_word' id='word_1_78' title='bbox 1904 1371 1976 1435; x_wconf 94' lang='lat' dir='ltr'>in</span> <span class='ocrx_word' id='word_1_79' title='bbox 2020 1368 2235 1454; x_wconf 90' lang='lat' dir='ltr'>specie</span> 
     </span>
     <span class='ocr_line' id='line_1_13' title="bbox 287 1453 2237 1540; baseline -0.001 -18"><span class='ocrx_word' id='word_1_80' title='bbox 287 1456 516 1531; x_wconf 80' lang='lat' dir='ltr'>videri,</span> <span class='ocrx_word' id='word_1_81' title='bbox 584 1453 700 1521; x_wconf 86' lang='lat' dir='ltr'>sed</span> <span class='ocrx_word' id='word_1_82' title='bbox 768 1475 901 1520; x_wconf 90' lang='lat' dir='ltr'>non</span> <span class='ocrx_word' id='word_1_83' title='bbox 968 1454 1267 1520; x_wconf 88' lang='lat' dir='ltr'>dubitare</span> <span class='ocrx_word' id='word_1_84' title='bbox 1344 1466 1567 1521; x_wconf 91' lang='lat' dir='ltr'>tamen</span> <span class='ocrx_word' id='word_1_85' title='bbox 1648 1457 1804 1540; x_wconf 90' lang='lat' dir='ltr'>quin</span> <span class='ocrx_word' id='word_1_86' title='bbox 1871 1457 2054 1522; x_wconf 91' lang='lat' dir='ltr'>Deus</span> <span class='ocrx_word' id='word_1_87' title='bbox 2130 1455 2237 1522; x_wconf 88' lang='lat' dir='ltr'>sui</span> 
     </span>
     <span class='ocr_line' id='line_1_14' title="bbox 287 1540 2234 1624; baseline -0.001 -15"><span class='ocrx_word' id='word_1_88' title='bbox 287 1543 709 1609; x_wconf 85' lang='lat' dir='ltr'>misereatur:</span> <span class='ocrx_word' id='word_1_89' title='bbox 767 1548 836 1605; x_wconf 88' lang='lat' dir='ltr'>et</span> <span class='ocrx_word' id='word_1_90' title='bbox 892 1540 1417 1624; x_wconf 89' lang='lat' dir='ltr'>quandoquidem</span> <span class='ocrx_word' id='word_1_91' title='bbox 1485 1564 1619 1608; x_wconf 91' lang='lat' dir='ltr'>non</span> <span class='ocrx_word' id='word_1_92' title='bbox 1686 1552 1945 1608; x_wconf 88' lang='lat' dir='ltr'>tantum</span> <span class='ocrx_word' id='word_1_93' title='bbox 2005 1542 2094 1608; x_wconf 90' lang='lat' dir='ltr'>sit</span> <span class='ocrx_word' id='word_1_94' title='bbox 2151 1540 2234 1607; x_wconf 87' lang='lat' dir='ltr'>ab</span> 
     </span>
     <span class='ocr_line' id='line_1_15' title="bbox 285 1626 2233 1712; baseline 0 -19"><span class='ocrx_word' id='word_1_95' title='bbox 285 1630 429 1712; x_wconf 88' lang='lat' dir='ltr'>ipso</span> <span class='ocrx_word' id='word_1_96' title='bbox 473 1637 738 1695; x_wconf 91' lang='lat' dir='ltr'>creatus</span> <span class='ocrx_word' id='word_1_97' title='bbox 780 1626 897 1693; x_wconf 90' lang='lat' dir='ltr'>sed</span> <span class='ocrx_word' id='word_1_98' title='bbox 937 1627 1133 1692; x_wconf 91' lang='lat' dir='ltr'>etiam</span> <span class='ocrx_word' id='word_1_99' title='bbox 1181 1649 1301 1693; x_wconf 89' lang='lat' dir='ltr'>rex</span> <span class='ocrx_word' id='word_1_100' title='bbox 1356 1629 1580 1711; x_wconf 92' lang='lat' dir='ltr'>populi</span> <span class='ocrx_word' id='word_1_101' title='bbox 1639 1626 2039 1712; x_wconf 87' lang='lat' dir='ltr'>designatus,</span> <span class='ocrx_word' id='word_1_102' title='bbox 2101 1648 2233 1693; x_wconf 90' lang='lat' dir='ltr'>non</span> 
     </span>
     <span class='ocr_line' id='line_1_16' title="bbox 285 1712 2237 1797; baseline -0.001 -18"><span class='ocrx_word' id='word_1_103' title='bbox 285 1716 420 1780; x_wconf 79' lang='lat' dir='ltr'>fore</span> <span class='ocrx_word' id='word_1_104' title='bbox 488 1713 615 1779; x_wconf 92' lang='lat' dir='ltr'>Dei</span> <span class='ocrx_word' id='word_1_105' title='bbox 682 1712 961 1778; x_wconf 80' lang='lat' dir='ltr'>verbum</span> <span class='ocrx_word' id='word_1_106' title='bbox 1026 1712 1224 1779; x_wconf 87' lang='lat' dir='ltr'>inane</span> <span class='ocrx_word' id='word_1_107' title='bbox 1288 1734 1500 1797; x_wconf 91' lang='lat' dir='ltr'>neque</span> <span class='ocrx_word' id='word_1_108' title='bbox 1578 1714 1885 1780; x_wconf 85' lang='lat' dir='ltr'>mendax.</span> <span class='ocrx_word' id='word_1_109' title='bbox 1985 1714 2095 1779; x_wconf 84' lang='lat' dir='ltr'>En</span> <span class='ocrx_word' id='word_1_110' title='bbox 2161 1722 2237 1778; x_wconf 89' lang='lat' dir='ltr'>ut</span> 
     </span>
     <span class='ocr_line' id='line_1_17' title="bbox 287 1798 2234 1884; baseline -0.001 -19"><span class='ocrx_word' id='word_1_111' title='bbox 287 1798 507 1865; x_wconf 85' lang='lat' dir='ltr'>David</span> <span class='ocrx_word' id='word_1_112' title='bbox 546 1819 682 1864; x_wconf 89' lang='lat' dir='ltr'>non</span> <span class='ocrx_word' id='word_1_113' title='bbox 728 1808 988 1864; x_wconf 90' lang='lat' dir='ltr'>tantum</span> <span class='ocrx_word' id='word_1_114' title='bbox 1033 1800 1268 1864; x_wconf 87' lang='lat' dir='ltr'>nititur</span> <span class='ocrx_word' id='word_1_115' title='bbox 1321 1798 1612 1884; x_wconf 89' lang='lat' dir='ltr'>generali</span> <span class='ocrx_word' id='word_1_116' title='bbox 1670 1800 1787 1865; x_wconf 90' lang='lat' dir='ltr'>illa</span> <span class='ocrx_word' id='word_1_117' title='bbox 1833 1798 1958 1866; x_wconf 92' lang='lat' dir='ltr'>Dei</span> <span class='ocrx_word' id='word_1_118' title='bbox 2016 1799 2234 1883; x_wconf 85' lang='lat' dir='ltr'>provi·</span> 
     </span>
     <span class='ocr_line' id='line_1_18' title="bbox 287 1883 2236 1969; baseline 0 -19"><span class='ocrx_word' id='word_1_119' title='bbox 287 1885 527 1963; x_wconf 88' lang='lat' dir='ltr'>dentia,</span> <span class='ocrx_word' id='word_1_120' title='bbox 572 1883 689 1951; x_wconf 89' lang='lat' dir='ltr'>sed</span> <span class='ocrx_word' id='word_1_121' title='bbox 731 1884 1062 1969; x_wconf 77' lang='lat' dir='ltr'>singulari</span> <span class='ocrx_word' id='word_1_122' title='bbox 1103 1885 1312 1968; x_wconf 89' lang='lat' dir='ltr'>ipsius</span> <span class='ocrx_word' id='word_1_123' title='bbox 1356 1885 1810 1969; x_wconf 85' lang='lat' dir='ltr'>promissione,</span> <span class='ocrx_word' id='word_1_124' title='bbox 1870 1905 2068 1968; x_wconf 90' lang='lat' dir='ltr'>quam</span> <span class='ocrx_word' id='word_1_125' title='bbox 2109 1883 2236 1950; x_wconf 90' lang='lat' dir='ltr'>sibi</span> 
     </span>
     <span class='ocr_line' id='line_1_19' title="bbox 287 1970 2237 2056; baseline -0.001 -19"><span class='ocrx_word' id='word_1_126' title='bbox 287 1973 382 2039; x_wconf 87' lang='lat' dir='ltr'>sic</span> <span class='ocrx_word' id='word_1_127' title='bbox 424 1970 715 2056; x_wconf 89' lang='lat' dir='ltr'>applicat</span> <span class='ocrx_word' id='word_1_128' title='bbox 762 1978 832 2035; x_wconf 91' lang='lat' dir='ltr'>ut</span> <span class='ocrx_word' id='word_1_129' title='bbox 875 1991 1011 2035; x_wconf 90' lang='lat' dir='ltr'>non</span> <span class='ocrx_word' id='word_1_130' title='bbox 1054 1970 1314 2037; x_wconf 91' lang='lat' dir='ltr'>dubitet</span> <span class='ocrx_word' id='word_1_131' title='bbox 1356 1971 1519 2054; x_wconf 89' lang='lat' dir='ltr'>quin</span> <span class='ocrx_word' id='word_1_132' title='bbox 1563 1972 1666 2039; x_wconf 91' lang='lat' dir='ltr'>sui</span> <span class='ocrx_word' id='word_1_133' title='bbox 1698 1971 1884 2038; x_wconf 88' lang='lat' dir='ltr'>Deus</span> <span class='ocrx_word' id='word_1_134' title='bbox 1926 1972 2237 2037; x_wconf 89' lang='lat' dir='ltr'>miserea-</span> 
     </span>
     <span class='ocr_line' id='line_1_20' title="bbox 285 2055 2237 2141; baseline -0.001 -17"><span class='ocrx_word' id='word_1_135' title='bbox 285 2070 393 2124; x_wconf 89' lang='lat' dir='ltr'>tur</span> <span class='ocrx_word' id='word_1_136' title='bbox 430 2070 499 2123; x_wconf 90' lang='lat' dir='ltr'>et</span> <span class='ocrx_word' id='word_1_137' title='bbox 540 2055 711 2141; x_wconf 91' lang='lat' dir='ltr'>quod</span> <span class='ocrx_word' id='word_1_138' title='bbox 736 2055 1124 2139; x_wconf 77' lang='lat' dir='ltr'>promiserat</span> <span class='ocrx_word' id='word_1_139' title='bbox 1166 2077 1286 2123; x_wconf 92' lang='lat' dir='ltr'>suo</span> <span class='ocrx_word' id='word_1_140' title='bbox 1310 2066 1603 2141; x_wconf 87' lang='lat' dir='ltr'>tempore</span> <span class='ocrx_word' id='word_1_141' title='bbox 1636 2058 1905 2123; x_wconf 89' lang='lat' dir='ltr'>tandem</span> <span class='ocrx_word' id='word_1_142' title='bbox 1948 2055 2237 2141; x_wconf 55' lang='lat' dir='ltr'>Mpleat.</span> 
     </span>
    </p>

    <p class='ocr_par' dir='ltr' id='par_1_3' title="bbox 450 2141 2240 2243">
     <span class='ocr_line' id='line_1_21' title="bbox 450 2141 2240 2243; baseline 0 -34"><span class='ocrx_word' id='word_1_143' title='bbox 450 2141 774 2243; x_wconf 66' lang='lat' dir='ltr'>§equitur</span> <span class='ocrx_word' id='word_1_144' title='bbox 830 2141 1139 2226; x_wconf 78' lang='lat' dir='ltr'>deinceps</span> <span class='ocrx_word' id='word_1_145' title='bbox 1189 2142 1565 2227; x_wconf 70' lang='lat' dir='ltr'>prophdam</span> <span class='ocrx_word' id='word_1_146' title='bbox 1627 2142 1797 2209; x_wconf 68' lang='lat' dir='ltr'>Goth</span> <span class='ocrx_word' id='word_1_147' title='bbox 1852 2143 2096 2209; x_wconf 76' lang='lat' dir='ltr'>venisse</span> <span class='ocrx_word' id='word_1_148' title='bbox 2152 2142 2240 2209; x_wconf 79' lang='lat' dir='ltr'>ad</span> 
     </span>
    </p>
   </div>
   <div class='ocr_carea' id='block_1_3' title="bbox 281 2228 2240 2485">
    <p class='ocr_par' dir='ltr' id='par_1_4' title="bbox 281 2228 2240 2485">
     <span class='ocr_line' id='line_1_22' title="bbox 289 2228 2240 2312; baseline -0.001 -16"><span class='ocrx_word' id='word_1_149' title='bbox 289 2229 624 2312; x_wconf 75' lang='lat' dir='ltr'>Damdem,</span> <span class='ocrx_word' id='word_1_150' title='bbox 669 2233 726 2293; x_wconf 81' lang='lat' dir='ltr'>et</span> <span class='ocrx_word' id='word_1_151' title='bbox 768 2228 1171 2296; x_wconf 74' lang='lat' dir='ltr'>admonuisse</span> <span class='ocrx_word' id='word_1_152' title='bbox 1212 2250 1289 2295; x_wconf 80' lang='lat' dir='ltr'>ne</span> <span class='ocrx_word' id='word_1_153' title='bbox 1329 2234 1607 2296; x_wconf 76' lang='lat' dir='ltr'>maneret</span> <span class='ocrx_word' id='word_1_154' title='bbox 1639 2229 1711 2294; x_wconf 80' lang='lat' dir='ltr'>in</span> <span class='ocrx_word' id='word_1_155' title='bbox 1733 2229 2085 2312; x_wconf 71' lang='lat' dir='ltr'>praesidio,</span> <span class='ocrx_word' id='word_1_156' title='bbox 2129 2228 2240 2295; x_wconf 77' lang='lat' dir='ltr'>sed</span> 
     </span>
     <span class='ocr_line' id='line_1_23' title="bbox 281 2314 2236 2398; baseline -0.001 -16"><span class='ocrx_word' id='word_1_157' title='bbox 281 2315 780 2398; x_wconf 73' lang='lat' dir='ltr'>proficisceretur</span> <span class='ocrx_word' id='word_1_158' title='bbox 863 2315 935 2379; x_wconf 78' lang='lat' dir='ltr'>in</span> <span class='ocrx_word' id='word_1_159' title='bbox 1013 2320 1248 2381; x_wconf 80' lang='lat' dir='ltr'>terram</span> <span class='ocrx_word' id='word_1_160' title='bbox 1325 2316 1516 2383; x_wconf 79' lang='lat' dir='ltr'>Iuda.</span> <span class='ocrx_word' id='word_1_161' title='bbox 1604 2316 1715 2381; x_wconf 84' lang='lat' dir='ltr'>En</span> <span class='ocrx_word' id='word_1_162' title='bbox 1827 2314 2236 2382; x_wconf 84' lang='lat' dir='ltr'>ravissimam</span> 
     </span>
     <span class='ocr_line' id='line_1_24' title="bbox 283 2398 2235 2485; baseline -0.001 -18"><span class='ocrx_word' id='word_1_163' title='bbox 283 2402 485 2467; x_wconf 87' lang='lat' dir='ltr'>aliam</span> <span class='ocrx_word' id='word_1_164' title='bbox 544 2398 824 2466; x_wconf 84' lang='lat' dir='ltr'>Davidis</span> <span class='ocrx_word' id='word_1_165' title='bbox 881 2400 1336 2467; x_wconf 80' lang='lat' dir='ltr'>tentationem:</span> <span class='ocrx_word' id='word_1_166' title='bbox 1398 2423 1551 2468; x_wconf 89' lang='lat' dir='ltr'>uam</span> <span class='ocrx_word' id='word_1_167' title='bbox 1608 2401 1736 2467; x_wconf 88' lang='lat' dir='ltr'>etsi</span> <span class='ocrx_word' id='word_1_168' title='bbox 1846 2421 1965 2467; x_wconf 90' lang='lat' dir='ltr'>eus</span> <span class='ocrx_word' id='word_1_169' title='bbox 2008 2401 2235 2485; x_wconf 87' lang='lat' dir='ltr'>singu·</span> 
     </span>
    </p>
   </div>
   <div class='ocr_carea' id='block_1_4' title="bbox 263 2485 2234 5322">
    <p class='ocr_par' dir='ltr' id='par_1_5' title="bbox 263 2485 2234 5322">
     <span class='ocr_line' id='line_1_25' title="bbox 283 2485 2234 2570; baseline 0.001 -19"><span class='ocrx_word' id='word_1_170' title='bbox 283 2488 489 2554; x_wconf 89' lang='lat' dir='ltr'>larem</span> <span class='ocrx_word' id='word_1_171' title='bbox 544 2486 625 2552; x_wconf 94' lang='lat' dir='ltr'>de</span> <span class='ocrx_word' id='word_1_172' title='bbox 681 2487 825 2570; x_wconf 89' lang='lat' dir='ltr'>ipso</span> <span class='ocrx_word' id='word_1_173' title='bbox 882 2506 1110 2552; x_wconf 89' lang='lat' dir='ltr'>curam</span> <span class='ocrx_word' id='word_1_174' title='bbox 1154 2486 1395 2554; x_wconf 89' lang='lat' dir='ltr'>habere</span> <span class='ocrx_word' id='word_1_175' title='bbox 1437 2509 1510 2553; x_wconf 89' lang='lat' dir='ltr'>se</span> <span class='ocrx_word' id='word_1_176' title='bbox 1553 2496 1851 2568; x_wconf 88' lang='lat' dir='ltr'>testatur,</span> <span class='ocrx_word' id='word_1_177' title='bbox 1905 2486 2106 2553; x_wconf 89' lang='lat' dir='ltr'>misso</span> <span class='ocrx_word' id='word_1_178' title='bbox 2150 2485 2234 2552; x_wconf 89' lang='lat' dir='ltr'>ad</span> 
     </span>
     <span class='ocr_line' id='line_1_26' title="bbox 279 2570 2233 2657; baseline -0.001 -18"><span class='ocrx_word' id='word_1_179' title='bbox 279 2576 497 2655; x_wconf 89' lang='lat' dir='ltr'>ipsum</span> <span class='ocrx_word' id='word_1_180' title='bbox 564 2571 902 2656; x_wconf 91' lang='lat' dir='ltr'>propheta,</span> <span class='ocrx_word' id='word_1_181' title='bbox 966 2574 1082 2657; x_wconf 91' lang='lat' dir='ltr'>qui</span> <span class='ocrx_word' id='word_1_182' title='bbox 1139 2571 1303 2640; x_wconf 87' lang='lat' dir='ltr'>haec</span> <span class='ocrx_word' id='word_1_183' title='bbox 1360 2573 1673 2640; x_wconf 89' lang='lat' dir='ltr'>mandata</span> <span class='ocrx_word' id='word_1_184' title='bbox 1732 2572 1814 2638; x_wconf 89' lang='lat' dir='ltr'>ad</span> <span class='ocrx_word' id='word_1_185' title='bbox 1858 2573 2074 2656; x_wconf 90' lang='lat' dir='ltr'>ipsum</span> <span class='ocrx_word' id='word_1_186' title='bbox 2121 2570 2233 2638; x_wconf 90' lang='lat' dir='ltr'>de-</span> 
     </span>
     <span class='ocr_line' id='line_1_27' title="bbox 281 2657 2232 2741; baseline 0.001 -18"><span class='ocrx_word' id='word_1_187' title='bbox 281 2661 517 2725; x_wconf 84' lang='lat' dir='ltr'>ferret:</span> <span class='ocrx_word' id='word_1_188' title='bbox 575 2679 701 2741; x_wconf 93' lang='lat' dir='ltr'>quo</span> <span class='ocrx_word' id='word_1_189' title='bbox 760 2659 1002 2726; x_wconf 91' lang='lat' dir='ltr'>nuncio</span> <span class='ocrx_word' id='word_1_190' title='bbox 1058 2657 1280 2724; x_wconf 82' lang='lat' dir='ltr'>David</span> <span class='ocrx_word' id='word_1_191' title='bbox 1339 2661 1575 2725; x_wconf 87' lang='lat' dir='ltr'>certior</span> <span class='ocrx_word' id='word_1_192' title='bbox 1617 2660 1828 2725; x_wconf 85' lang='lat' dir='ltr'>factus</span> <span class='ocrx_word' id='word_1_193' title='bbox 1871 2666 1972 2725; x_wconf 90' lang='lat' dir='ltr'>est</span> <span class='ocrx_word' id='word_1_194' title='bbox 2012 2658 2232 2724; x_wconf 92' lang='lat' dir='ltr'>Deum</span> 
     </span>
     <span class='ocr_line' id='line_1_28' title="bbox 280 2742 2231 2831; baseline 0.001 -22"><span class='ocrx_word' id='word_1_195' title='bbox 280 2765 418 2811; x_wconf 91' lang='lat' dir='ltr'>non</span> <span class='ocrx_word' id='word_1_196' title='bbox 461 2764 606 2811; x_wconf 85' lang='lat' dir='ltr'>esse</span> <span class='ocrx_word' id='word_1_197' title='bbox 648 2744 750 2810; x_wconf 91' lang='lat' dir='ltr'>sui</span> <span class='ocrx_word' id='word_1_198' title='bbox 785 2744 1063 2810; x_wconf 89' lang='lat' dir='ltr'>oblitum</span> <span class='ocrx_word' id='word_1_199' title='bbox 1096 2742 1340 2831; x_wconf 89' lang='lat' dir='ltr'>(neque</span> <span class='ocrx_word' id='word_1_200' title='bbox 1375 2747 1551 2811; x_wconf 91' lang='lat' dir='ltr'>enim</span> <span class='ocrx_word' id='word_1_201' title='bbox 1587 2745 1806 2811; x_wconf 85' lang='lat' dir='ltr'>David</span> <span class='ocrx_word' id='word_1_202' title='bbox 1842 2744 2231 2828; x_wconf 89' lang='lat' dir='ltr'>prophetam</span> 
     </span>
     <span class='ocr_line' id='line_1_29' title="bbox 281 2829 2227 2917; baseline -0.001 -20"><span class='ocrx_word' id='word_1_203' title='bbox 281 2829 467 2897; x_wconf 85' lang='lat' dir='ltr'>Gath</span> <span class='ocrx_word' id='word_1_204' title='bbox 493 2830 639 2895; x_wconf 93' lang='lat' dir='ltr'>sine</span> <span class='ocrx_word' id='word_1_205' title='bbox 682 2829 871 2896; x_wconf 89' lang='lat' dir='ltr'>iussu</span> <span class='ocrx_word' id='word_1_206' title='bbox 896 2830 1162 2896; x_wconf 90' lang='lat' dir='ltr'>Domini</span> <span class='ocrx_word' id='word_1_207' title='bbox 1206 2853 1278 2897; x_wconf 93' lang='lat' dir='ltr'>se</span> <span class='ocrx_word' id='word_1_208' title='bbox 1321 2830 1405 2897; x_wconf 91' lang='lat' dir='ltr'>ad</span> <span class='ocrx_word' id='word_1_209' title='bbox 1451 2831 1573 2897; x_wconf 88' lang='lat' dir='ltr'>hoe</span> <span class='ocrx_word' id='word_1_210' title='bbox 1614 2831 1968 2917; x_wconf 81' lang='lat' dir='ltr'>ingessisse</span> <span class='ocrx_word' id='word_1_211' title='bbox 2006 2830 2227 2897; x_wconf 89' lang='lat' dir='ltr'>existi-</span> 
     </span>
     <span class='ocr_line' id='line_1_30' title="bbox 283 2916 2227 3001; baseline -0.001 -18"><span class='ocrx_word' id='word_1_212' title='bbox 283 2918 532 2999; x_wconf 83' lang='lat' dir='ltr'>mavit,</span> <span class='ocrx_word' id='word_1_213' title='bbox 590 2916 704 2982; x_wconf 90' lang='lat' dir='ltr'>sed</span> <span class='ocrx_word' id='word_1_214' title='bbox 772 2936 924 2981; x_wconf 91' lang='lat' dir='ltr'>eum</span> <span class='ocrx_word' id='word_1_215' title='bbox 989 2927 1064 2982; x_wconf 91' lang='lat' dir='ltr'>ut</span> <span class='ocrx_word' id='word_1_216' title='bbox 1127 2937 1358 2983; x_wconf 84' lang='lat' dir='ltr'>verum</span> <span class='ocrx_word' id='word_1_217' title='bbox 1416 2918 1544 2984; x_wconf 91' lang='lat' dir='ltr'>Dei</span> <span class='ocrx_word' id='word_1_218' title='bbox 1601 2937 1870 2984; x_wconf 85' lang='lat' dir='ltr'>servum</span> <span class='ocrx_word' id='word_1_219' title='bbox 1936 2917 2227 3001; x_wconf 82' lang='lat' dir='ltr'>agnovit,</span> 
     </span>
     <span class='ocr_line' id='line_1_31' title="bbox 275 3001 2227 3085; baseline 0 -16"><span class='ocrx_word' id='word_1_220' title='bbox 275 3003 552 3085; x_wconf 87' lang='lat' dir='ltr'>eiusque</span> <span class='ocrx_word' id='word_1_221' title='bbox 597 3001 814 3069; x_wconf 85' lang='lat' dir='ltr'>verbis</span> <span class='ocrx_word' id='word_1_222' title='bbox 858 3001 1056 3068; x_wconf 91' lang='lat' dir='ltr'>fidem</span> <span class='ocrx_word' id='word_1_223' title='bbox 1090 3002 1426 3070; x_wconf 86' lang='lat' dir='ltr'>adhibuit:</span> <span class='ocrx_word' id='word_1_224' title='bbox 1473 3011 1543 3070; x_wconf 92' lang='lat' dir='ltr'>et</span> <span class='ocrx_word' id='word_1_225' title='bbox 1578 3013 1652 3069; x_wconf 90' lang='lat' dir='ltr'>ut</span> <span class='ocrx_word' id='word_1_226' title='bbox 1688 3001 2056 3069; x_wconf 84' lang='lat' dir='ltr'>videbimus</span> <span class='ocrx_word' id='word_1_227' title='bbox 2092 3012 2227 3069; x_wconf 89' lang='lat' dir='ltr'>sta-</span> 
     </span>
     <span class='ocr_line' id='line_1_32' title="bbox 279 3087 2228 3172; baseline 0.001 -18"><span class='ocrx_word' id='word_1_228' title='bbox 279 3090 402 3154; x_wconf 88' lang='lat' dir='ltr'>tim</span> <span class='ocrx_word' id='word_1_229' title='bbox 459 3087 983 3172; x_wconf 84' lang='lat' dir='ltr'>obtemperavit),</span> <span class='ocrx_word' id='word_1_230' title='bbox 1059 3088 1489 3156; x_wconf 87' lang='lat' dir='ltr'>nihilomiuus</span> <span class='ocrx_word' id='word_1_231' title='bbox 1534 3102 1753 3156; x_wconf 90' lang='lat' dir='ltr'>tamen</span> <span class='ocrx_word' id='word_1_232' title='bbox 1796 3088 2059 3155; x_wconf 83' lang='lat' dir='ltr'>difficile</span> <span class='ocrx_word' id='word_1_233' title='bbox 2103 3088 2228 3155; x_wconf 83' lang='lat' dir='ltr'>fuit</span> 
     </span>
     <span class='ocr_line' id='line_1_33' title="bbox 275 3172 2227 3258; baseline -0.001 -17"><span class='ocrx_word' id='word_1_234' title='bbox 275 3173 526 3241; x_wconf 83' lang='lat' dir='ltr'>Davidi</span> <span class='ocrx_word' id='word_1_235' title='bbox 585 3194 669 3238; x_wconf 89' lang='lat' dir='ltr'>ex</span> <span class='ocrx_word' id='word_1_236' title='bbox 725 3172 842 3240; x_wconf 88' lang='lat' dir='ltr'>illa</span> <span class='ocrx_word' id='word_1_237' title='bbox 883 3174 1196 3258; x_wconf 88' lang='lat' dir='ltr'>spelunca</span> <span class='ocrx_word' id='word_1_238' title='bbox 1238 3173 1321 3240; x_wconf 89' lang='lat' dir='ltr'>ad</span> <span class='ocrx_word' id='word_1_239' title='bbox 1367 3174 1637 3241; x_wconf 91' lang='lat' dir='ltr'>Domini</span> <span class='ocrx_word' id='word_1_240' title='bbox 1679 3175 2068 3241; x_wconf 88' lang='lat' dir='ltr'>mandatum</span> <span class='ocrx_word' id='word_1_241' title='bbox 2112 3194 2227 3240; x_wconf 87' lang='lat' dir='ltr'>ex·</span> 
     </span>
     <span class='ocr_line' id='line_1_34' title="bbox 273 3257 2225 3346; baseline -0.001 -19"><span class='ocrx_word' id='word_1_242' title='bbox 273 3258 510 3327; x_wconf 80' lang='lat' dir='ltr'>cedere</span> <span class='ocrx_word' id='word_1_243' title='bbox 566 3270 633 3325; x_wconf 90' lang='lat' dir='ltr'>et</span> <span class='ocrx_word' id='word_1_244' title='bbox 686 3257 1003 3326; x_wconf 87' lang='lat' dir='ltr'>Iudaeam</span> <span class='ocrx_word' id='word_1_245' title='bbox 1050 3262 1295 3327; x_wconf 83' lang='lat' dir='ltr'>venire.</span> <span class='ocrx_word' id='word_1_246' title='bbox 1384 3261 1555 3327; x_wconf 88' lang='lat' dir='ltr'>Nam</span> <span class='ocrx_word' id='word_1_247' title='bbox 1599 3283 1801 3346; x_wconf 92' lang='lat' dir='ltr'>quum</span> <span class='ocrx_word' id='word_1_248' title='bbox 1847 3260 2068 3327; x_wconf 82' lang='lat' dir='ltr'>David</span> <span class='ocrx_word' id='word_1_249' title='bbox 2112 3281 2225 3344; x_wconf 91' lang='lat' dir='ltr'>pe-</span> 
     </span>
     <span class='ocr_line' id='line_1_35' title="bbox 273 3345 2225 3431; baseline 0.001 -20"><span class='ocrx_word' id='word_1_250' title='bbox 273 3356 475 3429; x_wconf 91' lang='lat' dir='ltr'>petuo</span> <span class='ocrx_word' id='word_1_251' title='bbox 535 3345 901 3431; x_wconf 82' lang='lat' dir='ltr'>agitaretur</span> <span class='ocrx_word' id='word_1_252' title='bbox 960 3347 1159 3413; x_wconf 84' lang='lat' dir='ltr'>variis</span> <span class='ocrx_word' id='word_1_253' title='bbox 1203 3347 1566 3428; x_wconf 89' lang='lat' dir='ltr'>timoribus,</span> <span class='ocrx_word' id='word_1_254' title='bbox 1621 3356 1689 3414; x_wconf 91' lang='lat' dir='ltr'>et</span> <span class='ocrx_word' id='word_1_255' title='bbox 1732 3350 1804 3412; x_wconf 92' lang='lat' dir='ltr'>in</span> <span class='ocrx_word' id='word_1_256' title='bbox 1847 3346 2225 3430; x_wconf 84' lang='lat' dir='ltr'>speluncam</span> 
     </span>
     <span class='ocr_line' id='line_1_36' title="bbox 273 3430 2226 3518; baseline 0.001 -21"><span class='ocrx_word' id='word_1_257' title='bbox 273 3448 589 3516; x_wconf 83' lang='lat' dir='ltr'>tanquam</span> <span class='ocrx_word' id='word_1_258' title='bbox 633 3430 845 3497; x_wconf 89' lang='lat' dir='ltr'>solum</span> <span class='ocrx_word' id='word_1_259' title='bbox 891 3433 1264 3516; x_wconf 82' lang='lat' dir='ltr'>perfugium</span> <span class='ocrx_word' id='word_1_260' title='bbox 1309 3434 1710 3518; x_wconf 77' lang='lat' dir='ltr'>confugisset</span> <span class='ocrx_word' id='word_1_261' title='bbox 1752 3433 1936 3501; x_wconf 80' lang='lat' dir='ltr'>velut</span> <span class='ocrx_word' id='word_1_262' title='bbox 1979 3434 2061 3501; x_wconf 88' lang='lat' dir='ltr'>ab</span> <span class='ocrx_word' id='word_1_263' title='bbox 2105 3431 2226 3498; x_wconf 89' lang='lat' dir='ltr'>ho-</span> 
     </span>
     <span class='ocr_line' id='line_1_37' title="bbox 269 3517 2224 3604; baseline 0.001 -21"><span class='ocrx_word' id='word_1_264' title='bbox 269 3517 532 3584; x_wconf 88' lang='lat' dir='ltr'>minum</span> <span class='ocrx_word' id='word_1_265' title='bbox 575 3518 901 3584; x_wconf 89' lang='lat' dir='ltr'>consortio</span> <span class='ocrx_word' id='word_1_266' title='bbox 944 3519 1275 3598; x_wconf 88' lang='lat' dir='ltr'>exsulans,</span> <span class='ocrx_word' id='word_1_267' title='bbox 1334 3521 1389 3584; x_wconf 88' lang='lat' dir='ltr'>si</span> <span class='ocrx_word' id='word_1_268' title='bbox 1443 3519 1630 3586; x_wconf 91' lang='lat' dir='ltr'>Deus</span> <span class='ocrx_word' id='word_1_269' title='bbox 1687 3541 1952 3587; x_wconf 85' lang='lat' dir='ltr'>servare</span> <span class='ocrx_word' id='word_1_270' title='bbox 2006 3520 2224 3604; x_wconf 90' lang='lat' dir='ltr'>ipsum</span> 
     </span>
     <span class='ocr_line' id='line_1_38' title="bbox 273 3603 2224 3690; baseline 0.001 -21"><span class='ocrx_word' id='word_1_271' title='bbox 273 3603 558 3680; x_wconf 79' lang='lat' dir='ltr'>volebat,</span> <span class='ocrx_word' id='word_1_272' title='bbox 603 3623 722 3669; x_wconf 88' lang='lat' dir='ltr'>cur</span> <span class='ocrx_word' id='word_1_273' title='bbox 763 3603 1076 3687; x_wconf 89' lang='lat' dir='ltr'>spelunca</span> <span class='ocrx_word' id='word_1_274' title='bbox 1118 3603 1233 3670; x_wconf 91' lang='lat' dir='ltr'>illa</span> <span class='ocrx_word' id='word_1_275' title='bbox 1274 3605 1497 3690; x_wconf 88' lang='lat' dir='ltr'>egredi</span> <span class='ocrx_word' id='word_1_276' title='bbox 1541 3605 1826 3690; x_wconf 90' lang='lat' dir='ltr'>iubebat,</span> <span class='ocrx_word' id='word_1_277' title='bbox 1870 3627 2003 3672; x_wconf 91' lang='lat' dir='ltr'>non</span> <span class='ocrx_word' id='word_1_278' title='bbox 2041 3626 2224 3671; x_wconf 90' lang='lat' dir='ltr'>mon·</span> 
     </span>
     <span class='ocr_line' id='line_1_39' title="bbox 267 3689 2219 3776; baseline 0.001 -22"><span class='ocrx_word' id='word_1_279' title='bbox 267 3698 482 3755; x_wconf 83' lang='lat' dir='ltr'>strata</span> <span class='ocrx_word' id='word_1_280' title='bbox 563 3698 804 3755; x_wconf 90' lang='lat' dir='ltr'>&#39;tamen</span> <span class='ocrx_word' id='word_1_281' title='bbox 915 3690 1238 3757; x_wconf 82' lang='lat' dir='ltr'>evadendi</span> <span class='ocrx_word' id='word_1_282' title='bbox 1328 3713 1412 3757; x_wconf 91' lang='lat' dir='ltr'>ex</span> <span class='ocrx_word' id='word_1_283' title='bbox 1504 3691 1808 3776; x_wconf 89' lang='lat' dir='ltr'>periculis</span> <span class='ocrx_word' id='word_1_284' title='bbox 1921 3689 2219 3757; x_wconf 79' lang='lat' dir='ltr'>ratione?</span> 
     </span>
     <span class='ocr_line' id='line_1_40' title="bbox 269 3773 2222 3862; baseline 0.001 -21"><span class='ocrx_word' id='word_1_285' title='bbox 269 3774 520 3861; x_wconf 88' lang='lat' dir='ltr'>Egredi</span> <span class='ocrx_word' id='word_1_286' title='bbox 564 3774 755 3840; x_wconf 89' lang='lat' dir='ltr'>illum</span> <span class='ocrx_word' id='word_1_287' title='bbox 796 3773 975 3842; x_wconf 91' lang='lat' dir='ltr'>iubet</span> <span class='ocrx_word' id='word_1_288' title='bbox 1019 3799 1104 3843; x_wconf 87' lang='lat' dir='ltr'>ex</span> <span class='ocrx_word' id='word_1_289' title='bbox 1148 3777 1478 3861; x_wconf 90' lang='lat' dir='ltr'>spelunca,</span> <span class='ocrx_word' id='word_1_290' title='bbox 1524 3776 1639 3843; x_wconf 90' lang='lat' dir='ltr'>sed</span> <span class='ocrx_word' id='word_1_291' title='bbox 1682 3799 1769 3843; x_wconf 89' lang='lat' dir='ltr'>an</span> <span class='ocrx_word' id='word_1_292' title='bbox 1813 3778 2029 3862; x_wconf 87' lang='lat' dir='ltr'>aliquo</span> <span class='ocrx_word' id='word_1_293' title='bbox 2052 3787 2222 3843; x_wconf 85' lang='lat' dir='ltr'>tutat</span> 
     </span>
     <span class='ocr_line' id='line_1_41' title="bbox 269 3860 2216 3947; baseline 0.001 -22"><span class='ocrx_word' id='word_1_294' title='bbox 269 3860 613 3928; x_wconf 83' lang='lat' dir='ltr'>exercitu?</span> <span class='ocrx_word' id='word_1_295' title='bbox 695 3883 780 3926; x_wconf 88' lang='lat' dir='ltr'>au</span> <span class='ocrx_word' id='word_1_296' title='bbox 847 3861 1171 3947; x_wconf 86' lang='lat' dir='ltr'>aliquibus</span> <span class='ocrx_word' id='word_1_297' title='bbox 1239 3862 1581 3947; x_wconf 88' lang='lat' dir='ltr'>praesidiis</span> <span class='ocrx_word' id='word_1_298' title='bbox 1644 3862 1834 3929; x_wconf 92' lang='lat' dir='ltr'>illum</span> <span class='ocrx_word' id='word_1_299' title='bbox 1897 3862 2216 3929; x_wconf 80' lang='lat' dir='ltr'>instruit?</span> 
     </span>
     <span class='ocr_line' id='line_1_42' title="bbox 267 3947 2220 4034; baseline 0.001 -22"><span class='ocrx_word' id='word_1_300' title='bbox 267 3947 546 4013; x_wconf 88' lang='lat' dir='ltr'>minime</span> <span class='ocrx_word' id='word_1_301' title='bbox 589 3948 922 4031; x_wconf 89' lang='lat' dir='ltr'>gentium:</span> <span class='ocrx_word' id='word_1_302' title='bbox 981 3948 1096 4014; x_wconf 90' lang='lat' dir='ltr'>sed</span> <span class='ocrx_word' id='word_1_303' title='bbox 1141 3949 1641 4034; x_wconf 87' lang='lat' dir='ltr'>quadringentis</span> <span class='ocrx_word' id='word_1_304' title='bbox 1683 3949 1812 4015; x_wconf 88' lang='lat' dir='ltr'>illis</span> <span class='ocrx_word' id='word_1_305' title='bbox 1858 3948 1939 4015; x_wconf 91' lang='lat' dir='ltr'>de</span> <span class='ocrx_word' id='word_1_306' title='bbox 1983 3949 2220 4033; x_wconf 89' lang='lat' dir='ltr'>quibus</span> 
     </span>
     <span class='ocr_line' id='line_1_43' title="bbox 269 4032 2219 4121; baseline 0.001 -22"><span class='ocrx_word' id='word_1_307' title='bbox 269 4032 532 4118; x_wconf 86' lang='lat' dir='ltr'>egimus</span> <span class='ocrx_word' id='word_1_308' title='bbox 585 4032 899 4117; x_wconf 89' lang='lat' dir='ltr'>stipatum</span> <span class='ocrx_word' id='word_1_309' title='bbox 945 4035 1126 4103; x_wconf 92' lang='lat' dir='ltr'>iubet</span> <span class='ocrx_word' id='word_1_310' title='bbox 1168 4035 1237 4100; x_wconf 90' lang='lat' dir='ltr'>in</span> <span class='ocrx_word' id='word_1_311' title='bbox 1281 4034 1593 4101; x_wconf 88' lang='lat' dir='ltr'>Iudaeam</span> <span class='ocrx_word' id='word_1_312' title='bbox 1639 4035 1978 4121; x_wconf 87' lang='lat' dir='ltr'>proficisci.</span> <span class='ocrx_word' id='word_1_313' title='bbox 2066 4032 2219 4116; x_wconf 77' lang='lat' dir='ltr'>Quo</span> 
     </span>
     <span class='ocr_line' id='line_1_44' title="bbox 267 4120 2220 4204; baseline 0.001 -20"><span class='ocrx_word' id='word_1_314' title='bbox 267 4139 478 4202; x_wconf 90' lang='lat' dir='ltr'>quum</span> <span class='ocrx_word' id='word_1_315' title='bbox 536 4121 859 4199; x_wconf 81' lang='lat' dir='ltr'>venirent,</span> <span class='ocrx_word' id='word_1_316' title='bbox 926 4121 1110 4187; x_wconf 81' lang='lat' dir='ltr'>velut</span> <span class='ocrx_word' id='word_1_317' title='bbox 1169 4122 1238 4187; x_wconf 90' lang='lat' dir='ltr'>in</span> <span class='ocrx_word' id='word_1_318' title='bbox 1297 4120 1567 4187; x_wconf 90' lang='lat' dir='ltr'>leonum</span> <span class='ocrx_word' id='word_1_319' title='bbox 1623 4123 1843 4189; x_wconf 85' lang='lat' dir='ltr'>fauces</span> <span class='ocrx_word' id='word_1_320' title='bbox 1902 4120 2220 4204; x_wconf 90' lang='lat' dir='ltr'>pauculae</span> 
     </span>
     <span class='ocr_line' id='line_1_45' title="bbox 265 4205 2220 4293; baseline 0.002 -24"><span class='ocrx_word' id='word_1_321' title='bbox 265 4226 431 4272; x_wconf 82' lang='lat' dir='ltr'>oves</span> <span class='ocrx_word' id='word_1_322' title='bbox 486 4205 878 4273; x_wconf 90' lang='lat' dir='ltr'>inciderunt.</span> <span class='ocrx_word' id='word_1_323' title='bbox 968 4208 1142 4274; x_wconf 90' lang='lat' dir='ltr'>Nam</span> <span class='ocrx_word' id='word_1_324' title='bbox 1181 4207 1340 4291; x_wconf 89' lang='lat' dir='ltr'>quid</span> <span class='ocrx_word' id='word_1_325' title='bbox 1382 4208 1496 4274; x_wconf 91' lang='lat' dir='ltr'>ille</span> <span class='ocrx_word' id='word_1_326' title='bbox 1539 4229 1690 4275; x_wconf 90' lang='lat' dir='ltr'>cum</span> <span class='ocrx_word' id='word_1_327' title='bbox 1734 4208 1973 4293; x_wconf 86' lang='lat' dir='ltr'>exigua</span> <span class='ocrx_word' id='word_1_328' title='bbox 2017 4228 2220 4273; x_wconf 88' lang='lat' dir='ltr'>manu</span> 
     </span>
     <span class='ocr_line' id='line_1_46' title="bbox 265 4290 2219 4378; baseline 0.001 -21"><span class='ocrx_word' id='word_1_329' title='bbox 265 4301 336 4357; x_wconf 83' lang='lat' dir='ltr'>et</span> <span class='ocrx_word' id='word_1_330' title='bbox 404 4290 656 4356; x_wconf 87' lang='lat' dir='ltr'>imbelli</span> <span class='ocrx_word' id='word_1_331' title='bbox 708 4300 969 4375; x_wconf 88' lang='lat' dir='ltr'>poterat</span> <span class='ocrx_word' id='word_1_332' title='bbox 1025 4292 1337 4361; x_wconf 84' lang='lat' dir='ltr'>adversus</span> <span class='ocrx_word' id='word_1_333' title='bbox 1395 4293 1619 4360; x_wconf 85' lang='lat' dir='ltr'>Saulis</span> <span class='ocrx_word' id='word_1_334' title='bbox 1664 4297 2038 4376; x_wconf 88' lang='lat' dir='ltr'>potentiam,</span> <span class='ocrx_word' id='word_1_335' title='bbox 2107 4294 2219 4378; x_wconf 92' lang='lat' dir='ltr'>qui</span> 
     </span>
     <span class='ocr_line' id='line_1_47' title="bbox 267 4377 2219 4462; baseline 0.002 -22"><span class='ocrx_word' id='word_1_336' title='bbox 267 4382 340 4441; x_wconf 89' lang='lat' dir='ltr'>in</span> <span class='ocrx_word' id='word_1_337' title='bbox 388 4377 657 4460; x_wconf 90' lang='lat' dir='ltr'>regione</span> <span class='ocrx_word' id='word_1_338' title='bbox 699 4379 1175 4458; x_wconf 87' lang='lat' dir='ltr'>dominabatur,</span> <span class='ocrx_word' id='word_1_339' title='bbox 1221 4391 1288 4445; x_wconf 91' lang='lat' dir='ltr'>et</span> <span class='ocrx_word' id='word_1_340' title='bbox 1332 4391 1465 4445; x_wconf 88' lang='lat' dir='ltr'>tam</span> <span class='ocrx_word' id='word_1_341' title='bbox 1510 4382 1579 4444; x_wconf 89' lang='lat' dir='ltr'>in</span> <span class='ocrx_word' id='word_1_342' title='bbox 1622 4379 1868 4445; x_wconf 88' lang='lat' dir='ltr'>Iudaea</span> <span class='ocrx_word' id='word_1_343' title='bbox 1911 4400 2105 4462; x_wconf 90' lang='lat' dir='ltr'>quam</span> <span class='ocrx_word' id='word_1_344' title='bbox 2148 4379 2219 4444; x_wconf 92' lang='lat' dir='ltr'>in</span> 
     </span>
     <span class='ocr_line' id='line_1_48' title="bbox 265 4462 2218 4552; baseline 0.005 -31"><span class='ocrx_word' id='word_1_345' title='bbox 265 4463 508 4545; x_wconf 85' lang='lat' dir='ltr'>quavis</span> <span class='ocrx_word' id='word_1_346' title='bbox 563 4462 694 4529; x_wconf 89' lang='lat' dir='ltr'>alia</span> <span class='ocrx_word' id='word_1_347' title='bbox 751 4474 939 4548; x_wconf 89' lang='lat' dir='ltr'>parte</span> <span class='ocrx_word' id='word_1_348' title='bbox 972 4463 1269 4550; x_wconf 85' lang='lat' dir='ltr'>’regionis</span> <span class='ocrx_word' id='word_1_349' title='bbox 1313 4466 1683 4552; x_wconf 90' lang='lat' dir='ltr'>opprimere</span> <span class='ocrx_word' id='word_1_350' title='bbox 1726 4467 1863 4532; x_wconf 91' lang='lat' dir='ltr'>solo</span> <span class='ocrx_word' id='word_1_351' title='bbox 1906 4464 2218 4531; x_wconf 89' lang='lat' dir='ltr'>mandato</span> 
     </span>
     <span class='ocr_line' id='line_1_49' title="bbox 267 4550 2220 4636; baseline 0.003 -24"><span class='ocrx_word' id='word_1_352' title='bbox 267 4550 493 4632; x_wconf 87' lang='lat' dir='ltr'>ipsum</span> <span class='ocrx_word' id='word_1_353' title='bbox 540 4550 841 4633; x_wconf 81' lang='lat' dir='ltr'>poterat?</span> <span class='ocrx_word' id='word_1_354' title='bbox 930 4551 1152 4617; x_wconf 89' lang='lat' dir='ltr'>David</span> <span class='ocrx_word' id='word_1_355' title='bbox 1196 4552 1461 4634; x_wconf 90' lang='lat' dir='ltr'>quidem</span> <span class='ocrx_word' id='word_1_356' title='bbox 1499 4572 1656 4617; x_wconf 89' lang='lat' dir='ltr'>sane</span> <span class='ocrx_word' id='word_1_357' title='bbox 1693 4551 2040 4617; x_wconf 85' lang='lat' dir='ltr'>videbatur</span> <span class='ocrx_word' id='word_1_358' title='bbox 2075 4572 2220 4636; x_wconf 87' lang='lat' dir='ltr'>gra-</span> 
     </span>
     <span class='ocr_line' id='line_1_50' title="bbox 267 4635 2219 4721; baseline 0.004 -26"><span class='ocrx_word' id='word_1_359' title='bbox 267 4638 435 4700; x_wconf 84' lang='lat' dir='ltr'>tiam</span> <span class='ocrx_word' id='word_1_360' title='bbox 502 4635 790 4717; x_wconf 88' lang='lat' dir='ltr'>aliquam</span> <span class='ocrx_word' id='word_1_361' title='bbox 855 4637 924 4700; x_wconf 90' lang='lat' dir='ltr'>in</span> <span class='ocrx_word' id='word_1_362' title='bbox 993 4637 1238 4703; x_wconf 88' lang='lat' dir='ltr'>Iudaea</span> <span class='ocrx_word' id='word_1_363' title='bbox 1304 4638 1371 4703; x_wconf 89' lang='lat' dir='ltr'>iu</span> <span class='ocrx_word' id='word_1_364' title='bbox 1434 4658 1558 4721; x_wconf 89' lang='lat' dir='ltr'>qua</span> <span class='ocrx_word' id='word_1_365' title='bbox 1617 4648 1815 4704; x_wconf 88' lang='lat' dir='ltr'>natus</span> <span class='ocrx_word' id='word_1_366' title='bbox 1860 4648 2000 4703; x_wconf 87' lang='lat' dir='ltr'>erat</span> <span class='ocrx_word' id='word_1_367' title='bbox 2044 4637 2219 4720; x_wconf 89' lang='lat' dir='ltr'>apud</span> 
     </span>
     <span class='ocr_line' id='line_1_51' title="bbox 267 4721 2216 4808; baseline 0.002 -23"><span class='ocrx_word' id='word_1_368' title='bbox 267 4721 516 4786; x_wconf 89' lang='lat' dir='ltr'>multos</span> <span class='ocrx_word' id='word_1_369' title='bbox 560 4722 729 4788; x_wconf 91' lang='lat' dir='ltr'>inire</span> <span class='ocrx_word' id='word_1_370' title='bbox 772 4742 994 4805; x_wconf 89' lang='lat' dir='ltr'>posse:</span> <span class='ocrx_word' id='word_1_371' title='bbox 1063 4745 1293 4790; x_wconf 84' lang='lat' dir='ltr'>verum</span> <span class='ocrx_word' id='word_1_372' title='bbox 1335 4735 1842 4808; x_wconf 84' lang='lat' dir='ltr'>conquerentem</span> <span class='ocrx_word' id='word_1_373' title='bbox 1878 4722 2064 4789; x_wconf 90' lang='lat' dir='ltr'>illum</span> <span class='ocrx_word' id='word_1_374' title='bbox 2099 4744 2216 4789; x_wconf 90' lang='lat' dir='ltr'>au-</span> 
     </span>
     <span class='ocr_line' id='line_1_52' title="bbox 267 4806 2217 4894; baseline 0.004 -27"><span class='ocrx_word' id='word_1_375' title='bbox 267 4806 490 4872; x_wconf 85' lang='lat' dir='ltr'>dimus</span> <span class='ocrx_word' id='word_1_376' title='bbox 531 4806 660 4873; x_wconf 90' lang='lat' dir='ltr'>alio</span> <span class='ocrx_word' id='word_1_377' title='bbox 703 4809 861 4890; x_wconf 89' lang='lat' dir='ltr'>loco,</span> <span class='ocrx_word' id='word_1_378' title='bbox 914 4831 986 4875; x_wconf 90' lang='lat' dir='ltr'>se</span> <span class='ocrx_word' id='word_1_379' title='bbox 1029 4808 1111 4873; x_wconf 91' lang='lat' dir='ltr'>ab</span> <span class='ocrx_word' id='word_1_380' title='bbox 1155 4811 1459 4876; x_wconf 88' lang='lat' dir='ltr'>omnibus</span> <span class='ocrx_word' id='word_1_381' title='bbox 1506 4809 1907 4886; x_wconf 89' lang='lat' dir='ltr'>derelictum,</span> <span class='ocrx_word' id='word_1_382' title='bbox 1965 4821 2031 4876; x_wconf 91' lang='lat' dir='ltr'>et</span> <span class='ocrx_word' id='word_1_383' title='bbox 2075 4810 2217 4894; x_wconf 91' lang='lat' dir='ltr'>qui·</span> 
     </span>
     <span class='ocr_line' id='line_1_53' title="bbox 267 4892 2217 4980; baseline 0.003 -24"><span class='ocrx_word' id='word_1_384' title='bbox 267 4892 421 4958; x_wconf 78' lang='lat' dir='ltr'>-Jem</span> <span class='ocrx_word' id='word_1_385' title='bbox 448 4915 487 4959; x_wconf 91' lang='lat' dir='ltr'>a</span> <span class='ocrx_word' id='word_1_386' title='bbox 530 4895 848 4977; x_wconf 87' lang='lat' dir='ltr'>proximis</span> <span class='ocrx_word' id='word_1_387' title='bbox 891 4916 930 4959; x_wconf 91' lang='lat' dir='ltr'>a</span> <span class='ocrx_word' id='word_1_388' title='bbox 969 4896 1205 4979; x_wconf 84' lang='lat' dir='ltr'>quibus</span> <span class='ocrx_word' id='word_1_389' title='bbox 1241 4895 1563 4961; x_wconf 88' lang='lat' dir='ltr'>auxilium</span> <span class='ocrx_word' id='word_1_390' title='bbox 1601 4897 2037 4980; x_wconf 76' lang='lat' dir='ltr'>exspectabat,</span> <span class='ocrx_word' id='word_1_391' title='bbox 2075 4897 2217 4962; x_wconf 81' lang='lat' dir='ltr'>sive</span> 
     </span>
     <span class='ocr_line' id='line_1_54' title="bbox 267 4978 2217 5049; baseline 0.003 -7"><span class='ocrx_word' id='word_1_392' title='bbox 267 4978 663 5045; x_wconf 77' lang='lat' dir='ltr'>crudelitate</span> <span class='ocrx_word' id='word_1_393' title='bbox 729 4992 793 5045; x_wconf 92' lang='lat' dir='ltr'>et</span> <span class='ocrx_word' id='word_1_394' title='bbox 845 4981 1324 5047; x_wconf 85' lang='lat' dir='ltr'>inhumanitate</span> <span class='ocrx_word' id='word_1_395' title='bbox 1382 4984 1462 5047; x_wconf 91' lang='lat' dir='ltr'>ab</span> <span class='ocrx_word' id='word_1_396' title='bbox 1522 4983 1662 5048; x_wconf 90' lang='lat' dir='ltr'>eius</span> <span class='ocrx_word' id='word_1_397' title='bbox 1718 4983 1964 5049; x_wconf 91' lang='lat' dir='ltr'>auxilio</span> <span class='ocrx_word' id='word_1_398' title='bbox 2008 4983 2217 5048; x_wconf 90' lang='lat' dir='ltr'>deter-</span> 
     </span>
     <span class='ocr_line' id='line_1_55' title="bbox 263 5065 2221 5150; baseline 0.003 -22"><span class='ocrx_word' id='word_1_399' title='bbox 263 5065 386 5129; x_wconf 85' lang='lat' dir='ltr'>riti</span> <span class='ocrx_word' id='word_1_400' title='bbox 444 5067 597 5132; x_wconf 87' lang='lat' dir='ltr'>sint.</span> <span class='ocrx_word' id='word_1_401' title='bbox 685 5066 871 5133; x_wconf 90' lang='lat' dir='ltr'>Deus</span> <span class='ocrx_word' id='word_1_402' title='bbox 934 5068 1153 5150; x_wconf 90' lang='lat' dir='ltr'>itaque</span> <span class='ocrx_word' id='word_1_403' title='bbox 1210 5067 1558 5134; x_wconf 82' lang='lat' dir='ltr'>videbatur</span> <span class='ocrx_word' id='word_1_404' title='bbox 1600 5068 1932 5134; x_wconf 83' lang='lat' dir='ltr'>Davidem</span> <span class='ocrx_word' id='word_1_405' title='bbox 1975 5090 2060 5134; x_wconf 90' lang='lat' dir='ltr'>ex</span> <span class='ocrx_word' id='word_1_406' title='bbox 2103 5069 2221 5134; x_wconf 91' lang='lat' dir='ltr'>illa</span> 
     </span>
     <span class='ocr_line' id='line_1_56' title="bbox 265 5150 2218 5239; baseline 0.004 -26"><span class='ocrx_word' id='word_1_407' title='bbox 265 5150 588 5232; x_wconf 80' lang='lat' dir='ltr'>spelunca</span> <span class='ocrx_word' id='word_1_408' title='bbox 630 5153 935 5231; x_wconf 89' lang='lat' dir='ltr'>educens,</span> <span class='ocrx_word' id='word_1_409' title='bbox 980 5157 1047 5217; x_wconf 90' lang='lat' dir='ltr'>iu</span> <span class='ocrx_word' id='word_1_410' title='bbox 1094 5175 1223 5237; x_wconf 91' lang='lat' dir='ltr'>qua</span> <span class='ocrx_word' id='word_1_411' title='bbox 1267 5154 1469 5221; x_wconf 83' lang='lat' dir='ltr'>veluti</span> <span class='ocrx_word' id='word_1_412' title='bbox 1511 5155 1808 5239; x_wconf 89' lang='lat' dir='ltr'>sepultus</span> <span class='ocrx_word' id='word_1_413' title='bbox 1843 5155 2105 5235; x_wconf 86' lang='lat' dir='ltr'>latebat,</span> <span class='ocrx_word' id='word_1_414' title='bbox 2153 5166 2218 5222; x_wconf 91' lang='lat' dir='ltr'>et</span> 
     </span>
     <span class='ocr_line' id='line_1_57' title="bbox 265 5238 2217 5322; baseline 0.004 -22"><span class='ocrx_word' id='word_1_415' title='bbox 265 5238 344 5300; x_wconf 88' lang='lat' dir='ltr'>in</span> <span class='ocrx_word' id='word_1_416' title='bbox 388 5248 689 5321; x_wconf 83' lang='lat' dir='ltr'>apertum</span> <span class='ocrx_word' id='word_1_417' title='bbox 734 5238 990 5322; x_wconf 89' lang='lat' dir='ltr'>prodire</span> <span class='ocrx_word' id='word_1_418' title='bbox 1035 5239 1267 5305; x_wconf 91' lang='lat' dir='ltr'>iubens</span> <span class='ocrx_word' id='word_1_419' title='bbox 1313 5251 1382 5306; x_wconf 88' lang='lat' dir='ltr'>ut</span> <span class='ocrx_word' id='word_1_420' title='bbox 1430 5241 1601 5307; x_wconf 85' lang='lat' dir='ltr'>vitae</span> <span class='ocrx_word' id='word_1_421' title='bbox 1644 5242 1958 5321; x_wconf 89' lang='lat' dir='ltr'>consulat,</span> <span class='ocrx_word' id='word_1_422' title='bbox 2015 5243 2217 5309; x_wconf 84' lang='lat' dir='ltr'>furori</span> 
     </span>
    </p>
   </div>
   <div class='ocr_carea' id='block_1_5' title="bbox 486 5341 1307 5411">
    <p class='ocr_par' dir='ltr' id='par_1_6' title="bbox 486 5341 1307 5411">
     <span class='ocr_line' id='line_1_58' title="bbox 486 5341 1307 5411; baseline 0.01 -14"><span class='ocrx_word' id='word_1_423' title='bbox 486 5341 708 5398; x_wconf 66' lang='lat' dir='ltr'>Caluini</span> <span class='ocrx_word' id='word_1_424' title='bbox 730 5357 914 5411; x_wconf 78' lang='lat' dir='ltr'>opera.</span> <span class='ocrx_word' id='word_1_425' title='bbox 963 5343 1087 5401; x_wconf 79' lang='lat' dir='ltr'>Vol.</span> <span class='ocrx_word' id='word_1_426' title='bbox 1111 5343 1307 5405; x_wconf 81' lang='lat' dir='ltr'>XXX.</span> 
     </span>
    </p>
   </div>
   <div class='ocr_carea' id='block_1_6' title="bbox 1571 318 2971 391">
    <p class='ocr_par' dir='ltr' id='par_1_7' title="bbox 1571 318 2971 391">
     <span class='ocr_line' id='line_1_59' title="bbox 1571 318 2971 391; baseline 0.002 -5"><span class='ocrx_word' id='word_1_427' title='bbox 1571 320 1671 386; x_wconf 92' lang='lat' dir='ltr'>IN</span> <span class='ocrx_word' id='word_1_428' title='bbox 1716 321 1770 387; x_wconf 92' lang='lat'>1.</span> <span class='ocrx_word' id='word_1_429' title='bbox 1818 319 1998 386; x_wconf 90' lang='lat' dir='ltr'>LIB.</span> <span class='ocrx_word' id='word_1_430' title='bbox 2043 318 2447 391; x_wconf 74' lang='lat' dir='ltr'>SAMUEL.</span> <span class='ocrx_word' id='word_1_431' title='bbox 2494 322 2693 390; x_wconf 82' lang='lat' dir='ltr'>CAP.</span> <span class='ocrx_word' id='word_1_432' title='bbox 2739 324 2971 390; x_wconf 88' lang='lat' dir='ltr'>XXII.</span> 
     </span>
    </p>
   </div>
   <div class='ocr_carea' id='block_1_7' title="bbox 4159 324 4289 391">
    <p class='ocr_par' dir='ltr' id='par_1_8' title="bbox 4159 324 4289 391">
     <span class='ocr_line' id='line_1_60' title="bbox 4159 324 4289 391; baseline 0.015 -2"><span class='ocrx_word' id='word_1_433' title='bbox 4159 324 4289 391; x_wconf 87' lang='lat'>418</span> 
     </span>
    </p>
   </div>
   <div class='ocr_carea' id='block_1_8' title="bbox 2317 509 4353 5321">
    <p class='ocr_par' dir='ltr' id='par_1_9' title="bbox 2337 509 4290 940">
     <span class='ocr_line' id='line_1_61' title="bbox 2337 509 4289 597; baseline -0.001 -18"><span class='ocrx_word' id='word_1_434' title='bbox 2337 521 2409 579; x_wconf 90' lang='lat' dir='ltr'>et</span> <span class='ocrx_word' id='word_1_435' title='bbox 2471 511 2849 580; x_wconf 85' lang='lat' dir='ltr'>crudelitati</span> <span class='ocrx_word' id='word_1_436' title='bbox 2906 510 3130 579; x_wconf 83' lang='lat' dir='ltr'>Saulis</span> <span class='ocrx_word' id='word_1_437' title='bbox 3185 510 3586 596; x_wconf 84' lang='lat' dir='ltr'>exposuisse.</span> <span class='ocrx_word' id='word_1_438' title='bbox 3675 509 3867 593; x_wconf 77' lang='lat' dir='ltr'>Quae</span> <span class='ocrx_word' id='word_1_439' title='bbox 3923 531 4082 579; x_wconf 88' lang='lat' dir='ltr'>sane</span> <span class='ocrx_word' id='word_1_440' title='bbox 4138 533 4289 597; x_wconf 81' lang='lat' dir='ltr'>gra-</span> 
     </span>
     <span class='ocr_line' id='line_1_62' title="bbox 2339 597 4290 682; baseline 0 -17"><span class='ocrx_word' id='word_1_441' title='bbox 2339 597 2611 666; x_wconf 83' lang='lat' dir='ltr'>vissima</span> <span class='ocrx_word' id='word_1_442' title='bbox 2643 600 2767 682; x_wconf 90' lang='lat' dir='ltr'>ipsi</span> <span class='ocrx_word' id='word_1_443' title='bbox 2805 598 2929 663; x_wconf 81' lang='lat' dir='ltr'>fuit</span> <span class='ocrx_word' id='word_1_444' title='bbox 2964 597 3262 664; x_wconf 86' lang='lat' dir='ltr'>tentatio.</span> <span class='ocrx_word' id='word_1_445' title='bbox 3331 597 3810 663; x_wconf 87' lang='lat' dir='ltr'>Verumtamen</span> <span class='ocrx_word' id='word_1_446' title='bbox 3848 618 3979 663; x_wconf 91' lang='lat' dir='ltr'>uon</span> <span class='ocrx_word' id='word_1_447' title='bbox 4016 598 4290 665; x_wconf 87' lang='lat' dir='ltr'>dubium</span> 
     </span>
     <span class='ocr_line' id='line_1_63' title="bbox 2337 682 4288 768; baseline 0 -18"><span class='ocrx_word' id='word_1_448' title='bbox 2337 694 2437 750; x_wconf 91' lang='lat' dir='ltr'>est</span> <span class='ocrx_word' id='word_1_449' title='bbox 2500 685 2659 768; x_wconf 91' lang='lat' dir='ltr'>quin</span> <span class='ocrx_word' id='word_1_450' title='bbox 2707 682 2930 750; x_wconf 82' lang='lat' dir='ltr'>David</span> <span class='ocrx_word' id='word_1_451' title='bbox 2972 704 3280 768; x_wconf 84' lang='lat' dir='ltr'>magnam</span> <span class='ocrx_word' id='word_1_452' title='bbox 3325 682 3832 750; x_wconf 89' lang='lat' dir='ltr'>consolationem</span> <span class='ocrx_word' id='word_1_453' title='bbox 3878 705 3965 748; x_wconf 89' lang='lat' dir='ltr'>ex</span> <span class='ocrx_word' id='word_1_454' title='bbox 4008 682 4288 767; x_wconf 53' lang='lat' dir='ltr'>proebe-</span> 
     </span>
     <span class='ocr_line' id='line_1_64' title="bbox 2337 769 4288 853; baseline 0 -17"><span class='ocrx_word' id='word_1_455' title='bbox 2337 778 2444 835; x_wconf 85' lang='lat' dir='ltr'>tae</span> <span class='ocrx_word' id='word_1_456' title='bbox 2501 771 2720 836; x_wconf 83' lang='lat' dir='ltr'>verbis</span> <span class='ocrx_word' id='word_1_457' title='bbox 2763 770 3103 853; x_wconf 85' lang='lat' dir='ltr'>acceperit,</span> <span class='ocrx_word' id='word_1_458' title='bbox 3163 779 3230 834; x_wconf 91' lang='lat' dir='ltr'>et</span> <span class='ocrx_word' id='word_1_459' title='bbox 3272 788 3668 853; x_wconf 87' lang='lat' dir='ltr'>magnopere</span> <span class='ocrx_word' id='word_1_460' title='bbox 3711 769 3798 835; x_wconf 90' lang='lat' dir='ltr'>sit</span> <span class='ocrx_word' id='word_1_461' title='bbox 3841 771 4288 850; x_wconf 64' lang='lat' dir='ltr'>confirmatus,</span> 
     </span>
     <span class='ocr_line' id='line_1_65' title="bbox 2338 855 3585 940; baseline 0 -21"><span class='ocrx_word' id='word_1_462' title='bbox 2338 855 2490 923; x_wconf 88' lang='lat' dir='ltr'>licet.</span> <span class='ocrx_word' id='word_1_463' title='bbox 2535 856 2728 923; x_wconf 85' lang='lat' dir='ltr'>novis</span> <span class='ocrx_word' id='word_1_464' title='bbox 2772 855 3081 940; x_wconf 89' lang='lat' dir='ltr'>periculis</span> <span class='ocrx_word' id='word_1_465' title='bbox 3123 866 3585 938; x_wconf 79' lang='lat' dir='ltr'>exponeretur.</span> 
     </span>
    </p>

    <p class='ocr_par' dir='ltr' id='par_1_10' title="bbox 2336 938 4291 1871">
     <span class='ocr_line' id='line_1_66' title="bbox 2508 938 4289 1026; baseline 0.001 -18"><span class='ocrx_word' id='word_1_466' title='bbox 2508 944 2620 1008; x_wconf 82' lang='lat' dir='ltr'>Ex</span> <span class='ocrx_word' id='word_1_467' title='bbox 2683 941 2806 1008; x_wconf 89' lang='lat' dir='ltr'>hoc</span> <span class='ocrx_word' id='word_1_468' title='bbox 2867 941 3070 1026; x_wconf 90' lang='lat' dir='ltr'>igitur</span> <span class='ocrx_word' id='word_1_469' title='bbox 3128 938 3271 1006; x_wconf 91' lang='lat' dir='ltr'>loco</span> <span class='ocrx_word' id='word_1_470' title='bbox 3334 939 3702 1007; x_wconf 89' lang='lat' dir='ltr'>doctrinam</span> <span class='ocrx_word' id='word_1_471' title='bbox 3761 939 4178 1007; x_wconf 86' lang='lat' dir='ltr'>utilissimam</span> <span class='ocrx_word' id='word_1_472' title='bbox 4221 949 4289 1009; x_wconf 81' lang='lat' dir='ltr'>et</span> 
     </span>
     <span class='ocr_line' id='line_1_67' title="bbox 2339 1026 4285 1111; baseline 0 -16"><span class='ocrx_word' id='word_1_473' title='bbox 2339 1026 2529 1095; x_wconf 85' lang='lat' dir='ltr'>valde</span> <span class='ocrx_word' id='word_1_474' title='bbox 2570 1028 3004 1094; x_wconf 89' lang='lat' dir='ltr'>necessariam</span> <span class='ocrx_word' id='word_1_475' title='bbox 3051 1027 3454 1111; x_wconf 90' lang='lat' dir='ltr'>colligamus,</span> <span class='ocrx_word' id='word_1_476' title='bbox 3499 1036 3569 1092; x_wconf 90' lang='lat' dir='ltr'>et</span> <span class='ocrx_word' id='word_1_477' title='bbox 3610 1027 3679 1090; x_wconf 85' lang='lat' dir='ltr'>in</span> <span class='ocrx_word' id='word_1_478' title='bbox 3715 1026 3945 1109; x_wconf 89' lang='lat' dir='ltr'>primis</span> <span class='ocrx_word' id='word_1_479' title='bbox 3978 1029 4285 1095; x_wconf 81' lang='lat' dir='ltr'>observe-</span> 
     </span>
     <span class='ocr_line' id='line_1_68' title="bbox 2337 1111 4288 1181; baseline 0.001 -3"><span class='ocrx_word' id='word_1_480' title='bbox 2337 1134 2488 1178; x_wconf 87' lang='lat' dir='ltr'>mus</span> <span class='ocrx_word' id='word_1_481' title='bbox 2545 1115 2763 1180; x_wconf 90' lang='lat' dir='ltr'>Deum</span> <span class='ocrx_word' id='word_1_482' title='bbox 2821 1134 2941 1178; x_wconf 89' lang='lat' dir='ltr'>uos</span> <span class='ocrx_word' id='word_1_483' title='bbox 2999 1111 3200 1179; x_wconf 81' lang='lat' dir='ltr'>verbo</span> <span class='ocrx_word' id='word_1_484' title='bbox 3243 1132 3364 1178; x_wconf 91' lang='lat' dir='ltr'>suo</span> <span class='ocrx_word' id='word_1_485' title='bbox 3411 1111 3733 1178; x_wconf 87' lang='lat' dir='ltr'>solantem</span> <span class='ocrx_word' id='word_1_486' title='bbox 3779 1131 3911 1177; x_wconf 90' lang='lat' dir='ltr'>non</span> <span class='ocrx_word' id='word_1_487' title='bbox 3958 1133 4091 1179; x_wconf 93' lang='lat' dir='ltr'>uno</span> <span class='ocrx_word' id='word_1_488' title='bbox 4147 1135 4288 1181; x_wconf 91' lang='lat' dir='ltr'>mo-</span> 
     </span>
     <span class='ocr_line' id='line_1_69' title="bbox 2338 1196 4289 1282; baseline 0.002 -18"><span class='ocrx_word' id='word_1_489' title='bbox 2338 1211 2563 1265; x_wconf 90' lang='lat' dir='ltr'>mento</span> <span class='ocrx_word' id='word_1_490' title='bbox 2628 1220 2751 1265; x_wconf 89' lang='lat' dir='ltr'>nos</span> <span class='ocrx_word' id='word_1_491' title='bbox 2812 1197 3116 1265; x_wconf 89' lang='lat' dir='ltr'>omnibus</span> <span class='ocrx_word' id='word_1_492' title='bbox 3181 1196 3514 1264; x_wconf 88' lang='lat' dir='ltr'>doloribus</span> <span class='ocrx_word' id='word_1_493' title='bbox 3579 1207 3648 1262; x_wconf 91' lang='lat' dir='ltr'>et</span> <span class='ocrx_word' id='word_1_494' title='bbox 3711 1198 3984 1264; x_wconf 86' lang='lat' dir='ltr'>tristitia</span> <span class='ocrx_word' id='word_1_495' title='bbox 4039 1198 4289 1282; x_wconf 80' lang='lat' dir='ltr'>levare,</span> 
     </span>
     <span class='ocr_line' id='line_1_70' title="bbox 2338 1282 4290 1371; baseline 0.002 -21"><span class='ocrx_word' id='word_1_496' title='bbox 2338 1306 2551 1369; x_wconf 90' lang='lat' dir='ltr'>neque</span> <span class='ocrx_word' id='word_1_497' title='bbox 2596 1307 2712 1351; x_wconf 90' lang='lat' dir='ltr'>nos</span> <span class='ocrx_word' id='word_1_498' title='bbox 2753 1284 2923 1351; x_wconf 81' lang='lat' dir='ltr'>velle</span> <span class='ocrx_word' id='word_1_499' title='bbox 2968 1293 3102 1349; x_wconf 90' lang='lat' dir='ltr'>tam</span> <span class='ocrx_word' id='word_1_500' title='bbox 3148 1283 3458 1351; x_wconf 89' lang='lat' dir='ltr'>delicatos</span> <span class='ocrx_word' id='word_1_501' title='bbox 3494 1303 3638 1349; x_wconf 88' lang='lat' dir='ltr'>esse</span> <span class='ocrx_word' id='word_1_502' title='bbox 3672 1293 3749 1348; x_wconf 89' lang='lat' dir='ltr'>ut</span> <span class='ocrx_word' id='word_1_503' title='bbox 3784 1282 3971 1349; x_wconf 92' lang='lat' dir='ltr'>nulla</span> <span class='ocrx_word' id='word_1_504' title='bbox 4004 1285 4290 1371; x_wconf 89' lang='lat' dir='ltr'>amplius</span> 
     </span>
     <span class='ocr_line' id='line_1_71' title="bbox 2337 1368 4283 1452; baseline 0.001 -16"><span class='ocrx_word' id='word_1_505' title='bbox 2337 1371 2766 1451; x_wconf 89' lang='lat' dir='ltr'>solicitudine,</span> <span class='ocrx_word' id='word_1_506' title='bbox 2821 1370 3008 1436; x_wconf 89' lang='lat' dir='ltr'>nulla</span> <span class='ocrx_word' id='word_1_507' title='bbox 3052 1369 3339 1450; x_wconf 86' lang='lat' dir='ltr'>tristitia,</span> <span class='ocrx_word' id='word_1_508' title='bbox 3385 1368 3570 1434; x_wconf 90' lang='lat' dir='ltr'>nullo</span> <span class='ocrx_word' id='word_1_509' title='bbox 3614 1378 3797 1435; x_wconf 90' lang='lat' dir='ltr'>metu</span> <span class='ocrx_word' id='word_1_510' title='bbox 3840 1390 4283 1452; x_wconf 88' lang='lat' dir='ltr'>exerceamur,</span> 
     </span>
     <span class='ocr_line' id='line_1_72' title="bbox 2337 1454 4289 1534; baseline -0.001 -11"><span class='ocrx_word' id='word_1_511' title='bbox 2337 1456 2453 1523; x_wconf 91' lang='lat' dir='ltr'>sed</span> <span class='ocrx_word' id='word_1_512' title='bbox 2511 1457 2661 1523; x_wconf 90' lang='lat' dir='ltr'>ideo</span> <span class='ocrx_word' id='word_1_513' title='bbox 2718 1454 2920 1523; x_wconf 87' lang='lat' dir='ltr'>solari</span> <span class='ocrx_word' id='word_1_514' title='bbox 2977 1456 3178 1522; x_wconf 81' lang='lat' dir='ltr'>verbo</span> <span class='ocrx_word' id='word_1_515' title='bbox 3222 1475 3363 1534; x_wconf 89' lang='lat' dir='ltr'>suo,</span> <span class='ocrx_word' id='word_1_516' title='bbox 3426 1464 3501 1519; x_wconf 92' lang='lat' dir='ltr'>ut</span> <span class='ocrx_word' id='word_1_517' title='bbox 3541 1463 3796 1521; x_wconf 89' lang='lat' dir='ltr'>certum</span> <span class='ocrx_word' id='word_1_518' title='bbox 3839 1457 4289 1523; x_wconf 88' lang='lat' dir='ltr'>testimonium</span> 
     </span>
     <span class='ocr_line' id='line_1_73' title="bbox 2337 1540 4291 1628; baseline 0.001 -19"><span class='ocrx_word' id='word_1_519' title='bbox 2337 1543 2697 1609; x_wconf 89' lang='lat' dir='ltr'>habeamus</span> <span class='ocrx_word' id='word_1_520' title='bbox 2754 1543 2973 1628; x_wconf 89' lang='lat' dir='ltr'>ipsum</span> <span class='ocrx_word' id='word_1_521' title='bbox 3032 1562 3174 1608; x_wconf 90' lang='lat' dir='ltr'>esse</span> <span class='ocrx_word' id='word_1_522' title='bbox 3231 1541 3419 1608; x_wconf 91' lang='lat' dir='ltr'>nobis</span> <span class='ocrx_word' id='word_1_523' title='bbox 3475 1550 3750 1624; x_wconf 89' lang='lat' dir='ltr'>patrem,</span> <span class='ocrx_word' id='word_1_524' title='bbox 3809 1549 3875 1606; x_wconf 91' lang='lat' dir='ltr'>et</span> <span class='ocrx_word' id='word_1_525' title='bbox 3917 1540 4291 1610; x_wconf 87' lang='lat' dir='ltr'>laborantes</span> 
     </span>
     <span class='ocr_line' id='line_1_74' title="bbox 2336 1625 4289 1711; baseline 0 -16"><span class='ocrx_word' id='word_1_526' title='bbox 2336 1629 2543 1695; x_wconf 87' lang='lat' dir='ltr'>oculis</span> <span class='ocrx_word' id='word_1_527' title='bbox 2585 1629 2723 1695; x_wconf 92' lang='lat' dir='ltr'>suis</span> <span class='ocrx_word' id='word_1_528' title='bbox 2768 1627 3110 1711; x_wconf 83' lang='lat' dir='ltr'>respicere.</span> <span class='ocrx_word' id='word_1_529' title='bbox 3201 1625 3389 1709; x_wconf 77' lang='lat' dir='ltr'>Quae</span> <span class='ocrx_word' id='word_1_530' title='bbox 3434 1626 3733 1693; x_wconf 91' lang='lat' dir='ltr'>doctrina</span> <span class='ocrx_word' id='word_1_531' title='bbox 3774 1627 3831 1691; x_wconf 92' lang='lat' dir='ltr'>si</span> <span class='ocrx_word' id='word_1_532' title='bbox 3869 1627 4111 1693; x_wconf 88' lang='lat' dir='ltr'>nostris</span> <span class='ocrx_word' id='word_1_533' title='bbox 4146 1628 4289 1695; x_wconf 90' lang='lat' dir='ltr'>ani·</span> 
     </span>
     <span class='ocr_line' id='line_1_75' title="bbox 2339 1711 4291 1792; baseline 0 -12"><span class='ocrx_word' id='word_1_534' title='bbox 2339 1716 2463 1780; x_wconf 91' lang='lat' dir='ltr'>mis</span> <span class='ocrx_word' id='word_1_535' title='bbox 2518 1713 2910 1792; x_wconf 86' lang='lat' dir='ltr'>adhaeserit,</span> <span class='ocrx_word' id='word_1_536' title='bbox 2967 1714 3297 1780; x_wconf 81' lang='lat' dir='ltr'>sufficeret</span> <span class='ocrx_word' id='word_1_537' title='bbox 3357 1711 3441 1778; x_wconf 91' lang='lat' dir='ltr'>ad</span> <span class='ocrx_word' id='word_1_538' title='bbox 3500 1733 3729 1778; x_wconf 88' lang='lat' dir='ltr'>omnes</span> <span class='ocrx_word' id='word_1_539' title='bbox 3785 1732 3975 1779; x_wconf 90' lang='lat' dir='ltr'>casus</span> <span class='ocrx_word' id='word_1_540' title='bbox 4031 1714 4291 1780; x_wconf 87' lang='lat' dir='ltr'>fortiter</span> 
     </span>
     <span class='ocr_line' id='line_1_76' title="bbox 2337 1797 4290 1871; baseline 0 -6"><span class='ocrx_word' id='word_1_541' title='bbox 2337 1799 2661 1867; x_wconf 89' lang='lat' dir='ltr'>ferendos.</span> <span class='ocrx_word' id='word_1_542' title='bbox 2752 1798 2873 1867; x_wconf 86' lang='lat' dir='ltr'>Sin</span> <span class='ocrx_word' id='word_1_543' title='bbox 2921 1819 3076 1866; x_wconf 87' lang='lat' dir='ltr'>vero</span> <span class='ocrx_word' id='word_1_544' title='bbox 3120 1819 3257 1864; x_wconf 87' lang='lat' dir='ltr'>non</span> <span class='ocrx_word' id='word_1_545' title='bbox 3300 1799 3587 1865; x_wconf 85' lang='lat' dir='ltr'>sufficiat</span> <span class='ocrx_word' id='word_1_546' title='bbox 3625 1797 4142 1871; x_wconf 85' lang='lat' dir='ltr'>inexcusabilem</span> <span class='ocrx_word' id='word_1_547' title='bbox 4185 1801 4290 1865; x_wconf 91' lang='lat' dir='ltr'>in-</span> 
     </span>
    </p>

    <p class='ocr_par' dir='ltr' id='par_1_11' title="bbox 2317 1881 4353 5321">
     <span class='ocr_line' id='line_1_77' title="bbox 2459 1881 4289 1965; baseline 0 -14"><span class='ocrx_word' id='word_1_548' title='bbox 2459 1885 2809 1952; x_wconf 89' lang='lat' dir='ltr'>titudinem</span> <span class='ocrx_word' id='word_1_549' title='bbox 2898 1895 3193 1957; x_wconf 89' lang='lat' dir='ltr'>nostram</span> <span class='ocrx_word' id='word_1_550' title='bbox 3277 1884 3719 1950; x_wconf 86' lang='lat' dir='ltr'>ostendemus.</span> <span class='ocrx_word' id='word_1_551' title='bbox 3842 1881 4289 1965; x_wconf 77' lang='lat' dir='ltr'>Quamobrem</span> 
     </span>
     <span class='ocr_line' id='line_1_78' title="bbox 2382 1968 4289 2054; baseline 0 -16"><span class='ocrx_word' id='word_1_552' title='bbox 2382 1973 2668 2039; x_wconf 86' lang='lat' dir='ltr'>iscamus</span> <span class='ocrx_word' id='word_1_553' title='bbox 2738 1970 2868 2037; x_wconf 88' lang='lat' dir='ltr'>tale</span> <span class='ocrx_word' id='word_1_554' title='bbox 2926 1970 3234 2038; x_wconf 88' lang='lat' dir='ltr'>solatium</span> <span class='ocrx_word' id='word_1_555' title='bbox 3287 1969 3531 2036; x_wconf 86' lang='lat' dir='ltr'>nostris</span> <span class='ocrx_word' id='word_1_556' title='bbox 3588 1968 3921 2036; x_wconf 86' lang='lat' dir='ltr'>doloribus</span> <span class='ocrx_word' id='word_1_557' title='bbox 3976 1991 4289 2054; x_wconf 88' lang='lat' dir='ltr'>quaerere</span> 
     </span>
     <span class='ocr_line' id='line_1_79' title="bbox 2338 2055 4287 2141; baseline -0.001 -16"><span class='ocrx_word' id='word_1_558' title='bbox 2338 2068 2405 2125; x_wconf 90' lang='lat' dir='ltr'>et</span> <span class='ocrx_word' id='word_1_559' title='bbox 2438 2058 2509 2123; x_wconf 93' lang='lat' dir='ltr'>in</span> <span class='ocrx_word' id='word_1_560' title='bbox 2544 2077 2802 2125; x_wconf 90' lang='lat' dir='ltr'>summa</span> <span class='ocrx_word' id='word_1_561' title='bbox 2838 2057 3108 2123; x_wconf 86' lang='lat' dir='ltr'>tristitia</span> <span class='ocrx_word' id='word_1_562' title='bbox 3141 2055 3397 2137; x_wconf 87' lang='lat' dir='ltr'>laetari,</span> <span class='ocrx_word' id='word_1_563' title='bbox 3441 2063 3518 2121; x_wconf 89' lang='lat' dir='ltr'>ut</span> <span class='ocrx_word' id='word_1_564' title='bbox 3555 2076 3690 2121; x_wconf 89' lang='lat' dir='ltr'>non</span> <span class='ocrx_word' id='word_1_565' title='bbox 3724 2061 4112 2141; x_wconf 86' lang='lat' dir='ltr'>appetamus</span> <span class='ocrx_word' id='word_1_566' title='bbox 4153 2066 4287 2123; x_wconf 88' lang='lat' dir='ltr'>ter·</span> 
     </span>
     <span class='ocr_line' id='line_1_80' title="bbox 2338 2141 4353 2229; baseline -0 -19"><span class='ocrx_word' id='word_1_567' title='bbox 2338 2165 2571 2210; x_wconf 90' lang='lat' dir='ltr'>renam</span> <span class='ocrx_word' id='word_1_568' title='bbox 2629 2143 2917 2229; x_wconf 85' lang='lat' dir='ltr'>aliquam</span> <span class='ocrx_word' id='word_1_569' title='bbox 2974 2141 3465 2220; x_wconf 87' lang='lat' dir='ltr'>beatitudinem,</span> <span class='ocrx_word' id='word_1_570' title='bbox 3524 2142 3596 2206; x_wconf 91' lang='lat' dir='ltr'>in</span> <span class='ocrx_word' id='word_1_571' title='bbox 3653 2160 3783 2225; x_wconf 90' lang='lat' dir='ltr'>qua</span> <span class='ocrx_word' id='word_1_572' title='bbox 3839 2142 4024 2209; x_wconf 90' lang='lat' dir='ltr'>nobis</span> <span class='ocrx_word' id='word_1_573' title='bbox 4067 2143 4290 2210; x_wconf 88' lang='lat' dir='ltr'>omnia</span> <span class='ocrx_word' id='word_1_574' title='bbox 4335 2162 4353 2179; x_wconf 88' lang='lat'><strong>·</strong></span> 
     </span>
     <span class='ocr_line' id='line_1_81' title="bbox 2338 2225 4287 2312; baseline 0.001 -17"><span class='ocrx_word' id='word_1_575' title='bbox 2338 2229 2616 2309; x_wconf 87' lang='lat' dir='ltr'>rideant,</span> <span class='ocrx_word' id='word_1_576' title='bbox 2680 2229 2797 2295; x_wconf 91' lang='lat' dir='ltr'>sed</span> <span class='ocrx_word' id='word_1_577' title='bbox 2860 2227 3152 2294; x_wconf 89' lang='lat' dir='ltr'>contenti</span> <span class='ocrx_word' id='word_1_578' title='bbox 3207 2227 3415 2294; x_wconf 89' lang='lat' dir='ltr'>simus</span> <span class='ocrx_word' id='word_1_579' title='bbox 3469 2226 3598 2294; x_wconf 92' lang='lat' dir='ltr'>Dei</span> <span class='ocrx_word' id='word_1_580' title='bbox 3650 2225 3871 2307; x_wconf 81' lang='lat' dir='ltr'>verbo,</span> <span class='ocrx_word' id='word_1_581' title='bbox 3949 2227 4119 2312; x_wconf 92' lang='lat' dir='ltr'>quod</span> <span class='ocrx_word' id='word_1_582' title='bbox 4164 2250 4287 2297; x_wconf 90' lang='lat' dir='ltr'>nos</span> 
     </span>
     <span class='ocr_line' id='line_1_82' title="bbox 2336 2312 4290 2400; baseline 0.001 -19"><span class='ocrx_word' id='word_1_583' title='bbox 2336 2315 2520 2382; x_wconf 91' lang='lat' dir='ltr'>iubet</span> <span class='ocrx_word' id='word_1_584' title='bbox 2554 2335 2837 2400; x_wconf 90' lang='lat' dir='ltr'>sperare,</span> <span class='ocrx_word' id='word_1_585' title='bbox 2875 2316 3093 2381; x_wconf 89' lang='lat' dir='ltr'>Deum</span> <span class='ocrx_word' id='word_1_586' title='bbox 3121 2315 3499 2381; x_wconf 84' lang='lat' dir='ltr'>invocantes</span> <span class='ocrx_word' id='word_1_587' title='bbox 3524 2333 3855 2397; x_wconf 90' lang='lat' dir='ltr'>nunquam</span> <span class='ocrx_word' id='word_1_588' title='bbox 3880 2312 4290 2397; x_wconf 88' lang='lat' dir='ltr'>deserendos,</span> 
     </span>
     <span class='ocr_line' id='line_1_83' title="bbox 2337 2396 4289 2484; baseline 0 -16"><span class='ocrx_word' id='word_1_589' title='bbox 2337 2401 2466 2468; x_wconf 90' lang='lat' dir='ltr'>Dei</span> <span class='ocrx_word' id='word_1_590' title='bbox 2510 2400 2773 2469; x_wconf 89' lang='lat' dir='ltr'>oculum</span> <span class='ocrx_word' id='word_1_591' title='bbox 2816 2421 3017 2484; x_wconf 90' lang='lat' dir='ltr'>super</span> <span class='ocrx_word' id='word_1_592' title='bbox 3058 2399 3267 2466; x_wconf 90' lang='lat' dir='ltr'>iustos</span> <span class='ocrx_word' id='word_1_593' title='bbox 3311 2419 3473 2466; x_wconf 89' lang='lat' dir='ltr'>esse.</span> <span class='ocrx_word' id='word_1_594' title='bbox 3560 2396 3787 2480; x_wconf 77' lang='lat' dir='ltr'>Quare</span> <span class='ocrx_word' id='word_1_595' title='bbox 3831 2419 4289 2483; x_wconf 85' lang='lat' dir='ltr'>quamcunque</span> 
     </span>
     <span class='ocr_line' id='line_1_84' title="bbox 2342 2484 4288 2563; baseline 0.001 -10"><span class='ocrx_word' id='word_1_596' title='bbox 2342 2487 2778 2553; x_wconf 86' lang='lat' dir='ltr'>conditionem</span> <span class='ocrx_word' id='word_1_597' title='bbox 2843 2487 3027 2552; x_wconf 89' lang='lat' dir='ltr'>Deus</span> <span class='ocrx_word' id='word_1_598' title='bbox 3085 2485 3357 2563; x_wconf 88' lang='lat' dir='ltr'>dederit,</span> <span class='ocrx_word' id='word_1_599' title='bbox 3415 2505 3495 2551; x_wconf 91' lang='lat' dir='ltr'>ea</span> <span class='ocrx_word' id='word_1_600' title='bbox 3535 2484 3827 2551; x_wconf 91' lang='lat' dir='ltr'>contenti</span> <span class='ocrx_word' id='word_1_601' title='bbox 3870 2485 4096 2552; x_wconf 90' lang='lat' dir='ltr'>simus.</span> <span class='ocrx_word' id='word_1_602' title='bbox 4187 2489 4288 2555; x_wconf 82' lang='lat' dir='ltr'>Ae</span> 
     </span>
     <span class='ocr_line' id='line_1_85' title="bbox 2337 2570 4290 2658; baseline -0.001 -17"><span class='ocrx_word' id='word_1_603' title='bbox 2337 2595 2494 2641; x_wconf 90' lang='lat' dir='ltr'>saue</span> <span class='ocrx_word' id='word_1_604' title='bbox 2560 2572 2730 2658; x_wconf 90' lang='lat' dir='ltr'>quod</span> <span class='ocrx_word' id='word_1_605' title='bbox 2795 2572 2869 2638; x_wconf 92' lang='lat' dir='ltr'>in</span> <span class='ocrx_word' id='word_1_606' title='bbox 2934 2571 3139 2639; x_wconf 87' lang='lat' dir='ltr'>sacris</span> <span class='ocrx_word' id='word_1_607' title='bbox 3203 2571 3528 2655; x_wconf 91' lang='lat' dir='ltr'>audimus,</span> <span class='ocrx_word' id='word_1_608' title='bbox 3593 2591 3714 2637; x_wconf 88' lang='lat' dir='ltr'>nos</span> <span class='ocrx_word' id='word_1_609' title='bbox 3771 2570 3840 2636; x_wconf 91' lang='lat' dir='ltr'>in</span> <span class='ocrx_word' id='word_1_610' title='bbox 3899 2570 4030 2636; x_wconf 92' lang='lat' dir='ltr'>Dei</span> <span class='ocrx_word' id='word_1_611' title='bbox 4073 2573 4290 2656; x_wconf 88' lang='lat' dir='ltr'>gratia</span> 
     </span>
     <span class='ocr_line' id='line_1_86' title="bbox 2335 2654 4288 2743; baseline -0.001 -16"><span class='ocrx_word' id='word_1_612' title='bbox 2335 2658 2580 2727; x_wconf 86' lang='lat' dir='ltr'>habere</span> <span class='ocrx_word' id='word_1_613' title='bbox 2634 2655 2948 2743; x_wconf 89' lang='lat' dir='ltr'>quidquid</span> <span class='ocrx_word' id='word_1_614' title='bbox 3005 2656 3225 2740; x_wconf 89' lang='lat' dir='ltr'>expeti</span> <span class='ocrx_word' id='word_1_615' title='bbox 3281 2665 3512 2741; x_wconf 88' lang='lat' dir='ltr'>potest,</span> <span class='ocrx_word' id='word_1_616' title='bbox 3573 2654 3940 2723; x_wconf 86' lang='lat' dir='ltr'>doctrinam</span> <span class='ocrx_word' id='word_1_617' title='bbox 3996 2657 4288 2725; x_wconf 89' lang='lat' dir='ltr'>continet</span> 
     </span>
     <span class='ocr_line' id='line_1_87' title="bbox 2337 2741 4286 2830; baseline -0.001 -18"><span class='ocrx_word' id='word_1_618' title='bbox 2337 2767 2535 2830; x_wconf 90' lang='lat' dir='ltr'>quam</span> <span class='ocrx_word' id='word_1_619' title='bbox 2578 2765 2698 2830; x_wconf 89' lang='lat' dir='ltr'>per</span> <span class='ocrx_word' id='word_1_620' title='bbox 2740 2764 3004 2811; x_wconf 89' lang='lat' dir='ltr'>omnem</span> <span class='ocrx_word' id='word_1_621' title='bbox 3050 2741 3258 2810; x_wconf 82' lang='lat' dir='ltr'>vitam</span> <span class='ocrx_word' id='word_1_622' title='bbox 3302 2741 3606 2809; x_wconf 89' lang='lat' dir='ltr'>meditari</span> <span class='ocrx_word' id='word_1_623' title='bbox 3649 2761 3773 2809; x_wconf 90' lang='lat' dir='ltr'>nos</span> <span class='ocrx_word' id='word_1_624' title='bbox 3812 2752 4074 2828; x_wconf 89' lang='lat' dir='ltr'>oportet</span> <span class='ocrx_word' id='word_1_625' title='bbox 4111 2753 4182 2810; x_wconf 90' lang='lat' dir='ltr'>et</span> <span class='ocrx_word' id='word_1_626' title='bbox 4214 2745 4286 2811; x_wconf 91' lang='lat' dir='ltr'>in</span> 
     </span>
     <span class='ocr_line' id='line_1_88' title="bbox 2335 2829 4286 2911; baseline 0 -14"><span class='ocrx_word' id='word_1_627' title='bbox 2335 2853 2529 2898; x_wconf 91' lang='lat' dir='ltr'>usum</span> <span class='ocrx_word' id='word_1_628' title='bbox 2596 2850 2924 2899; x_wconf 82' lang='lat' dir='ltr'>revocare.</span> <span class='ocrx_word' id='word_1_629' title='bbox 3009 2829 3188 2895; x_wconf 89' lang='lat' dir='ltr'>Nam</span> <span class='ocrx_word' id='word_1_630' title='bbox 3230 2848 3307 2894; x_wconf 88' lang='lat' dir='ltr'>ea</span> <span class='ocrx_word' id='word_1_631' title='bbox 3349 2836 3451 2894; x_wconf 91' lang='lat' dir='ltr'>est</span> <span class='ocrx_word' id='word_1_632' title='bbox 3494 2829 3841 2894; x_wconf 89' lang='lat' dir='ltr'>hominum</span> <span class='ocrx_word' id='word_1_633' title='bbox 3886 2829 4286 2911; x_wconf 79' lang='lat' dir='ltr'>perversitas</span> 
     </span>
     <span class='ocr_line' id='line_1_89' title="bbox 2333 2912 4283 2998; baseline -0.003 -14"><span class='ocrx_word' id='word_1_634' title='bbox 2333 2927 2403 2985; x_wconf 90' lang='lat' dir='ltr'>et</span> <span class='ocrx_word' id='word_1_635' title='bbox 2444 2917 2697 2983; x_wconf 88' lang='lat' dir='ltr'>malitia</span> <span class='ocrx_word' id='word_1_636' title='bbox 2740 2923 2815 2983; x_wconf 90' lang='lat' dir='ltr'>ut</span> <span class='ocrx_word' id='word_1_637' title='bbox 2856 2916 3066 2982; x_wconf 81' lang='lat' dir='ltr'>vitam</span> <span class='ocrx_word' id='word_1_638' title='bbox 3111 2912 3535 2998; x_wconf 90' lang='lat' dir='ltr'>tranquillam</span> <span class='ocrx_word' id='word_1_639' title='bbox 3571 2921 3639 2979; x_wconf 88' lang='lat' dir='ltr'>et</span> <span class='ocrx_word' id='word_1_640' title='bbox 3671 2914 3979 2996; x_wconf 90' lang='lat' dir='ltr'>quietam,</span> <span class='ocrx_word' id='word_1_641' title='bbox 4021 2914 4283 2998; x_wconf 87' lang='lat' dir='ltr'>laboris,</span> 
     </span>
     <span class='ocr_line' id='line_1_90' title="bbox 2332 2998 4283 3084; baseline -0.001 -14"><span class='ocrx_word' id='word_1_642' title='bbox 2332 3024 2818 3084; x_wconf 89' lang='lat' dir='ltr'>aerumnarum,</span> <span class='ocrx_word' id='word_1_643' title='bbox 2877 3002 3275 3080; x_wconf 88' lang='lat' dir='ltr'>morborum,</span> <span class='ocrx_word' id='word_1_644' title='bbox 3332 3009 3574 3079; x_wconf 89' lang='lat' dir='ltr'>aestus,</span> <span class='ocrx_word' id='word_1_645' title='bbox 3631 2998 3897 3083; x_wconf 89' lang='lat' dir='ltr'>frigoris</span> <span class='ocrx_word' id='word_1_646' title='bbox 3940 3007 4283 3083; x_wconf 87' lang='lat' dir='ltr'>expertem</span> 
     </span>
     <span class='ocr_line' id='line_1_91' title="bbox 2331 3084 4283 3172; baseline 0.001 -18"><span class='ocrx_word' id='word_1_647' title='bbox 2331 3098 2400 3155; x_wconf 90' lang='lat' dir='ltr'>et</span> <span class='ocrx_word' id='word_1_648' title='bbox 2441 3090 2825 3169; x_wconf 90' lang='lat' dir='ltr'>immunem,</span> <span class='ocrx_word' id='word_1_649' title='bbox 2868 3096 3201 3172; x_wconf 89' lang='lat' dir='ltr'>expetant,</span> <span class='ocrx_word' id='word_1_650' title='bbox 3247 3094 3314 3151; x_wconf 90' lang='lat' dir='ltr'>et</span> <span class='ocrx_word' id='word_1_651' title='bbox 3355 3085 3484 3169; x_wconf 90' lang='lat' dir='ltr'>ipsi</span> <span class='ocrx_word' id='word_1_652' title='bbox 3519 3085 3662 3151; x_wconf 92' lang='lat' dir='ltr'>Deo</span> <span class='ocrx_word' id='word_1_653' title='bbox 3696 3084 3909 3170; x_wconf 88' lang='lat' dir='ltr'>legem</span> <span class='ocrx_word' id='word_1_654' title='bbox 3944 3085 4283 3169; x_wconf 86' lang='lat' dir='ltr'>imponere</span> 
     </span>
     <span class='ocr_line' id='line_1_92' title="bbox 2329 3170 4282 3261; baseline -0.001 -18"><span class='ocrx_word' id='word_1_655' title='bbox 2329 3177 2618 3261; x_wconf 80' lang='lat' dir='ltr'>cupiant.</span> <span class='ocrx_word' id='word_1_656' title='bbox 2700 3174 2908 3259; x_wconf 90' lang='lat' dir='ltr'>Atqui</span> <span class='ocrx_word' id='word_1_657' title='bbox 2942 3193 3063 3239; x_wconf 90' lang='lat' dir='ltr'>nos</span> <span class='ocrx_word' id='word_1_658' title='bbox 3097 3172 3284 3240; x_wconf 87' lang='lat' dir='ltr'>Deus</span> <span class='ocrx_word' id='word_1_659' title='bbox 3323 3170 3470 3241; x_wconf 85' lang='lat' dir='ltr'>vult</span> <span class='ocrx_word' id='word_1_660' title='bbox 3505 3178 3675 3237; x_wconf 89' lang='lat' dir='ltr'>totos</span> <span class='ocrx_word' id='word_1_661' title='bbox 3709 3192 3751 3237; x_wconf 89' lang='lat' dir='ltr'>a</span> <span class='ocrx_word' id='word_1_662' title='bbox 3783 3192 3905 3237; x_wconf 88' lang='lat' dir='ltr'>sua</span> <span class='ocrx_word' id='word_1_663' title='bbox 3940 3171 4282 3241; x_wconf 84' lang='lat' dir='ltr'>voluntate</span> 
     </span>
     <span class='ocr_line' id='line_1_93' title="bbox 2330 3254 4281 3346; baseline 0 -18"><span class='ocrx_word' id='word_1_664' title='bbox 2330 3261 2646 3346; x_wconf 88' lang='lat' dir='ltr'>pendere:</span> <span class='ocrx_word' id='word_1_665' title='bbox 2709 3270 2780 3327; x_wconf 90' lang='lat' dir='ltr'>et</span> <span class='ocrx_word' id='word_1_666' title='bbox 2842 3261 2936 3327; x_wconf 91' lang='lat' dir='ltr'>sic</span> <span class='ocrx_word' id='word_1_667' title='bbox 3002 3259 3173 3326; x_wconf 86' lang='lat' dir='ltr'>affici</span> <span class='ocrx_word' id='word_1_668' title='bbox 3239 3267 3312 3324; x_wconf 91' lang='lat' dir='ltr'>ut</span> <span class='ocrx_word' id='word_1_669' title='bbox 3376 3258 3449 3323; x_wconf 92' lang='lat' dir='ltr'>in</span> <span class='ocrx_word' id='word_1_670' title='bbox 3513 3254 3748 3324; x_wconf 88' lang='lat' dir='ltr'>mediis</span> <span class='ocrx_word' id='word_1_671' title='bbox 3814 3255 4281 3327; x_wconf 84' lang='lat' dir='ltr'>afflictionibus</span> 
     </span>
     <span class='ocr_line' id='line_1_94' title="bbox 2327 3340 4281 3433; baseline 0 -21"><span class='ocrx_word' id='word_1_672' title='bbox 2327 3347 2619 3433; x_wconf 90' lang='lat' dir='ltr'>gaudere</span> <span class='ocrx_word' id='word_1_673' title='bbox 2686 3367 2823 3412; x_wconf 90' lang='lat' dir='ltr'>non</span> <span class='ocrx_word' id='word_1_674' title='bbox 2889 3342 3285 3412; x_wconf 89' lang='lat' dir='ltr'>desinamus.</span> <span class='ocrx_word' id='word_1_675' title='bbox 3372 3340 3528 3409; x_wconf 88' lang='lat' dir='ltr'>Alia</span> <span class='ocrx_word' id='word_1_676' title='bbox 3585 3349 3926 3426; x_wconf 87' lang='lat' dir='ltr'>praeterea</span> <span class='ocrx_word' id='word_1_677' title='bbox 3982 3343 4281 3413; x_wconf 88' lang='lat' dir='ltr'>doctrina</span> 
     </span>
     <span class='ocr_line' id='line_1_95' title="bbox 2326 3427 4280 3513; baseline 0.001 -13"><span class='ocrx_word' id='word_1_678' title='bbox 2326 3456 2412 3500; x_wconf 89' lang='lat' dir='ltr'>ex</span> <span class='ocrx_word' id='word_1_679' title='bbox 2476 3434 2601 3501; x_wconf 87' lang='lat' dir='ltr'>hoo</span> <span class='ocrx_word' id='word_1_680' title='bbox 2664 3432 2805 3500; x_wconf 91' lang='lat' dir='ltr'>loco</span> <span class='ocrx_word' id='word_1_681' title='bbox 2873 3429 3183 3510; x_wconf 87' lang='lat' dir='ltr'>eruenda,</span> <span class='ocrx_word' id='word_1_682' title='bbox 3248 3429 3468 3495; x_wconf 90' lang='lat' dir='ltr'>Deum</span> <span class='ocrx_word' id='word_1_683' title='bbox 3533 3427 3990 3513; x_wconf 84' lang='lat' dir='ltr'>providentem</span> <span class='ocrx_word' id='word_1_684' title='bbox 4035 3432 4280 3501; x_wconf 82' lang='lat' dir='ltr'>nostris</span> 
     </span>
     <span class='ocr_line' id='line_1_96' title="bbox 2325 3515 4280 3599; baseline -0.001 -15"><span class='ocrx_word' id='word_1_685' title='bbox 2325 3518 2842 3599; x_wconf 87' lang='lat' dir='ltr'>necessitatibus,</span> <span class='ocrx_word' id='word_1_686' title='bbox 2899 3517 3054 3584; x_wconf 83' lang='lat' dir='ltr'>licet</span> <span class='ocrx_word' id='word_1_687' title='bbox 3113 3516 3441 3582; x_wconf 87' lang='lat' dir='ltr'>rationem</span> <span class='ocrx_word' id='word_1_688' title='bbox 3486 3524 3799 3598; x_wconf 88' lang='lat' dir='ltr'>sequatur</span> <span class='ocrx_word' id='word_1_689' title='bbox 3841 3515 4086 3582; x_wconf 85' lang='lat' dir='ltr'>nostris</span> <span class='ocrx_word' id='word_1_690' title='bbox 4128 3539 4280 3586; x_wconf 90' lang='lat' dir='ltr'>sen-</span> 
     </span>
     <span class='ocr_line' id='line_1_97' title="bbox 2323 3599 4278 3686; baseline 0 -14"><span class='ocrx_word' id='word_1_691' title='bbox 2323 3606 2505 3672; x_wconf 89' lang='lat' dir='ltr'>sibus</span> <span class='ocrx_word' id='word_1_692' title='bbox 2548 3606 2823 3671; x_wconf 90' lang='lat' dir='ltr'>minime</span> <span class='ocrx_word' id='word_1_693' title='bbox 2865 3602 3401 3679; x_wconf 85' lang='lat' dir='ltr'>convenientem,</span> <span class='ocrx_word' id='word_1_694' title='bbox 3443 3599 3614 3668; x_wconf 80' lang='lat' dir='ltr'>velle</span> <span class='ocrx_word' id='word_1_695' title='bbox 3651 3610 3874 3667; x_wconf 91' lang='lat' dir='ltr'>tamen</span> <span class='ocrx_word' id='word_1_696' title='bbox 3908 3610 3978 3669; x_wconf 90' lang='lat' dir='ltr'>et</span> <span class='ocrx_word' id='word_1_697' title='bbox 4011 3623 4278 3686; x_wconf 87' lang='lat' dir='ltr'>poscere</span> 
     </span>
     <span class='ocr_line' id='line_1_98' title="bbox 2324 3686 4276 3774; baseline 0 -17"><span class='ocrx_word' id='word_1_698' title='bbox 2324 3713 2365 3757; x_wconf 90' lang='lat' dir='ltr'>a</span> <span class='ocrx_word' id='word_1_699' title='bbox 2407 3690 2596 3759; x_wconf 89' lang='lat' dir='ltr'>nobis</span> <span class='ocrx_word' id='word_1_700' title='bbox 2639 3700 2714 3773; x_wconf 79' lang='lat' dir='ltr'>ut</span> <span class='ocrx_word' id='word_1_701' title='bbox 2757 3690 2901 3757; x_wconf 88' lang='lat' dir='ltr'>eius</span> <span class='ocrx_word' id='word_1_702' title='bbox 2946 3690 3142 3756; x_wconf 90' lang='lat' dir='ltr'>unius</span> <span class='ocrx_word' id='word_1_703' title='bbox 3186 3686 3519 3755; x_wconf 80' lang='lat' dir='ltr'>voluntati</span> <span class='ocrx_word' id='word_1_704' title='bbox 3552 3687 4058 3770; x_wconf 88' lang='lat' dir='ltr'>acquiescamus,</span> <span class='ocrx_word' id='word_1_705' title='bbox 4119 3691 4276 3774; x_wconf 91' lang='lat' dir='ltr'>quid</span> 
     </span>
     <span class='ocr_line' id='line_1_99' title="bbox 2325 3771 4271 3862; baseline 0.001 -20"><span class='ocrx_word' id='word_1_706' title='bbox 2325 3778 2513 3845; x_wconf 89' lang='lat' dir='ltr'>nobis</span> <span class='ocrx_word' id='word_1_707' title='bbox 2550 3776 2878 3862; x_wconf 89' lang='lat' dir='ltr'>expediat,</span> <span class='ocrx_word' id='word_1_708' title='bbox 2916 3775 3134 3843; x_wconf 85' lang='lat' dir='ltr'>novit:</span> <span class='ocrx_word' id='word_1_709' title='bbox 3171 3793 3246 3839; x_wconf 88' lang='lat' dir='ltr'>ac</span> <span class='ocrx_word' id='word_1_710' title='bbox 3279 3772 3551 3857; x_wconf 90' lang='lat' dir='ltr'>proinde</span> <span class='ocrx_word' id='word_1_711' title='bbox 3585 3771 4005 3842; x_wconf 89' lang='lat' dir='ltr'>cohibeamus</span> <span class='ocrx_word' id='word_1_712' title='bbox 4031 3776 4271 3858; x_wconf 90' lang='lat' dir='ltr'>oculos,</span> 
     </span>
     <span class='ocr_line' id='line_1_100' title="bbox 2322 3859 4273 3946; baseline 0.001 -17"><span class='ocrx_word' id='word_1_713' title='bbox 2322 3884 2406 3929; x_wconf 91' lang='lat' dir='ltr'>ne</span> <span class='ocrx_word' id='word_1_714' title='bbox 2462 3865 2535 3929; x_wconf 92' lang='lat' dir='ltr'>in</span> <span class='ocrx_word' id='word_1_715' title='bbox 2580 3884 2658 3929; x_wconf 91' lang='lat' dir='ltr'>ea</span> <span class='ocrx_word' id='word_1_716' title='bbox 2700 3883 2866 3946; x_wconf 89' lang='lat' dir='ltr'>quae</span> <span class='ocrx_word' id='word_1_717' title='bbox 2910 3882 3044 3927; x_wconf 92' lang='lat' dir='ltr'>non</span> <span class='ocrx_word' id='word_1_718' title='bbox 3087 3868 3346 3945; x_wconf 89' lang='lat' dir='ltr'>oportet</span> <span class='ocrx_word' id='word_1_719' title='bbox 3383 3859 3800 3940; x_wconf 90' lang='lat' dir='ltr'>intueamur,</span> <span class='ocrx_word' id='word_1_720' title='bbox 3859 3860 3975 3927; x_wconf 90' lang='lat' dir='ltr'>sed</span> <span class='ocrx_word' id='word_1_721' title='bbox 4019 3862 4273 3945; x_wconf 90' lang='lat' dir='ltr'>placide</span> 
     </span>
     <span class='ocr_line' id='line_1_101' title="bbox 2323 3944 4272 4034; baseline 0 -19"><span class='ocrx_word' id='word_1_722' title='bbox 2323 3970 2443 4016; x_wconf 91' lang='lat' dir='ltr'>nos</span> <span class='ocrx_word' id='word_1_723' title='bbox 2485 3950 2632 4016; x_wconf 90' lang='lat' dir='ltr'>Deo</span> <span class='ocrx_word' id='word_1_724' title='bbox 2676 3945 2997 4034; x_wconf 88' lang='lat' dir='ltr'>regendos</span> <span class='ocrx_word' id='word_1_725' title='bbox 3040 3947 3517 4032; x_wconf 84' lang='lat' dir='ltr'>permittamus.</span> <span class='ocrx_word' id='word_1_726' title='bbox 3606 3944 4060 4012; x_wconf 84' lang='lat' dir='ltr'>Confirmatur</span> <span class='ocrx_word' id='word_1_727' title='bbox 4111 3948 4272 4016; x_wconf 87' lang='lat' dir='ltr'>haec</span> 
     </span>
     <span class='ocr_line' id='line_1_102' title="bbox 2323 4030 4267 4115; baseline -0.001 -15"><span class='ocrx_word' id='word_1_728' title='bbox 2323 4034 2624 4103; x_wconf 88' lang='lat' dir='ltr'>doctriua</span> <span class='ocrx_word' id='word_1_729' title='bbox 2666 4033 2949 4102; x_wconf 82' lang='lat' dir='ltr'>Davidis</span> <span class='ocrx_word' id='word_1_730' title='bbox 2994 4032 3313 4115; x_wconf 74' lang='lat' dir='ltr'>exemplo,</span> <span class='ocrx_word' id='word_1_731' title='bbox 3373 4030 3563 4098; x_wconf 90' lang='lat' dir='ltr'>cuius</span> <span class='ocrx_word' id='word_1_732' title='bbox 3608 4030 3980 4098; x_wconf 89' lang='lat' dir='ltr'>obedientia</span> <span class='ocrx_word' id='word_1_733' title='bbox 4021 4047 4121 4099; x_wconf 88' lang='lat' dir='ltr'>est</span> <span class='ocrx_word' id='word_1_734' title='bbox 4163 4036 4267 4100; x_wconf 90' lang='lat' dir='ltr'>in-</span> 
     </span>
     <span class='ocr_line' id='line_1_103' title="bbox 2321 4116 4270 4205; baseline -0.001 -19"><span class='ocrx_word' id='word_1_735' title='bbox 2321 4122 2548 4205; x_wconf 89' lang='lat' dir='ltr'>signis.</span> <span class='ocrx_word' id='word_1_736' title='bbox 2637 4121 2810 4187; x_wconf 92' lang='lat' dir='ltr'>Nam</span> <span class='ocrx_word' id='word_1_737' title='bbox 2855 4119 3093 4203; x_wconf 90' lang='lat' dir='ltr'>alioqui</span> <span class='ocrx_word' id='word_1_738' title='bbox 3138 4116 3536 4201; x_wconf 88' lang='lat' dir='ltr'>blasphemis</span> <span class='ocrx_word' id='word_1_739' title='bbox 3581 4118 3846 4185; x_wconf 82' lang='lat' dir='ltr'>vocibus</span> <span class='ocrx_word' id='word_1_740' title='bbox 3890 4117 4106 4183; x_wconf 90' lang='lat' dir='ltr'>Deum</span> <span class='ocrx_word' id='word_1_741' title='bbox 4175 4121 4270 4185; x_wconf 87' lang='lat' dir='ltr'>of-</span> 
     </span>
     <span class='ocr_line' id='line_1_104' title="bbox 2320 4203 4266 4291; baseline -0.001 -18"><span class='ocrx_word' id='word_1_742' title='bbox 2320 4206 2653 4291; x_wconf 81' lang='lat' dir='ltr'>fendisset,</span> <span class='ocrx_word' id='word_1_743' title='bbox 2697 4208 2753 4273; x_wconf 90' lang='lat' dir='ltr'>si</span> <span class='ocrx_word' id='word_1_744' title='bbox 2800 4206 3114 4272; x_wconf 87' lang='lat' dir='ltr'>adversus</span> <span class='ocrx_word' id='word_1_745' title='bbox 3160 4204 3549 4288; x_wconf 87' lang='lat' dir='ltr'>prophetam</span> <span class='ocrx_word' id='word_1_746' title='bbox 3595 4203 3857 4287; x_wconf 89' lang='lat' dir='ltr'>obloqui</span> <span class='ocrx_word' id='word_1_747' title='bbox 3896 4212 3965 4268; x_wconf 92' lang='lat' dir='ltr'>et</span> <span class='ocrx_word' id='word_1_748' title='bbox 3998 4216 4266 4272; x_wconf 90' lang='lat' dir='ltr'>conten-</span> 
     </span>
     <span class='ocr_line' id='line_1_105' title="bbox 2323 4288 4265 4378; baseline 0.001 -21"><span class='ocrx_word' id='word_1_749' title='bbox 2323 4292 2477 4359; x_wconf 88' lang='lat' dir='ltr'>dere</span> <span class='ocrx_word' id='word_1_750' title='bbox 2522 4293 2860 4378; x_wconf 82' lang='lat' dir='ltr'>voluisset,</span> <span class='ocrx_word' id='word_1_751' title='bbox 2910 4291 3080 4375; x_wconf 92' lang='lat' dir='ltr'>quod</span> <span class='ocrx_word' id='word_1_752' title='bbox 3122 4290 3221 4355; x_wconf 92' lang='lat' dir='ltr'>illi</span> <span class='ocrx_word' id='word_1_753' title='bbox 3267 4304 3483 4355; x_wconf 86' lang='lat' dir='ltr'>tamen</span> <span class='ocrx_word' id='word_1_754' title='bbox 3531 4310 3764 4356; x_wconf 90' lang='lat' dir='ltr'>sensus</span> <span class='ocrx_word' id='word_1_755' title='bbox 3808 4288 3972 4355; x_wconf 90' lang='lat' dir='ltr'>ratio</span> <span class='ocrx_word' id='word_1_756' title='bbox 4017 4289 4265 4358; x_wconf 89' lang='lat' dir='ltr'>dictare</span> 
     </span>
     <span class='ocr_line' id='line_1_106' title="bbox 2322 4373 4267 4462; baseline -0.001 -17"><span class='ocrx_word' id='word_1_757' title='bbox 2322 4386 2596 4462; x_wconf 87' lang='lat' dir='ltr'>poterat.</span> <span class='ocrx_word' id='word_1_758' title='bbox 2660 4379 2834 4445; x_wconf 90' lang='lat' dir='ltr'>Nam</span> <span class='ocrx_word' id='word_1_759' title='bbox 2864 4378 3262 4462; x_wconf 86' lang='lat' dir='ltr'>excepisset:</span> <span class='ocrx_word' id='word_1_760' title='bbox 3311 4374 3661 4458; x_wconf 77' lang='lat' dir='ltr'>Quomodo</span> <span class='ocrx_word' id='word_1_761' title='bbox 3706 4395 3811 4439; x_wconf 90' lang='lat' dir='ltr'>me</span> <span class='ocrx_word' id='word_1_762' title='bbox 3857 4373 4038 4442; x_wconf 91' lang='lat' dir='ltr'>Deus</span> <span class='ocrx_word' id='word_1_763' title='bbox 4083 4377 4267 4444; x_wconf 91' lang='lat' dir='ltr'>iubet</span> 
     </span>
     <span class='ocr_line' id='line_1_107' title="bbox 2320 4460 4262 4549; baseline 0 -18"><span class='ocrx_word' id='word_1_764' title='bbox 2320 4466 2704 4549; x_wconf 87' lang='lat' dir='ltr'>speluncam</span> <span class='ocrx_word' id='word_1_765' title='bbox 2748 4466 2942 4530; x_wconf 86' lang='lat' dir='ltr'>istam</span> <span class='ocrx_word' id='word_1_766' title='bbox 2989 4463 3233 4548; x_wconf 90' lang='lat' dir='ltr'>egredi,</span> <span class='ocrx_word' id='word_1_767' title='bbox 3279 4463 3349 4527; x_wconf 89' lang='lat' dir='ltr'>in</span> <span class='ocrx_word' id='word_1_768' title='bbox 3393 4482 3521 4545; x_wconf 91' lang='lat' dir='ltr'>quo</span> <span class='ocrx_word' id='word_1_769' title='bbox 3566 4461 3717 4526; x_wconf 90' lang='lat' dir='ltr'>licet</span> <span class='ocrx_word' id='word_1_770' title='bbox 3759 4460 4046 4531; x_wconf 73' lang='lat' dir='ltr'>occultus</span> <span class='ocrx_word' id='word_1_771' title='bbox 4082 4475 4147 4527; x_wconf 88' lang='lat' dir='ltr'>et</span> <span class='ocrx_word' id='word_1_772' title='bbox 4182 4464 4262 4531; x_wconf 88' lang='lat' dir='ltr'>ab</span> 
     </span>
     <span class='ocr_line' id='line_1_108' title="bbox 2320 4546 4261 4629; baseline -0.001 -12"><span class='ocrx_word' id='word_1_773' title='bbox 2320 4551 2662 4617; x_wconf 91' lang='lat' dir='ltr'>homiuum</span> <span class='ocrx_word' id='word_1_774' title='bbox 2742 4550 3070 4617; x_wconf 87' lang='lat' dir='ltr'>consortio</span> <span class='ocrx_word' id='word_1_775' title='bbox 3153 4548 3355 4616; x_wconf 85' lang='lat' dir='ltr'>veluti</span> <span class='ocrx_word' id='word_1_776' title='bbox 3435 4546 3736 4613; x_wconf 88' lang='lat' dir='ltr'>revulsus</span> <span class='ocrx_word' id='word_1_777' title='bbox 3800 4568 3931 4611; x_wconf 91' lang='lat' dir='ltr'>non</span> <span class='ocrx_word' id='word_1_778' title='bbox 3999 4569 4261 4629; x_wconf 91' lang='lat' dir='ltr'>possum</span> 
     </span>
     <span class='ocr_line' id='line_1_109' title="bbox 2320 4630 4262 4721; baseline -0.002 -19"><span class='ocrx_word' id='word_1_779' title='bbox 2320 4647 2538 4702; x_wconf 89' lang='lat' dir='ltr'>tamen</span> <span class='ocrx_word' id='word_1_780' title='bbox 2584 4635 2806 4704; x_wconf 86' lang='lat' dir='ltr'>Saulis</span> <span class='ocrx_word' id='word_1_781' title='bbox 2850 4656 3007 4721; x_wconf 88' lang='lat' dir='ltr'>erga</span> <span class='ocrx_word' id='word_1_782' title='bbox 3050 4656 3157 4700; x_wconf 93' lang='lat' dir='ltr'>me</span> <span class='ocrx_word' id='word_1_783' title='bbox 3202 4634 3487 4700; x_wconf 84' lang='lat' dir='ltr'>furorem</span> <span class='ocrx_word' id='word_1_784' title='bbox 3534 4642 3600 4696; x_wconf 92' lang='lat' dir='ltr'>et</span> <span class='ocrx_word' id='word_1_785' title='bbox 3638 4630 4086 4699; x_wconf 88' lang='lat' dir='ltr'>crudelitatem</span> <span class='ocrx_word' id='word_1_786' title='bbox 4126 4634 4262 4719; x_wconf 90' lang='lat' dir='ltr'>pla-</span> 
     </span>
     <span class='ocr_line' id='line_1_110' title="bbox 2318 4719 4261 4807; baseline -0.001 -18"><span class='ocrx_word' id='word_1_787' title='bbox 2318 4722 2510 4789; x_wconf 83' lang='lat' dir='ltr'>care?</span> <span class='ocrx_word' id='word_1_788' title='bbox 2602 4721 2779 4804; x_wconf 78' lang='lat' dir='ltr'>Quid</span> <span class='ocrx_word' id='word_1_789' title='bbox 2844 4743 3000 4807; x_wconf 89' lang='lat' dir='ltr'>ergo</span> <span class='ocrx_word' id='word_1_790' title='bbox 3064 4742 3172 4786; x_wconf 91' lang='lat' dir='ltr'>me</span> <span class='ocrx_word' id='word_1_791' title='bbox 3237 4720 3473 4785; x_wconf 88' lang='lat' dir='ltr'>misero</span> <span class='ocrx_word' id='word_1_792' title='bbox 3529 4719 3820 4783; x_wconf 84' lang='lat' dir='ltr'>futurum</span> <span class='ocrx_word' id='word_1_793' title='bbox 3880 4719 3935 4783; x_wconf 89' lang='lat' dir='ltr'>si</span> <span class='ocrx_word' id='word_1_794' title='bbox 3991 4719 4145 4786; x_wconf 90' lang='lat' dir='ltr'>hinc</span> <span class='ocrx_word' id='word_1_795' title='bbox 4187 4719 4261 4787; x_wconf 89' lang='lat' dir='ltr'>in</span> 
     </span>
     <span class='ocr_line' id='line_1_111' title="bbox 2317 4802 4260 4891; baseline -0.001 -18"><span class='ocrx_word' id='word_1_796' title='bbox 2317 4809 2625 4875; x_wconf 89' lang='lat' dir='ltr'>Iudaeam</span> <span class='ocrx_word' id='word_1_797' title='bbox 2683 4808 3058 4891; x_wconf 88' lang='lat' dir='ltr'>proficiscar</span> <span class='ocrx_word' id='word_1_798' title='bbox 3118 4806 3243 4872; x_wconf 89' lang='lat' dir='ltr'>uisi</span> <span class='ocrx_word' id='word_1_799' title='bbox 3300 4802 3473 4887; x_wconf 91' lang='lat' dir='ltr'>quod</span> <span class='ocrx_word' id='word_1_800' title='bbox 3533 4803 3740 4886; x_wconf 91' lang='lat' dir='ltr'>magis</span> <span class='ocrx_word' id='word_1_801' title='bbox 3784 4825 3859 4869; x_wconf 89' lang='lat' dir='ltr'>ac</span> <span class='ocrx_word' id='word_1_802' title='bbox 3903 4805 4112 4888; x_wconf 89' lang='lat' dir='ltr'>magis</span> <span class='ocrx_word' id='word_1_803' title='bbox 4156 4807 4260 4872; x_wconf 84' lang='lat' dir='ltr'>fu-</span> 
     </span>
     <span class='ocr_line' id='line_1_112' title="bbox 2317 4888 4261 4978; baseline -0.001 -18"><span class='ocrx_word' id='word_1_804' title='bbox 2317 4915 2532 4960; x_wconf 91' lang='lat' dir='ltr'>rorem</span> <span class='ocrx_word' id='word_1_805' title='bbox 2593 4894 2799 4978; x_wconf 88' lang='lat' dir='ltr'>ipsius</span> <span class='ocrx_word' id='word_1_806' title='bbox 2841 4902 3071 4960; x_wconf 87' lang='lat' dir='ltr'>contra</span> <span class='ocrx_word' id='word_1_807' title='bbox 3112 4913 3219 4958; x_wconf 91' lang='lat' dir='ltr'>me</span> <span class='ocrx_word' id='word_1_808' title='bbox 3262 4888 3696 4966; x_wconf 80' lang='lat' dir='ltr'>inflammabo,</span> <span class='ocrx_word' id='word_1_809' title='bbox 3756 4890 3939 4955; x_wconf 89' lang='lat' dir='ltr'>cuius</span> <span class='ocrx_word' id='word_1_810' title='bbox 3982 4912 4261 4975; x_wconf 87' lang='lat' dir='ltr'>regnum</span> 
     </span>
     <span class='ocr_line' id='line_1_113' title="bbox 2318 4973 4258 5059; baseline -0.002 -13"><span class='ocrx_word' id='word_1_811' title='bbox 2318 4980 2631 5047; x_wconf 87' lang='lat' dir='ltr'>invadere</span> <span class='ocrx_word' id='word_1_812' title='bbox 2714 4980 2881 5046; x_wconf 89' lang='lat' dir='ltr'>velle</span> <span class='ocrx_word' id='word_1_813' title='bbox 2950 4977 3263 5045; x_wconf 83' lang='lat' dir='ltr'>videbor?</span> <span class='ocrx_word' id='word_1_814' title='bbox 3355 4976 3504 5040; x_wconf 89' lang='lat' dir='ltr'>Non</span> <span class='ocrx_word' id='word_1_815' title='bbox 3570 4973 3747 5040; x_wconf 91' lang='lat' dir='ltr'>istud</span> <span class='ocrx_word' id='word_1_816' title='bbox 3811 4996 3930 5059; x_wconf 91' lang='lat' dir='ltr'>ego</span> <span class='ocrx_word' id='word_1_817' title='bbox 3996 4996 4258 5059; x_wconf 83' lang='lat' dir='ltr'>quaere,</span> 
     </span>
     <span class='ocr_line' id='line_1_114' title="bbox 2318 5060 4259 5150; baseline -0.001 -18"><span class='ocrx_word' id='word_1_818' title='bbox 2318 5078 2578 5150; x_wconf 90' lang='lat' dir='ltr'>tempus</span> <span class='ocrx_word' id='word_1_819' title='bbox 2636 5066 2960 5149; x_wconf 89' lang='lat' dir='ltr'>patienter</span> <span class='ocrx_word' id='word_1_820' title='bbox 3016 5074 3321 5146; x_wconf 89' lang='lat' dir='ltr'>exspecto</span> <span class='ocrx_word' id='word_1_821' title='bbox 3378 5083 3504 5143; x_wconf 92' lang='lat' dir='ltr'>quo</span> <span class='ocrx_word' id='word_1_822' title='bbox 3564 5082 3668 5125; x_wconf 91' lang='lat' dir='ltr'>me</span> <span class='ocrx_word' id='word_1_823' title='bbox 3726 5060 3912 5126; x_wconf 90' lang='lat' dir='ltr'>Deus</span> <span class='ocrx_word' id='word_1_824' title='bbox 3953 5061 4024 5128; x_wconf 91' lang='lat' dir='ltr'>in</span> <span class='ocrx_word' id='word_1_825' title='bbox 4067 5066 4259 5150; x_wconf 90' lang='lat' dir='ltr'>regui</span> 
     </span>
     <span class='ocr_line' id='line_1_115' title="bbox 2318 5146 4260 5235; baseline 0.002 -20"><span class='ocrx_word' id='word_1_826' title='bbox 2318 5152 2794 5235; x_wconf 87' lang='lat' dir='ltr'>possessionem</span> <span class='ocrx_word' id='word_1_827' title='bbox 2841 5152 3079 5227; x_wconf 88' lang='lat' dir='ltr'>mittat,</span> <span class='ocrx_word' id='word_1_828' title='bbox 3124 5149 3254 5213; x_wconf 89' lang='lat' dir='ltr'>imo</span> <span class='ocrx_word' id='word_1_829' title='bbox 3299 5155 3563 5232; x_wconf 89' lang='lat' dir='ltr'>paratus</span> <span class='ocrx_word' id='word_1_830' title='bbox 3606 5167 3753 5211; x_wconf 89' lang='lat' dir='ltr'>sum</span> <span class='ocrx_word' id='word_1_831' title='bbox 3796 5146 3939 5213; x_wconf 91' lang='lat' dir='ltr'>iure</span> <span class='ocrx_word' id='word_1_832' title='bbox 3973 5170 4118 5216; x_wconf 91' lang='lat' dir='ltr'>meo</span> <span class='ocrx_word' id='word_1_833' title='bbox 4153 5172 4260 5218; x_wconf 91' lang='lat' dir='ltr'>ce·</span> 
     </span>
     <span class='ocr_line' id='line_1_116' title="bbox 2320 5232 4263 5321; baseline 0 -19"><span class='ocrx_word' id='word_1_834' title='bbox 2320 5237 2492 5317; x_wconf 89' lang='lat' dir='ltr'>dere,</span> <span class='ocrx_word' id='word_1_835' title='bbox 2557 5238 2638 5304; x_wconf 89' lang='lat' dir='ltr'>ad</span> <span class='ocrx_word' id='word_1_836' title='bbox 2698 5238 2921 5303; x_wconf 85' lang='lat' dir='ltr'>ovium</span> <span class='ocrx_word' id='word_1_837' title='bbox 2976 5256 3219 5321; x_wconf 86' lang='lat' dir='ltr'>pascua</span> <span class='ocrx_word' id='word_1_838' title='bbox 3277 5233 3508 5298; x_wconf 88' lang='lat' dir='ltr'>redire.</span> <span class='ocrx_word' id='word_1_839' title='bbox 3597 5232 3746 5297; x_wconf 90' lang='lat' dir='ltr'>Non</span> <span class='ocrx_word' id='word_1_840' title='bbox 3806 5232 4009 5301; x_wconf 90' lang='lat' dir='ltr'>ducor</span> <span class='ocrx_word' id='word_1_841' title='bbox 4052 5236 4263 5302; x_wconf 88' lang='lat' dir='ltr'>hono-</span> 
     </span>
    </p>
   </div>
  </div>
 </body>
</html>
