5059 6059
895 340 1028 407 623

2517 330 2931 399 HUMILIA
2976 331 3261 400 XXXV.

4699 343 4794 411 624

896 529 1117 608 coeloe,
1188 526 1321 591 illio
1391 544 1493 606 es,
1550 526 1662 589 aut
1723 525 1990 587 stratam
2046 537 2340 603 ponerent
2410 519 2483 585 ia
2544 520 2844 600 sepulcro,
2944 521 3167 586 omnia
3225 522 3493 589 consilia
3558 521 3640 588 ad
3707 524 3848 590 eius
3915 524 4186 609 gloriam
4256 525 4554 610 dirigant,
4609 529 4797 599 felicem
4909 573 4912 590 .

894 636 1024 682 ecce
1064 614 1232 680 ades.
1323 608 1400 677 Si
1441 627 1822 675 assumerem
1877 606 2023 671 alas
2076 624 2378 688 aurorae,
2444 604 2845 671 habitam
2945 605 3363 673 consiliorum
3403 607 3654 675 exitum
3710 608 3792 673 ab
3846 610 3963 676 illo
4020 621 4494 694 exspectantes.
4570 613 4708 680 Nam
4747 619 4798 684 in
4909 621 4912 688 !

896 702 967 767 in
1036 697 1417 766 extremitate
1470 696 1704 774 maris,
1767 693 1957 758 etiam
2026 689 2178 755 illuc
2217 710 2449 756 manus
2489 696 2603 756 tua
2644 692 2841 757 dedu·
2943 693 3219 760 veritate
3274 694 3493 777 ipsum
3552 696 4017 778 quaerentibus
4072 697 4395 762 auxilium
4451 717 4626 765 suum
4660 703 4797 784 polli-

893 791 1054 854 ceret
1094 805 1207 863 me,
1264 787 1318 848 et
1350 780 1751 865 prehenderet
1792 797 1888 843 me
1929 778 2185 843 dextera
2225 781 2353 842 tua.
2446 775 2567 843 Sin
2634 782 2843 843 autem

897 873 1180 950 dicerem,
1245 870 1461 951 utique
1523 863 1802 931 tenebrae
1876 865 2043 928 velut
2108 863 2470 943 crepusculo
2535 862 2840 929 obvolvent

893 979 1029 1024 me.-
1070 955 1248 1038 atqui
1290 974 1415 1019 nox
1454 954 1567 1020 lux
1598 955 1688 1017 est
1729 951 1897 1015 circa
1939 968 2051 1014 me.
2127 947 2316 1013 Deus
2359 948 2536 1013 enim
2583 957 2657 1014 ιιι
2699 948 2838 1015 dixi

896 1051 998 1109 est
1041 1043 1313 1124 ubique:
1359 1041 1580 1121 itaque
1622 1035 1842 1101 nullae
1877 1032 2165 1099 latebrae
2203 1032 2387 1099 nobis
2422 1035 2839 1117 quaerendae

893 1136 1055 1196 sunt
1117 1126 1351 1211 quibus
1418 1124 1541 1190 Dei
1601 1130 2022 1205 conspectum
2087 1119 2497 1204 effugiamus,
2566 1130 2633 1186 et
2697 1122 2836 1189 eius

896 1212 1306 1300 praesentiae
1361 1231 1482 1277 nos
1539 1208 1999 1274 subducamus.
2087 1204 2294 1270 Notos
2350 1206 2523 1271 enim
2587 1227 2834 1272 sermo·

898 1321 1016 1367 nes
1060 1307 1315 1365 nostros
1374 1297 1602 1363 habet:
1660 1295 1858 1359 immo
1917 1302 1982 1356 et
2039 1291 2464 1375 cogitationes
2521 1292 2718 1357 etiam
2762 1293 2834 1358 in

896 1386 1048 1452 imis
1089 1384 1301 1452 cordis
1343 1382 1703 1449 recessibus
1739 1378 2028 1445 occultas
2069 1377 2274 1442 novit.
2360 1376 2831 1444 Verumtamen

895 1473 1199 1555 quoniam
1245 1469 1460 1535 adhuc
1503 1465 1698 1532 rudes
1741 1486 1966 1530 sumus
2012 1472 2078 1527 et
2117 1462 2380 1540 terreni,
2428 1483 2692 1530 necesse
2734 1474 2835 1530 est

895 1578 1014 1624 nos
1072 1553 1422 1639 aliquando
1483 1551 1691 1637 signis
1745 1548 2136 1633 quibusdam
2203 1549 2495 1614 externis
2563 1549 2643 1614 de
2704 1548 2831 1616 Dei

895 1644 1268 1727 praesentia
1334 1638 1671 1706 admoneri
1736 1646 1801 1701 et
1866 1634 2159 1714 excitari,
2238 1644 2313 1699 ut
2375 1634 2833 1702 vehementius

894 1730 1272 1806 afficiamur,
1310 1737 1621 1808 tanquam
1665 1722 1929 1806 propius
1973 1721 2055 1786 ad
2100 1741 2249 1785 eum
2296 1718 2707 1788 accedentes:
2768 1731 2834 1787 et

895 1816 1298 1880 maiestatem
1360 1812 1501 1876 eius
1566 1806 2132 1894 apprehendamus
2197 1825 2328 1870 non
2385 1806 2575 1872 aliter
2634 1828 2831 1890 quam

890 1901 950 1967 si
992 1901 1064 1965 in
1110 1899 1320 1964 medio
1366 1897 1574 1962 nostri
1620 1894 1838 1960 sedem
1885 1912 2071 1958 suam
2115 1890 2433 1974 elegisset.
2523 1894 2831 1977 Exempli

892 1987 1124 2070 gratia,
1170 1985 1350 2049 locus
1391 1981 1500 2048 hic
1543 1982 1615 2045 in
1657 1999 1853 2063 quem
1895 1998 2122 2043 omnes
2165 1979 2605 2059 convenimus,
2658 1978 2831 2046 dica·

892 2081 1000 2136 tus
1056 2080 1158 2138 est
1201 2069 1477 2155 publicis
1521 2066 1843 2151 precibus,
1902 2074 1967 2128 et
2009 2063 2160 2128 fidei
2201 2063 2594 2130 confessioni
2638 2065 2833 2130 eden·

892 2156 1034 2234 dae,
1094 2166 1163 2222 et
1219 2154 1579 2221 audiendae
1638 2152 1988 2228 doctrinae,
2047 2160 2360 2233 tanquam
2426 2150 2481 2215 si
2546 2148 2629 2216 ab
2692 2152 2831 2234 ipso

896 2243 1026 2309 Dei
1082 2261 1196 2307 ore
1251 2240 1790 2325 proficisceretur.
1882 2233 2030 2300 Etsi
2094 2254 2250 2299 vero
2314 2234 2589 2317 quilibet
2651 2235 2832 2302 locus

893 2327 1023 2393 Dei
1059 2328 1258 2393 verbo
1292 2325 1752 2400 sanctificatur,
1790 2330 1864 2387 ut
1897 2320 2216 2405 propheta
2248 2320 2574 2403 loquitur:
2612 2330 2832 2387 tamen

894 2411 1318 2499 cogitandum
1362 2420 1481 2488 est,
1528 2409 1748 2474 Deum
1795 2417 2051 2472 nostrae
2091 2406 2494 2472 infirmitatis
2527 2418 2832 2490 respectu

896 2498 1111 2565 locum
1156 2497 1479 2581 quendam
1523 2494 1722 2580 deligi
1756 2491 1927 2561 velle
1961 2493 2029 2557 in
2075 2512 2266 2576 quem
2310 2491 2715 2576 colligamur,
2759 2493 2830 2559 in

898 2604 1027 2666 quo
1072 2585 1210 2668 ipse
1250 2582 1633 2667 praesideat,
1693 2589 1760 2646 et
1801 2580 1869 2644 in
1913 2578 2125 2643 medio
2168 2589 2465 2644 nostrum
2511 2589 2829 2660 versetur,

898 2669 1074 2753 quod
1117 2670 1186 2734 in
1230 2669 1435 2753 ipsius
1471 2667 1733 2733 nomine
1773 2664 2287 2732 convenerimus.
2330 2663 2553 2747 Atque
2593 2663 2831 2731 idcireo

896 2756 1285 2821 nominatim
1349 2755 1417 2820 in
1487 2753 1734 2836 Mitzpa
1802 2749 2076 2835 populus
2142 2752 2522 2817 convenisse
2594 2748 2831 2816 dicitur

895 2841 980 2908 ad
1023 2839 1359 2907 Iehovam.
1402 2839 1626 2921 Quare
1669 2835 1883 2903 danda
1926 2834 2111 2900 nobis
2155 2855 2371 2918 opera,
2415 2845 2491 2900 ut
2530 2835 2614 2902 iis
2650 2836 2831 2902 adiu-

895 2927 1154 3004 mentis,
1230 2948 1393 3010 quae
1440 2924 1623 2991 Deus
1677 2922 1868 2989 nobis
1911 2921 2120 2999 offert,
2181 2931 2248 2985 et
2304 2921 2543 3004 quibus
2586 2941 2705 2987 nos
2748 2921 2830 2987 ad

894 3035 965 3080 se
1009 3012 1276 3097 pellicit,
1322 3013 1415 3078 sic
1459 3023 1741 3089 utamur,
1798 3016 1871 3073 ut
1914 3015 2137 3073 nostra
2178 3008 2445 3090 negotia
2487 3009 2831 3073 tractaturi

892 3120 1151 3184 semper
1193 3098 1275 3162 ad
1318 3097 1507 3163 illum
1552 3113 1995 3178 assurgamus,
2054 3102 2119 3157 et
2161 3112 2393 3159 sensus
2450 3103 2706 3160 nostroe
2749 3092 2830 3158 ad

892 3183 1035 3252 eius
1076 3182 1478 3251 voluntatem
1538 3197 2022 3264 componamus,
2070 3187 2147 3243 ut
2189 3178 2356 3244 nihil
2399 3198 2614 3262 neque
2658 3178 2830 3246 dica·

892 3292 1061 3351 mus,
1122 3291 1333 3353 neque
1377 3269 1705 3344 faciamus,
1766 3285 1974 3347 neque
2016 3262 2393 3348 cogitemus,
2450 3264 2636 3332 cuius
2679 3285 2832 3332 eum

892 3365 1129 3423 testem
1174 3366 1242 3421 et
1282 3354 1563 3421 iudicem
1622 3373 1755 3419 nou
1810 3351 2142 3415 faciamus.
2231 3348 2609 3435 Diligenter
2675 3372 2832 3417 vero

894 3463 1088 3509 voces
1144 3441 1297 3508 illae
1352 3437 1700 3515 notandae,
1757 3457 1957 3521 quum
2025 3436 2305 3520 populus
2364 3436 2447 3501 ad
2513 3435 2831 3503 Iehovam

893 3538 1283 3595 convocatus
1328 3526 1599 3593 dicitur:
1646 3545 1730 3589 ex
1773 3521 2008 3606 quibus
2065 3520 2387 3588 discamus
2430 3522 2821 3588 convenien-

894 3613 1069 3680 tibus
1127 3612 1383 3697 populis
1437 3609 1656 3676 Deum
1710 3607 2075 3692 praesidem
2119 3627 2261 3676 esse
2304 3628 2342 3674 o
2390 3617 2628 3673 ortere.
2717 3607 2832 3674 Sic

895 3699 1037 3782 ipse
1074 3698 1330 3764 Psaltes
1366 3696 1445 3763 de
1480 3694 1771 3763 iudicum
1809 3703 2137 3762 conventu
2173 3693 2286 3777 ait,
2397 3714 2542 3760 eam
2576 3693 2832 3760 adstare

893 3784 968 3851 in
999 3789 1170 3851 coetu
1208 3782 1332 3849 Dei
1361 3783 1565 3866 fortis,
1600 3783 1764 3848 inter
1793 3779 2202 3865 maye-etratus
2226 3780 2529 3847 iudicare.
2575 3779 2826 3848 Verum

893 3869 1233 3936 enimvero
1277 3887 1469 3952 saepe
1513 3867 1737 3952 procul
1782 3865 1978 3932 dubio
2020 3864 2247 3932 videas
2309 3865 2517 3931 multa
2557 3866 2829 3933 consilia

893 3964 962 4020 et
1021 3965 1386 4023 conventus
1446 3953 1687 4020 multos
1730 3953 1799 4017 in
1845 3949 2078 4038 quibus
2122 3951 2306 4017 nulla
2350 3950 2476 4017 Dei
2513 3972 2823 4018 reveren·

888 4042 1003 4119 tia,
1060 4041 1260 4106 immo
1315 4039 1385 4106 in
1483 4041 1678 4105 uibus
1733 4058 1871 4103 non
1927 4035 2120 4104 modo
2178 4036 2402 4103 nullus
2455 4037 2580 4122 ipsi
2647 4037 2828 4106 locus

890 4127 1310 4211 relinquitur,
1363 4061 1481 4191 sed
1534 4124 1734 4190 etiam
1793 4145 1834 4189 a
1889 4122 2124 4208 quibus
2181 4122 2373 4207 longe
2418 4124 2825 4207 propellitur.

891 4211 1064 4278 Nam
1109 4219 1267 4295 quot
1310 4230 1513 4295 prava
1555 4208 1841 4287 consilia,
1907 4217 2063 4294 quot
2106 4228 2450 4293 perversas
2495 4210 2828 4277 machina·

891 4298 1101 4363 tiones
1142 4295 1354 4382 ⁸multi
1409 4295 1682 4379 agitant,
1738 4314 1899 4378 quas
1951 4314 2023 4359 se
2079 4293 2189 4362 vel
2243 4295 2455 4361 invito
2500 4296 2644 4361 Deo
2689 4313 2827 4379 per-

887 4384 1195 4457 fecturos.
1241 4382 1346 4449 vel
1380 4381 1576 4466 longe
1611 4400 1650 4446 a
1683 4401 1754 4447 se
1788 4379 2140 4448 amandato
2178 4380 2490 4463 sperant?
2537 4382 2638 4447 Ac
2676 4402 2824 4448 con-

884 4476 992 4534 tra
1034 4489 1237 4552 quum
1281 4476 1509 4535 sancta
1567 4476 1667 4533 est
1723 4465 2117 4546 convocatio,
2173 4464 2393 4532 Deum
2451 4466 2587 4534 illic
2644 4487 2824 4550 prae·

889 4574 1033 4621 esse
1091 4564 1404 4639 appareat
1459 4573 1721 4619 necesse
1775 4560 1892 4617 est.
1979 4549 2058 4616 Id
2113 4571 2270 4618 vero
2336 4551 2712 4636 perficietur
2767 4554 2825 4620 si

890 4660 1013 4706 nos
1070 4639 1167 4705 illi
1225 4637 1542 4706 docendos
1585 4648 1651 4703 et
1692 4635 2015 4721 regendos
2058 4638 2568 4721 permiserimus,
2628 4647 2824 4723 atque

891 4726 1183 4792 omnium
1220 4735 1590 4792 nostrorum
1627 4722 2044 4790 consiliorum
2079 4725 2278 4789 finem
2301 4725 2585 4791 nominis
2615 4724 2824 4809 ipsius

891 4811 1171 4894 gloriam
1224 4810 1667 4877 habuerimus.
1752 4809 1925 4875 Nam
1983 4810 2078 4874 ita
2120 4809 2420 4876 videmus
2460 4810 2822 4877 Dominum

891 4906 1189 4963 nostrum
1233 4893 1457 4963 Iesum
1502 4895 1842 4962 Christum
1900 4893 2212 4978 polliceri,
2269 4917 2340 4962 se
2381 4894 2493 4960 ubi
2538 4896 2669 4961 duo
2716 4898 2822 4963 vel

891 4989 1029 5048 tres
1072 4981 1275 5049 coacti
1333 4983 1404 5047 in
1446 4982 1709 5048 nomine
1750 4979 1956 5064 ipsius
1996 4980 2257 5058 fuerint,
2318 4981 2453 5046 illic
2495 4982 2563 5046 in
2606 4982 2822 5048 medio

892 5065 1179 5149 ipsorum
1238 5067 1395 5135 fore.
1482 5065 1925 5150 Quamobrem
1984 5064 2055 5129 in
2112 5065 2321 5150 ipsius
2364 5069 2627 5135 nomine
2667 5088 2821 5134 con-

894 5151 1234 5219 venientes
1289 5153 1461 5221 hanc
1533 5162 1819 5219 mentem
1876 5151 2153 5217 induant
2207 5162 2480 5237 oportet,
2545 5163 2621 5219 ut
2676 5174 2821 5221 sese

891 5243 1060 5304 totos
1121 5238 1220 5304 illi
1284 5239 1669 5324 permittant
1732 5247 1799 5303 et
1859 5236 1939 5304 ab
1997 5238 2111 5304 illo
2163 5239 2511 5324 pendeant,
2569 5261 2820 5325 suaque

2940 788 3150 858 cetur,
3216 786 3283 844 et
3335 780 3764 846 consiliorum
3828 781 4085 849 felicem
4144 782 4421 863 exitum,
4485 794 4555 849 ut
4607 806 4667 850 re
4696 789 4795 870 ipa

2942 865 3190 930 virtute
3232 865 3436 948 ipsius
3479 865 3627 932 illos
3669 865 3926 934 adiutos
3968 868 4169 934 fuisse
4211 870 4328 933 flat
4369 870 4750 937 manifestum.

3108 949 3329 1034 Atque
3383 952 3701 1019 hactenus
3760 951 3841 1018 de
3897 961 4228 1020 conventu
4289 953 4403 1020 illo
4461 956 4531 1022 in
4571 956 4652 1021 Mi

2939 1035 3188 1102 dictum
3232 1047 3403 1102 esto:
3459 1037 3762 1121 deinceps
3804 1039 4119 1122 sequitur,
4166 1037 4540 1107 Samuelem
4579 1040 4690 1107 illis
4719 1065 4803 1109 ex·

2937 1122 3280 1206 probraese
3324 1124 3452 1189 Dei
3514 1122 3847 1203 beneficia,
3910 1132 3979 1190 et
4035 1123 4368 1207 ingratum
4433 1146 4586 1212 erga
4639 1128 4798 1212 ipsum

2937 1208 3253 1288 animum,
3288 1208 3394 1274 his
3429 1208 3682 1276 verbis:
3725 1209 3902 1276 Haec
3933 1210 4088 1277 dicit
4105 1210 4426 1311 Dominus
4455 1212 4801 1281 deaslmil:

2937 1380 4802 1469 Aeyyptiorumfftdemanuomnimareyumqaiaffiiyo-

2935 1464 3082 1529 bant
3140 1483 3281 1530 vos:
3370 1465 3493 1531 Vos
3569 1472 3775 1535 autem
3850 1465 4030 1534 hodie
4096 1469 4467 1549 proiecistis
4526 1468 4805 1535 Dominum

2935 1549 3142 1615 Deum
3197 1555 3489 1629 vestrum,
3546 1553 3660 1635 qui
3709 1552 3883 1618 solas
3936 1553 4212 1620 salvavit
4274 1574 4385 1620 vos
4451 1554 4527 1620 de
4583 1554 4804 1621 mee

2934 1636 3125 1701 ”talis
3176 1635 3400 1702 vestris
3451 1642 3508 1703 et
3564 1638 4089 1721 tribuzaamndbus,
4147 1644 4204 1705 et
4255 1640 4550 1708 dimisti-s:
4613 1641 4808 1723 Neque·

2934 1741 3126 1804 qaam
3139 1746 3159 1786 .·
3199 1721 3312 1787 sed
3352 1742 3555 1807 reqem
3596 1727 3891 1791 constitue
3923 1743 4120 1807 super
4159 1744 4288 1792 nos.
4354 1723 4609 1807 Quibus
4645 1726 4807 1792 verbis

2935 1807 3203 1873 Samuel
3249 1809 3660 1895 arrogantiae
3702 1810 3878 1894 ipsos
3913 1819 4191 1890 accusat,
4233 1811 4406 1894 quod
4453 1812 4809 1895 pertinaciter

2932 1914 3155 2043 {egem
3184 1895 3613 2046 ¹²postuilaring,
3657 1906 3725 1962 et
3769 1895 4025 1962 nullum
4070 1896 4618 2046 ᾳάιιιιοιιᾶιίοηὶὴιιε
4647 1897 4810 2048 Ιοοιὲἓ

2962 1998 3177 2045 ecerm
3223 2000 3239 2045 ι
3294 2000 3364 2045 se
3462 2000 3547 2064 po
3603 2003 3679 2048 us
3716 2001 4133 2065 responsarm
4341 2002 4694 2066 equaquam,

2930 2083 3137 2149 reyem
3177 2066 3470 2131 constitue
3513 2087 3706 2150 saper
3743 2086 3877 2147 noe,
3920 2070 4108 2151 quasi
4143 2067 4288 2132 Deo
4335 2068 4550 2152 legem
4590 2068 4808 2153 posituri

2932 2157 3166 2216 essent.
3255 2151 3396 2216 Nae
3439 2151 3873 2218 intolerabilis
3915 2162 3981 2220 et
4021 2153 4407 2220 detestanda
4441 2153 4810 2232 contumacia,

2932 2238 3122 2301 cuius
3176 2238 3410 2301 merito
3454 2235 3723 2304 Samuel
3780 2258 3928 2305 reos
3970 2238 4120 2304 illos
4161 2239 4340 2306 facit.
4425 2239 4811 2306 Nihilominus

2932 2331 3154 2387 tamen
3201 2322 3419 2387 Deum
3474 2323 3764 2406 ipsorum
3821 2345 3964 2391 esse
4007 2325 4461 2402 miserturum,
4522 2343 4809 2410 regemque

2932 2428 3126 2491 quem
3190 2408 3612 2509 postularunt
3676 2408 3987 2477 daturum
4052 2410 4315 2512 adiicit&
4362 2419 4664 2511 sorteque
4713 2429 4813 2476 rem

2933 2493 3937 2665 ffffivissssff-‘Jmssfflussss
3979 2495 4211 2648 3¹32?
4234 2495 4816 2665 ffiflfflfflffl

2931 2684 3131 2748 supra
3185 2664 3398 2748 ephod
3464 2665 3774 2732 collocata
3835 2677 4045 2733 erant.
4135 2665 4303 2733 Erat
4367 2677 4597 2734 autem
4653 2663 4815 2749 ephod

2932 2750 3325 2901 {ntitas}
3372 2771 3603 2903 Ἢ
3643 2752 4158 2924 {zaraa
4175 2771 4520 2921 ,zarae
4555 2750 4816 2923 m:

2934 2921 3260 3000 induebat,
3319 2922 3492 3007 quod
3547 2925 3765 2990 aureis
3813 2926 4063 2991 catenis
4121 2923 4557 3009 alligabatur:
4611 2924 4677 2991 in
4727 2939 4816 3006 quo

2933 3003 3274 3074 duodecim
3330 3009 3600 3092 pretiosi
3652 3009 3900 3093 lapides
3951 3010 4184 3076 inserti
4227 3018 4441 3091 erant,
4502 3020 4572 3076 et
4611 3011 4819 3075 nemim

2933 3090 3272 3160 duodecim
3331 3093 3619 3160 tribuum
3678 3095 4036 3179 insculpta:
4094 3094 4328 3179 quibus
4370 3104 4574 3162 erant
4613 3112 4818 3162 annon

2932 3177 3125 3245 Urim
3182 3188 3250 3244 et
3290 3180 3603 3246 Thumim
3659 3182 3950 3265 insignes
3992 3181 4242 3265 lapides
4285 3201 4496 3266 supra
4550 3181 4817 3254 humeros.

2932 3284 3018 3329 ex
3060 3264 3270 3348 ipsius
3312 3264 3440 3331 Dei
3482 3267 3903 3352 praescripto.
3951 3267 4276 3349 Equidem
4460 3286 4613 3334 oeno
4652 3267 4820 3333 Deum

2929 3367 3123 3434 saepe
3165 3351 3572 3417 voluntatem
3613 3373 3801 3418 suam
3847 3371 3967 3436 per
4008 3349 4198 3420 Urim
4244 3361 4314 3418 et
4406 3353 4664 3419 humim
4694 3361 4823 3436 psto-

2929 3436 3182 3520 fecisse,
3237 3437 3478 3520 quibus
3531 3439 3799 3505 vocibus
3856 3438 4032 3504 idem
4074 3439 4129 3503 si
4180 3439 4494 3505 nifieatur
4537 3461 4614 3507 ac
4653 3437 4821 3503 lumen

2929 3531 2999 3586 et
3055 3521 3377 3605 perfectio.
3467 3524 3621 3589 Lux
3683 3524 3862 3590 enim
3921 3525 4050 3590 fuit
4221 3525 4235 3541 '
4295 3524 4476 3609 quod
4541 3524 4632 3591 ibi
4683 3521 4822 3589 Dum

2929 3627 3116 3674 suam
3173 3608 3481 3675 virtutem
3525 3610 3939 3695 conspicuam
3981 3611 4258 3677 faceret:
4315 3610 4639 3679 sancn'tss
4672 3610 4822 3674 etiam

2929 3700 3000 3758 et
3070 3694 3397 3777 perfectio,
3474 3693 3648 3797 quod
3712 3717 4008 3796 summus
4071 3695 4372 3763 sacerdos
4456 3696 4823 3764 sancum

2927 3797 3085 3931 ger?
3116 3780 3464 3949 ἕζᾶὶθέεὲῒί
3498 3782 4496 3968 Ὴιδξξιῖεῗέθῳξᾳᾚαῖαρί
4542 3789 4824 3935 em

2928 3951 2998 4015 in
3056 3971 3183 4034 quo
3248 3971 3489 4018 nomen
3555 3952 3764 4019 tribus
3819 3953 4196 4020 Beniamim
4258 3964 4402 4019 erat
4470 3953 4680 4021 inscul

2927 4056 3167 4121 magno
3208 4048 3275 4103 et
3315 4038 3627 4104 inusitato
3669 4039 4015 4123 splendore
4059 4039 4350 4119 micuse,
4394 4050 4471 4106 et
4515 4041 4614 4106 ita

2928 4142 3116 4188 suam
3181 4123 3585 4189 voluntatem
3660 4124 4048 4209 patefecisse
4125 4137 4578 4193 meraeosunt
4639 4139 4821 4207 nugat

2929 4206 3193 4274 Scimus
3269 4218 3492 4275 autem
3573 4229 3769 4293 quam
3849 4209 4128 4276 audaces
4192 4210 4443 4277 fuerint
4510 4208 4726 4278 Iudaei
4774 4207 4821 4269 in

2927 4293 3289 4361 istiusmodi
3346 4294 3589 4363 fabulis
3644 4306 3712 4365 et
3769 4297 3960 4381 nugis
4017 4296 4500 4381 contingendis,
4560 4308 4626 4364 et
4669 4311 4822 4380 quam

2926 4379 3200 4446 nimium
3258 4379 3382 4446 sibi
3437 4393 3504 4448 et
3554 4382 3691 4449 suis
3747 4383 3968 4449 stultis
4024 4383 4616 4466 imaginationibus
4654 4376 4821 4448 indul·

2925 4465 3151 4532 serint.
3234 4466 3338 4533 Ac
3394 4488 3556 4534 sane
3612 4468 3720 4537 hic
3775 4479 4000 4552 aperte
4051 4468 4263 4534 refelli
4305 4478 4614 4552 possunt.
4691 4464 4824 4532 Nm

2925 4557 3083 4632 esto,
3144 4552 3389 4617 familia
3474 4554 3849 4621 Beniamini
3898 4575 4014 4639 per
4068 4552 4306 4637 lapidis
4357 4553 4552 4620 illius
4603 4554 4670 4620 in
4726 4567 4821 4633 quo

2926 4637 3135 4705 tribus
3201 4638 3575 4705 Beniamini
3630 4659 3869 4706 nomen
3932 4647 4080 4706 erat
4139 4637 4554 4723 insculptum

2924 4722 3368 4791 demonstrata
3426 4725 3533 4802 sit,
3589 4726 3911 4809 quomodo
3966 4723 4239 4793 Saulem
4305 4726 4608 4792 seniores

2922 4809 3177 4888 sissent,
3236 4810 3559 4895 quomodo
3612 4829 3754 4878 sese
3809 4811 3908 4876 illi
3965 4811 4208 4878 rustico
4267 4820 4336 4877 et
4387 4810 4670 4896 ignobili
4705 4805 4821 4874 enb-

2921 4896 3255 4961 misissent
3287 4897 3429 4963 sine
3471 4896 3851 4963 murmure?
3939 4896 4165 4978 Quare
4205 4895 4366 4963 satis
4408 4908 4520 4964 est
4563 4896 4669 4964 hie
4705 4913 4820 4960 con·
4907 4913 4908 4924 ¹

2922 4982 3188 5064 spicuus
3222 4981 3483 5048 illorum
3529 5004 3711 5049 error
3743 4990 3812 5050 et
3845 4983 4194 5049 temeraria
4225 4981 4508 5051 audacia
4541 4984 4614 5049 in
4643 4980 4818 5048 istiu·

2922 5067 3099 5132 modi
3143 5066 3381 5135 fabulis
3420 5067 3895 5154 confingendis.
3957 5068 4404 5152 Quamobrem
4452 5067 4653 5155 longe
4691 5063 4820 5132 veri·

2920 5153 3196 5221 similius
3239 5164 3340 5221 est
3380 5156 3580 5222 iactas
3623 5154 3826 5222 fuisse
3867 5164 4094 5233 sortes,
4133 5152 4309 5238 quod
4348 5175 4437 5221 ex
4483 5153 4678 5221 simili
4715 5150 4818 5215 loeo

2920 5237 3112 5306 facile
3168 5240 3389 5325 colligi
3443 5249 3675 5326 potest,
3733 5242 3805 5307 in
3843 5261 3973 5326 quo
4029 5241 4313 5326 legimus
4354 5241 4622 5309 Aeliam
4661 5238 4821 5304 fuis·
4907 5279 4908 5312 1
