5059 6059
327 363 440 429 465

329 549 537 619 mortis
601 549 925 632 exposuit.
1033 549 1205 616 Nam
1274 559 1340 615 et
1403 557 1556 615 ante
1624 547 1908 615 vidimus
1974 548 2248 615 Saulem

327 637 675 705 Ionathano
740 643 1018 699 mortem
1087 636 1411 701 minatum
1431 686 1448 714 ,
1533 633 1704 718 quod
1771 636 1838 700 in
1896 635 2246 702 amicitiam

333 719 590 790 Davidis
628 740 1023 803 propensum
1067 719 1345 786 videret:
1384 729 1454 786 et
1487 720 1661 805 apud
1695 740 1923 788 servos
1959 722 2252 805 graviter

328 818 733 890 conquestum
762 805 933 889 quod
956 827 1183 873 omnes
1206 807 1448 872 scirent
1471 807 1593 871 filii
1619 805 1945 872 Davidem
1970 807 2252 872 amantis

329 895 657 962 adversum
692 915 763 957 se
805 893 1374 975 conspirationem.
1443 892 1625 960 Satis
1670 894 1871 976 igitur
1906 893 2253 958 manifesta

324 976 660 1046 Ionathani
707 979 771 1042 in
818 978 1159 1043 retinenda
1204 977 1480 1044 Davidis
1524 979 1810 1045 amicitia
1852 979 2250 1045 constantia:

327 1085 506 1149 quam
560 1064 632 1128 in
670 1085 857 1129 usum
906 1074 1198 1128 nostrum
1244 1065 1488 1131 referre
1532 1063 1876 1130 debemus:
1930 1063 2252 1148 siquidem

327 1148 635 1218 Davidem
672 1150 743 1214 in
789 1148 1065 1215 desert-is
1109 1162 1176 1213 et
1218 1150 1491 1216 saltibus
1536 1169 1847 1233 quaerere
1894 1150 2142 1230 maluit,
2187 1158 2254 1214 et

326 1235 633 1302 afflictum
692 1234 1033 1316 consolari,
1093 1256 1289 1318 quam
1323 1237 1394 1301 iu
1440 1235 1590 1302 aula
1633 1236 1809 1320 regis
1852 1237 2060 1321 patris
2103 1255 2252 1301 cum

322 1321 522 1408 gratia
580 1329 646 1385 et
704 1321 1051 1386 autoritate
1108 1320 1305 1387 rebus
1363 1321 1667 1388 secundis
1708 1322 1853 1387 frui.
1945 1322 2096 1404 Quo
2139 1344 2254 1386 ex·

322 1406 524 1490 emplo
579 1405 892 1489 pudefieri
956 1405 1336 1474 delicatulos
1387 1408 1552 1474 istos
1609 1416 1881 1490 oportet,
1943 1429 2106 1491 quos
2150 1407 2255 1474 vel

324 1493 721 1578 paupertatis
788 1493 894 1557 vel
961 1493 1401 1575 periculorum
1466 1501 1683 1559 metus
1750 1491 1833 1558 ab
1886 1494 2098 1559 officio
2160 1492 2256 1557 di-

320 1585 547 1645 movet.

479 1665 693 1730 Porro
737 1662 1158 1729 Ionathanus·
1210 1665 1594 1730 nominatim
1642 1664 1900 1749 dicitur,
1955 1666 2255 1748 conforta·

317 1751 471 1816 visse
523 1769 758 1815 manus
799 1748 1082 1815 Dav-idis-
1140 1751 1211 1815 in
1254 1750 1561 1817 Domino.-
1618 1773 1701 1816 ex
1759 1753 1994 1833 quibus
2040 1751 2257 1826 verbis

318 1845 582 1918 apparet
637 1854 768 1899 non
827 1833 1028 1901 fuisse
1087 1837 1424 1919 profanam
1483 1837 1667 1901 illam
1710 1837 2085 1917 amicitiam,
2140 1858 2254 1902 ne-

317 1941 435 2004 que
471 1920 909 1985 mundanam:
959 1921 1070 1986 sed
1116 1923 1186 1987 in
1214 1922 1337 1986 Dei
1385 1924 1619 1989 timore
1663 1922 2019 1988 fundatam.
2083 1923 2258 1988 Hinc

319 2007 740 2072 observemus
819 2017 1118 2089 oportere
1199 2029 1425 2075 omnes
1507 2009 1832 2075 amicitias
1897 2015 2157 2075 nostras
2218 2028 2259 2073 a

316 2091 602 2157 Domino
629 2092 931 2175 incipere,
970 2100 1034 2157 et
1068 2095 1136 2158 in
1173 2093 1400 2160 eodem
1430 2115 1705 2179 pergere
1740 2103 1805 2160 et
1833 2095 2254 2161 continuare:

316 2198 395 2242 ne
451 2178 749 2259 alioquin
808 2177 1020 2243 multa
1065 2179 1354 2246 vanitate
1397 2181 1788 2247 laboremus.
1875 2180 2048 2245 Nam
2092 2200 2257 2263 quae

316 2263 641 2328 amicitiae
676 2263 872 2329 rebus
907 2263 1260 2330 mundanis
1297 2269 1616 2346 nituntur,
1659 2265 1950 2334 incertae
1993 2274 2150 2332 sunt
2193 2278 2260 2331 et

313 2349 798 2428 inconstantes,
864 2359 930 2414 et
995 2348 1077 2414 ad
1146 2353 1362 2418 omnis
1428 2353 1778 2435 aequitatis
1844 2361 1910 2417 et
1974 2351 2259 2417 iustitiae

313 2435 725 2499 eversionem
808 2435 1186 2519 saepissime
1249 2439 1651 2521 conspirant.
1762 2439 1974 2502 'Panto
2037 2439 2258 2521 itaque

313 2520 698 2603 diligentius
724 2520 1128 2587 observanda
1150 2521 1506 2589 Ionathani
1528 2523 1690 2589 fides
1715 2544 1872 2608 erga
1895 2522 2254 2591 Davidem:

312 2627 501 2688 quem
569 2606 895 2671 consolari
961 2608 1172 2672 voluit
1226 2610 1296 2674 in
1353 2611 1591 2676 afflicto
1644 2618 1709 2673 et
1767 2609 2005 2676 misero
2062 2618 2257 2688 statu,

310 2691 421 2756 sed
470 2693 567 2757 ita
621 2701 841 2756 tamen
900 2702 974 2758 ut
1030 2692 1261 2759 mediis
1298 2696 1599 2762 omnibus
1642 2695 1887 2760 illicitis
1928 2695 2258 2761 abstinue-

311 2778 412 2841 rit.
548 2776 858 2859 Namque
926 2779 1131 2860 patris
1213 2781 1451 2847 milites
1524 2780 1934 2846 Ionathanus
2006 2789 2262 2864 poterat

309 2862 575 2946 quidem
669 2862 1020 2929 sollicitare
1047 2915 1062 2945 ,
1149 2876 1216 2930 et
1293 2866 1377 2932 ad
1454 2866 1735 2933 Davidis
1813 2865 2259 2933 defensionem

307 2966 607 3013 armare:
653 2948 1137 3032 multorumque
1182 2953 1432 3018 animos
1477 2952 1599 3017 sibi
1644 2953 2006 3019 conciliare.
2086 2953 2259 3018 Nam

307 3034 582 3098 minime
619 3032 888 3099 dubium
926 3048 1027 3101 est
1062 3038 1221 3118 quin
1246 3037 1408 3104 Saul
1451 3038 1676 3104 multis
1720 3047 1990 3122 propter
2033 3039 2260 3104 crude-

309 3119 566 3185 litatem
605 3130 673 3184 et
717 3119 1267 3188 inhumanitatem
1309 3134 1480 3190 esset
1522 3144 1774 3203 exosus,
1820 3133 1887 3189 et
1927 3133 2261 3209 contemp-

310 3206 513 3270 tibilis
533 3256 551 3285 ,
609 3207 995 3287 praesertim
1055 3208 1226 3290 quod
1281 3218 1454 3275 esset
1512 3211 1578 3273 in
1629 3210 1954 3275 insaniam
2012 3231 2259 3276 versus.

311 3289 540 3372 Quare
603 3290 1011 3358 Ionathanus
1083 3295 1241 3360 satis
1299 3294 1543 3361 multas
1597 3296 1966 3362 occasiones
2025 3297 2263 3361 habere

309 3376 667 3443 videbatur
725 3397 830 3443 res
888 3399 1094 3444 novas
1150 3381 1492 3446 moliendi:
1566 3379 1681 3446 sed
1737 3382 1897 3447 satis
1953 3384 2077 3466 ipsi
2139 3381 2265 3447 fuit

309 3461 594 3529 Davidis
671 3482 907 3529 manus
962 3464 1029 3528 in
1091 3466 1374 3532 Domino
1431 3467 1913 3533 confortavisse.
2018 3466 2264 3549 Quam·

305 3549 536 3613 obrem
604 3569 691 3613 ne
733 3547 815 3613 ab
858 3552 1082 3616 amicis
1125 3552 1535 3635 postulemus
1579 3561 1652 3617 ut
1697 3553 2057 3619 rationibus
2102 3553 2264 3619 obli·

304 3634 450 3716 quis
518 3654 651 3698 nos
717 3632 1073 3715 adiuvent,
1154 3646 1267 3702 aut
1331 3646 1560 3704 contra
1624 3638 1751 3703 Dei
1820 3640 2266 3705 voluntatem:

301 3718 845 3802 quandoquidem
889 3723 1105 3788 exitus
1148 3744 1296 3790 cum
1337 3724 1461 3788 Dei
1510 3723 1968 3790 maledictione
2011 3747 2267 3808 semper

302 3817 405 3870 est
449 3806 894 3872 coniunctus:
955 3808 1072 3873 sed
1116 3810 1183 3873 in
1234 3811 1515 3875 Domino
1557 3808 2003 3888 fortificemur,
2059 3831 2264 3893 eoque

301 3911 431 3956 uno
479 3892 791 3957 contenti
834 3894 1060 3959 simus.

478 3975 811 4059 Sequitur
867 3987 1090 4057 autem
1150 3999 1313 4062 quae
1358 3980 1555 4045 fuerit
1597 3982 1981 4048 consolatio:
2043 3983 2263 4048 Dixit-

296 4082 418 4144 que
479 4064 583 4127 ei.-
650 4062 750 4127 Ne
806 4065 1063 4131 timeas:
1127 4085 1321 4146 neque
1377 4067 1544 4132 enim
1603 4066 1869 4134 inveniet
1923 4074 1979 4133 te
2033 4089 2266 4134 manus

304 4147 470 4214 Saul
513 4150 748 4230 patris
805 4152 962 4215 mei.-
1016 4157 1070 4217 et
1113 4157 1181 4216 tu
1223 4152 1514 4235 reynabis
1554 4172 1748 4232 super
1791 4153 2018 4234 Israel,
2061 4160 2120 4219 et
2161 4175 2267 4237 eqo

297 4253 405 4300 ero
463 4233 592 4299 tibi
652 4237 988 4302 secundus:
1045 4238 1152 4303 sed
1211 4243 1266 4301 et
1297 4243 1485 4319 pater
1525 4258 1702 4302 meus
1736 4242 1850 4305 scit
1891 4240 2022 4306 hoc.
2113 4239 2268 4304 Per·

296 4321 501 4385 cussit
539 4340 696 4402 erqo
731 4326 988 4404 uterque
1017 4324 1243 4405 foedus
1276 4343 1413 4388 cum
1436 4322 1732 4391 Domino,
1800 4326 2268 4407 Expendamus

300 4406 512 4489 igitur
578 4407 926 4489 sigillatim
974 4409 1133 4475 haec
1178 4409 1380 4474 verba
1426 4408 1662 4492 quibus
1708 4410 2033 4476 Davidem
2080 4411 2267 4476 sorti-

299 4492 556 4570 ficavit,
633 4514 873 4575 nempe
918 4494 1186 4560 fuerunt
1236 4495 1353 4560 illa
1408 4497 1935 4562 commemoratio
1996 4498 2267 4580 promis-

297 4579 574 4641 sionum
626 4578 1002 4647 divinarum
1045 4600 1212 4664 quae
1257 4580 1498 4647 Davidi
1542 4581 1749 4647 sactae
1783 4584 2062 4647 fuerant.
2145 4582 2268 4649 Ne·

296 4684 428 4746 que
488 4684 664 4729 vero
722 4665 874 4732 fecit
930 4666 1043 4731 ille
1084 4666 1443 4749 prophetae
1487 4667 1592 4731 vel
1639 4668 1918 4735 doctoris
1962 4668 2267 4744 officium,

297 4761 787 4817 verumtamen
847 4753 914 4815 in
963 4754 1347 4818 memoriam
1395 4752 1641 4818 Davidi
1685 4754 1949 4819 reduxit
1991 4774 2154 4836 quae
2198 4755 2265 4818 in

297 4835 516 4918 ipsius
584 4840 815 4903 animo
871 4838 1006 4903 iam
1062 4847 1214 4904 ante
1273 4837 1659 4904 insidebant.
1748 4839 2007 4920 Quibus
2054 4839 2267 4905 verbis

297 4922 485 4986 utilis
553 4923 927 4989 admonitio
984 4925 1374 4990 continetur.
1465 4925 1706 5007 Ecquis
1752 4927 1926 4992 enim
1972 4935 2267 4991 nostrum

297 5008 553 5074 audeat
617 5009 894 5093 gloriari
935 5030 1004 5075 se
1049 5010 1243 5075 talem
1286 5010 1527 5076 habere
1572 5011 1765 5077 fidem
1811 5011 2070 5094 qualem
2114 5011 2268 5075 olim

297 5092 542 5159 habuit
619 5095 865 5176 David,
926 5096 1114 5162 cuius
1175 5108 1371 5162 antea
1436 5098 1595 5161 satis
1654 5096 1830 5163 clara
1892 5098 2271 5163 testimonia

298 5178 697 5260 habuimus,
757 5193 822 5246 et
879 5203 1106 5248 sumus
1159 5182 1230 5246 in
1289 5193 1624 5266 posterum
1679 5182 2017 5248 habituri?
2119 5183 2269 5249 Non

297 5265 560 5334 frustra
610 5276 838 5333 tamen
884 5289 923 5334 a
946 5267 1312 5334 Ionathano
1358 5289 1592 5335 manus
1635 5269 1839 5353 ipsius
1881 5269 1954 5335 in
1983 5269 2270 5335 Domino

514 5369 753 5426 Calvini
780 5386 969 5440 opera.
1045 5371 1161 5426 Vol.
1194 5372 1388 5427 XXX.

1570 361 1668 426 IN
1713 361 1766 426 1.
1815 360 1993 427 me.
2044 357 2443 427 SAMUEL.
2491 359 2690 426 OAP.
2736 338 3009 425 xxm.

4167 361 4297 427 466

2351 549 2770 615 fortificatae:
2829 546 3004 612 unde
3064 555 3332 631 apparet
3375 547 3700 613 Davidem
3749 547 3901 614 licet
3944 548 4187 632 insigni
4231 558 4299 614 et

2353 634 2700 701 excellenti
2755 633 2883 699 fide
2940 633 3341 717 praeditum,
3398 643 3652 718 gratam
3710 642 3930 700 tamen
3991 633 4298 701 habuisse

2352 718 2706 785 Ionathani
2785 720 3318 785 consolationem.
3418 718 3642 800 Quare
3708 719 3864 785 licet
3927 719 4112 786 Deus
4178 741 4298 787 nos

2353 806 2557 873 verbo
2621 827 2739 872 suo
2807 806 3224 884 confirmarit,
3291 813 3357 870 et
3420 805 3676 870 radices
3742 804 3904 872 illud
3970 805 4039 870 in
4107 806 4295 873 nobis

2436 892 2580 970 erit,
2644 901 2863 957 tamen
2919 892 3204 957 sciamus
3262 911 3381 956 nos
3425 911 3589 973 opus
3632 889 3872 957 habere
3915 889 4297 975 quotidiana

2354 978 2397 1042 il
2428 977 2532 1042 ius
2592 976 3202 1044 commemoratione
3260 985 3329 1041 et
3385 977 3789 1059 repetitione,
3850 987 3923 1041 ut
3965 981 4174 1063 magis
4218 999 4295 1045 ac

2354 1084 2461 1128 ma
2512 1065 2564 1127 's
2640 1064 2709 1128 in
2787 1084 2862 1128 eo
2927 1063 3410 1129 confirmemur.
3520 1061 3961 1143 Quamobrem
4028 1084 4112 1129 ne
4177 1083 4298 1129 nos

2354 1170 2443 1233 pu
2491 1157 2614 1230 eat,
2658 1149 2765 1215 vel
2798 1169 2838 1214 a
2875 1148 3160 1214 minimis
3195 1148 3432 1226 doceri,
3479 1158 3545 1212 et
3578 1147 4016 1215 conditionem
4063 1148 4298 1215 docen-

2357 1237 2442 1301 tis
2505 1234 2883 1320 dedignari,
2959 1254 3131 1318 quae
3196 1233 3402 1299 nimia
3466 1242 3640 1299 esset
3705 1235 4115 1319 arrogantia:
4183 1234 4298 1302 sed

2357 1319 2638 1387 Davidis
2693 1322 2910 1405 potius
2955 1318 3338 1385 modestiam
3382 1319 3719 1385 imitemur
3759 1320 4112 1387 Ionathani
4160 1342 4299 1388 ver·

2360 1405 2459 1471 bis
2483 1407 2989 1484 auscultantem,
3013 1406 3139 1471 etsi
3162 1405 3317 1471 novi
3340 1405 3507 1470 nihil
3544 1406 3902 1484 afferentis,
3947 1416 4014 1471 et
4050 1407 4298 1472 nullam

2358 1492 2626 1558 coelitus
2660 1492 3130 1559 revelationem
3166 1490 3500 1557 habentis:
3547 1490 3662 1558 sed
3697 1502 3959 1557 tantum
4004 1490 4300 1557 divinam

2357 1577 2853 1662 promissionem
2891 1579 2958 1643 in
3003 1579 3384 1642 memoriam
3428 1577 3527 1642 illi
3571 1578 3973 1644 revocantis:
4023 1578 4125 1643 Tu
4164 1598 4303 1663 req-

2357 1664 2559 1730 nabis.
2667 1663 2955 1745 Quinam
3033 1683 3189 1730 vero
3264 1671 3667 1747 compertum
3740 1662 3906 1729 illud
3973 1662 4295 1730 habebat?

2359 1749 2612 1832 Nempe
2669 1750 2824 1833 quid
2871 1748 3198 1817 Samuelis
3258 1750 3625 1816 ministerio
3666 1748 3854 1814 Deus
3891 1751 4301 1832 patefecisset

2359 1833 2560 1918 probe
2620 1845 2838 1901 norat:
2896 1836 3316 1920 quamobrem
3374 1846 3586 1900 ratam
3647 1834 3800 1900 fecit
3857 1834 4097 1901 Davidi
4159 1855 4303 1918 pro-

2359 1922 2739 1987 missionem
2760 1972 2776 2000 ,
2843 1931 3102 2004 oportet
3166 1920 3480 1985 nimirum
3547 1930 3623 1986 ut
3686 1930 3939 2004 regnet,
4005 1920 4301 2003 quando-

2359 2007 2619 2090 quidem
2665 2007 2936 2073 Domini
2980 2006 3286 2073 mandato
3329 2027 3446 2088 per
3492 2004 3820 2073 Samuelis
3865 2007 4305 2074 ministerium

2360 2103 2600 2159 unctus
2667 2095 2915 2172 fuerat,
2997 2102 3063 2158 et
3128 2113 3243 2157 rex
3313 2090 3718 2176 designatus.
3826 2093 4037 2158 Porro
4103 2114 4307 2176 quum

2359 2178 2772 2245 Ionathanus
2816 2178 3029 2245 addit:
3078 2176 3336 2244 Patrem
3377 2179 3449 2244 id
3490 2179 3715 2259 optime
3757 2179 3934 2255 scire,
3992 2185 4061 2244 et
4103 2178 4185 2244 de
4223 2199 4301 2244 eo

2361 2285 2742 2347 persuasum
2800 2286 2959 2344 esse,
3015 2284 3095 2330 ex
3157 2284 3234 2329 eo
3292 2273 3565 2346 apparet
3620 2285 3815 2347 quam
3862 2272 4162 2347 proterve
4206 2264 4310 2329 in-

2359 2349 2605 2415 creduli
2665 2350 2984 2416 adversus
3026 2350 3247 2415 Deum
3294 2359 3524 2434 sponte
3569 2351 3935 2434 insurgant.
4024 2349 4309 2416 Minime

2359 2434 2426 2500 id
2486 2435 2752 2518 quidem
2810 2445 2991 2502 certa
3049 2446 3118 2502 et
3160 2434 3515 2501 deliberata
3560 2435 3919 2515 voluntate,
3963 2436 4078 2501 sed
4123 2436 4311 2501 furiis

2361 2521 2598 2604 agitati
2643 2531 2719 2588 ut
2761 2530 3006 2588 temere
3050 2522 3368 2586 serantur.
3415 2521 3562 2587 Non
3607 2522 3723 2586 abs
3764 2543 3835 2587 re
3878 2522 4083 2606 igitur
4125 2522 4312 2587 Iona-

2362 2605 2607 2674 thanus
2665 2607 2841 2686 dicit,
2904 2616 3156 2690 patrem
3214 2627 3412 2672 suum
3468 2608 3634 2673 scire
3688 2606 4017 2674 Davidem
4072 2629 4309 2693 regna-

2362 2700 2606 2759 turum.
2681 2692 2812 2760 Sed
2857 2693 3031 2760 unde
3075 2692 3366 2759 sciebat?
3455 2693 3627 2758 Nam
3674 2714 3806 2758 non
3851 2692 4116 2760 videbat
4160 2716 4310 2760 eum

2365 2780 2568 2845 tantis
2602 2779 2807 2862 copiis
2848 2780 3174 2844 munitum
3223 2789 3297 2844 ut
3341 2780 3405 2845 vi
3450 2789 3518 2844 et
3560 2775 3761 2844 armis
3806 2780 4055 2863 regiam
4099 2779 4313 2864 digni·

2367 2872 2570 2930 tatem
2628 2876 2999 2949 occuparet:
3061 2865 3174 2930 sed
3221 2866 3484 2947 propria
3527 2865 3926 2931 conscientia
3968 2868 4309 2932 convince·

2367 2950 2578 3029 batur,
2659 2951 2827 3034 quod
2907 2949 3231 3016 Davidem
3299 2951 3425 3016 Dei
3505 2951 3691 3016 donis
3768 2952 4091 3034 insignem
4169 2973 4313 3019 esse

2366 3035 2636 3115 videret,
2680 3046 2748 3102 et
2783 3037 2863 3101 de
2900 3037 3087 3102 factis
3131 3036 3257 3118 ipsi
3300 3057 3419 3122 per
3445 3033 3816 3102 Samuelem
3866 3037 4311 3119 promissioni-

2366 3121 2486 3187 bus
2543 3124 2783 3189 certior
2826 3122 3036 3189 factus
3079 3131 3268 3188 esset.
3348 3121 3654 3203 Quantus
3695 3122 3785 3186 sit
3828 3122 4029 3206 igitur
4071 3122 4313 3206 impro-

2368 3207 2597 3273 borum
2630 3208 2831 3288 furor,
2877 3230 3077 3292 quum
3115 3230 3156 3274 a
3176 3207 3321 3274 Deo
3354 3207 3627 3275 coniecti
3660 3214 3820 3273 sunt
3852 3208 3920 3272 in
3959 3208 4311 3292 reprobum

2367 3313 2656 3372 sensum,
2693 3294 2850 3361 hinc
2887 3303 3192 3379 apparet:
3231 3314 3306 3360 ae
3329 3292 3602 3376 proinde
3638 3291 3853 3358 danda
3890 3295 4075 3359 nobis
4114 3315 4313 3380 opera

2369 3387 2443 3444 ut
2478 3380 2689 3464 magis
2723 3380 2998 3447 sollicite
3031 3381 3099 3446 in
3123 3381 3249 3446 Dei
3295 3383 3528 3446 timore
3571 3379 4014 3445 ambulemus:
4062 3381 4310 3446 Deum·

2369 3485 2496 3548 que
2539 3487 2884 3549 precemur
2927 3474 3001 3532 ut
3044 3467 3103 3532 si
3145 3468 3358 3532 sancti
3401 3467 3505 3531 sui
3549 3465 3821 3548 spiritus
3878 3465 4094 3566 aliqua
4137 3468 4311 3533 scin-

2368 3550 2511 3615 tilla
2590 3572 2712 3618 nos
2777 3551 3131 3618 illustrarit
3152 3604 3168 3631 ,
3246 3572 3635 3635 quocunque
3702 3562 4033 3617 vocaverit
4097 3553 4311 3637 ipsum

2367 3636 2623 3719 placide
2665 3658 3035 3721 sequamur,
3094 3647 3160 3704 et
3204 3658 3633 3721 quaecunque
3677 3636 3865 3703 nobis
3906 3640 4312 3705 occasionem

2366 3721 2682 3789 adversus
2728 3724 2943 3789 Deum
2988 3723 3384 3807 obloquendi
3428 3722 3664 3788 darent
3704 3722 4186 3804 obliviscamur,
4240 3734 4314 3789 ut

2368 3808 2531 3872 nihil
2571 3809 2746 3874 aliud
2784 3820 3168 3893 expetamus
3205 3810 3333 3875 nisi
3369 3807 3711 3875 deleantur
3752 3821 4020 3894 peccata
4067 3822 4311 3889 nostra,

2366 3913 2497 3976 quo
2541 3894 2791 3961 facilior
2835 3894 3020 3961 nobis
3066 3895 3147 3962 ad
3173 3896 3387 3961 Deum
3436 3905 3747 3979 tanquam
3793 3904 4044 3977 patrem
4094 3896 4312 3962 aditus

2365 3988 2603 4063 pateat.

2539 4067 2682 4132 Iam
2728 4088 2886 4133 vero
2934 4069 3125 4150 agite,
3170 4073 3272 4133 etc.

2844 4324 3343 4408 HOMILIA
3388 4323 3854 4406 LXXXIV.

2550 4497 2649 4563 19.
2697 4497 3168 4563 Adscenderunt
3211 4501 3413 4561 autem
3446 4494 3715 4574 ziphaei
3758 4493 3844 4557 ad
3876 4491 4038 4559 Saul
4079 4495 4147 4557 in
4175 4493 4312 4559 Ga-

2372 4585 2516 4662 baa,
2556 4584 2849 4650 dicentes:
2896 4581 3122 4647 Nonne
3166 4582 3388 4647 David
3432 4581 3634 4646 latitat
3676 4579 3850 4659 apud
3891 4599 4010 4644 nos
4052 4581 4121 4643 in
4162 4580 4314 4645 locis

2371 4670 2712 4736 tutissimis
2743 4669 2974 4751 sylvae,
3010 4670 3081 4733 in
3111 4669 3259 4735 colle
3282 4665 3561 4742 Hamae,
3597 4684 3756 4746 quae
3788 4670 3878 4729 est
3911 4667 3996 4731 ad
4027 4666 4314 4732 dextram

2369 4757 2619 4822 deserti.
2707 4755 2811 4821 20.
2860 4755 3049 4820 Nunc
3104 4775 3246 4838 erqo
3301 4753 3462 4818 sicut
3518 4750 3898 4816 desideravit
3939 4752 4162 4816 anima
4202 4756 4316 4818 tua

2370 4846 2438 4906 ut
2480 4842 2892 4924 descenderes,
2949 4841 3241 4908 descende
3254 4864 3273 4903 .·
3328 4843 3610 4902 nostrum
3664 4841 3869 4902 auten·
3910 4838 4030 4901 erit
4070 4842 4139 4902 ut
4180 4841 4312 4902 tra-

2369 4928 2601 4993 damus
2643 4948 2783 4993 eum
2825 4928 2894 4992 in
2937 4947 3166 4992 manus
3206 4925 3392 5008 reyis.
3439 4924 3544 4988 21.
3592 4921 3898 5004 Dixitque
3944 4921 4137 4988 Saul:
4178 4922 4315 4989 Be·

2369 5012 2596 5078 nedicti
2648 5034 2755 5080 vos
2814 5034 2854 5078 a
2912 5013 3209 5089 Domino,
3273 5011 3424 5090 quia
3488 5008 3786 5074 doluistis
3844 5009 4037 5074 vicem
4092 5029 4313 5077 meam.

2374 5099 2478 5164 22.
2522 5097 2707 5166 Abite
2748 5121 2895 5184 erqo
2936 5120 3043 5164 oro
3086 5103 3141 5162 et
3181 5096 3543 5179 diliyemtius
3574 5099 3971 5176 praeparate,
4016 5100 4073 5158 et
4106 5096 4311 5160 curio-

2373 5186 2513 5249 sius
2557 5187 2739 5269 ayite,
2799 5193 2856 5252 et
2895 5184 3282 5252 considerate
3324 5183 3524 5248 locum
3577 5180 3685 5246 ubi
3736 5180 3969 5264 εὕρω·
4010 5180 4164 5258 eius,
4222 5180 4318 5246 vel

2376 5272 2522 5352 quis
2564 5272 2786 5338 viderit
2826 5293 2968 5338 eum
3008 5269 3116 5336 ibi.
3183 5268 3445 5337 Dictum
3485 5272 3575 5333 est
3615 5267 3783 5332 enim
3822 5265 3983 5332 mihi
4022 5266 4186 5349 quod
4228 5267 4317 5332 sit
