5059 6059
327 343 438 409 737

322 527 535 596 incerti
609 525 907 591 feruntur
971 523 1042 589 in
1110 522 1238 588 Dei
1317 522 1499 589 cultu
1564 519 1826 587 ianuam
1892 520 2217 587 coelorum

321 612 547 682 claudi:
593 608 948 677 cuiusmodi
991 618 1149 675 sunt
1189 607 1589 693 hypocritae,
1632 607 1749 690 qui
1791 607 1929 673 suis
1970 604 2220 690 cupidi-

325 699 546 766 tatibus
602 695 984 780 gloriantur,
1042 702 1108 759 et
1162 695 1366 760 nubes
1422 694 1597 777 ipsas
1640 694 2073 758 transcensuri
2122 693 2219 758 vi·

323 787 559 862 dentur,
620 779 731 847 sed
797 781 1032 864 quibus
1095 778 1279 845 Deus
1343 778 1561 845 oculos
1625 788 1948 862 excaecat,
2013 786 2089 842 ιιι
2151 778 2219 842 in

321 869 574 936 exitium
631 866 937 933 caecitate
993 886 1112 931 sua
1165 865 1550 949 praecipites
1607 865 1916 942 ferantur,
1973 872 2039 928 et
2100 883 2222 928 sua

319 953 705 1022 contumacia
762 954 830 1016 in
874 960 1147 1017 mortem
1206 959 1419 1015 ruant.
1506 948 1719 1032 Saepe
1760 947 2021 1031 quidem
2064 969 2222 1015 sane

320 1040 521 1106 videas
563 1037 688 1102 Dei
731 1037 901 1102 filios
945 1036 1167 1101 multis
1209 1034 1530 1118 angustiis
1572 1035 1804 1117 premi,
1863 1043 1931 1099 et
1973 1046 2102 1098 tam
2148 1034 2219 1098 in

317 1124 532 1209 opibus
593 1133 660 1188 et
723 1123 1140 1189 facultatibus
1195 1141 1390 1204 quam
1449 1119 1744 1203 personis
1802 1119 2041 1205 affligi:
2106 1119 2220 1186 sed

315 1231 464 1295 quae
505 1219 725 1274 tamen
767 1228 996 1273 omnes
1035 1206 1419 1273 afflictiones
1459 1207 1531 1270 in
1565 1225 1891 1270 summum
1929 1206 2218 1289 ipsorum

314 1294 703 1362 commodum
763 1292 1016 1377 cedant,
1073 1304 1141 1358 et
1182 1290 1417 1375 quibus
1474 1290 1790 1356 cautiores
1834 1289 2220 1371 efficiantur,

315 1403 391 1447 ne
431 1390 673 1446 temere
716 1397 933 1443 coram
970 1379 1112 1444 Deo
1156 1377 1494 1442 incedant:
1537 1396 1613 1441 ac
1645 1375 1914 1459 proinde
1949 1376 2219 1459 perinde

313 1487 448 1532 cum
504 1465 663 1549 ipsis
721 1464 955 1548 agitur,
1012 1473 1209 1546 atque
1253 1482 1400 1528 cum
1457 1462 1540 1526 iis
1592 1461 1706 1543 qui
1748 1461 1934 1545 proni
1978 1463 2044 1525 in
2091 1474 2216 1526 ter-

312 1572 438 1616 ram
491 1549 756 1625 cadunt,
816 1560 884 1613 et
926 1552 1142 1615 statim
1186 1548 1549 1631 eriguntur.
1638 1546 1770 1611 Sed
1813 1566 1948 1611 non
1992 1546 2216 1612 eadem

311 1647 403 1703 eet
440 1636 880 1719 improborum
940 1636 1124 1710 ratio,
1181 1653 1339 1715 quos
1383 1632 1565 1697 Deus
1607 1651 1727 1696 suo
1770 1632 1937 1697 iusto
1979 1630 2216 1700 iudicio

307 1722 394 1788 sic
433 1720 859 1805 persequitur,
904 1729 980 1784 ut
1024 1718 1284 1785 tandem
1330 1716 1522 1801 plane
1565 1726 1904 1782 corruant:
1963 1724 2031 1781 et
2072 1718 2213 1800 qui·

309 1807 446 1873 dem
502 1816 641 1872 tum
704 1806 987 1870 maxime
1044 1824 1245 1888 quum
1299 1804 1456 1868 facti
1512 1803 1647 1868 voti
1702 1808 2031 1885 compotes
2090 1803 2216 1870 sibi

309 1892 692 1959 videbuntur
755 1911 977 1956 eorum
1044 1888 1518 1957 contumaciam
1579 1886 1951 1967 ulciscatur,
2014 1907 2215 1971 quum

309 1978 598 2043 nimirum
645 1974 728 2043 ad
772 1978 1019 2042 exitum
1065 1997 1167 2041 res
1211 1992 1362 2040 suas
1404 1973 1804 2057 perduxisse,
1845 1983 1913 2037 et
1955 1993 2024 2038 se
2068 1975 2216 2039 ado-

309 2062 549 2143 randos,
592 2073 670 2128 nt
704 2063 795 2127 ita
829 2060 1039 2127 dicam
1074 2062 1386 2144 praebere
1422 2059 1845 2124 videbuntur:
1890 2071 2216 2127 momento

313 2148 478 2213 Deus
517 2149 777 2227 evertit,
831 2156 897 2212 ct
955 2148 1250 2213 incautos
1307 2144 1680 2229 prosternit.
1768 2142 1990 2224 Quare
2032 2147 2217 2213 nobie

312 2232 386 2297 de
425 2233 562 2299 istis
605 2233 778 2299 serio
823 2231 1262 2316 cogitandum,
1307 2242 1372 2295 et
1413 2227 1775 2297 cavendum
1818 2248 1902 2293 ne
1946 2228 2215 2296 Domini

307 2319 606 2400 patientia
665 2318 1030 2397 abutamur,
1096 2338 1180 2382 ne
1243 2316 1553 2382 maiorem
1611 2313 2214 2382 condemnationem

303 2403 657 2469 subeamus.
744 2401 1048 2485 Denique
1082 2401 1350 2468 Samuel
1394 2420 1504 2467 eos
1547 2399 1871 2480 admonet,
1915 2421 1999 2465 ne
2040 2403 2215 2488 regie

298 2489 482 2554 titulo
527 2490 630 2556 vel
680 2488 997 2568 dignitate
1042 2487 1415 2566 abutantur,
1472 2483 1586 2552 sed
1630 2484 1981 2550 Dominum
2029 2489 2212 2554 time·

299 2586 426 2654 ant,
485 2574 663 2657 qnod
711 2573 888 2639 solus
936 2572 1045 2638 ille
1104 2594 1222 2637 nos
1264 2581 1522 2637 tueatur
1565 2580 1631 2636 et
1669 2582 1984 2655 protegat,
2038 2581 2103 2639 et
2143 2574 2214 2639 in

292 2658 401 2724 illo
462 2659 602 2725 solo
670 2657 975 2725 fiduciam
1032 2678 1290 2723 omnem
1348 2657 1665 2724 collocare
1719 2676 1841 2721 nos
1899 2668 2214 2739 oporteat.

295 2743 608 2829 Alioquin
653 2745 945 2809 minatur
990 2744 1147 2828 fore,
1190 2755 1261 2808 ut
1302 2755 1437 2808 tam
1479 2741 1606 2824 ipsi
1649 2761 1845 2825 quam
1888 2763 2007 2809 rex
2048 2746 2215 2830 ipso-

297 2851 436 2895 rum
463 2848 468 2852 ·
497 2838 806 2914 pereant:
868 2830 1151 2895 Domino
1208 2828 1386 2893 vires
1430 2825 1600 2910 ipsis'
1633 2847 1856 2891 omnes
1902 2831 2215 2909 ablaturo,

292 2928 358 2979 et
420 2917 490 2981 in
560 2916 844 2982 nihilum
912 2915 1272 2983 redacturo-
1374 2914 1477 2979 Ex
1544 2912 1777 2996 quibus
1839 2911 2215 2983 discendnm

485 5313 711 5371 οωιοεηι·
739 5330 928 5383 οροω,
1001 5313 1123 5370 νοι.
1149 5314 1380 5370 xxzx.

1617 332 1716 398 IN
1764 333 1817 398 1.
1863 332 2042 398 LIB.
2085 331 2485 400 SAMUEL.
2531 333 2728 399 CAP.
2772 334 2934 400 XII.

4120 345 4246 412 738

2323 530 2441 602 est,
2497 542 2618 589 nos
2673 521 2826 588 licet
2877 520 3072 589 rebus
3128 523 3427 591 omnibus
3468 527 3822 597 instructos
3865 534 4247 602 necessariis

2322 607 2406 672 ad
2447 626 2571 672 nos
2613 606 2924 674 adversus
2965 609 3101 674 vim
3144 609 3430 677 hostium
3475 613 3798 697 tutandos,
3842 625 4061 684 tamen
4105 622 4244 685 exi-

2323 691 2414 759 tio
2469 692 2656 758 nobis
2713 693 2861 759 illas
2913 694 3049 759 fore
3106 695 3324 778 potius
3382 719 3576 781 quam
3642 702 4036 782 adiumento,
4103 707 4244 772 Deo

2323 777 2510 843 nobis
2553 777 2956 845 adversante.
3046 780 3135 845 Et
3191 790 3420 848 contra
3461 805 3581 850 nos
3621 786 3770 853 licet
3812 787 4115 872 inermes,
4177 804 4245 858 et

2324 864 2513 929 rebus
2592 865 2890 931 omnibus
2966 866 3199 948 quibus
3277 868 3409 933 vim
3490 869 3774 938 hostium
3854 875 4244 957 repellamus

2325 950 2687 1026 destitutos,
2766 969 2842 1014 ac
2919 950 3189 1034 proinde
3268 973 3474 1037 neque
3542 977 3727 1041 reges
3791 963 4244 1044 magnanimos

2324 1034 2638 1102 habentes
2692 1036 2804 1118 qui
2858 1056 2979 1102 nos
3037 1035 3402 1118 defendant,
3458 1062 3671 1125 neque
3723 1046 4003 1129 amplam
4055 1046 4243 1113 ditio·

2322 1141 2493 1199 nem,
2549 1142 2759 1205 neque
2817 1141 2927 1186 eas
2968 1123 3361 1189 munitiones
3414 1147 3582 1209 quae
3625 1129 3708 1194 ad
3752 1150 4020 1216 magnos
4064 1154 4246 1199 exer·

2322 1208 2487 1275 citus
2545 1204 2958 1274 sustinendos
3014 1210 3412 1276 necessariae
3472 1221 3646 1293 sunt,
3705 1226 3771 1279 et
3811 1220 3996 1301 pauci
4041 1219 4243 1286 simus

2322 1291 2637 1358 adversus
2699 1292 3033 1376 ingentem
3094 1295 3600 1375 multitudinem,
3680 1299 3961 1386 denique
4029 1306 4242 1370 nullae

2321 1380 2514 1455 vires,
2557 1377 2773 1443 nullas
2818 1378 3209 1447 munitiones
3254 1381 3625 1463 habeamus,
3673 1395 3889 1454 tamen
3931 1389 4076 1456 Deo
4120 1411 4239 1475 pro

2321 1462 2507 1529 nobis
2570 1472 2804 1539 stante,
2887 1462 3153 1530 minime
3227 1466 3656 1536 dubitandum
3731 1475 3891 1555 quin
3967 1477 4241 1543 infinitis

2319 1548 2583 1614 mundis
2639 1548 2987 1613 adversum
3032 1571 3151 1615 nos
3195 1554 3690 1623 coniurantibus
3735 1570 3802 1624 et
3841 1561 4240 1644 insurgenti·

2318 1636 2439 1701 bus
2483 1635 2673 1718 longe
2726 1634 3023 1699 fortiores
3078 1637 3281 1702 futuri
3324 1641 3548 1710 simus.
3636 1642 3976 1724 Quantum
4041 1648 4242 1731 igitur

2317 1720 2624 1802 precandi
2667 1719 2952 1784 studium
2996 1718 3123 1786 ista
3164 1723 3406 1791 debent
3445 1727 3518 1791 in
3564 1729 3750 1796 nobis
3794 1752 4128 1815 generare,
4174 1747 4242 1799 et

2318 1817 2717 1889 quantopere
2774 1802 2854 1868 ad
2909 1803 3209 1873 fiduciam
3276 1811 3345 1876 in
3399 1811 3515 1877 illo
3570 1814 4003 1883 collocandam
4065 1821 4239 1886 exci-

2317 1889 2501 1991 tare?
2591 1889 3006 1990 Quapropter
3059 1891 3407 1978 diligenter
3463 1897 3835 1967 meditanda
3876 1916 4032 1969 sunt
4075 1925 4240 1989 quae

2319 1975 2425 2041 hic
2467 1975 2654 2042 nobis
2713 1985 3183 2075 proponuntur,
3243 1990 3312 2046 et
3366 1984 3436 2047 in
3496 2005 3685 2052 usum
3745 1997 4043 2054 nostrum
4105 2004 4236 2056 tra·

2320 2059 2570 2127 henda:
2628 2063 2799 2161 ¹3¹⁵.⁸i
2844 2060 2998 2143 quid
3039 2069 3392 2133 occurrerit
3432 2091 3560 2153 quo
3605 2070 3686 2137 ad
3731 2071 4154 2141 defectionem
4201 2099 4240 2142 a

2322 2145 2464 2247 peo
2518 2147 2961 2225 sollicitemur,
3025 2148 3208 2216 flocci
3261 2151 3597 2235 faciamus,
3664 2169 4238 2246 quantumcunque

2319 2232 2483 2298 illud
2525 2233 2633 2312 sit,
2692 2244 2759 2296 et
2814 2231 2998 2296 velut
3058 2235 3311 2303 aridum
3354 2261 3624 2324 gramen
3667 2243 3939 2328 pedibus
3980 2248 4238 2315 concul-

2318 2338 2560 2384 cemus.
2617 2317 2786 2383 Nam
2829 2318 2884 2382 si
2928 2337 3046 2383 nos
3086 2334 3312 2388 contra
3350 2328 3521 2392 conti
3570 2329 3693 2394 erit
3735 2329 4014 2396 ferarum
4062 2354 4240 2399 more

2320 2402 2635 2469 adversus
2665 2403 2901 2502 ‘ipsum
2961 2402 3314 2486 calcitrare,
3373 2421 3440 2477 et
3490 2434 3530 2478 a
3627 2414 3772 2499 ipso
3830 2417 4131 2484 recedere
4174 2431 4244 2484 et

2318 2496 2789 2555 contumaciter
2828 2508 3074 2588 gerere,
3131 2491 3424 2562 futurum
3468 2509 3567 2565 est
3613 2512 3683 2566 ιιι
3726 2521 3874 2567 eum
3919 2504 4012 2569 sic
4055 2503 4241 2570 nobis

2319 2576 2716 2675 contrarium
2760 2593 3190 2658 experiamur,
3233 2592 3309 2645 ιιι
3350 2603 3732 2669 quocunque
3774 2598 4097 2654 terrarum
4143 2590 4242 2656 fu·

2318 2680 2596 2760 giamus,
2660 2679 2731 2725 in
2796 2678 3099 2762 manum·
3128 2664 3285 2746 eius,
3353 2689 3593 2751 poenas
3657 2671 4054 2740 iustissimus
4119 2697 4236 2760 pro

2318 2759 2601 2829 peccatis
2646 2753 2885 2844 nostris
2926 2747 3226 2816 omnibus
3269 2765 3688 2837 repetentem,
3735 2760 4112 2827 incidamus.

2495 2832 2719 2914 Quare
2761 2838 2954 2914 agite,
2999 2850 3212 2901 coram
3258 2836 3383 2903 Dei
3429 2845 3536 2906 etc.

3752 5322 3823 5371 ⁴27
