5059 6059
266 360 373 429 261

263 556 455 620 natim
524 555 665 618 fieri
730 553 1121 619 mentionem
1186 553 1487 619 audimus
1553 553 1914 632 mulierum,
1990 576 2154 638 quae

261 655 561 724 tympana
636 648 700 705 et
773 639 904 703 alia
979 639 1227 705 musica
1304 641 1738 705 instrumenta
1803 641 2156 723 pulsarant,

261 728 508 791 obviam
565 723 750 790 Sauli
811 725 1161 803 venientes,
1234 737 1611 808 parcamque
1668 724 1762 790 illi
1823 726 2159 791 victoriam

260 810 674 896 gratulantes.
761 810 851 874 Et
914 821 1249 894 praeterea
1314 822 1445 876 tam
1504 833 1586 876 ex
1649 811 1768 876 hoc
1825 831 2022 893 quam
2077 833 2157 877 ex

262 898 359 961 illo
415 896 551 962 loco
608 895 686 961 de
744 896 954 960 Maria
999 896 1199 960 Mosis
1242 916 1476 976 sorore,
1535 895 1900 980 colligimus
1942 895 2161 962 Deum

263 1005 382 1047 non
428 990 679 1046 tantum
725 1003 765 1045 a
811 982 983 1057 viris,
1029 981 1140 1046 sed
1184 982 1382 1047 etiam
1425 1002 1464 1045 a
1498 982 1875 1047 mulieribus
1909 981 2160 1047 laudari

263 1067 448 1133 velle:
509 1089 590 1132 ne
645 1067 1093 1131 insolentiores
1146 1065 1269 1131 viri
1314 1067 1621 1132 mulieres
1663 1067 1743 1133 ab
1788 1067 1910 1132 hoc
1952 1067 2162 1152 digni-

260 1155 401 1218 tatis
437 1152 640 1236 gradu
678 1150 999 1228 deiiciant,
1045 1173 1293 1233 nempe,
1335 1173 1559 1218 omnes
1593 1164 1724 1217 tam
1761 1153 1935 1218 viros
1970 1173 2161 1237 quam

258 1237 557 1304 mulieres
621 1238 845 1302 venire
909 1237 977 1301 in
1042 1248 1292 1320 partem
1362 1239 1484 1303 Dei
1539 1237 2031 1304 beneficiorum:
2097 1247 2164 1303 et

260 1345 381 1388 non
431 1324 646 1387 minus
688 1322 809 1405 ipsi
846 1331 1067 1405 gratas
1102 1334 1166 1386 et
1200 1334 1496 1406 acceptas
1530 1345 1669 1389 esse
1706 1345 1745 1389 a
1783 1324 2163 1390 mulieribus

256 1410 502 1476 oblatas
545 1410 899 1492 gratiarum
945 1409 1246 1487 actiones,
1292 1428 1488 1490 quam
1532 1429 1695 1491 quae
1738 1430 1777 1473 a
1813 1409 1971 1475 viris
2006 1409 2163 1474 offe·

258 1508 506 1560 runtur.
593 1492 842 1558 Idcirco
913 1494 1105 1557 etiam
1171 1493 1430 1559 Psalmo
1492 1494 1611 1559 148
1671 1495 1979 1578 propheta
2037 1496 2165 1559 sin·

256 1582 438 1664 gulos
474 1579 785 1655 hortatur,
831 1599 1035 1659 senes,
1080 1579 1361 1657 iuvenes,
1408 1579 1725 1656 mulieres,
1764 1581 2046 1663 virgines
2081 1578 2162 1643 ad

256 1665 476 1730 laudes
541 1663 683 1728 Deo
745 1664 935 1729 simul
1003 1663 1340 1743 canendas,
1406 1666 1669 1747 eiusque
1727 1685 1962 1730 nomen
2005 1664 2165 1730 eele-

257 1751 591 1816 brandum.
677 1749 824 1813 Non
871 1748 1101 1815 debere
1143 1749 1343 1832 igitur
1386 1751 1589 1814 arceri
1633 1770 1863 1815 sexum
1905 1749 2089 1815 illum
2124 1769 2165 1814 a

256 1836 626 1900 divinarum
692 1834 955 1899 laudum
1016 1834 1487 1916 praedicatione
1540 1857 1621 1899 ex
1680 1835 1823 1900 istis
1882 1846 2164 1917 apparet,

255 1920 441 1987 modo
484 1920 573 1985 sit
611 1940 961 1986 consensus
1005 1920 1293 1984 omnium
1330 1930 1620 1985 aetatum
1656 1929 1723 1985 et
1756 1941 2045 1998 sexuum,
2090 1929 2166 1984 ut

256 2027 443 2073 senes
486 2025 630 2070 cum
679 2005 1036 2079 iuvenibus,
1082 2005 1208 2068 viri
1252 2025 1397 2069 cum
1444 2004 1817 2070 mulieribus
1861 2016 1926 2069 et
1962 2005 2162 2089 virgi-

259 2093 451 2156 nibus
507 2112 636 2155 uno
674 2111 896 2156 omnes
934 2110 1045 2154 ore
1087 2088 1302 2154 Deum
1348 2090 1613 2155 laudent
1655 2104 1723 2155 et
1765 2090 2162 2173 praedicent:

253 2190 316 2242 et
370 2196 492 2259 pro
534 2175 747 2241 stultis
788 2186 854 2240 et
896 2173 1160 2240 ludicris
1205 2175 1473 2253 naeniis,
1533 2175 1616 2241 ad
1658 2196 1816 2258 quas
1860 2175 2162 2240 iuvenilis

256 2276 439 2326 aetas
497 2262 901 2343 potissimum
959 2260 1251 2342 impellit,
1315 2261 1538 2325 laetari
1594 2261 1663 2325 in
1711 2260 1990 2325 Domino
2032 2259 2161 2325 dis·

256 2358 422 2425 caut,
470 2357 535 2410 et
576 2365 765 2410 omne
798 2367 990 2411 suum
1024 2346 1310 2410 studium
1346 2346 1415 2410 in
1456 2346 1715 2411 nomine
1752 2346 1955 2430 ipsius
1991 2366 2166 2430 mag-

257 2430 624 2498 nifaciendo
665 2431 1011 2495 collocent:
1070 2431 1399 2514 solamque
1452 2432 1575 2496 Dei
1635 2431 1907 2514 gloriam
1965 2452 2164 2514 quae·

255 2528 424 2595 rant,
483 2528 548 2581 et
598 2537 713 2600 pro
771 2516 1019 2582 viribus
1061 2530 1498 2598 promoveant.
1587 2515 1932 2583 Caeterum
1975 2527 2165 2598 prout

253 2604 594 2668 hominnm
652 2603 910 2684 ingenia
952 2609 1108 2666 sunt
1149 2602 1317 2666 levia
1359 2615 1428 2667 et
1471 2623 1652 2678 vana,
1712 2602 1826 2666 vix
1868 2602 2007 2665 fieri
2052 2624 2164 2685 po-

255 2700 383 2753 test
445 2698 520 2752 ut
574 2687 831 2752 divinae
889 2686 1110 2751 laudes
1154 2687 1310 2756 adeo
1354 2708 1553 2769 purae
1595 2690 1725 2752 sint
1769 2700 1834 2750 et
1875 2689 2166 2753 sincerae

255 2774 414 2857 quin
476 2772 692 2854 aliqua
749 2772 887 2837 laus
928 2771 1294 2836 hominibus
1339 2772 1659 2837 tribuatur
1700 2773 1767 2836 in
1811 2772 1893 2836 iis
1935 2778 2165 2838 carmi-

255 2860 449 2924 nibus
523 2858 757 2940 quibus
834 2857 1006 2923 facta
1062 2858 1346 2940 ipsorum
1403 2858 1663 2941 egregia
1720 2857 2165 2925 decantantur.

255 2945 481 3027 Neque
528 2963 682 3006 vero
727 2965 893 3027 nego
931 2943 1069 3007 fieri
1105 2963 1289 3025 posse
1326 2944 1709 3007 mentionem
1746 2942 2166 3009 honorificam

254 3051 500 3104 eorum,
556 3049 832 3110 quorum
892 3049 1087 3111 opera
1142 3029 1321 3093 Deus
1368 3049 1521 3092 usus
1565 3028 1720 3093 erit:
1773 3028 1888 3093 sed
1933 3030 2167 3095 vitium

256 3114 681 3197 reprehendo,
736 3113 906 3196 qnod
965 3114 1096 3178 illis
1138 3133 1300 3195 quae
1345 3114 1481 3177 Deo
1524 3111 1842 3180 debentur
1885 3115 2166 3195 ascribit,

257 3214 639 3283 tantumque
712 3198 792 3263 de
855 3197 983 3263 Dei
1055 3195 1261 3282 gloria
1328 3197 1629 3263 detrahit.
1731 3198 2164 3280 Quamobrem

255 3287 472 3350 danda
514 3283 698 3349 nobis
742 3305 936 3366 opera
981 3295 1098 3363 est,
1142 3292 1215 3348 ut
1258 3303 1458 3365 quum
1501 3282 1626 3348 Dei
1663 3283 1881 3350 laudes
1917 3285 2165 3367 praedi-

253 3392 500 3446 camus,
566 3382 632 3434 et
699 3369 1034 3433 hominum
1105 3371 1492 3433 mentionem
1551 3368 1830 3452 aliquam
1877 3370 2164 3449 facimus,

256 3479 337 3521 ne
383 3458 480 3520 sie
521 3477 626 3520 eos
670 3455 1044 3533 evehamus,
1093 3463 1166 3519 ut
1209 3453 1287 3517 de
1329 3454 1453 3518 Dei
1498 3454 1704 3537 gloria
1748 3468 2003 3521 tantum
2047 3458 2168 3520 mi-

255 3562 541 3606 nuamus
600 3553 914 3624 quantum
960 3538 1085 3603 illis
1130 3539 1508 3604 tribuimus:
1569 3540 1680 3604 sed
1730 3540 1871 3604 Deo
1915 3562 2169 3624 semper

257 3627 548 3691 debitum
585 3626 893 3690 honorem
932 3624 1296 3699 reddamus,
1334 3635 1399 3688 et
1420 3623 1752 3689 hominum
1776 3628 2165 3691 mentionem

253 3712 466 3777 obiter
502 3724 565 3775 et
608 3710 814 3776 veluti
857 3731 969 3792 per
1013 3723 1427 3774 transennam
1474 3709 1801 3774 faciamus.

429 3797 631 3861 Porro
697 3795 1001 3877 quiddam
1065 3796 1329 3858 humani
1405 3814 1632 3876 passae
1697 3796 1817 3859 hoc
1875 3795 2012 3860 loco
2071 3797 2167 3860 vi·

256 3882 500 3946 dentur
577 3882 894 3956 mulieres,
978 3900 1139 3962 quae
1217 3879 1542 3944 dicebant:
1627 3879 1940 3945 Percussit
2011 3879 2172 3945 Saul

252 3966 448 4045 mille,
486 3972 540 4031 et
580 3967 799 4033 David
840 3966 1037 4031 decem
1080 3965 1298 4030 millia.
1386 3964 1554 4029 Nam
1591 3966 1681 4029 ita
1717 3965 2169 4045 praedicantur

259 4053 596 4134 utriusque
655 4052 952 4134 virtutes,
1008 4064 1074 4116 et
1131 4052 1312 4133 quasi
1371 4052 1647 4132 insignia
1703 4056 1770 4114 et
1825 4060 2167 4115 stemmata

259 4141 550 4222 ipsorum
606 4138 966 4220 eriguntur.
1056 4136 1440 4217 Quanquam
1501 4135 1654 4201 haec
1715 4136 1907 4200 verba
1960 4135 2167 4219 dupli-

256 4227 427 4290 citer
510 4234 937 4304 exponuntur.
1025 4222 1194 4285 Nam
1273 4221 1381 4284 alii
1459 4221 1835 4285 existimant
1906 4219 2168 4288 Saulem

256 4310 483 4374 hostes
519 4307 912 4390 profligasse,
960 4307 1139 4388 quasi
1174 4305 1352 4370 mille
1387 4306 1677 4370 homines
1712 4305 2167 4372 interfecisset:

257 4407 373 4458 aut
437 4396 567 4476 ipse
617 4414 763 4459 cum
823 4393 961 4456 suis
1016 4389 1326 4455 militibus
1398 4391 1575 4454 mille
1648 4391 1938 4456 homines
2002 4393 2167 4457 ceci-

258 4480 483 4553 disset,
547 4475 760 4541 David
807 4488 1024 4542 autem
1067 4476 1242 4540 solus
1287 4475 1504 4541 decem
1550 4476 1722 4541 mille
1767 4477 2164 4543 trucidasset.

258 4564 519 4629 Sensus
592 4577 809 4628 autem
887 4561 1402 4645 simplicissimus
1467 4562 1626 4624 mihi
1693 4562 1949 4625 videtur
2014 4564 2166 4628 iste:

260 4649 530 4714 Saulem
586 4650 893 4713 nimirum
952 4647 1349 4712 interfecisse
1405 4668 1523 4711 sua
1566 4647 1782 4722 millia,
1848 4647 2167 4713 Davidem

261 4757 421 4799 vero
486 4756 599 4800 sua
663 4734 883 4799 decem
942 4733 1178 4797 millia:
1245 4732 1356 4796 sed
1413 4731 1570 4795 haec
1629 4753 1756 4796 non
1802 4744 1960 4796 sunt
2002 4736 2168 4799 tanti

263 4822 571 4883 momenti
615 4830 691 4884 ut
733 4821 802 4883 in
846 4818 976 4883 illis
1019 4820 1105 4883 sit
1148 4817 1618 4882 immorandum
1666 4817 1924 4894 diutius,
1980 4840 2166 4901 prae·

261 4907 493 4970 sertim
545 4907 758 4987 itaque
816 4904 1253 4987 expendamus
1306 4904 1578 4967 istarum
1624 4902 1966 4967 mulierum
2012 4925 2163 4970 can·

264 4991 497 5065 tiones,
535 4991 767 5074 quibus
807 4989 1078 5054 Davidis
1100 4987 1322 5052 laudes
1344 4988 1623 5053 maxime
1645 4987 2165 5056 decantabantur.

263 5075 476 5158 Atqui
527 5075 736 5140 David
796 5084 990 5140 antea
1046 5075 1195 5138 vilis
1250 5084 1316 5137 et
1370 5073 1654 5139 abiectus
1696 5073 1890 5156 opilio
1933 5076 2165 5160 fuerat,

259 5181 478 5243 quare
524 5161 667 5226 illae
731 5182 898 5245 quae
941 5161 1060 5244 ipsi
1105 5159 1553 5224 tribuebantur
1594 5158 1816 5223 laudes
1860 5180 2000 5225 esse
2044 5163 2165 5226 im·

267 5265 531 5312 mensae
580 5247 985 5312 videbantur.
1074 5245 1163 5309 Et
1206 5245 1347 5327 quis
1389 5245 1556 5310 ferat
1598 5258 1891 5330 tyronem
1935 5245 2165 5326 adhuc,

1495 365 1590 430 IN
1637 366 1691 432 I.
1736 364 1915 431 LIB.
1960 365 2357 435 SAMUEL.
2403 365 2604 435 OAP.
2647 366 2906 433 XVIII.

4052 370 4202 436 262

2260 553 2368 636 qni
2407 553 2515 619 vix
2554 575 2841 637 unquam
2877 553 3164 639 gladium
3199 562 3586 641 gestaverat,
3633 577 3762 622 non
3797 556 3996 623 modo
4034 579 4195 626 cum

2261 660 2413 723 rege
2471 642 2849 722 comparari,
2907 639 3021 705 sed
3065 640 3273 708 eidem
3317 641 3674 726 praeferri?
3747 652 3819 708 ut
3877 644 4028 728 regi
4075 666 4195 711 sua

2262 723 2483 804 millia,
2561 724 2803 791 Davidi
2880 747 3029 792 vero
3104 748 3222 792 sua
3288 727 3507 794 decem
3572 726 3781 792 millia
3845 728 4192 796 tribuant?

2264 809 2527 875 Novum
2590 820 2656 875 et
2717 809 3006 877 insolens
3069 812 3244 878 istud
3308 822 3466 891 erat,
3536 824 3608 877 ut
3672 834 3804 877 non
3852 815 4196 881 immerito

2264 893 2425 961 Saul
2497 894 2878 979 indignatus
2937 897 3140 963 videri
3195 900 3411 982 possit.
3496 898 3699 981 Atqui
3755 898 3940 963 nullo
4007 903 4199 967 modo

2264 980 2673 1048 excusandus
2730 988 2829 1047 est
2886 981 3079 1048 Saul:
3146 987 3269 1050 etsi
3323 985 3496 1049 enim
3555 996 3788 1048 natura
3830 985 3900 1048 in
3958 987 4199 1053 animis

2265 1066 2605 1132 hominum
2675 1068 3028 1134 vehemens
3101 1069 3210 1134 illa
3266 1070 3483 1151 passio
3538 1068 3758 1135 locum
3816 1074 4197 1157 occupavit,

2264 1172 2448 1218 sacra
2510 1162 2731 1233 tamen
2796 1154 3115 1234 scriptura
3177 1154 3482 1232 malitiae,
3562 1155 4066 1235 ingratitudinis
4131 1168 4198 1222 et

2264 1238 2708 1303 contumaciae
2760 1258 2943 1302 reum
3000 1237 3264 1304 Saulem
3312 1240 3493 1304 facit:
3550 1248 3616 1303 et
3656 1239 3973 1323 deinceps
4014 1240 4195 1307 vide-

2269 1322 2480 1387 bimus
2522 1342 2851 1406 quousque
2893 1321 3111 1388 odium
3154 1322 3321 1389 illud
3362 1324 3576 1406 ipsum
3620 1325 3969 1407 impulerit
4009 1347 4196 1410 prae-

2266 1407 2652 1491 cipitemque
2695 1407 2962 1473 dederit.
3052 1410 3239 1475 Licet
3279 1410 3481 1493 igitur
3516 1430 3755 1475 novum
3791 1422 3856 1476 et
3891 1412 4198 1479 insolens

2266 1504 2408 1557 erat
2470 1491 2790 1559 Davidem
2850 1493 3182 1577 privatum
3226 1494 3554 1560 hominem
3598 1494 3745 1560 vilis
3788 1506 3855 1560 et
3901 1495 4200 1564 abiectae

2266 1577 2654 1643 conditionis
2707 1578 2846 1677 regi
2908 1579 3236 1662 praeferri,
3307 1578 3568 1646 Saulem
3627 1590 3847 1645 tamen
3891 1583 4197 1663 oportuit

2267 1663 2374 1729 hic
2429 1683 2571 1727 sese
2626 1673 2959 1729 continere
3017 1677 3083 1729 et
3139 1685 3353 1730 coram
3411 1666 3553 1730 Deo
3596 1664 3886 1745 deiicere,
3958 1688 4195 1750 agnos·

2264 1757 2512 1813 centem
2560 1769 2630 1814 se
2672 1769 2883 1831 neque
2917 1768 3121 1833 posse,
3168 1771 3373 1833 neque
3410 1749 3641 1816 debere
3674 1748 3818 1816 Deo
3856 1753 4192 1832 resistere,

2265 1835 2448 1899 cuius
2504 1833 2585 1898 ad
2644 1835 2853 1916 ipsum
2899 1833 3201 1900 mandata
3243 1834 3512 1901 Samuel
3555 1835 3635 1900 de
3679 1836 4034 1902 reiectione
4081 1838 4193 1905 de·

2265 1918 2521 1983 tulerat.
2630 1919 2845 1984 Reum
2948 1934 3017 1985 et
3088 1924 3456 1987 convictum
3533 1921 3803 1987 alicuius
3881 1921 4195 1989 facinoris

2264 2016 2517 2086 oportet
2581 2024 2798 2070 coram
2862 2026 2976 2070 suo
3037 2006 3265 2085 iudice,
3333 2007 3440 2089 qui
3508 2007 3735 2071 mortis
3789 2008 4197 2075 sententiam

2269 2089 2438 2166 tulit,
2520 2088 2728 2167 deiici,
2808 2089 3036 2156 iudicis
3099 2092 3515 2156 autoritatem
3581 2101 4041 2173 agnoscentem
4111 2094 4195 2160 ad

2265 2174 2655 2239 sententiam
2710 2173 3020 2241 adversus
3074 2177 3292 2259 ipsum
3348 2177 3699 2242 ferendam.
3792 2177 3971 2243 Deus
4031 2200 4192 2245 vero

2263 2258 2394 2323 iam
2449 2280 2563 2341 per
2621 2258 2992 2326 Samuelem
3065 2260 3392 2328 decretum
3466 2260 3545 2327 de
3589 2264 3791 2345 ipsius
3833 2263 4191 2331 reiectione

2269 2346 2761 2427 pronunciaret:
2816 2360 2880 2409 et
2939 2357 3089 2411 sunt
3147 2348 3273 2412 Dei
3331 2345 3599 2412 consilia
3640 2358 3705 2412 et
3746 2347 3990 2413 iudicia
4032 2350 4194 2415 irre—

2268 2429 2560 2495 vocabila
2616 2450 2780 2513 quae
2833 2430 3141 2498 adversus
3198 2454 3301 2498 res
3357 2442 3606 2498 creatas
3650 2432 3958 2508 decernit,
4017 2435 4193 2516 quod

2271 2535 2567 2580 summus
2622 2514 2816 2581 iudex
2861 2518 2945 2582 sit
2989 2527 3057 2581 et
3098 2519 3507 2584 iustissimus.
3595 2517 3771 2599 Quid
3807 2539 3963 2602 ergo
4003 2518 4193 2585 Sauli

2269 2610 2604 2682 supererat
2653 2602 2776 2665 nisi
2824 2612 2896 2666 ιιι
2939 2623 3078 2668 sese
3120 2625 3336 2669 coram
3380 2601 3602 2668 divina
3645 2604 3983 2668 maiestate
4030 2604 4195 2669 deii·

2268 2695 2460 2760 ceret,
2524 2706 2795 2768 eamque
2836 2687 3111 2770 supplex
3152 2687 3489 2754 adoraret?
3551 2698 3617 2755 et
3660 2688 4195 2773 quandoquidem

2270 2780 2464 2836 antea
2525 2773 2989 2838 contumaciter
3045 2794 3185 2840 sese
3244 2774 3554 2840 adversus
3613 2775 3831 2839 Deum
3876 2790 4195 2858 gesserat,

2271 2875 2546 2938 poenam
2602 2858 2797 2922 etiam
2857 2879 2896 2922 a
2951 2857 3094 2925 Deo
3151 2857 3473 2925 decretam
3518 2858 3853 2924 humiliter
3894 2860 4193 2926 subiret?

2276 2941 2521 3005 Verum
2587 2941 2698 3006 ille
2762 2944 2923 3008 nihil
2988 2945 3205 3010 minus
3270 2965 3465 3027 quam
3519 2944 3692 3010 istud
3750 2945 3924 3021 facit,
3990 2966 4197 3028 quare

2270 3026 2728 3093 inexcusabilis
2812 3037 2913 3094 est
2972 3028 3173 3111 ipsius
3239 3028 3501 3095 rebellio
3567 3029 3878 3094 adversus
3944 3027 4195 3108 Deum,

2270 3124 2335 3176 et
2431 3113 2499 3176 in
2600 3111 2921 3179 Davidem
2997 3113 3412 3198 ingratitudo.
3511 3114 3681 3179 Nam
3758 3116 3883 3178 etsi
3967 3115 4193 3180 David

2271 3196 2555 3263 abiectae
2596 3198 2983 3265 conditionis
3026 3210 3183 3279 erat,
3228 3220 3444 3264 nonne
3488 3208 3703 3264 tamen
3749 3199 3888 3281 ipse
3926 3198 4088 3266 Saul
4131 3211 4198 3265 et

2270 3283 2618 3348 universus
2659 3305 2808 3350 cum
2851 3285 2960 3350 illo
3002 3286 3279 3369 populus
3323 3283 3610 3349 devincti
3653 3285 4044 3349 tenebantur
4092 3285 4193 3350 illi

2270 3388 2459 3449 quem
2504 3367 2686 3434 Deus
2729 3371 2885 3452 ipsis
2927 3369 3261 3435 servandis
3304 3367 3634 3453 elegerat?
3687 3368 3866 3434 Sane
3911 3371 4189 3437 victoria

2269 3451 2396 3517 Dei
2438 3453 2638 3518 solius
2683 3453 3035 3520 debebatur
3069 3454 3392 3539 gratuitae
3426 3453 3830 3520 liberalitati:
3875 3454 3990 3520 sed
4027 3477 4185 3522 eum

2270 3539 2452 3603 cuius
2508 3539 2717 3603 utitur
2772 3561 2966 3622 opera
3023 3551 3088 3606 et
3132 3540 3494 3605 ministerio
3538 3560 3667 3604 non
3713 3539 3855 3604 vult
3899 3541 4081 3606 reiici
4130 3555 4198 3607 et

2270 3624 2613 3697 contemni,
2691 3645 2804 3689 seu
2885 3624 3030 3690 odio
3098 3625 3343 3691 haberi.
3429 3624 3650 3706 Quare
3714 3624 4028 3690 videntur
4097 3627 4197 3692 illi

2269 3708 2535 3774 fanatici
2593 3709 2887 3774 homines
2942 3711 3223 3775 maxime
3278 3709 3607 3793 culpandi,
3663 3711 3770 3792 qui
3828 3731 3899 3775 se
3948 3711 4196 3794 pudore

2270 3793 2549 3877 quodam
2595 3793 2763 3876 apud
2810 3795 3104 3861 homines
3148 3797 3414 3861 retineri
3459 3795 3791 3872 simulant,
3840 3805 3914 3860 ut
3952 3797 4005 3862 si
4044 3798 4195 3880 quie

2272 3900 2385 3961 pro
2429 3889 2688 3962 accepto
2732 3879 3041 3946 beneficio
3082 3881 3328 3966 gratias
3372 3890 3539 3964 agat,
3597 3880 3679 3945 ad
3724 3882 4192 3965 perfectionem

2270 3963 2629 4044 angelicam
2665 3965 3138 4045 ostentandam,
3182 3967 3532 4048 excipiant,
3577 3987 3646 4030 se
3683 3966 3861 4031 nullo
3897 3988 4190 4049 unquam

2273 4048 2579 4114 beneficio
2615 4049 2854 4116 iuvisse
2889 4072 3040 4117 eum
3076 4051 3186 4133 qui
3225 4051 3467 4134 gratias
3504 4063 3675 4134 agat,
3713 4050 3932 4116 Deum
3971 4053 4193 4117 omnia

2269 4134 2478 4200 solum
2524 4135 2843 4200 effecisse:
2908 4144 2976 4201 et
3016 4143 3236 4202 tamen
3279 4156 3459 4201 mera
3503 4136 3831 4220 hypocrisi
3876 4136 4191 4215 laborent,

2271 4220 2541 4304 gloriam
2621 4219 2792 4301 apud
2858 4221 3151 4286 homines
3216 4221 3498 4286 maxime
3568 4233 3898 4288 venantes.
4010 4220 4188 4288 Sane

2271 4328 2307 4369 a
2356 4303 2747 4369 noscendum
2791 4327 2830 4370 a
2873 4305 3013 4371 Deo
3056 4326 3317 4371 manare
3359 4307 3594 4382 omnia,
3653 4319 3718 4371 et
3761 4327 3878 4371 nos
3922 4307 4187 4373 inutiles

2270 4328 2353 4456 ad
2395 4389 2601 4455 ullum
2646 4392 2880 4455 bonum
2924 4412 3101 4473 opus,
3146 4392 3271 4457 nisi
3315 4392 3591 4474 ipsemet
3632 4392 3714 4456 ad
3748 4390 3912 4456 illud
3947 4392 4187 4456 excitet

2269 4486 2335 4541 et
2385 4475 2704 4559 impellat:
2771 4478 3183 4558 quamobrem
3241 4476 3425 4542 Deus
3480 4498 3733 4559 semper
3774 4498 3814 4540 a
3856 4477 4040 4541 nobis
4084 4489 4184 4543 est

2268 4559 2680 4639 invocandus,
2735 4570 2802 4625 et
2844 4560 3050 4626 eidem
3097 4562 3386 4646 agendae
3427 4563 3703 4646 gratiae:
3761 4560 3875 4627 sed
3916 4563 4179 4627 interim

2269 4668 2396 4711 non
2440 4647 2786 4712 reiicienda
2818 4648 3244 4712 instrumenta
3279 4648 3513 4730 quibus
3548 4646 3628 4711 ad
3664 4662 3960 4712 nostrum
4001 4668 4180 4713 com·

2269 4731 2529 4797 modum
2586 4747 2649 4795 et
2706 4732 3056 4797 utilitatem
3109 4734 3335 4798 utitur.
3426 4731 3863 4811 Quamobrem
3910 4730 4177 4798 Saulem

2268 4817 2604 4900 oportebat
2637 4838 2998 4899 agnoscere,
3046 4828 3360 4901 quantum
3399 4817 3655 4889 Davidi,
3700 4839 3817 4882 suo
3852 4832 3915 4882 et
3952 4819 4178 4902 populi

2267 4903 2547 4982 nomine,
2612 4902 2887 4968 deberet.
2974 4903 3142 4968 Nam
3210 4900 3395 4981 unde,
3473 4922 3726 4985 quaeso,
3807 4903 3985 4968 salus
4048 4905 4177 4988 ipsi

2268 4988 2511 5070 totique
2592 4989 2828 5071 populo
2905 4988 3232 5053 emanavit
3306 4987 3430 5052 nisi
3481 5009 3519 5052 a
3575 4986 3699 5052 Dei
3758 4991 3985 5072 gratia,
4062 4992 4173 5074 qui

2267 5083 2523 5156 praeter
2616 5074 2906 5137 omnium
3003 5095 3181 5156 spem
3268 5085 3333 5137 et
3418 5074 3968 5155 exspectationem
4033 5097 4174 5142 sese

2267 5158 2440 5224 ultro
2483 5159 2639 5241 ipsis
2682 5159 2930 5237 obtulit,
2989 5169 3054 5223 et
3096 5157 3505 5223 admirandas
3563 5178 3715 5223 suas
3770 5159 4045 5227 virtutes
4101 5161 4173 5226 in

2268 5242 2544 5311 Davidis
2597 5265 2875 5327 persona
2928 5243 3139 5310 facere
3181 5243 3558 5325 conspicuas
3602 5242 3851 5310 voluit?
3908 5245 4175 5327 Quanta

3669 5344 3770 5400 17·

4314 4346 4345 4369 Ι
