5059 6059
815 334 947 403 323

812 522 1028 591 idola:
1073 542 1241 607 quae
1283 528 1536 587 certum
1580 527 1679 585 est
1722 518 2053 584 Davidem
2096 539 2232 584 non
2279 517 2480 583 fuisse
2528 516 2764 581 tolera-

818 620 1070 675 turum.
1167 606 1474 672 Iacobum
1547 604 1809 688 quidem
1875 625 2034 669 sane
2095 603 2395 669 videmus
2454 602 2766 669 Rachelis

824 695 1048 762 uxoris
1105 713 1325 758 amore
1372 692 1574 757 nimio
1620 702 2180 775 praeoccupatum,
2241 689 2556 773 quasdam
2602 689 2766 752 ima-

820 782 1010 866 gines
1048 779 1219 844 domi
1257 798 1415 842 suae
1450 777 1531 842 ad
1569 785 1829 858 tempus
1868 774 2284 852 toleravisse;
2331 796 2497 858 quae
2532 772 2769 839 deinde

826 865 1129 931 videmus
1202 863 1389 928 illum
1460 862 1825 944 sustulisse,
1901 862 2297 943 domumque
2368 881 2553 926 suam
2624 859 2768 924 istis

822 950 1127 1017 sordibus
1212 969 1632 1034 expurgasse,
1732 968 1933 1031 quum
2023 958 2169 1030 post
2256 945 2767 1012 Sichemitarum

824 1048 1169 1104 cruentam
1242 1035 1423 1100 illam
1479 1034 1740 1099 eaedem
1801 1034 1926 1115 sibi
1986 1042 2324 1097 metueret.
2413 1031 2550 1098 Sed
2608 1052 2768 1113 quo·

826 1124 1006 1188 niam
1074 1142 1287 1204 neque
1354 1120 1728 1185 Micholam.
1795 1140 2004 1201 neque
2072 1118 2270 1183 alium
2339 1118 2547 1182 ullum
2617 1132 2770 1182 tunc

827 1209 1140 1291 temporis
1200 1207 1480 1289 legimus
1540 1208 1604 1268 iu
1667 1204 1914 1270 Israele
1973 1203 2540 1286 superstitionibus
2583 1225 2769 1268 occu·

829 1305 1057 1377 patum
1124 1293 1343 1368 fuisse,
1423 1312 1553 1356 non
1621 1305 1720 1355 est
1789 1289 2145 1354 verisimile
2211 1288 2565 1354 Micholam
2636 1288 2772 1353 ulla

827 1379 1007 1445 idola
1050 1378 1343 1457 coluisse,
1388 1387 1454 1442 et
1494 1398 1624 1441 non
1671 1375 1942 1440 dubium
1978 1388 2083 1440 est
2116 1378 2273 1458 quin
2311 1374 2476 1442 Saul
2512 1372 2771 1438 divinos

828 1474 899 1531 et
940 1467 1378 1530 incantatores
1424 1463 1505 1527 de
1551 1460 1763 1526 medio
1806 1461 2031 1545 populi
2068 1461 2323 1535 tollens,
2370 1471 2437 1524 et
2470 1459 2600 1524 alia
2634 1460 2771 1523 ido-

832 1551 1127 1616 lolatrica
1181 1549 1638 1627 instrumenta,
1693 1549 1887 1612 etiam
1933 1547 2109 1611 idola
2148 1548 2242 1612 sic
2285 1545 2642 1621 sustulerit,
2701 1554 2776 1609 ut

833 1636 1056 1701 nullus
1102 1654 1327 1699 eorum
1371 1654 1530 1698 usus
1575 1632 1795 1698 fuerit.
1887 1630 2019 1699 Sed
2066 1632 2415 1698 simulacra
2457 1630 2771 1712 quaedam

831 1732 899 1787 et
944 1730 1199 1786 statuae
1244 1720 1324 1782 ad
1371 1729 1671 1784 ornatum
1709 1717 1933 1783 haberi
1970 1727 2338 1801 potuerunt,
2383 1727 2460 1781 ut
2494 1717 2773 1800 plerum-

829 1828 960 1891 que
1002 1807 1212 1872 solent
1254 1804 1622 1869 istiusmodi
1668 1805 1935 1869 ludicris
1979 1804 2278 1869 homines
2325 1802 2651 1885 delectari,
2712 1815 2776 1866 et

830 1895 902 1958 in
960 1889 1364 1975 supellectile
1420 1889 1663 1954 multas
1722 1890 2093 1955 istiusmodi
2158 1889 2400 1955 formas
2443 1889 2774 1970 effingere,

828 1998 1000 2062 quae
1058 1977 1166 2041 vel
1212 1976 1280 2040 in
1329 1977 1497 2041 aulis
1542 1976 1646 2039 vel
1693 1976 1760 2039 in
1810 1975 2048 2041 tabulis
2088 1975 2503 2041 collocentur.
2591 1972 2777 2037 Talia

829 2064 1101 2129 fuerunt
1144 2063 1347 2146 igitur
1390 2061 1762 2144 Teraphim,
1807 2070 1921 2125 aut
1962 2069 2190 2126 statua
2232 2059 2346 2124 illa
2389 2060 2470 2123 de
2505 2080 2634 2141 qua
2669 2058 2776 2123 hic

834 2152 910 2216 fit
954 2149 1221 2215 mentis.
1313 2146 1500 2228 Quae
1545 2168 1702 2211 vero
1746 2146 1827 2211 de
1870 2145 2039 2229 pelle
2081 2147 2349 2229 caprina
2392 2144 2776 2223 recitantur,

834 2256 964 2318 qua
1000 2244 1287 2299 statuam
1327 2233 1508 2297 illam
1545 2232 1790 2298 Michol
1823 2232 2124 2312 involvit,
2170 2252 2252 2296 ne
2296 2240 2515 2296 statua
2560 2230 2780 2314 lignea

835 2319 944 2385 vel
998 2341 1189 2386 aerea
1247 2318 1756 2402 dignosceretur,
1831 2318 2001 2381 levia
2059 2328 2228 2393 sunt,
2301 2326 2368 2381 et
2424 2337 2550 2381 non
2612 2317 2777 2380 tanti

836 2406 1152 2470 momenti
1232 2415 1305 2468 ut
1386 2405 1465 2468 de
1540 2404 1672 2469 illis
1725 2401 2176 2468 ‘laborandum
2249 2404 2354 2468 sit.
2441 2402 2777 2468 Incertum

837 2492 1014 2556 enim
1080 2490 1162 2554 ad
1230 2511 1422 2571 quam
1495 2510 1628 2552 rem
1701 2489 1885 2571 pellis
1942 2488 2058 2554 illa
2102 2488 2301 2553 fuerit
2345 2490 2511 2566 usui,
2580 2506 2779 2570 quare

838 2575 1190 2643 verisimile
1247 2588 1344 2640 est
1403 2576 1601 2639 fuisse
1655 2586 1952 2639 ornatum
2010 2575 2292 2656 aliquem
2338 2574 2505 2651 lecti,
2576 2572 2779 2638 veluti

833 2660 1147 2739 fimbrias,
1209 2661 1311 2725 vel
1358 2660 1487 2724 tale
1533 2661 1791 2743 aliquod
1842 2670 2326 2738 ornamentum,
2387 2681 2462 2726 sc
2507 2656 2780 2742 proinde

835 2748 997 2814 satis
1041 2756 1141 2811 est
1184 2746 1349 2830 quod
1399 2747 1641 2812 scimus
1686 2745 2042 2811 Micholam
2087 2744 2451 2811 istiusmodi
2489 2755 2777 2809 statuam

837 2833 1198 2899 involvisse
1259 2830 1424 2915 pelle
1493 2831 1606 2895 illa
1662 2833 1742 2896 ad
1804 2831 2028 2898 hostes
2086 2830 2366 2896 Davidis
2424 2829 2780 2896 eludendos

833 2932 902 2985 et
937 2939 1185 2983 moram
1219 2917 1625 2997 nectendam,
1672 2939 1800 3001 qua
1825 2916 2069 2982 Davidi
2093 2918 2288 3000 fugae
2310 2916 2777 2982 consuleretur.

836 3005 968 3070 Hic
1030 3003 1355 3069 Micholae
1413 3003 1601 3068 dolus
1643 3003 1783 3075 fuit.
1852 3023 1979 3085 quo
2023 3001 2341 3067 retardati
2383 3010 2540 3067 sunt
2583 3002 2778 3067 satel-

835 3091 985 3156 lites
1044 3111 1082 3155 a
1127 3088 1572 3171 persequendo
1618 3088 1914 3154 Davide:
1973 3089 2083 3172 qui
2126 3088 2251 3154 fuit
2294 3088 2567 3172 ipsemet
2609 3087 2780 3172 peri·

833 3176 1129 3244 eulosus:
1185 3195 1342 3239 nam
1388 3176 1693 3258 deinceps
1736 3174 1829 3239 illi
1875 3184 2129 3260 patrem
2179 3173 2469 3257 graviter
2512 3193 2780 3239 succen-

833 3262 1045 3327 suisse
1104 3260 1502 3326 videbimus:
1569 3261 1684 3326 sed
1743 3260 1857 3324 illa
1915 3261 2017 3325 sui
2071 3259 2275 3325 oblita
2316 3259 2539 3325 mariti
2584 3258 2781 3325 saluti

835 3345 1235 3415 consulebat.
1338 3346 1446 3410 Ex
1522 3366 1654 3428 quo
1729 3355 1999 3429 apparet
2079 3365 2209 3411 non
2275 3353 2531 3411 tantum
2601 3365 2785 3410 amor

837 3434 1013 3498 illius
1059 3433 1127 3496 in
1173 3431 1516 3513 Davidem,
1559 3430 1670 3498 sed
1719 3432 1916 3497 etiam
1961 3429 2311 3515 prudentia
2354 3441 2421 3495 et
2509 3431 2677 3496 ratia
2711 3430 2785 3494 in

832 3516 1247 3602 procuranda
1290 3518 1510 3582 mariti
1553 3518 1784 3596 salute,
1831 3538 1999 3601 quae
2042 3516 2404 3601 singularia
2514 3518 2574 3583 ei
2616 3515 2787 3581 dona

835 3606 1119 3669 fuerunt.
1209 3601 1630 3688 Quapropter
1683 3623 1803 3667 nos
1857 3602 2013 3669 hine
2055 3603 2253 3667 etiam
2298 3622 2784 3687 cognoscamus,

839 3690 1079 3768 Deum,
1143 3688 1198 3753 si
1244 3690 1313 3752 in
1378 3709 1490 3754 eas
1555 3688 1976 3755 difficultates
2033 3687 2456 3755 inciderimus
2508 3701 2583 3754 ut
2626 3687 2784 3772 quid

840 3775 1029 3840 nobis
1084 3773 1245 3839 utile
1304 3776 1389 3837 sit
1445 3796 1579 3840 non
1623 3774 2158 3858 praeviderimus,
2219 3775 2504 3840 rationes
2549 3794 2787 3858 suppe-

840 3862 1200 3926 ditaturum
1256 3858 1487 3941 quibus
1531 3860 1726 3926 etiam
1775 3869 2034 3944 praeter
2077 3868 2368 3926 nostram
2413 3860 2785 3944 opinionem

840 3959 909 4013 et
1001 3945 1552 4027 exspectationem
1638 3944 1825 4010 nobis
1882 3945 2319 4012 consulamus.
2406 3945 2589 4011 Sane
2653 3966 2786 4010 non

840 4033 1029 4097 decet
1107 4051 1225 4095 nos
1298 4051 1463 4113 quae
1527 4030 1713 4096 nobis
1778 4030 2147 4097 necessaria
2212 4040 2369 4097 sunt
2433 4031 2784 4115 negligere,

843 4127 1294 4185 verumtamen
1342 4116 1518 4182 hunc
1562 4117 1877 4182 honorem
1926 4117 2070 4182 Deo
2116 4115 2408 4183 tribuere
2451 4116 2783 4194 debemus,

839 4215 919 4270 ut
960 4203 1168 4268 nostri
1214 4222 1438 4268 curam
1485 4203 1543 4268 ei
1584 4204 2059 4287 permittamus,
2107 4224 2385 4285 eumque
2420 4201 2574 4267 boni
2611 4211 2788 4268 auto·

839 4311 977 4355 rem
1039 4307 1497 4373 agnoscamus:
1558 4309 1754 4371 quem
1807 4309 1964 4354 sane
2022 4288 2130 4354 vel
2188 4289 2402 4355 invita
2445 4288 2783 4354 hominum

839 4375 1093 4441 malitia
1164 4374 1287 4439 sibi
1355 4382 1654 4439 reservat
1706 4373 2042 4440 honorem.
2131 4374 2304 4441 Nam
2362 4395 2553 4458 saepe
2612 4373 2784 4456 apud

840 4483 961 4528 nos
1031 4458 1186 4543 qnid
1261 4457 1566 4542 expediat
1632 4461 1853 4525 animo
1921 4471 2282 4541 versantes,
2349 4460 2787 4543 praeterimus

841 4544 1018 4631 quod
1094 4557 1235 4610 erat
1300 4545 1872 4621 consultissimum,
1962 4556 2025 4610 et
2089 4547 2184 4611 ita
2247 4546 2647 4612 caecutimus
2711 4554 2788 4611 ut

842 4633 993 4716 quid
1064 4631 1370 4714 expediat
1436 4651 1564 4696 non
1631 4631 2250 4710 animadvertamus,
2330 4652 2529 4714 quum
2603 4633 2786 4697 Deus

845 4733 1176 4783 momento
1214 4719 1280 4780 in
1320 4718 1496 4781 viam
1535 4715 1804 4789 reducit,
1859 4727 1925 4781 et
1963 4716 2118 4799 quid
2154 4716 2583 4800 sequendum,
2628 4716 2785 4800 quid

844 4803 1233 4888 fugiendum
1294 4802 1380 4867 sit
1435 4802 1640 4870 docet.
1727 4803 1909 4868 Idem
1960 4802 2231 4870 Micholi
2273 4802 2618 4887 contigisse
2663 4803 2786 4870 hoc

845 4888 991 4955 loco
1036 4898 1326 4974 apparet,
1381 4888 1452 4952 in
1509 4910 1639 4972 qua
1694 4889 1770 4954 fit
1813 4888 1999 4953 nobis
2044 4887 2159 4953 illa
2201 4888 2329 4954 Dei
2375 4889 2590 4972 gratia
2634 4909 2786 4955 con·

844 4976 1093 5060 spicue.
1177 4973 1351 5039 Nam
1393 4973 1507 5039 illa
1549 4971 1809 5057 quidem
1851 4982 2136 5039 statuam
2177 4973 2251 5038 in
2295 4973 2575 5041 Davidis
2615 4973 2786 5042 lecto

846 5062 1086 5146 posuit,
1150 5070 1217 5126 et
1277 5059 1551 5125 eandem
1616 5061 1722 5126 vel
1789 5059 2055 5144 caprina
2109 5059 2277 5143 pelle
2333 5058 2439 5124 vel
2495 5060 2645 5144 pilis
2688 5060 2784 5127 sic

845 5146 1143 5226 involvit,
1189 5154 1265 5210 ut
1305 5145 1705 5231 aegrotantis
1747 5146 2029 5229 speciem
2071 5146 2331 5224 referat,
2378 5145 2489 5227 qui
2532 5145 2643 5212 vel
2677 5146 2779 5212 in-

841 5232 1073 5300 ducias
1140 5242 1346 5317 roget,
1418 5232 1520 5299 vel
1574 5233 1872 5317 sepulcro
1932 5232 2270 5317 proximus
2327 5231 2647 5315 videatur,
2705 5251 2782 5297 ac

2464 325 2870 394 HOMILIA
2912 322 3173 392 LXXI.
4638 324 4729 390 324

2871 517 3128 601 reliqua
3192 517 3445 582 curavit
3508 526 3582 583 ut
3649 515 3965 594 videmus,
4031 513 4146 580 sed
4206 514 4349 580 Deo
4393 512 4734 597 prudentiam

2870 606 2997 687 ipsi
3043 604 3421 686 inspirante.
3513 602 3736 684 Quare
3781 622 3915 667 non
3961 599 4391 666 dubitandum
4427 599 4571 682 quin
4601 598 4739 667 nobis

2871 690 3055 755 Deus
3114 689 3458 755 consilium
3515 700 3847 772 suggerat,
3908 688 3978 752 in
4036 686 4232 752 rebus
4275 685 4567 769 angustis
4599 686 4738 768 quale

2872 784 2939 840 et
3007 774 3267 859 quando
3327 773 3673 840 videbitur.
3764 773 3932 852 Etsi,
3985 784 4060 837 ut
4119 772 4517 857 praemonui,
4557 791 4741 854 nequa·

2874 882 3067 944 quam
3136 860 3282 926 ideo
3346 880 3468 926 nos
3533 881 3674 925 esse
3732 867 3988 943 oportet
4039 878 4273 943 segnes
4329 859 4400 922 in
4459 858 4532 921 iis
4569 877 4743 939 procu·

2873 947 3097 1012 randis
3131 967 3298 1029 quae
3333 946 3521 1012 utilia
3556 949 3691 1011 fore
3728 944 3911 1010 nobis
3946 944 4442 1009 arbitrabimur:
4486 954 4548 1007 et
4575 952 4744 1007 tamen

2874 1055 3061 1098 nosse
3138 1048 3206 1099 et
3250 1035 3474 1097 testari
3543 1031 3842 1097 omnibus
3888 1030 4076 1096 dictis
4119 1038 4187 1095 et
4229 1031 4435 1104 saetis,
4500 1048 4604 1092 nos
4638 1029 4748 1092 licet

2873 1140 3100 1184 omnes
3171 1119 3420 1202 ingenii
3493 1119 3669 1183 vires
3725 1117 4228 1200 explicuerimus
4282 1116 4349 1180 in
4410 1115 4490 1179 iis
4537 1112 4748 1178 investi-

2873 1204 3127 1291 gandis,
3183 1204 3344 1269 adeo
3402 1214 3628 1269 tamen
3670 1205 3988 1268 caecutire
4033 1211 4110 1267 ut
4150 1201 4304 1284 quid
4348 1200 4509 1266 utile
4549 1200 4622 1265 sit
4655 1221 4752 1264 non

2876 1290 3495 1367 animadvertamus,
3541 1289 3747 1354 donec
3788 1289 3929 1372 ipse
3973 1288 4157 1354 Deus
4193 1286 4505 1370 dissipata
4535 1284 4753 1368 ealigine

2875 1376 3097 1444 oeulos
3141 1372 3329 1441 nobis
3374 1375 3641 1458 aperiat,
3684 1373 3855 1456 quod
3900 1382 4233 1439 momento
4277 1373 4534 1438 efficiet.

3048 1461 3365 1544 Sequitur
3423 1460 3729 1544 deinceps
3785 1459 4064 1526 subinde
4106 1461 4339 1525 missos
4384 1480 4427 1524 a
4470 1455 4651 1524 Saule
4683 1478 4749 1520 sar

2877 1547 3133 1628 tellites,
3176 1547 3289 1631 qui
3329 1547 3656 1612 Davidem
3702 1556 4151 1630 aegrotantem
4186 1545 4510 1623 viderent,
4548 1539 4758 1607 etadse

2879 1632 3302 1700 occidendum
3348 1632 3765 1709 adducerent,
3811 1645 3876 1696 et
3916 1630 4180 1697 tandem
4216 1631 4367 1696 illos
4405 1650 4522 1714 pro
4558 1628 4759 1693 Davide

2880 1731 3160 1784 statuam
3225 1718 3323 1784 vel
3383 1717 3692 1802 ligneam,
3754 1717 3854 1782 vel
3914 1715 4236 1802 lapideam
4285 1717 4613 1799 reperisse.
4684 1713 4759 1778 Ex

2880 1806 3114 1888 quibus
3173 1818 3442 1888 apparet
3501 1813 3936 1887 opportunum
3984 1803 4185 1868 fuisse
4230 1801 4542 1867 Micholis
4580 1801 4761 1865 inven-

2881 1903 3020 1956 tum
3066 1903 3133 1954 et
3176 1889 3417 1966 dolum,
3465 1910 3615 1954 nam
3660 1889 3715 1955 si
3759 1898 4020 1953 tantum
4067 1909 4182 1971 per
4225 1890 4579 1953 fenestram
4611 1884 4761 1947 mari·

2881 1988 3024 2042 tum
3084 1976 3454 2052 dimisisset,
3512 1996 3722 2058 neque
3787 1973 4027 2039 milites
4085 1973 4299 2056 specie
4342 1972 4462 2037 illa
4504 1970 4766 2048 elusisset,

2880 2081 3260 2144 moramque
3326 2062 3419 2126 ita
3480 2060 3793 2138 duxisset,
3861 2059 4231 2144 potuissent
4295 2059 4395 2123 illi
4461 2057 4527 2123 fu
4575 2057 4765 2121 ’entem

2881 2164 3149 2231 repente
3228 2147 3531 2230 persequi
3605 2156 3672 2211 et
3732 2167 3772 2211 a
3839 2147 3947 2211 via
4004 2144 4334 2210 reducere.
4427 2142 4478 2211 S
4615 2160 4768 2224 quum

2883 2255 3064 2297 mora
3144 2232 3365 2314 aliqua
3444 2232 3934 2307 intercessisset,
4013 2231 4292 2296 ulterius
4357 2225 4767 2313 progrediendi

2884 2317 3126 2386 Davidi
3171 2317 3345 2383 facta
3386 2328 3484 2384 est
3525 2327 3831 2401 potestas,
3874 2331 3940 2381 et
3984 2317 4218 2382 alicubi
4255 2337 4403 2382 sese
4440 2310 4771 2389 occultandi,

2884 2427 2966 2471 ne
3023 2406 3093 2468 in
3149 2402 3430 2468 hostium
3491 2403 4019 2487 persequentium
4077 2402 4291 2484 ipsum
4350 2422 4591 2466 manus
4626 2399 4770 2463 deve-

2886 2491 3075 2557 niret.
3151 2487 3454 2572 Denique
3488 2510 3571 2555 ex
3607 2490 3752 2555 istis
3787 2497 4078 2572 apparet,
4121 2507 4255 2553 non
4291 2488 4411 2554 abs
4446 2508 4521 2551 re
4555 2482 4771 2551 Micholi

2885 2598 2924 2641 a
2989 2577 3131 2641 Deo
3196 2575 3543 2641 consilium
3608 2574 3768 2640 illud
3835 2585 4241 2658 suggestum,
4306 2573 4485 2656 quod
4543 2573 4627 2636 its
4670 2568 4773 2634 fieri

2886 2662 3242 2747 postularet
3285 2661 3676 2727 necessitas:
3736 2659 3911 2725 unde
3956 2660 4322 2744 colligimus
4370 2657 4588 2723 Deum
4626 2673 4772 2720 nosse

2887 2746 3042 2832 quid
3089 2745 3274 2812 nobis
3317 2746 3623 2830 expediat
3664 2756 3731 2811 et
3773 2747 3862 2812 sit
3903 2744 4088 2823 utile,
4132 2745 4559 2828 rationesque
4596 2740 4775 2807 salutis

2885 2855 3052 2918 quae
3109 2853 3445 2916 nunquam
3506 2833 3744 2915 alioqui
3803 2831 3993 2898 nobis
4036 2831 4106 2895 in
4162 2841 4459 2896 mentem
4508 2827 4774 2905 venirent,

2886 2921 2966 2985 ab
3012 2920 3153 3003 ipso
3186 2919 3372 2984 nobis
3408 2928 3771 3002 opportuno
3798 2925 4092 3001 tempore
4121 2916 4550 3000 suppeditari.
4613 2911 4778 2994 Saepo

2886 3007 3105 3089 itaque
3169 3003 3237 3068 in
3305 3003 3498 3071 rebus
3562 3003 3829 3070 incertis
3895 3004 4020 3069 hoc
4087 3002 4188 3067 vel
4251 3001 4422 3067 illud
4489 2999 4776 3066 consilium

2886 3093 3193 3174 capimus,
3247 3090 3420 3174 quod
3464 3091 3675 3175 primo
3718 3087 3981 3172 quidem
4025 3097 4288 3172 aspectu
4333 3087 4444 3155 vel
4486 3087 4672 3152 inane
4702 3080 4779 3147 vel

2885 3176 3232 3243 ridiculum
3292 3174 3642 3254 videretur,
3703 3175 3888 3242 cuius
3945 3182 4164 3240 tamen
4222 3175 4449 3241 exitus
4492 3172 4645 3238 illud
4683 3188 4779 3233 uon

2888 3264 3089 3329 fuisse
3155 3263 3555 3346 superfluum
3615 3269 3922 3327 testatur:
3996 3259 4110 3326 sed
4168 3281 4248 3326 ea
4300 3260 4563 3325 ratione
4612 3255 4779 3321 Deum

2887 3370 3076 3415 suum
3131 3368 3294 3432 opus
3339 3356 3534 3413 antea
3578 3347 3763 3413 nobis
3805 3346 4211 3431 incognitum
4256 3346 4627 3430 perfecisse.
4701 3340 4782 3405 Sic

2888 3436 3171 3519 perfecta
3235 3441 3339 3500 est
3394 3432 3671 3500 Davidis
3730 3432 4028 3499 liberatio
4086 3452 4164 3496 eo
4208 3432 4490 3497 consilio
4533 3425 4691 3514 quod
4722 3445 4781 3489 ex

2888 3530 3178 3604 tempore
3212 3517 3459 3586 Micbol
3492 3519 3660 3597 iniit,
3700 3517 4007 3603 imposita
4041 3525 4261 3583 statua
4293 3519 4364 3583 in
4404 3518 4577 3584 lecto
4607 3513 4781 3597 ipsius.

2888 3614 2968 3671 ut
3020 3605 3133 3689 qui
3190 3604 3506 3671 satellites
3560 3605 3859 3689 ingressi,
3916 3614 3984 3671 et
4041 3604 4254 3687 ipsum
4312 3612 4654 3688 aegrotare
4699 3617 4784 3662 su·

2890 3691 3161 3769 dientes,
3207 3711 3478 3775 remque
3520 3690 3602 3756 ad
3651 3688 3921 3757 Saulem
3964 3689 4354 3768 deferentes,
4404 3687 4654 3755 tamdiu
4690 3702 4786 3748 mo·

2890 3796 2998 3844 ras
3055 3786 3394 3844 necterent
3459 3775 3612 3841 dum
3676 3775 3936 3861 longius
3981 3774 4201 3840 David
4246 3776 4515 3861 fugiens
4559 3770 4788 3838 hostium

2891 3870 3164 3929 conatus
3220 3862 3533 3929 eluderet.
3619 3862 3711 3927 Et
3767 3862 3892 3928 hoc
3947 3861 4212 3945 quidem
4258 3861 4492 3929 divino
4536 3856 4789 3949 instinctu

2889 3950 3134 4014 factum
3180 3968 3630 4033 agnoscamus,
3673 3947 3848 4031 quod
3896 3947 4082 4013 Deus
4126 3954 4349 4013 nosset
4394 3945 4556 4031 quid
4598 3937 4788 4009 Davidi

2890 4034 3294 4102 conveniens
3352 4046 3417 4100 et
3475 4033 3636 4099 utile
3692 4042 3901 4099 esset:
3960 4053 4035 4099 ac
4078 4032 4356 4117 proinde
4400 4032 4555 4101 istis
4594 4025 4789 4095 artibus

2894 4120 3178 4186 voluerit
3238 4118 3456 4187 Saulis
3511 4120 3796 4185 furorem
3855 4119 4183 4204 frangere,
4250 4140 4336 4185 ne
4397 4120 4469 4184 in
4518 4113 4786 4210 Davidem

2893 4228 2976 4272 ex
3031 4206 3236 4271 animi
3291 4206 3617 4272 sententia
3659 4206 3970 4272 saeviret:
4035 4204 4150 4270 sed
4194 4204 4307 4270 ille
4351 4225 4592 4270 manus
4630 4201 4786 4283 ipsun

2892 4292 3215 4376 effugiens
3275 4302 3585 4375 tanquam
3646 4312 3683 4356 e
3741 4291 4040 4373 sepulcro
4096 4289 4521 4357 liberaretur.
4616 4286 4785 4379 Atque

2890 4379 2958 4444 in
3025 4378 3170 4444 istis
3235 4376 3624 4443 admiranda
3687 4387 3785 4443 est
3850 4376 4071 4442 divina
4136 4377 4573 4461 providentia,
4636 4378 4694 4437 et
4738 4386 4785 4429 m

2890 4476 3181 4529 nostram
3227 4462 3581 4528 utilitatem
3625 4462 3787 4529 haec
3832 4463 4128 4529 doctrina
4171 4458 4635 4529 convertenda.
4700 4451 4788 4521 lst-

2889 4549 3096 4615 chelis
3140 4569 3521 4631 responsum
3568 4549 3636 4613 in
3682 4550 4041 4615 crastinum
4086 4547 4491 4615 differemus.

3059 4633 3204 4701 Iam
3252 4655 3407 4703 vero
3450 4635 3644 4720 agite,
3686 4639 3794 4702 etc.
