5059 6059
781 359 912 427 679

777 548 1237 634 sequebantur,
1280 549 1452 633 quod
1490 557 1668 615 esset
1702 549 1771 615 in
1805 549 2024 634 gratia
2059 548 2232 634 apud
2257 569 2478 633 regem
2501 547 2727 629 Achis‚

778 646 847 704 et
890 635 1060 701 fidus
1103 634 1186 700 ab
1229 635 1371 735 1000
1414 635 1787 703 haberetur.
1850 633 2029 703 8000
2072 635 2418 701 fallebatur
2461 633 2726 717 quidem

783 720 1011 800 Achis‚
1076 741 1233 786 nam
1298 720 1355 786 si
1417 721 1744 786 Davidem
1811 722 2024 805 qualis
2087 729 2231 787 erat
2292 721 2728 870 0030011100Ξὲ

778 808 975 893 10030
1019 806 1221 871 011010
1260 827 1404 872 0000
1440 827 1636 890 quam
1662 807 2079 874 existimabat
2106 808 2544 890 comperisset.
2590 805 2641 872 8

778 894 965 959 Deus
1010 892 1132 959 bac
1176 905 1488 993 tanquam
1533 892 1767 958 umbra
1811 915 2075 959 servum
2130 914 2323 959 suum
2368 892 2581 959 voluit
2622 913 2726 958 oc·

780 972 1273 1048 01111011.Ηοοο
1319 980 1524 1063 igitur
1564 979 1645 1044 ob
1683 998 1944 1045 causam
1970 1001 2098 1044 000
2136 979 2464 1044 immerito
2488 978 2726 1043 dicitur

780 1065 911 1131 Dei
957 1065 1469 1131 miscricordiam
1495 1086 1624 1147 qua
1669 1085 1788 1130 000
1832 1074 2083 1130 tutatur
2127 1063 2356 1130 multis
2398 1064 2557 1130 vitis
2583 1083 2725 1130 esse

781 1151 978 1236 longe
1020 1150 1379 1216 meliorem.
1467 1149 1769 1250 Profecto
1814 1149 1943 1215 Dei
2003 1173 2103 1217 0ιο
2201 1150 2357 1215 laris
2399 1170 2562 1234 erga
2603 1171 2723 1215 nos

783 1236 1240 1303 benevolentia
1283 1237 1677 1320 conspicitur
1719 1236 1789 1300 in
1833 1259 1909 1301 00
1966 1173 2342 1320 quoguvitia
2387 1247 2614 1301 000110
2656 1244 2725 1301 01

781 1323 1198 1389 infirmitates
1261 1332 1459 1422 tegat.
1551 1320 1686 1388 Sed
1733 1322 1840 1388 hic
1885 1322 2165 1389 Davidis
2210 1323 2490 1388 virtutes
2536 1322 2724 1404 texit,

783 1429 951 1493 quae
996 1430 1121 1558 quo
1179 1409 1390 1492 magis
1447 1420 1637 1472 erant
1696 1408 2053 1473 laudabiles
2109 1418 2174 1474 et
2218 1409 2433 1473 maius
2475 1368 2724 1474 Davidi'

783 1497 1005 1579 pericu
1037 1516 1145 1561 um
1170 1493 1481 1559 creabant
1513 1503 1581 1559 et
1602 1493 1879 1559 mortale
1901 1493 2216 1559 adversus
2258 1493 2472 1577 ipsum
2498 1492 2720 1559 odium

781 1582 1183 1648 conflabant·
1251 1579 1413 1645 adeo
1480 1590 1553 1644 ut
1614 1579 1695 1644 ab
1764 1581 1920 1664 ipsis
1977 1579 2272 1646 hostibus
2331 1600 2463 1645 non
2528 1579 2723 1645 modo

784 1665 966 1731 reiici
1002 1666 1115 1732 sed
1152 1665 1350 1730 etiam
1388 1665 1676 1731 interimi
1712 1665 2012 1748 potuerit.
2058 1665 2244 1731 Deus
2280 1665 2482 1750 igitur
2504 1666 2720 1748 ipsum

786 1751 911 1817 hac
954 1752 1208 1818 ratione
1262 1751 1447 1828 texit,
1509 1762 1582 1815 ut
1641 1772 1791 1816 eum
1850 1760 2293 1852 conservaret.
2373 1749 2724 1817 Discamus

784 1837 1007 1921 itaque
1071 1837 1475 1903 saevissimis
1547 1838 1789 1903 nostris
1854 1838 2134 1904 inimicis
2197 1837 2471 1903 insidiae
2535 1837 2724 1902 nobis

784 1924 1193 1989 struentibus
1234 1936 1300 1986 et
1331 1922 1715 2008 0003010010
1742 1932 2037 1988 00011010
2062 1923 2439 1989 sitientibus
2486 1923 2552 1987 in
2582 1924 2724 1987 Deo

782 2009 1090 2075 fiduciam
1134 2009 1447 2075 collocare
1472 2020 1535 2073 et
1580 2009 1649 2073 in
1695 2010 1837 2091 ipso
1862 2008 2000 2074 solo
2023 2010 2496 2091 conquiescere,
2542 2020 2723 2073 certo

781 2096 1082 2196 persuasi
1134 2115 1254 2161 000
1309 2096 1511 2178 100100
1572 2097 1805 2161 umbra
1862 2103 2088 2171 tectos,
2150 2095 2299 2160 licet
2362 2095 2720 2159 multorum

780 2181 875 2247 rei
921 2182 1125 2246 simus
1169 2191 1603 2282 00000101οω,
1648 2179 1910 2245 tandem
1956 2180 2039 2245 ab
2073 2179 2378 2245 omnibus
2414 2180 2723 2264 periculis

781 2275 1075 2351 ereptum
1115 2266 1219 2332 iri.
1262 2267 1606 2350 Exemplis
1642 2265 1931 2331 fidelium
1974 2267 2351 2332 confirmari
2379 2288 2499 2331 nos
2521 2268 2723 2331 etiam

780 2361 1055 2436 oportet,
1121 2353 1232 2436 qui
1298 2353 1369 2416 in
1430 2352 1734 2436 luporum
1801 2351 2101 2418 faucibus
2161 2352 2539 2429 constituti,
2599 2351 2725 2417 etsi

780 2437 984 2503 libere
1024 2437 1224 2504 fidem
1261 2457 1448 2503 suam
1494 2438 1785 2521 profiteri
1831 2460 1961 2502 000
2007 2448 2329 2521 poterant,
2389 2458 2725 2519 nunquam

780 2532 1004 2589 tamen
1050 2524 1380 2608 papisticis
1425 2523 1579 2589 ullis
1608 2522 2181 2607 superstitionibus
2225 2537 2290 2588 et
2332 2523 2729 2588 idolomania

782 2630 926 2675 0000
984 2608 1188 2693 001101
1245 2611 1731 2674 sustinuerunt:
1801 2630 2012 2693 neque
2068 2610 2489 2675 inimicorum
2558 2609 2727 2674 blas-

784 2692 1066 2779 phemiis
1122 2706 1612 2773 consenserunt,
1672 2715 1834 2778 quos
1892 2703 2115 2760 tamen
2172 2695 2358 2761 Deus
2416 2706 2728 2778 tanquam

784 2801 941 2847 oves
986 2802 1066 2846 ex
1108 2799 1220 2845 ore
1262 2779 1564 2863 luporum
1609 2781 1997 2847 mirabiliter
2007 2783 2278 2883 eripuit.
2325 2779 2615 2863 Quinam
2659 2781 2726 2845 id

782 2866 989 2931 vero?
1058 2863 1235 2933 8000
1292 2866 1362 2930 10
1420 2885 1699 2951 magnas
1757 2869 2099 2952 angustias
2157 2867 2453 2934 redactos
2500 2867 2725 2942 fateor,

781 2952 894 3018 sed
944 2960 1163 3017 tamen
1207 2952 1313 3016 aio
1338 2951 1553 3017 Deum
1601 2973 1955 3036 pravorum
2004 2954 2343 3018 hominum
2391 2952 2611 3018 oculos
2656 2961 2726 3017 et

781 3046 1069 3104 mentem
1115 3038 1208 3104 010
1252 3037 1565 3115 10001000,
1624 3048 1699 3104 ut
1755 3039 2181 3104 toleraverint
2224 3059 2334 3104 000
2376 3060 2540 3121 quos
2582 3057 2725 3102 mo·

781 3137 1002 3190 mento
1049 3123 1443 3190 videbantur
1501 3134 1815 3207 tanquam
1868 3124 2145 3190 miseras
2188 3144 2350 3190 oves
2392 3124 2722 3189 laniaturi.

778 3210 933 3276 Non
989 3209 1319 3310 immerito
1376 3208 1584 3295 igitur
1640 3209 1859 3277 David
1921 3209 2141 3275 Deum
2206 3209 2596 3294 precabatur
2652 3221 2727 3275 ut

778 3296 998 3380 ipsum
1037 3296 1109 3360 in
1154 3295 1399 3380 003010
1432 3294 1841 3361 tabernaculi
1877 3296 1978 3362 sui
2015 3296 2378 3372 collocaret,
2425 3295 2727 3361 alludens

781 3381 865 3446 ad
909 3381 1167 3447 visibile
1211 3391 1280 3444 01
1316 3381 1652 3446 materiale
1687 3382 2135 3447 sanctuarium
2176 3381 2355 3447 illius
2389 3381 2724 3465 temporis,

779 3467 895 3533 sed
954 3467 1035 3533 ad
1096 3466 1225 3531 Dei
1284 3466 1787 3551 providentiam
1830 3466 2235 3553 confugiens,
2293 3475 2367 3531 ut
2424 3488 2502 3533 ea
2547 3478 2728 3532 tutus

780 3574 913 3618 000
958 3554 1144 3617 fieret
1186 3552 1474 3617 hostium
1520 3572 1788 3619 suorum
1830 3553 2090 3637 praeda.
2172 3554 2506 3637 Expertus
2549 3553 2726 3619 enim

779 3649 926 3703 erat
946 3637 1164 3703 David
1204 3639 1328 3702 Dei
1373 3659 1528 3721 erga
1564 3660 1715 3705 suos
1750 3639 2042 3704 favorem
2080 3650 2147 3705 et
2183 3640 2726 3706 benevolentiam.

780 3723 919 3789 Nos
963 3724 1164 3807 igitur
1208 3723 1369 3791 haec
1413 3725 1483 3789 10
1530 3746 1719 3790 usum
1767 3734 2065 3791 nostrum
2111 3734 2594 3804 convertamus,
2651 3744 2725 3789 ac

781 3830 869 3874 ne
913 3808 1284 3874 dubitemus
1329 3811 1489 3893 quin
1528 3810 1825 3876 hostibus
1868 3813 2114 3875 nostris
2157 3811 2287 3875 odii
2334 3831 2566 3877 causas
2611 3808 2725 3874 ad·

782 3915 1053 3960 versum
1099 3916 1216 3958 nos
1240 3897 1727 3977 quaerentibus,
1778 3897 1958 3961 Deus
1982 3917 2171 3981 opem
2217 3898 2400 3971 ferat,
2446 3906 2513 3961 et
2550 3898 2726 3980 10000

787 3980 985 4046 etiam
1022 3991 1327 4046 excaecet
1360 3991 1435 4046 ut
1472 4002 1634 4064 quos
1668 4003 1831 4048 cane
1867 3982 2056 4067 peius
2081 3991 2146 4047 et
2168 4002 2383 4066 angue
2425 3983 2724 4057 oderunt,

786 4089 871 4133 ne
912 4067 1120 4132 oculis
1163 4065 1419 4149 quidem
1465 4068 1882 4168 perspiciant.

954 4154 1394 4217 Transeamus
1451 4152 1531 4217 ad
1589 4153 1763 4252 regis
1814 4154 2016 4219 Achis
2074 4153 2187 4218 illa
2231 4152 2430 4219 verba
2488 4155 2727 4238 quibus

784 4237 1113 4304 Davidem
1175 4237 1512 4320 alloquens
1569 4238 1663 4302 ait
1712 4259 1779 4304 00
1829 4241 2139 4322 reperisse
2194 4240 2379 4306 illum
2429 4244 2729 4324 tanquam

789 4323 1078 4407 anyelum
1106 4323 1250 4388 Dm.
1297 4324 1402 4388 Ex
1440 4322 1673 4407 quibus
1696 4326 1914 4391 verbis
1957 4336 2229 4409 apparet
2268 4345 2556 4410 paganos
2582 4326 2728 4392 illos

786 4429 1166 4475 communes
1210 4410 1481 4474 notitias
1524 4418 1589 4473 et
1648 4410 1968 4494 principia
2011 4412 2329 4494 quaedam
2374 4432 2523 4477 cum
2568 4410 2728 4477 fide-

786 4494 959 4561 libus
1003 4495 1328 4573 habuisse,
1385 4506 1449 4561 et·
1497 4494 1894 4562 Philistaeos
1934 4497 2099 4574 11100,
2159 4497 2536 4563 idololatras
2575 4498 2726 4563 11001

787 4590 855 4646 01
912 4581 1022 4663 001
1083 4582 1337 4646 nullum
1397 4602 1599 4664 purae
1658 4580 1994 4646 doctrinae
2051 4593 2318 4668 gustum
2378 4582 2724 4660 habebant,

787 4675 854 4731 01
898 4687 1113 4751 neque
1152 4666 1361 4750 legem
1407 4688 1619 4750 neque
1675 4666 2028 4751 prophetas
2088 4668 2400 4748 sciebant,
2458 4670 2726 4735 scivisse

792 4761 1013 4818 tamen
1074 4774 1216 4817 esse
1274 4773 1478 4817 uuum
1525 4753 1748 4818 Deum
1807 4763 1871 4818 01
1928 4752 2207 4818 eundem
2263 4755 2528 4839 0030100
2573 4775 2727 4821 suos

790 4837 1050 4904 habere.
1100 4837 1289 4919 Quae
1335 4839 1554 4922 opinio
1598 4840 1757 4905 satis
1780 4840 2144 4906 communis
2168 4840 2341 4922 apud
2386 4839 2537 4905 illos
2581 4841 2727 4922 fuit,

791 4934 868 4989 ut
921 4946 1002 4989 ex
1060 4923 1547 4990 incredulorum
1615 4925 1879 4991 illorum
1944 4923 2129 4989 libris
2194 4937 2495 5009 apparet,
2563 4947 2726 5009 quae

790 5009 1080 5094 cognitio
1124 5010 1274 5075 licet
1320 5011 1478 5093 ipsis
1521 5010 1689 5075 nihil
1735 5011 1814 5075 ad
1860 5012 2135 5076 salutem
2232 5011 2449 5093 rofuit,
2504 5024 2724 5076 tamen

789 5094 1263 5161 inexcusabiles
1307 5117 1523 5161 coram
1569 5095 1713 5161 Deo
1770 5096 2070 5162 reddidit.
2211 5118 2317 5161 am
2363 5098 2416 5162 01
2462 5098 2727 5164 divinae

789 5179 959 5246 lucis
1017 5181 1341 5247 scintillae
1399 5202 1627 5247 omnes
1660 5183 2044 5249 exstinctae
2098 5182 2166 5248 in
2222 5183 2378 5265 ipsis
2433 5184 2724 5263 fuissent,

786 5275 859 5333 et
902 5266 1153 5335 nullam
1196 5276 1453 5352 guttam
1499 5269 1794 5335 veritatis
1838 5267 2239 5349 habuissent,
2282 5270 2727 5352 ignorantiam

2465 358 2875 425 HOMILIA
2927 358 3077 428 ΟΠ.

4633 359 4743 426 680

2830 569 3013 614 suam
3087 560 3403 633 tanquam
3469 549 3774 635 clypeum
3833 549 3957 614 Dei
4027 547 4287 614 iudiciis
4349 548 4743 629 obiecissent,

2830 655 3037 718 eaque
3089 635 3348 701 ratione
3411 656 3482 701 se
3538 654 3758 700 coram
3814 635 3958 718 ipso
4013 645 4478 700 excusassent:
4545 655 4749 718 quam-

2829 721 3054 787 obrem
3097 721 3385 805 oportuit
3434 720 3583 787 illos
3625 720 3841 787 adhue
3885 720 4172 804 aliquam
4217 720 4564 804 religionis
4597 723 4752 786 scin·

2829 806 3063 892 tillem,
3124 818 3198 871 ut
3238 807 3714 872 inexcusabiles
3759 809 3910 884 sint,
3955 806 4218 873 habere.
4300 808 4420 873 Sic
4462 808 4590 872 hoc
4630 808 4755 874 loco

2830 914 2947 958 rex
2991 893 3215 971 Achis‚
3274 895 3396 958 etsi
3438 914 3574 957 non
3591 892 3824 994 01000
3855 893 4190 957 intellexit
4234 894 4454 959 Deum
4503 893 4755 976 angelos

2830 999 2987 1045 suos
3034 979 3294 1059 habere,
3355 987 3427 1043 ut
3482 979 3607 1063 ipsi
3667 979 4059 1055 ministrent,
4120 989 4185 1042 ct
4229 979 4546 1044 mandata
4585 1000 4756 1044 exse-

2829 1075 3134 1147 quantur,
3180 1065 3364 1131 novit
3400 1072 3619 1129 tamen
3657 1065 3924 1150 angelos
3946 1063 4074 1127 Dei
4104 1085 4265 1130 csse.
4309 1063 4505 1145 Quae
4540 1065 4758 1131 notitia

2828 1170 3085 1216 0100010
3133 1151 3639 1228 excusationem,
3689 1162 3762 1214 ut
3782 1151 4092 1232 diximus,
4135 1150 4265 1215 illis
4301 1149 4592 1216 sustulit.
4637 1151 4758 1217 Nos

2829 1256 2988 1301 vero
3033 1236 3387 1320 diligenter
3427 1256 3784 1302 caveamus
3830 1258 3911 1301 00
3954 1236 4273 1302 incertam
4317 1247 4390 1301 et
4431 1237 4756 1301 confusam

2828 1322 3127 1387 notitiam
3188 1324 3459 1388 istorum
3525 1321 3919 1399 habeamus,
3987 1321 4100 1387 sed
4161 1321 4288 1387 Dei
4347 1323 4626 1405 angelos
4678 1324 4758 1388 sic

2827 1429 3317 1492 cognoscamus,
3373 1415 3447 1473 ut
3487 1420 3708 1472 tamen
3767 1410 3942 1473 intra
3987 1409 4258 1491 gradum
4304 1430 4504 1473 suum
4561 1428 4757 1473 rema-

2829 1503 3062 1574 neant,
3130 1515 3216 1559 ne
3281 1515 3321 1557 a
3386 1492 3572 1559 nobis
3629 1494 3699 1558 in
3767 1494 3942 1557 idola
4007 1495 4597 1559 transformentur:
4660 1494 4758 1559 sed

2830 1588 3091 1646 nostrae
3155 1579 3382 1645 salutis
3455 1580 3791 1645 ministros
3864 1579 4011 1645 illos
4073 1600 4218 1645 esse
4282 1600 4760 1664 cognoscamus,

2827 1665 3350 1749 quandoquidem
3393 1664 3654 1730 illorum
3694 1684 3890 1748 opera
3926 1665 4112 1730 Deus
4147 1665 4232 1731 ad
4276 1666 4441 1730 illud
4478 1687 4645 1749 opus
4678 1668 4762 1730 uti

2831 1750 2997 1818 vult.
3041 1752 3411 1817 caveamus
3456 1772 3541 1815 ne
3584 1751 3712 1817 Dei
3757 1754 4022 1816 nomine
4064 1751 4221 1817 solis
4264 1753 4491 1817 verbis
4535 1751 4761 1835 310110·

2829 1858 2996 1914 mur,
3041 1857 3125 1902 ne
3169 1836 3336 1902 nihil
3375 1857 3492 1902 nos
3527 1836 3641 1902 illa
3676 1838 3992 1921 professio
4023 1839 4220 1903 iuvet.
4264 1837 4367 1902 Ne
4403 1837 4764 1903 incredulos

2827 1922 3166 1987 imitemur
3202 1924 3314 2005 qui
3350 1922 3635 1988 tenebris
3670 1923 3765 1987 ita
3789 1922 4070 1989 demersi
4113 1934 4287 1997 sunt.
4335 1935 4410 1988 ut
4434 1922 4763 1989 mendacio

2828 2018 2896 2075 et
2951 2009 3090 2074 suis
3147 2007 3723 2092 imaginationibus
3768 2008 3894 2073 Dei
3941 2008 4284 2074 veritatem
4344 2029 4761 2091 corrumpere

2829 2097 3154 2160 nitantur:
3202 2113 3322 2159 nos
3357 2094 3721 2159 istiusmodi
3758 2097 4162 2179 corruptelas
4183 2108 4248 2160 et
4268 2096 4760 2178 superstitiones

2829 2181 2983 2246 totis
3008 2180 3257 2245 viribus
3293 2180 3639 2261 fugiamus,
3688 2180 3940 2263 Doique
3976 2182 4419 2264 cognitionem
4457 2193 4758 2264 tanquam

2830 2266 3166 2332 ardentem
3205 2267 3406 2331 facem
3447 2266 3633 2331 nobis
3668 2268 4149 2367 praelucentem
4187 2287 4568 2349 sequamur,
4611 2266 4760 2331 fida·

2829 2354 3131 2434 ciamque
3190 2360 3481 2416 nostram
3546 2353 3613 2416 10
3686 2354 3830 2435 1000
3886 2352 4021 2417 0010
4085 2351 4504 2428 00110000100,
4588 2354 4755 2434 eique

2830 2436 3270 2517 subiiciamur,
3314 2446 3380 2501 et
3403 2447 3541 2502 toto
3561 2438 3739 2502 vitae
3782 2437 4104 2503 curriculo
4126 2459 4279 2503 eum
4305 2439 4746 2519 glorificem«.

3005 2521 3385 2606 Sequuntur
3428 2524 3633 2590 Achis
3692 2525 3893 2588 verba
3940 2524 4175 2607 quibus
4231 2546 4273 2589 a
4327 2545 4400 2589 se
4447 2524 4751 2589 Davidem

2830 2609 3096 2762 dimisit,
3157 2627 3357 2692 quum
3418 2610 3540 2675 ait:
3602 2607 3812 2693 Surye
3865 2630 4047 2674 mane
4102 2615 4174 2674 tu
4225 2616 4283 2676 et
4321 2613 4496 2675 serui
4537 2609 4760 2675 110001ιὸ

2830 2701 2948 2775 1110,
3006 2694 3071 2760 111
3130 2703 3233 2760 001
3274 2693 3516 2773 800110,
3575 2696 3762 2777 quasi
3820 2695 4031 2760 dicat:
4100 2696 4240 2761 Vos
4279 2696 4446 2761 estis
4489 2698 4663 2760 servi
4705 2706 4762 2760 st

2831 2780 3074 2848 subditi
3101 2779 3356 2847 Saulis:
3403 2800 3486 2845 ne
3529 2782 3738 2866 igitur
3759 2780 4078 2847 adversus
4115 2782 4331 2863 ipsum
4370 2785 4443 2846 10
4477 2802 4762 2865 pugnam

2832 2868 3027 2951 exite,
3072 2867 3185 2932 sed
3232 2867 3439 2949 quieti
3483 2867 3552 2931 10
3600 2866 3738 2932 1000
3781 2888 3823 2931 a
3866 2887 3971 2932 me
4013 2867 4195 2933 vobis
4232 2865 4388 2931 dato
4418 2868 4763 2933 subsistite.

2830 2952 3055 3034 Quum
3101 2951 3281 3017 iubet
3324 2950 3529 3018 Achis
3551 2951 3877 3017 Davidem
3923 2973 4118 3018 mane
4163 2973 4439 3036 surgere
4483 2968 4555 3018 et
4595 2953 4766 3017 abire

2829 3060 2973 3106 cum
3021 3039 3175 3115 suis,
3223 3048 3494 3121 apparet
3548 3047 3805 3103 tantum
3853 3040 3920 3102 10
3965 3039 4200 3103 castris
4241 3040 4386 3104 suis
4407 3041 4764 3105 excitatum

2829 3124 3207 3201 tumult-um,
3266 3138 3343 3188 ut
3395 3125 3448 3188 si
3496 3122 3746 3190 diutius
3805 3144 3941 3188 rem
4004 3124 4372 3190 distulisset
4407 3125 4766 3207 periculum

2828 3210 3047 3288 fuerit,
3092 3229 3177 3274 ne
3222 3230 3348 3274 non
3395 3219 3615 3291 000001
3648 3210 3928 3291 amplius
3963 3210 4185 3275 David
4228 3210 4496 3276 illorum
4541 3230 4769 3275 manus

2829 3297 3125 3361 evadere.
3171 3295 3401 3379 Neque
3443 3297 3616 3360 enim
3650 3294 3973 3359 Davidem
4013 3294 4404 3362 dimissurus
4426 3296 4770 3361 videbatur

2828 3381 2952 3447 nisi
2997 3381 3559 3448 0000100.Μο00
3602 3381 3809 3466 igitur
3852 3381 4173 3445 Davidem
4217 3382 4402 3447 iubet
4443 3382 4651 3459 abire,
4693 3401 4770 3447 ns

2829 3467 2984 3551 quid
3028 3466 3343 3532 adversus
3401 3469 3614 3550 ipsum
3667 3486 3788 3551 per
3830 3465 4218 3531 seditionem
4266 3469 4403 3533 flat.
4495 3469 4604 3533 Ex
4652 3488 4770 3550 qno

2831 3561 3102 3638 apparet
3138 3552 3461 3618 Davidem
3506 3552 3795 3636 gladium
3845 3551 4153 3618 habuisse
4197 3564 4512 3635 tanquam
4547 3554 4632 3619 ad
4679 3557 4770 3618 in·

2829 3640 3192 3724 301010,01
3234 3638 3404 3721 quod
3449 3639 3658 3703 evasit
3702 3637 4067 3722 periculum
4116 3638 4337 3705 deberi
4384 3639 4518 3703 Dei
4561 3642 4771 3722 previ-

2832 3726 3108 3803 11001100,
3153 3744 3192 3786 0
3227 3744 3354 3807 quo
3390 3724 3695 3789 defensus
3731 3725 3837 3807 sit,
3882 3736 3947 3787 ot
3987 3745 4183 3789 manu
4209 3725 4438 3790 divina
4461 3736 4770 3807 tauquam

2829 3811 3080 3876 obiecto
3123 3810 3353 3893 clypeo
3399 3820 3630 3887 tectus,
3676 3829 3807 3874 000
3846 3821 4065 3874 autem
4115 3811 4404 3876 hostium
4443 3813 4770 3876 voluntati

2831 3916 2992 3980 quos
3052 3906 3302 3959 certum
3363 3906 3462 3960 001
3519 3898 3812 3960 animum
3870 3897 4086 3978 100010
4147 3894 4557 3981 discerpendi
4625 3912 4696 3961 et
4741 3919 4774 3961 s

2833 3983 3001 4047 vivis
3045 3980 3315 4045 tollendi
3360 3981 3684 4047 habuisse.
3722 3981 3899 4046 Hinc
3934 3983 4357 4047 observemus
4388 3984 4614 4048 Deum
4661 4004 4774 4049 nes

2830 4070 3081 4151 eripere
3128 4068 3506 4167 saepissime
3550 4088 3632 4132 ex
3679 4067 3981 4149 periculis
4031 4087 4200 4150 quae
4255 4070 4382 4152 ipsi
4427 4090 4563 4133 non
4628 4092 4774 4134 sen·

2831 4173 3144 4227 seramus,
3191 4164 3270 4217 et·
3300 4173 3384 4217 ex
3428 4154 3585 4235 ipsis
3620 4155 3850 4217 mortis
3886 4153 4231 4219 faucibus
4215 4176 4283 4218 10
4319 4175 4492 4236 0000
4527 4156 4778 4221 incauti

2831 4241 3286 4317 incideramus,
3346 4238 3617 4339 ideoque
3663 4241 3871 4323 magis
3916 4260 3991 4303 ac
4033 4242 4246 4322 magis
4289 4262 4412 4304 nos
4458 4242 4544 4304 ad
4589 4242 4779 4305 illem

2829 4326 3266 4392 invocandum
3315 4324 3585 4389 excitari
3632 4325 3869 4389 debere
3903 4333 3977 4391 ut
4013 4346 4095 4388 ex
4134 4326 4443 4408 periculis
4490 4328 4562 4391 10
4607 4348 4782 4410 quas

2831 4433 3023 4495 saepe
3077 4411 3325 4474 incauti
3386 4410 3733 4475 incidimus
3793 4431 3908 4493 pro
3965 4432 4087 4476 sua
4146 4412 4605 4477 misericordia
4666 4434 4781 4478 nos

2830 4498 3087 4580 0110101,
3121 4508 3189 4560 et
3210 4497 3401 4562 nobis
3443 4496 3919 4562 dormientibus
3954 4516 4071 4579 pro
4095 4496 4282 4562 nobis
4304 4498 4563 4581 vigilet.
4617 4500 4782 4565 Cu-

2831 4595 3039 4649 terum
3105 4580 3212 4647 1110
3270 4584 3466 4647 etiam
3528 4581 3934 4648 observanda
4005 4583 4361 4667 0103010110
4421 4582 4560 4650 Dei
4626 4606 4782 4669 erga

2831 4667 3158 4735 Davidem
3202 4666 3477 4747 bonitas,
3522 4689 3689 4750 quae
3724 4669 3942 4753 ipsum
3989 4668 4114 4734 hac
4147 4670 4398 4768 ratione
4445 4692 4586 4735 000
4635 4688 4780 4736 tan·

2830 4764 2969 4820 tum
3008 4775 3089 4818 ex
3114 4754 3443 4838 praesenti
3486 4754 3793 4837 pericu10,
3831 4774 3913 4819 ex
3948 4756 4219 4820 summis
4262 4754 4333 4819 in
4358 4756 4612 4838 quibua
4645 4778 4786 4821 ver·

2830 4840 3099 4906 sabatur
3156 4841 3476 4924 angustiis
3533 4840 3796 4941 eripuit,
3855 4838 3967 4906 sed
4027 4840 4226 4905 etiam
4281 4842 4354 4905 in
4413 4842 4646 4907 locum
4705 4864 4784 4907 ex

2831 4946 2958 5010 quo
3003 4923 3390 4991 discesserat
3433 4929 3678 4991 reverti
3722 4927 3896 5006 fecit,
3939 4933 4016 4990 ut
4051 4948 4291 4992 uxores
4328 4934 4396 4990 et
4427 4929 4784 4994 facultates

2830 5033 2996 5095 quae
3046 5011 3113 5074 10
3163 5010 3451 5078 1100111101
3507 5019 3895 5093 potestatem
3952 5021 4275 5077 venerant
4331 5026 4778 5096 recuperaret.

2832 5095 3188 5183 8103111010
3231 5118 3438 5182 00000
3481 5097 3606 5161 fuit
3660 5096 3835 5164 istud
3878 5096 4004 5163 Dei
4048 5097 4548 5165 benevolentiae
4595 5100 4782 5165 testi·

2832 5185 3126 5250 monium
3171 5204 3329 5267 erga
3363 5182 3714 5262 Davidem,
3760 5204 3910 5249 cum
3956 5191 4054 5248 tot
4099 5183 4616 5252 difficultatibus
4651 5186 4782 5252 eol·

2829 5271 3206 5346 luctantem,
3252 5276 3327 5335 ut
3366 5270 3625 5354 inopem
3669 5234 3861 5336 illum
3900 5270 4174 5351 00001111,
4221 5273 4516 5356 undique
4553 5272 4780 5337 inm
