5059 6059
315 325 431 395 673

311 521 440 606 ipso
473 513 671 583 Saule
707 510 1218 590 terminandum,
1257 520 1715 579 verumtamen
1752 521 1894 578 tum
1915 513 2232 597 temporis

313 610 642 690 augustum
684 619 826 667 esse
869 598 1054 664 Deus
1096 597 1327 679 volu-it,
1370 606 1440 663 et
1479 609 1798 682 tanquam
1840 597 2111 666 Domini
2145 599 2235 666 le-

390 703 522 757 tum
591 686 878 772 agnosci.
969 683 1414 766 Quamobrem
1533 684 1703 751 uoad
1776 685 1994 752 Deum
2066 684 2232 751 nihil

353 774 647 843 esiderari
693 771 926 854 potuit,
1015 769 1321 836 uominus
1368 768 1502 837 Sau
1530 770 1600 836 is·
1630 791 1906 855 regnum
1944 770 2235 856 legitime

311 862 828 930 constitueretur:
1089 853 1300 941 quoad
1358 856 1671 940 populum
1734 855 1966 922 seditio
2011 856 2126 923 illa
2167 869 2235 923 et

309 944 698 1017 contumacia
752 941 1112 1010 multorum
1154 962 1480 1009 remoram
1524 942 1852 1026 quandam
1896 943 2231 1023 iniecerat,

310 1038 510 1117 itaque
543 1050 821 1115 regnum
856 1028 1025 1095 illud
1057 1028 1365 1114 oportuit.
1404 1042 1476 1094 ut
1512 1027 1620 1095 hic
1642 1027 1892 1094 factum·
1913 1028 2231 1109 videmus,

310 1117 620 1186 renovari.
705 1114 893 1181 Idem
939 1135 1094 1181 vero
1128 1114 1403 1199 contigit
1439 1112 1634 1180 hodie
1667 1134 1869 1198 quum
1903 1113 2230 1181 Dominus

307 1206 416 1274 filii
465 1203 569 1270 sui
627 1200 804 1268 unici
864 1221 1143 1285 regnum
1196 1201 1346 1267 vult
1386 1200 1459 1265 in
1502 1199 1719 1267 medio
1764 1208 2062 1266 nostrum
2108 1199 2233 1266 eri-

306 1311 464 1378 gere.
550 1288 726 1355 Nam
782 1287 907 1353 Dei
967 1285 1230 1371 quidem
1287 1305 1565 1371 regnum
1621 1294 1724 1353 est
1778 1285 2125 1369 spirituale
2167 1294 2235 1352 et

305 1376 796 1463 sempiternum:
868 1372 984 1438 sed
1053 1373 1366 1455 quoniam
1425 1372 1605 1438 leves
1662 1380 1729 1438 et
1784 1371 2233 1439 inconstantes

308 1484 535 1540 sumus,
582 1468 650 1526 et
691 1457 773 1525 ad
819 1460 1177 1525 vanitatem
1220 1465 1289 1524 et
1329 1458 1737 1524 mendacium
1781 1457 2124 1542 proclives,
2166 1468 2234 1523 et

308 1547 464 1616 tardi
518 1546 603 1613 ad
646 1546 855 1629 ipsius
897 1544 1305 1630 obsequium,
1359 1552 1428 1610 et
1468 1543 1722 1609 malitia
1764 1544 1938 1627 pleni
1981 1541 2064 1609 ad
2107 1544 2234 1627 ipsi

301 1631 757 1702 resistendum:
804 1629 1041 1697 idcirco
1087 1631 1302 1696 Deum
1349 1638 1608 1713 oportet
1651 1649 1931 1714 regnum
1973 1629 2092 1695 filii
2127 1630 2231 1696 sui

297 1720 553 1786 Domini
600 1718 811 1785 nostri
854 1716 1009 1781 Iesu
1053 1715 1305 1782 Christi
1346 1717 1522 1782 inter
1556 1737 1679 1782 nos
1716 1735 2036 1781 renovare
2071 1736 2232 1799 quo-

297 1809 662 1888 tiescunque
735 1802 1153 1887 evangelium
1213 1801 1650 1887 praedicatur.
1736 1800 1931 1881 Nam,
2006 1815 2084 1866 ut
2139 1802 2234 1866 ait

299 1891 552 1968 Paulus,
615 1887 1030 1971 evangelium
1074 1896 1174 1954 est
1221 1889 1458 1973 legatio
1501 1886 1632 1953 Dei
1675 1907 1807 1972 qua
1849 1885 1997 1952 vult
2039 1887 2231 1953 nobis

298 1976 724 2044 reconciliari:
791 1985 859 2040 et
912 1995 1041 2058 qua
1100 1995 1222 2040 nos
1280 1975 1584 2039 hortatur
1637 1983 1715 2039 ut
1768 1971 1853 2038 ad
1895 1992 1966 2039 se
2011 1993 2229 2039 rever-

299 2076 522 2144 tamur,
580 2082 732 2129 cum
791 2068 973 2127 certa
1026 2058 1266 2126 fiducia
1308 2080 1429 2126 nos
1472 2060 1554 2126 ab
1597 2058 1742 2144 ipso
1786 2056 2230 2143 recipiendos:

298 2149 474 2216 modo
533 2148 829 2215 vicissim
889 2145 1205 2223 offensas,
1265 2144 1505 2229 quibus
1564 2147 1704 2211 eius
1759 2145 1826 2210 in
1885 2165 2004 2210 nos
2060 2145 2230 2210 iram

299 2235 785 2319 provocavimus
843 2231 1257 2312 detestemur,
1330 2232 1518 2316 eique
1571 2230 1800 2298 subiici
1860 2241 1926 2296 et
1982 2230 2230 2296 obtem·

299 2342 512 2405 perare
571 2320 645 2384 in
703 2339 863 2384 vera
919 2326 987 2385 et
1045 2338 1178 2382 non
1235 2318 1545 2383 simulata
1584 2317 1993 2402 poenitentia
2033 2336 2229 2400 quae-

298 2429 520 2474 ramus.
570 2405 797 2486 Quare
840 2425 1046 2488 quum
1077 2404 1205 2469 Dei
1250 2404 1524 2471 verbum
1570 2413 1705 2469 toto
1752 2402 1926 2471 vitae
1969 2412 2231 2469 nostrae

296 2492 613 2560 curriculo
647 2491 865 2576 legere
899 2490 1232 2556 iubemur:
1269 2499 1341 2554 et
1359 2509 1442 2554 ex
1467 2489 1732 2573 politiae
1754 2489 2228 2556 ecclesiasticae

294 2578 753 2645 constitutione
824 2577 1168 2644 conciones
1234 2575 1650 2659 frequentare
1708 2583 2027 2655 tenemur,
2103 2574 2230 2640 etsi

297 2665 581 2731 doctrina
667 2662 927 2746 saepius
1007 2662 1197 2728 nobis
1274 2660 1499 2728 eadem
1580 2660 1967 2738 inculcatur,
2059 2659 2231 2725 nihil

297 2760 506 2817 tamen
563 2770 713 2816 esse
770 2749 1175 2832 superfluum
1233 2748 1536 2814 sciamus.
1626 2745 1806 2828 Quid
1849 2744 1990 2812 ita?
2054 2744 2231 2812 Saue

298 2837 604 2903 debemus
679 2856 800 2901 nos
865 2834 1132 2915 intueri,
1218 2841 1286 2900 et
1348 2833 1461 2917 qui
1525 2832 1733 2898 simus
1796 2831 2228 2899 considerare.

296 2923 476 2989 Multi
520 2922 798 2988 fanatici
842 2941 915 2987 se
956 2920 1061 2986 sui
1105 2919 1540 3001 cognitionem
1585 2917 1826 2984 habere
1861 2917 2113 2998 dicunt,
2156 2938 2234 2985 ac

292 3007 551 3092 proinde
641 3007 982 3091 inquiunt:
1067 3004 1293 3087 Quare
1355 3004 1725 3071 laborarem
1791 3004 1865 3070 in
1928 3004 2233 3088 frequen·

298 3094 502 3160 tandis
535 3092 978 3172 concionibus,
1021 3091 1092 3156 in
1128 3091 1363 3175 quibus
1400 3090 1561 3157 nihil
1600 3089 1860 3157 audiam
1896 3090 2023 3157 nisi
2060 3087 2233 3174 quod

300 3181 383 3246 ita
444 3190 637 3246 teneo
704 3188 780 3245 ut
839 3178 999 3244 alios
1064 3176 1296 3244 docere
1354 3175 1642 3260 possim?
1711 3177 1964 3243 Verum
2006 3176 2231 3242 istius-

302 3265 463 3331 modi
507 3266 809 3333 homines
852 3284 922 3331 se
965 3284 1305 3347 nunquam
1353 3272 1804 3346 respexerunt,
1849 3282 2058 3346 neque
2092 3282 2234 3328 sese

299 3372 572 3436 unquam
637 3349 1111 3433 expenderunt.
1200 3349 1403 3433 Atqui
1463 3349 1802 3414 hominum
1844 3348 2233 3433 sapientiam

299 3440 566 3520 primam
626 3457 772 3503 esse
828 3436 1091 3513 scimus,
1148 3445 1227 3500 ut
1268 3456 1412 3502 sese
1454 3436 1833 3500 examinent
1877 3444 1945 3499 et
1987 3455 2235 3518 expen-

302 3524 476 3590 dant:
524 3532 593 3589 et
637 3521 754 3588 ubi
799 3541 942 3588 sese
985 3522 1185 3604 probe
1229 3522 1473 3601 norint,
1520 3522 1614 3587 sic
1656 3520 1778 3587 sibi
1823 3518 2234 3605 displiceant,

303 3618 368 3673 ut
433 3608 795 3676 remedium
861 3606 1176 3674 adversus
1236 3607 1398 3674 vitia
1455 3607 1690 3690 quibus
1749 3605 2049 3672 laborant
2104 3616 2236 3673 stu-

301 3693 463 3762 diose
539 3701 885 3779 quaerant.
986 3694 1291 3759 Profecto
1386 3692 1515 3758 Dei
1612 3693 1886 3758 verbum
1973 3693 2233 3760 nonnisi

301 3790 554 3864 propter
610 3779 883 3865 ingenia
940 3789 1171 3845 nostra
1227 3779 1536 3856 tardiora,
1594 3778 1932 3844 hebetiora
1976 3788 2045 3845 et
2087 3778 2231 3862 pin-

300 3867 518 3948 guiora
589 3866 854 3949 saepius
926 3866 1245 3948 repetitur
1301 3873 1368 3931 et
1420 3864 1869 3930 confirmatur.
1956 3864 2235 3931 Accedit

301 3952 376 4016 ad
415 3952 752 4036 superiora
795 3951 1147 4016 memoriae
1189 3951 1502 4016 labilitas:
1549 3960 1626 4016 ut
1663 3970 1927 4016 necesse
1961 3951 2051 4014 sit
2085 3949 2232 4015 sub-

301 4036 441 4104 inde
481 4040 617 4104 iam
655 4046 811 4103 nota
845 4038 1053 4120 repeti
1078 4036 1158 4102 ad
1183 4037 1324 4102 eius
1345 4034 1927 4103 confirmationem.
1975 4036 2234 4101 Deinde

299 4132 421 4189 tam
467 4125 792 4208 proclives
835 4122 918 4188 ad
965 4122 1294 4205 quaelibet
1335 4122 1498 4188 vitia
1542 4143 1789 4199 sumus,
1846 4130 1927 4187 ut
1969 4141 2233 4188 necesse

301 4209 379 4274 sit
417 4231 530 4277 eos
575 4209 706 4276 Dei
749 4209 940 4275 verbi
985 4218 1297 4292 tanquam
1344 4209 1570 4274 fraeno
1615 4207 1924 4289 cohiberi,
1968 4217 2046 4274 ut
2086 4229 2233 4292 pra-

302 4315 412 4362 vae
468 4304 733 4363 nostrae
775 4293 1162 4377 cupiditates
1206 4315 1374 4378 quae
1417 4293 1731 4361 adversus
1774 4316 1894 4361 nos
1937 4302 2234 4380 pugnant

303 4383 755 4464 reprimantur.
842 4380 1072 4462 Quare
1126 4401 1244 4447 nos
1302 4378 1551 4446 domari
1595 4389 1662 4445 et
1706 4378 2010 4446 libidines
2052 4399 2233 4446 coer·

301 4468 424 4532 ceri
479 4488 747 4535 necesse
804 4477 922 4541 est,
983 4466 1163 4550 quod
1221 4486 1354 4532 uno
1399 4466 1504 4533 die
1546 4464 1772 4549 perfici
1813 4487 1950 4532 non
1996 4472 2230 4548 potest.

303 4550 734 4630 Quamobrem
793 4574 995 4636 quum
1056 4574 1192 4619 non
1247 4556 1446 4618 unius
1503 4551 1633 4617 diei
1691 4552 1783 4617 sit
1824 4551 1939 4618 illa
1981 4551 2232 4636 cupidi-

303 4648 495 4704 tatum
542 4640 838 4717 victoria,
885 4647 1020 4704 toto
1065 4639 1239 4705 vitae
1282 4638 1605 4705 curriculo
1643 4637 1766 4703 niti
1799 4658 1922 4704 nos
1955 4646 2228 4721 oportet,

303 4738 371 4786 ut
413 4725 535 4790 Dei
579 4725 779 4792 verbo
823 4724 1274 4801 reformemur,
1329 4734 1395 4790 et
1437 4743 1771 4790 summum
1815 4725 1941 4791 Dei
1988 4725 2230 4789 benefi-

302 4808 463 4874 cium
506 4832 860 4896 agnoscere
904 4830 1109 4893 quum
1154 4810 1394 4876 dociles
1436 4822 1502 4875 et
1555 4821 1840 4876 attentos
1884 4810 1966 4874 ad
2023 4810 2232 4892 ipsius

305 4896 560 4962 verbum
621 4895 1018 4963 audiendum
1078 4896 1262 4963 facit:
1331 4916 1408 4961 ac
1451 4916 1573 4962 nos
1613 4896 1826 4979 ipsius
1869 4896 2084 4981 gratia
2127 4896 2227 4960 in-

306 4977 529 5060 digere,
587 5004 719 5067 qua
777 5003 920 5049 sese
974 4984 1043 5048 in
1090 4983 1230 5049 dies
1273 4982 1460 5049 nobis
1504 4982 1972 5048 communicet:
2034 5001 2224 5064 quem

304 5064 530 5151 alioqui
599 5079 933 5135 momento
992 5066 1400 5134 traderemus
1460 5068 1794 5147 oblivioni,
1860 5070 2060 5133 immo
2118 5067 2226 5132 cui

303 5160 477 5234 terga
497 5153 818 5234 daremus,
863 5153 1033 5238 quod
1079 5156 1236 5220 satis
1272 5174 1808 5237 unumquemque
1851 5152 2229 5238 quotidiana

306 5233 480 5305 docet
520 5243 948 5322 experientia.
1036 5240 1245 5305 Porro
1289 5240 1526 5307 dicitur
1568 5248 1956 5308 renovatum
1990 5242 2062 5306 in
2098 5239 2225 5307 Dei

526 5341 750 5398 Gabini
775 5359 968 5413 opera.
1008 5343 1126 5400 Vol.
1151 5342 1388 5398 XXIX.

1638 322 1743 390 m
1783 324 1839 393 ι.
1883 324 2066 392 Lm.
2111 323 2520 393 ijuusn.
2564 296 2765 393 off.
2809 324 2935 393 ιιι.

4160 331 4295 399 674

2334 520 2688 596 conspectu
2733 534 3030 597 regnum,
3073 520 3153 579 ut
3194 513 3454 581 nullum
3496 513 3766 597 nodum,
3832 516 4089 585 nullum
4135 519 4286 588 vin-

2334 599 2558 666 culum
2626 600 2870 666 arctius
2928 620 3071 668 esse
3136 601 3421 668 sciamus
3474 599 3561 666 ad
3613 622 3735 667 nos
3787 602 3858 666 in
3913 604 4284 675 obedientia

2337 685 2464 751 Dei
2520 685 2917 770 retinendos,
2971 686 3182 770 ipsius
3223 686 3581 753 maiestatis
3625 690 4023 769 praesentia:
4084 712 4281 775 quem

2335 779 2716 837 nostrarum
2762 772 3092 838 actionum
3138 780 3370 838 testem
3417 792 3560 839 esse
3592 771 3913 855 volumus,
3957 790 4025 842 et
4057 797 4279 845 eoram

2335 856 2549 940 ipsius
2603 867 2956 941 conspectu
3015 878 3352 942 apparere.
3438 857 3610 924 Nam
3670 861 3789 925 etsi
3852 860 3967 926 alii
4009 863 4280 945 quidem

2337 943 2679 1009 honestate
2737 943 3067 1009 ducuntur
3123 943 3206 1008 ad
3261 944 3457 1009 fidem
3511 944 3584 1008 in
3625 947 3964 1028 promissis
4007 969 4278 1015 servan-

2334 1026 2518 1095 dam:
2578 1026 2691 1093 alii
2735 1048 2895 1095 vero
2939 1039 3120 1095 metu
3164 1049 3429 1114 poenae,
3487 1037 3605 1095 aut
3646 1029 3926 1099 alicuius
3966 1033 4279 1102 infamiae

2335 1114 2740 1179 retinentur:
2800 1113 3231 1181 nihilominus
3289 1125 3511 1182 tamen
3555 1135 3890 1198 nunquam
3935 1139 4081 1185 eam
4127 1119 4280 1187 dili·

2336 1200 2633 1284 gentiam
2690 1209 2756 1264 et
2812 1201 3250 1268 constantiam
3309 1202 3379 1267 in
3440 1201 3654 1269 officio
3698 1203 3993 1270 faciendo
4035 1205 4279 1273 retine·

2338 1284 2551 1353 bimus
2608 1306 2804 1370 quam
2865 1285 3195 1365 debemus,
3258 1287 3389 1353 nisi
3445 1286 3592 1354 Deo
3648 1286 3794 1372 ipso
3840 1290 4045 1356 veluti
4087 1311 4279 1374 prae-

2335 1378 2544 1452 sente,
2598 1370 2679 1436 ad
2738 1371 2929 1438 cuius
2985 1379 3223 1438 nutum
3281 1393 3670 1457 componere
3713 1394 3835 1441 nos
3875 1375 4276 1446 studeamus.

2335 1455 2561 1537 Quare
2618 1456 2945 1525 discamus
3000 1458 3073 1523 in
3130 1457 3432 1526 omnibus
3474 1458 3718 1526 nostris
3761 1462 4044 1546 negotiis
4090 1463 4278 1532 nobis

2334 1543 2493 1627 ipsis
2552 1543 2763 1608 veluti
2819 1542 2993 1608 diem
3050 1542 3135 1609 ad
3195 1544 3320 1610 Dei
3374 1545 3668 1612 tribunal
3723 1543 3959 1627 dicere,
4024 1556 4093 1617 et
4135 1551 4280 1617 eius

2333 1628 2574 1694 iudicio
2632 1648 2756 1695 nos
2807 1628 3058 1695 sistere.
3146 1629 3322 1695 Nam
3377 1631 3474 1696 ita
3528 1632 3641 1696 fiet
3694 1638 3770 1697 ut
3824 1633 3918 1698 sic
3960 1632 4029 1698 in
4072 1634 4279 1718 ipsius

2335 1715 2569 1780 timore
2625 1722 2695 1780 et
2748 1714 3119 1782 reverentia
3161 1724 3525 1798 teneamur,
3580 1738 3665 1782 ne
3709 1738 3997 1802 unquam
4041 1719 4125 1785 ab
4170 1741 4280 1788 ae·

2333 1799 2582 1884 quitate
2638 1809 2704 1866 et
2745 1800 2878 1867 fide
2919 1821 3115 1884 quam
3162 1800 3482 1884 proximis
3524 1800 3834 1870 debemus
3877 1804 4277 1876 recedamus.

2332 1886 2433 1952 Ac
2475 1906 2655 1967 sane,
2698 1887 2984 1965 obsecro,
3039 1887 3215 1953 unde
3258 1895 3356 1952 tot
3397 1887 3680 1969 fraudes,
3736 1888 3888 1971 doli,
3948 1900 4122 1958 artes
4168 1913 4281 1960 ve-

2334 1971 2685 2039 teratoriae
2749 1972 2987 2057 quibus
3043 1973 3205 2041 alios
3261 1973 3488 2040 fallere
3542 1980 3611 2040 et
3669 1974 3968 2058 decipere
4009 1995 4286 2045 consue-

2332 2067 2600 2137 verunt,
2658 2058 2788 2126 nisi
2847 2079 2933 2124 ex
2989 2078 3067 2125 eo
3123 2058 3294 2144 quod
3345 2061 3499 2127 ficte
3559 2067 3628 2126 et
3684 2060 3990 2128 simulate
4032 2062 4105 2127 in
4147 2063 4287 2131 suis

2330 2142 2602 2210 latebris
2644 2154 2935 2244 agentes,
2980 2147 3313 2211 neminem
3360 2166 3630 2211 suarum
3675 2145 3983 2213 fraudum
4020 2158 4091 2214 et
4144 2170 4285 2216 ma-

2332 2229 2546 2295 larum
2590 2241 2834 2296 artium
2876 2230 3208 2298 conscium
3264 2252 3405 2297 esse
3448 2231 3895 2298 arbitrantur?
3952 2232 4288 2315 Quemad-

2332 2313 2598 2381 modum
2635 2316 2815 2382 fures
2851 2317 2920 2382 in
2960 2317 3210 2384 occulto
3246 2317 3330 2383 ad
3366 2316 3705 2383 libidinem
3742 2318 4065 2397 furantur,
4110 2320 4287 2404 quod

2335 2399 2643 2468 tenebrae
2696 2402 2830 2468 illis
2887 2403 3096 2468 otium
3154 2423 3311 2470 suae
3369 2403 3661 2469 libidinis
3712 2404 4088 2487 implendae
4131 2427 4286 2473 oon·

2335 2485 2597 2555 cedunt.
2685 2486 2873 2554 Idem
2927 2509 3087 2555 sane
3147 2487 3337 2556 nobis
3392 2489 3736 2575 contingit,
3803 2510 4009 2573 quum
4065 2490 4285 2558 Deum

2334 2574 2807 2640 caecutientem
2890 2572 3077 2641 nobis
3142 2576 3473 2660 fingimus,
3562 2588 3633 2641 et
3693 2574 3763 2640 in
3831 2576 4287 2660 iniquitatibus

2335 2658 2580 2726 nostris
2622 2659 2836 2744 magis
2880 2680 2956 2726 ac
3000 2662 3211 2744 magis
3252 2660 3660 2727 induramur.
3746 2661 3927 2729 Hinc
3971 2670 4070 2730 tot
4103 2662 4291 2731 vitio·
4357 2691 4361 2694 ⁴

2337 2766 2484 2811 rum
2552 2745 2838 2826 licentia,
2906 2753 2983 2812 ut
3044 2746 3171 2812 sibi
3236 2748 3506 2832 quisque
3565 2769 3686 2832 pro
3746 2747 4019 2814 libidine
4077 2748 4285 2815 furari

2336 2831 2445 2899 vel
2500 2830 2765 2914 quidvis
2806 2830 2986 2897 aliud
3031 2831 3247 2898 facere
3290 2833 3647 2917 permittat.
3738 2832 4086 2914 Quomodo
4128 2855 4287 2902 vero

2337 2915 2565 2983 istud?
2653 2917 2907 3001 Nempe
2965 2917 3138 3001 quod
3181 2918 3399 2984 Deum
3444 2928 3857 3003 praesentem
3904 2940 4037 2985 non
4082 2918 4284 2987 habe-

2338 3013 2474 3068 ant.
2560 3001 2814 3071 Idcirco
2857 3002 3157 3071 videmus
3193 3005 3413 3070 Deum
3453 3025 3718 3070 suorum
3763 3004 3971 3070 vitam
4018 3005 4099 3071 ad
4145 3027 4290 3088 per·

2337 3089 2684 3156 sectionem
2730 3098 3172 3172 revocantem,
3209 3091 3452 3170 iubere,
3497 3098 3579 3156 ut
3609 3110 3821 3156 eoram
3852 3111 3920 3156 se
3955 3090 4284 3159 ambulant.

2343 3173 2519 3242 Sane
2562 3175 2634 3240 in
2678 3174 2811 3242 Dei
2852 3183 3203 3259 conspectu
3244 3176 3602 3258 ambulare,
3647 3186 3750 3242 est
3791 3197 4049 3243 summa
4085 3178 4286 3245 totius

2342 3262 2517 3327 vitae
2584 3271 2845 3327 nostrae
2899 3262 3228 3345 perfectio.
3314 3263 3409 3329 Et
3461 3262 3720 3346 quidem
3765 3271 3920 3327 sunt
3963 3262 4286 3346 quaedam

2336 3346 2606 3412 maioris
2684 3349 3002 3414 momenti
3082 3349 3371 3415 actiones
3434 3370 3601 3433 quae
3666 3348 3879 3432 magis
3941 3370 3977 3415 r
4063 3349 4289 3415 uirunt

2335 3432 2466 3499 Dei
2502 3434 2961 3516 praesentiam,
3003 3453 3199 3517 quam
3236 3434 3403 3501 aliae
3437 3455 3568 3500 non
3606 3435 3702 3499 ita
3727 3434 3954 3503 seriae.
4067 3455 4287 3502 erum-

2337 3530 2558 3584 tamen
2620 3518 2782 3585 haec
2838 3519 2906 3584 in
2965 3540 3207 3604 genere
3260 3519 3558 3587 doctrina
3596 3519 3945 3585 retinenda
3987 3530 4120 3587 est:
4183 3521 4288 3587 Ne

2336 3603 2737 3672 movendum
2780 3604 3045 3688 quidem
3088 3626 3231 3671 esse
3273 3606 3573 3689 digitum,
3634 3607 3791 3690 quin
3833 3605 4053 3672 Deum
4096 3628 4289 3691 prae·

2335 3700 2592 3758 sentem
2650 3710 2814 3767 esse,
2876 3688 3374 3775 quibuscunque
3418 3700 3725 3776 tegamur
3769 3691 4075 3772 tenebris,
4119 3693 4290 3761 scia-

2335 3797 2505 3857 mus,
2549 3775 2722 3859 quod
2769 3775 3007 3861 ubique
3053 3776 3163 3854 sit,
3205 3786 3275 3843 et
3315 3779 3537 3843 omnia
3581 3778 3917 3845 intueatur
3957 3790 4027 3844 et
4068 3779 4288 3862 perlu-

2335 3870 2520 3928 stret.
2609 3861 2885 3940 Verum,
2930 3872 3005 3927 ut
3047 3861 3204 3943 dixi,
3249 3883 3722 3947 nonnunquam
3768 3865 4054 3930 occurrit
4096 3886 4288 3949 quae-

2335 3946 2485 4014 dam
2546 3949 2816 4030 gravior
2867 3957 2934 4014 et
2991 3950 3254 4015 maioris
3312 3949 3628 4014 momenti
3688 3951 4061 4030 necessitas,
4115 3971 4283 4035 quae

2334 4055 2455 4099 nos
2524 4032 2607 4099 ad
2678 4033 2897 4100 Deum
2966 4034 3233 4117 propius
3300 4034 3605 4102 accedere
3668 4036 3862 4120 cogit.
3950 4035 4283 4117 Quemad-

2334 4119 2623 4197 modum,
2680 4118 2963 4202 exempli
3022 4121 3253 4204 gratia,
3313 4121 3370 4186 si
3427 4120 3507 4186 de
3561 4120 4014 4188 constituenda
4057 4122 4283 4204 politia

2332 4214 2401 4272 et
2444 4204 2632 4272 bonis
2672 4204 2927 4290 legibus
2964 4206 3335 4272 sanciendis
3378 4209 3616 4292 agitur,
3673 4207 3909 4291 quibus
3948 4207 4021 4271 in
4066 4207 4277 4274 officio

2333 4291 2756 4371 retineamur,
2805 4311 3161 4375 veramque
3198 4293 3507 4375 pietatem
3553 4292 3921 4370 doceamur,
3964 4299 4032 4356 et
4074 4293 4275 4360 totius

2332 4378 2440 4445 vel
2497 4376 2891 4460 reipublicae
2945 4376 3050 4443 vel
3109 4381 3298 4463 regni
3356 4388 3471 4445 aut
3525 4379 3812 4463 regionis
3862 4375 4278 4459 consulatur:

2333 4473 2474 4530 tum
2519 4464 2805 4529 maxime
2848 4462 2975 4529 Dei
3021 4466 3397 4546 praesentia
3438 4462 3830 4548 requirenda
3864 4470 3983 4529 est.
4070 4462 4280 4529 Deni-

2331 4570 2458 4634 que
2500 4548 2574 4614 iu
2610 4549 2883 4615 maximi
2918 4552 3235 4616 momenti
3270 4552 3485 4629 rebus,
3524 4551 3738 4615 Deum
3776 4548 4062 4614 maxime
4096 4569 4281 4631 prae-

2331 4643 2583 4701 sentem
2641 4634 2883 4701 habere
2940 4646 3212 4718 oportet,
3274 4647 3346 4702 ut
3390 4636 3679 4703 consiliis
3725 4635 3971 4701 nostris
4015 4636 4278 4718 praesit,

2328 4742 2457 4805 quo
2514 4719 2680 4785 nihil
2735 4720 3030 4787 dicamus
3088 4722 3487 4788 faciamusve
3539 4720 3712 4804 quod
3774 4742 3910 4785 non
3954 4721 4024 4785 in
4069 4721 4278 4804 ipsius

2329 4813 2753 4889 conspectum
2811 4808 3039 4873 venire
3083 4807 3383 4874 velimus.
3477 4805 3588 4874 Sic
3630 4806 3830 4871 etiam
3871 4806 3942 4871 in
3986 4815 4280 4874 eontrac-

2329 4894 2502 4958 tibus
2548 4903 2614 4958 et
2655 4893 2851 4959 rebus
2894 4891 3213 4959 similibus
3258 4912 3422 4976 quae
3458 4889 3865 4958 iureiurandi
3906 4893 4276 4973 firmantur,

2327 4990 2396 5045 et
2438 4979 2509 5043 in
2546 4978 2823 5061 publicis
2856 4980 3220 5064 gratiarum
3256 4978 3624 5045 actionibus
3659 4999 3779 5062 pro
3814 4985 3913 5043 tot
3946 4977 4278 5062 tantisque

2328 5086 2370 5131 a
2436 5066 2577 5130 Deo
2634 5067 2915 5149 acceptis
2973 5064 3304 5132 beneficiis
3363 5065 3434 5129 in
3494 5064 3619 5130 Dei
3678 5073 4100 5148 conspectum
4156 5086 4278 5133 nos

2327 5153 2558 5218 venire
2597 5159 2852 5217 certum
2896 5158 3019 5216 est.
3108 5151 3222 5216 Sic
3263 5150 3335 5215 in
3369 5148 3832 5234 emptionibus,
3875 5150 3993 5232 qui
4028 5150 4111 5217 ab
4147 5151 4279 5218 alio

2328 5236 2663 5323 quidpiam
2720 5246 3063 5322 empturus
3104 5236 3302 5302 fidem
3346 5235 3445 5301 illi
3490 5233 3773 5312 adhibet,
3839 5256 4055 5319 neque
4094 5236 4279 5303 iura-
