5059 6059
269 308 372 377 705

262 494 654 568 confusionem
717 499 1053 557 venturos.
1141 490 1388 557 Contra
1450 511 1605 558 vero
1669 492 1942 556 verbum
2003 490 2129 556 Dei

262 583 572 656 audientes,
628 575 918 660 illudque
971 585 1048 641 ut
1102 596 1395 643 normam
1452 578 1744 642 omnium
1801 576 2131 643 actionum

262 675 577 753 sequentes,
639 663 799 729 certi
847 662 1090 728 erimus
1153 671 1412 747 gratum
1475 662 1572 728 illi
1637 682 1778 728 esse
1830 668 2127 728 nostrum

260 756 468 825 cultum
510 759 574 815 et
609 747 1061 815 obedientiam.
1106 745 1543 829 Quamobrem
1590 745 1858 815 Samuel
1901 746 2128 832 quanti

257 836 532 909 momenti
586 844 757 900 esset
812 833 927 899 illa
967 833 1319 899 admonitio
1360 832 1924 900 demonstraturus
1967 831 2129 899 adii-

256 929 345 1003 cit,
396 943 465 989 ne
513 920 893 1002 exasperetis
947 939 1015 984 oe
1070 919 1362 986 Domini.-
1417 920 1523 985 De
1575 920 1700 986 Dei
1757 919 1954 985 verbo
2010 938 2125 983 sen

256 1031 384 1080 voce
421 1009 736 1090 loquutus,
780 1006 974 1071 etiam
1019 1004 1151 1070 oris
1194 1005 1349 1073 facit
1388 1006 1806 1085 mentionem,
1848 1005 1918 1070 in
1963 1024 2125 1069 eun-

255 1098 378 1163 dem
407 1111 678 1160 sensum.
725 1089 860 1157 Sed
897 1100 1114 1154 tamen
1151 1098 1224 1154 ut
1257 1091 1352 1156 ita
1385 1090 1596 1175 palam
1631 1090 1841 1169 faciat,
1922 1096 2127 1154 nanta

252 1185 326 1250 sit
372 1179 695 1245 hominum
754 1176 1114 1259 pervicacia
1174 1183 1243 1240 et
1296 1176 1377 1241 ad
1435 1176 1678 1242 malum
1735 1195 1892 1259 proc
1918 1175 2124 1253 ‘vitas,

251 1268 357 1334 nisi
409 1262 578 1329 omni
635 1281 809 1338 cura,
867 1260 1088 1327 labore
1144 1268 1212 1326 et
1252 1260 1465 1327 studio
1516 1280 1669 1327 suos
1709 1280 1938 1326 sensus
1980 1258 2124 1324 Deo

247 1349 571 1427 subiiciunt,
615 1354 684 1412 et
725 1345 806 1412 ad
845 1346 1051 1429 ipsius
1083 1345 1459 1430 obsequium
1503 1354 1907 1430 componant.
1953 1344 2123 1409 Nam

248 1457 410 1504 nemo
461 1433 666 1498 noscit
721 1442 963 1514 quanta
1000 1431 1226 1496 innata
1283 1433 1367 1498 sit
1410 1432 1778 1498 hominibus
1820 1428 2121 1510 stultitia,

247 1534 308 1589 ut
362 1521 660 1586 nimirum
725 1518 1051 1600 sapientes
1124 1517 1249 1584 sibi
1313 1517 1677 1597 videantur,
1741 1524 1807 1582 et
1870 1516 2121 1580 ratione

244 1605 483 1692 praediti
541 1626 582 1670 a
637 1609 876 1668 natura
931 1622 1123 1685 quam
1181 1600 1410 1670 ducem
1466 1603 1536 1667 in
1594 1600 1956 1669 actionibus
2020 1619 2120 1666 se-

241 1702 506 1777 quantur.
584 1688 692 1753 Ad
736 1687 906 1754 hanc
947 1688 1291 1754 stultitiam
1335 1688 1583 1755 accedit
1623 1686 1912 1766 audacia,
1954 1705 2120 1769 quae

240 1780 459 1844 animos
496 1771 679 1839 addit
720 1771 804 1837 ad
844 1773 1255 1857 exsequenda
1288 1794 1453 1857 quae
1485 1772 1684 1840 semel
1718 1781 1937 1837 mente
1970 1792 2119 1839 con·

239 1869 533 1947 ceperunt,
594 1869 667 1926 nt
728 1858 1034 1941 quoniam
1090 1859 1251 1942 ipsis
1309 1861 1474 1925 bona
1529 1857 1851 1936 videntur,
1918 1855 2001 1923 ad
2042 1876 2120 1921 ea

237 1950 403 2015 etiam
445 1944 862 2030 approbanda
902 1943 1116 2010 Deum
1169 1943 1636 2027 quodammodo
1678 1962 1909 2028 cogere
1951 1942 2119 2009 velle

237 2034 561 2101 videamur.
675 2031 764 2095 Et
843 2028 1100 2112 quidem
1183 2051 1329 2096 cum
1419 2029 1684 2095 audacia
1765 2028 2121 2112 pertinenia

234 2121 547 2187 coniuncta
589 2126 710 2196 est,
765 2114 1082 2180 malcrum
1127 2117 1416 2180 omnium
1461 2114 1776 2181 cumulus.
1861 2112 2120 2179 Deinde

238 2225 368 2270 vero
414 2214 640 2268 nostra
695 2201 957 2284 ingenia
1015 2220 1271 2284 semper
1326 2201 1478 2266 novi
1536 2199 1779 2284 aliquid
1839 2199 2116 2283 pariunt,

236 2308 296 2355 ut
343 2308 670 2373 nunquam
725 2286 874 2351 finis
927 2285 1014 2351 sit
1071 2306 1289 2351 rerum
1333 2306 1651 2351 novarum
1693 2295 1760 2350 et
1800 2304 2116 2350 novorum

231 2376 513 2453 cultuum,
574 2369 810 2456 quibus
853 2371 983 2436 huc
1023 2370 1181 2437 illuc
1235 2372 1627 2438 fluctuantes
1670 2377 1993 2469 nutamus²
2051 2378 2121 2434 et

232 2462 352 2525 sine
410 2461 537 2525 fine
611 2457 771 2523 hinc
831 2455 984 2520 inde
1048 2456 1270 2539 pravis
1345 2455 1826 2523 inventionibus
1887 2454 2118 2540 agitati

229 2546 617 2612 vacillamus:
696 2560 903 2623 neque
966 2542 1143 2606 enim
1221 2542 1409 2625 parvi
1476 2541 1789 2608 momenti
1851 2561 1955 2605 res
2020 2546 2120 2606 est

227 2627 1498 2799 2a322.:002012.1322..20¹2:ff:.2202⁸
1517 2625 2120 2779 exueste:

229 2814 457 2867 tantum
492 2800 674 2867 dicat
715 2817 933 2864 vocem
969 2797 1098 2863 Dei
1133 2798 1545 2882 audiendam,
1603 2795 1718 2863 sed
1752 2796 1885 2862 oris
1918 2797 2116 2862 etiam

227 2889 597 2953 mentionem
655 2884 868 2960 faciat,
934 2902 1134 2966 quum
1192 2883 1509 2961 admonet,
1576 2904 1659 2949 ne
1718 2903 1791 2948 os
1847 2881 2115 2948 Domini

227 2982 608 3055 exasperent.
680 2969 1025 3035 Caeterum
1068 2968 1574 3052 metaphoricam
1617 2989 1757 3035 esse
1800 2966 2116 3051 loquutio-

227 3078 354 3123 nem
407 3058 570 3124 satis
611 3062 717 3121 est
772 3056 1202 3139 perspicuum,
1257 3054 1429 3138 quod
1475 3054 1792 3120 Dominus
1835 3071 1966 3118 non
2006 3073 2117 3117 ore

227 3145 479 3227 proprio,
536 3141 710 3225 quod
764 3160 893 3204 non
936 3136 1149 3218 habet,
1209 3139 1321 3205 sed
1368 3160 1485 3224 per
1526 3139 1757 3205 Mosen
1816 3139 2115 3222 loquutus

226 3229 312 3305 sit,
361 3248 435 3292 ac
483 3228 702 3311 legem
767 3223 1047 3289 dederit:
1111 3229 1179 3289 et
1235 3223 1534 3308 deinceps
1599 3246 1715 3309 per
1770 3224 2115 3308 prophetas

225 3326 507 3396 tanquam
565 3332 729 3378 suae
781 3308 1138 3375 voluntatis
1194 3318 1391 3376 testes
1448 3311 1759 3394 populum
1813 3308 2118 3392 docuerit,

224 3409 279 3462 et
313 3400 378 3464 in
421 3400 547 3463 viis
591 3398 731 3462 suis
772 3394 1148 3461 instituerit.
1234 3396 1342 3461 Ex
1386 3397 1621 3480 quibus
1666 3394 1972 3461 discimus
2007 3416 2116 3461 eos

223 3485 317 3567 qui
367 3484 501 3551 veri
562 3482 693 3547 Dei
753 3479 1054 3563 discipuli
1108 3498 1249 3547 esse
1302 3483 1575 3565 cupiunt
1633 3502 1760 3546 non
1819 3488 2117 3564 oportere

222 3591 394 3651 supra
448 3569 664 3634 nubes
721 3566 959 3644 efferri,
1019 3586 1227 3648 neque
1268 3567 1336 3632 in
1379 3566 1766 3651 profundam
1810 3567 2113 3651 abyssum

219 3653 602 3733 descendere,
661 3652 786 3717 Dei
846 3649 1246 3717 voluntatem
1299 3654 1769 3735 expiscaturos:
1830 3651 1942 3717 sed
1989 3650 2115 3717 Dei

220 3741 460 3805 verbum
521 3760 645 3823 per
712 3737 918 3821 ipsius
978 3757 1197 3803 servos
1261 3744 1328 3801 et
1390 3737 1646 3819 quidem
1713 3737 2116 3802 familiariter

218 3826 518 3908 prolatum
580 3844 727 3890 esse
785 3821 1303 3889 auscultandum.
1391 3822 1759 3906 Prophetae
1799 3822 2006 3907 igitur
2048 3831 2114 3887 et

218 3910 482 3976 doctores
538 3919 702 3975 sunt
756 3908 828 3974 in
885 3907 1153 3975 ecclesia
1210 3906 1336 3973 Dei
1394 3918 1705 3990 tanquam
1769 3928 1842 3974 os
1898 3907 2112 3990 ipsum

217 3993 343 4060 Dei.
425 3996 653 4078 Quare
710 3995 766 4060 si
825 3994 970 4076 quis
1014 3992 1313 4075 excipiat,
1370 4014 1440 4058 se
1484 3992 1626 4058 Deo
1681 3992 1960 4058 libenter
1999 3992 2110 4057 ob-

218 4092 730 4165 temperaturum,
809 4077 920 4143 sed
974 4096 1046 4142 se
1110 4098 1237 4143 non
1305 4079 1626 4163 accepisse
1678 4076 1805 4142 Dei
1868 4098 2111 4154 vocem,

219 4185 330 4230 non
386 4168 623 4232 missos
687 4163 769 4230 ab
831 4163 971 4245 ipso
1034 4162 1318 4244 angelos,
1384 4184 1515 4229 non
1573 4162 1973 4230 descendisse
2030 4163 2111 4229 ad

220 4270 336 4327 nos,
391 4274 604 4335 neque
658 4253 727 4315 in
787 4268 940 4315 vera
998 4268 1117 4313 sua
1171 4247 1378 4331 gloria
1432 4250 1840 4332 apparuisse:
1900 4249 2113 4315 omnis

220 4336 507 4402 eiusmodi
553 4341 934 4421 praetextus
991 4342 1059 4399 et
1102 4335 1536 4401 excusationis
1576 4336 1822 4401 occasio
1864 4334 2115 4400 tollitur

221 4419 309 4487 his
346 4421 583 4507 verbis,
645 4420 880 4504 quibus
932 4419 1063 4484 oris
1105 4417 1234 4484 Dei
1276 4421 1352 4485 fit
1395 4420 1654 4496 mentio,
1714 4421 2112 4503 qnandoqui-

221 4505 347 4572 dem
407 4510 548 4593 ipse
609 4508 790 4572 Deus
845 4505 1033 4570 nobis
1089 4524 1159 4570 se
1211 4526 1328 4588 per
1381 4505 1729 4590 prophetas
1784 4505 2110 4589 patefacit.

221 4588 316 4659 Sic
354 4615 466 4678 per
507 4595 744 4660 Mosen
786 4590 996 4675 legem
1032 4610 1218 4655 suam
1262 4590 1716 4675 promulgavit,
1779 4600 1845 4657 et
1884 4589 2117 4656 famili-

221 4679 399 4747 ariter
438 4678 776 4764 exposuit:
833 4678 927 4742 sic
969 4673 1245 4760 deniqne
1287 4697 1403 4760 per
1443 4676 1738 4742 homines
1778 4676 2113 4742 ecclesiam

222 4781 384 4829 suam
424 4765 738 4831 continua
787 4761 953 4827 serie
997 4759 1243 4826 docuit:
1300 4760 1836 4846 quemadmodum
1891 4763 2114 4827 etiam·

226 4868 359 4914 num
412 4850 608 4915 hodie
672 4848 840 4915 facit.
930 4845 1099 4911 Nam
1156 4858 1415 4930 praeter
1455 4847 1866 4932 evangelium
1910 4847 2112 4930 scrip-

224 4942 345 4997 tum
395 4934 713 5001 habemus
769 4930 1144 5016 prophetiae
1186 4932 1451 5012 donum,
1505 4952 1592 4997 ex
1634 4953 1762 5016 quo
1806 4932 2114 4999 discimus

226 5038 450 5086 sacram
535 5022 931 5104 scripturam
1010 5027 1271 5083 nostrae
1347 5019 1760 5084 instructioni
1835 5026 1902 5085 et
1963 5018 2112 5086 usui

226 5105 675 5187 applicandam.
761 5104 983 5187 Quare
1024 5103 1082 5169 si
1124 5101 1450 5171 delicatuli
1492 5104 1715 5188 simus,
1768 5114 1835 5169 et
1877 5123 2109 5188 propo-

225 5189 396 5255 sitam
453 5192 642 5257 nobis
698 5188 1058 5257 doctrinam
1110 5198 1370 5265 gustare
1428 5198 1494 5256 et
1536 5209 1932 5274 concoquere
1975 5211 2107 5256 non

405 5275 621 5332 Calah&
649 5290 836 5345 opera.
911 5272 1034 5333 Vol.
1057 5271 1285 5331 XXIX.

1518 301 1620 368 IN
1661 302 1717 369 Ι.
1761 298 1942 370 LIB.
1977 299 2379 371 SAMUEL.
2425 303 2623 372 OAP.
2688 303 2847 371 XII.

4017 306 4140 372 706

2381 513 2594 572 umus,
2636 513 2793 558 sane
2836 493 2977 558 Deo
3020 492 3145 577 ipsi
3189 492 3571 559 resistimus.
3661 493 3758 559 Ac
3800 491 3952 559 licet
3995 495 4142 560 mil-

2256 577 2353 643 ies
2409 578 2806 645 contrarium
2873 588 3204 656 testemur,
3270 578 3363 644 rei
3432 588 3649 643 tamen
3714 598 3930 645 coram
3994 578 4140 646 Deo

2229 684 2474 741 sumus,
2534 664 3036 748 quotiescunque
3088 665 3363 730 verbum
3418 663 3625 748 ipsius
3667 664 4141 734 contemnimus

2230 756 2298 814 et
2337 748 2524 832 parvi
2567 749 2854 815 facimus.

2396 834 2629 918 Pergit
2670 832 2900 900 deinde
2944 833 3228 915 Samuel,
3270 835 3486 919 aitque
3529 836 3648 902 sub
3691 836 3887 901 finem
3931 838 4137 903 versi-

2228 918 2377 999 culi,
2420 921 2597 985 eritie
2626 925 2684 986 et
2715 939 2839 997 voe,
2882 925 2940 986 et
2978 941 3094 986 rex
3134 921 3246 1002 qui
3282 922 3552 1004 imperat
3589 920 3784 1002 vobis,
3826 928 4138 1005 sequentes

2226 1003 2571 1070 Domimm
2648 1004 2856 1071 Deum
2943 1010 3229 1073 cedrum.
3335 1005 3534 1089 Sequi
3612 1006 3990 1089 Dominum,
4061 1015 4139 1074 ut

2227 1102 2379 1155 ante
2422 1089 2578 1170 dixi,
2635 1101 2738 1157 est
2781 1092 2991 1156 Deum
3035 1099 3229 1175 capnt
3271 1100 3561 1158 nostrum
3620 1111 3986 1177 agnoscere,
4042 1095 4135 1160 ita

2224 1181 2302 1240 ut
2356 1196 2481 1241 non
2548 1175 2788 1258 pudeat
2844 1198 2961 1243 nos
3016 1186 3245 1260 sponte
3309 1176 3409 1242 illi
3473 1175 3734 1257 subiici;
3798 1186 3863 1243 et
3925 1180 4134 1247 omnis

2223 1269 2450 1326 nostra
2505 1259 2716 1346 gloria
2778 1262 2864 1327 sit
2920 1262 2979 1327 ei
3022 1263 3286 1342 servire,
3346 1269 3413 1327 et
3453 1262 3550 1327 illi
3591 1282 3849 1328 omnem
3895 1265 4134 1330 antori-

2224 1354 2421 1412 tatem
2491 1355 2558 1411 et
2622 1347 2965 1431 imperium
3031 1348 3099 1412 in
3161 1369 3279 1413 nos
3344 1347 3513 1413 ultro
3579 1347 3846 1414 deferre.
3951 1348 4135 1418 Haec

2223 1430 2526 1496 timorem
2569 1431 2752 1496 illum
2808 1433 2878 1497 in
2924 1431 3108 1498 nobis
3159 1442 3489 1517 generant,
3543 1432 3623 1499 de
3665 1452 3795 1517 quo
3837 1442 3988 1499 ante
4040 1435 4133 1501 lo-
4256 1448 4266 1463 ·

2223 1517 2407 1599 qunti
2484 1536 2728 1596 snmus,
2804 1527 2872 1582 et
2944 1517 3335 1584 docilitatem
3414 1529 3604 1602 atque
3681 1518 4130 1601 obedientiam,

2222 1621 2417 1684 quam
2460 1602 2667 1685 ipsius
2712 1603 2906 1668 verbo
2950 1601 3294 1670 reddimus.
3366 1602 3550 1670 Deus
3590 1605 3805 1688 itaque
3846 1624 3968 1670 nos
4006 1605 4132 1672 sibi

2222 1686 2576 1752 adhaerere
2648 1686 2847 1754 iubet.
2954 1687 3243 1769 Quinam
3321 1709 3476 1755 vero
3556 1689 3752 1770 istud,
3822 1689 4129 1757 obsecro?

2219 1771 2471 1856 Nempe
2513 1780 2592 1837 ut
2643 1794 2810 1856 pone
2851 1773 3067 1857 ipsum
3122 1774 3545 1854 ambulemus,
3606 1784 3674 1840 et
3715 1783 4130 1858 praeeuntem

2220 1877 2587 1941 sequamur.
2694 1857 2913 1942 Atque
2976 1859 3042 1924 in
3106 1859 3251 1925 istis
3310 1860 3521 1925 omnis
3595 1859 4003 1944 perfectionis
4065 1869 4130 1925 et

2220 1943 2585 2010 sanctitatis
2649 1944 2979 2028 exemplar
3041 1943 3358 2025 videmus,
3432 1955 3507 2010 ut
3569 1965 3795 2012 omnes
3872 1954 4131 2013 nostrae

2217 2026 2614 2095 intentiones
2675 2030 2745 2094 in
2786 2028 3005 2095 Deum
3060 2029 3370 2110 ferantur,
3427 2038 3499 2096 ut
3563 2050 3797 2114 nempe
3852 2030 3983 2115 ipsi
4047 2052 4131 2098 ex

2218 2113 2436 2179 animo
2478 2113 2859 2192 serviamus,
2915 2135 3299 2181 veneremur
3342 2137 3491 2182 eum
3535 2126 3601 2180 et
3644 2117 3952 2196 colamus,
4015 2138 4127 2183 ve·

2219 2217 2359 2263 ram
2409 2198 2616 2283 ipsius
2667 2199 2878 2266 cultus
2934 2200 3253 2266 rationem
3309 2222 3390 2266 ex
3448 2202 3650 2284 ipsius
3705 2200 3905 2267 verbo
3964 2201 4128 2267 hau-

2218 2284 2482 2365 rientes,
2548 2284 2720 2367 quod
2782 2291 3003 2351 nostra
3068 2294 3305 2351 natura
3382 2288 3614 2352 misere
3677 2287 4128 2368 caecutiamus,

2219 2370 2523 2454 omnique
2571 2370 2807 2436 indicio
2849 2381 2915 2436 et
2971 2371 3220 2437 ratione
3273 2391 3622 2453 careamus,
3680 2371 3882 2439 donec
3922 2373 4129 2457 ipsius

2219 2475 2331 2519 ore
2373 2453 2736 2535 doceamur,
2779 2463 2844 2522 et
2885 2463 3300 2540 praeeuntem
3344 2456 3514 2522 ultro
3550 2478 3910 2540 sequamur.
3955 2457 4128 2524 Ocn-

2222 2550 2323 2604 tra
2365 2561 2519 2607 vero
2577 2542 2868 2624 sequitur
2908 2543 3202 2626 opposita
3243 2542 3675 2609 comminatio.
3761 2543 3919 2621 Nae,
3979 2542 4127 2610 Deo

2221 2645 2339 2690 nos
2396 2625 2478 2690 ad
2537 2647 2607 2692 se
2663 2628 2983 2692 invitante
3026 2626 3206 2693 verbi
3260 2628 3365 2693 sui
3407 2627 3711 2695 facilitate
3753 2635 3822 2694 et
3861 2628 4129 2695 lenitate

2221 2711 2519 2777 satisfieri
2577 2712 2763 2778 nobis
2816 2711 3024 2789 debet,
3082 2733 3283 2796 quum
3328 2716 3711 2797 praesertim
3754 2740 3883 2786 non
3929 2722 4126 2790 inuti-

2221 2795 2349 2860 lem
2406 2817 2525 2863 nos
2580 2815 2841 2880 operam
2884 2797 3124 2881 ludere,
3182 2807 3250 2862 et
3290 2819 3426 2865 non
3469 2822 3609 2869 esse
3642 2803 3902 2871 inanem
3946 2830 4124 2892 spem

2221 2891 2508 2946 nostram
2564 2880 2823 2948 doceat:
2883 2902 2959 2949 ac
2999 2882 3269 2966 proinde
3312 2884 3395 2950 ad
3439 2886 3609 2954 hanc
3654 2888 3862 2974 ipsius
3905 2913 4125 2960 vocem

2217 2968 2421 3032 solam
2480 2968 2749 3034 excitari
2796 2967 2878 3033 ad
2921 2968 3201 3035 officium
3268 2969 3666 3048 deberemus.
3749 2974 3882 3042 Sed
3941 2986 4127 3046 tanta

2217 3063 2439 3118 nostra
2500 3060 2602 3120 est
2665 3054 3058 3152 negligentia
3116 3060 3184 3119 et
3245 3059 3667 3138 contumacia,
3732 3069 3807 3124 ut
3864 3084 3945 3128 ne
4003 3064 4124 3133 bac

2217 3138 2476 3221 quidem
2536 3139 2660 3205 Dei
2715 3139 3001 3204 bomtate
3058 3138 3139 3205 ad
3194 3141 3473 3207 officium
3531 3152 3823 3211 nostrum
3883 3149 4118 3217 allicia-

2216 3243 2382 3304 mur,
2438 3222 2951 3307 quandoquidem
2984 3224 3260 3291 mullum
3311 3227 3484 3294 illius
3521 3230 3591 3295 in
3634 3232 3737 3298 his
3781 3237 3972 3303 terris
4014 3260 4121 3305 ve-

2215 3329 2362 3374 rum
2404 3317 2667 3393 gustum
2712 3309 2952 3375 habere
2988 3329 3350 3392 possumus.
3437 3314 3574 3382 Aut
3615 3326 3801 3386 tanta
3843 3334 3940 3388 est
3983 3344 4125 3391 nos·

2216 3404 2319 3459 tra
2375 3394 2701 3479 segnities,
2761 3402 2837 3459 ut
2895 3393 2974 3459 de
3018 3394 3142 3460 Dei
3199 3396 3380 3465 cultu
3438 3421 3569 3466 non
3628 3407 4002 3495 cogitemus,
4059 3420 4124 3476 et

2214 3500 2330 3545 nos
2371 3479 2508 3563 'ipsi
2566 3479 2897 3546 devinctos
2953 3499 3084 3545 non
3139 3484 3640 3568 meminerimus,
3698 3490 3897 3558 donec
3952 3496 4122 3580 ipse—

2212 3572 2346 3629 met
2406 3586 2519 3630 nos
2563 3567 2627 3630 vi
2672 3565 2755 3631 ad
2800 3585 2871 3630 se
2914 3566 3269 3647 pertrahat.
3358 3570 3605 3637 Eodem
3648 3574 3866 3659 itaque
3908 3582 4123 3652 nobis·

2215 3669 2363 3715 cum
2406 3650 2543 3733 agit
2583 3651 2793 3730 modo,
2850 3671 2977 3735 quo
3034 3672 3178 3717 cum
3241 3654 3427 3720 malis
3470 3655 3862 3729 debitoribus
3918 3669 4123 3735 credi-

2214 3745 2417 3801 tores:
2471 3756 2631 3818 quos
2672 3736 2990 3821 fugientes
3046 3746 3111 3800 et
3152 3736 3444 3805 fraudem
3496 3744 3884 3816 meditantes
3936 3752 4123 3823 bonis

2214 3821 2427 3886 verbis
2491 3820 2572 3885 ad
2635 3819 3061 3904 persolvenda
3126 3821 3341 3888 debita
3398 3842 3716 3896 conantur
3778 3834 4121 3908 inducere:

2212 3905 2473 3984 Cavete,
2531 3905 2732 3986 aiunt,
2793 3907 2994 3987 vobis,
3048 3911 3116 3973 et
3172 3908 3344 3975 ultro
3397 3912 3566 3996 qnod
3625 3915 3870 3985 debetis
3935 3928 4119 3992 retri-

2211 3992 2407 4071 buite,
2468 4012 2551 4056 ne
2611 3990 2835 4057 durius
2892 3992 3135 4076 aliquid
3194 3996 3476 4078 experiri
3530 4019 3603 4065 co
3687 4003 3867 4085 mini,
3932 4018 3999 4074 et
4050 4013 4119 4079 in

2210 4078 2315 4143 ius
2357 4075 2723 4142 trahamini.
2793 4076 2927 4142 Sed
2972 4078 3133 4143 nibil
3176 4081 3511 4162 proficitur
3553 4105 3592 4150 a
3637 4092 4116 4178 monitionibus,

2212 4182 2374 4245 quas
2427 4163 2691 4229 auribus
2746 4164 2880 4228 suis
2914 4165 3269 4244 excutiunt,
3332 4173 3400 4231 et
3442 4171 3612 4254 apud
3657 4193 3728 4239 se
3769 4177 4118 4249 creditores

2209 4246 2500 4313 irrident.
2591 4246 2702 4315 Sic
2760 4269 2880 4313 nos
2936 4269 3091 4333 erga
3132 4249 3351 4316 Deum
3406 4257 3709 4337 gerimus.
3797 4262 3962 4329 Nam
4005 4269 4118 4334 ubi

2210 4335 2391 4400 Deus
2433 4332 2653 4400 verbis
2692 4332 2962 4418 placidis
3003 4341 3069 4398 et
3110 4335 3444 4405 benevolis
3484 4342 3563 4406 ad
3600 4364 3670 4408 se
3705 4366 3823 4412 nos
3858 4347 4117 4420 allicere

2209 4428 2275 4484 et
2317 4419 2884 4502 pollicitationibus
2927 4422 3181 4486 futurae
3221 4423 3683 4494 benedictionis
3717 4431 3798 4496 ad
3833 4432 4116 4505 officium

2209 4504 2573 4570 faciendum
2633 4505 2912 4570 invitare
2969 4525 3099 4570 non
3158 4504 3364 4592 desiit,
3421 4520 3488 4575 et
3539 4533 3609 4577 se
3651 4515 3814 4581 nihil
3858 4539 4117 4601 promo-

2206 4609 2363 4656 vere
2418 4589 2827 4656 humanitate
2868 4597 2934 4656 et
2974 4590 3259 4672 lenitate,
3316 4594 3427 4660 sed
3484 4617 3604 4664 nos
3660 4610 3886 4669 contra
3926 4610 4117 4675 resti.

2208 4684 2363 4756 tare,
2410 4684 2473 4740 et
2515 4677 2693 4741 velut
2733 4675 2859 4758 ipsi
2903 4676 3289 4761 obstrepere,
3333 4680 3805 4765 animadvertit,
3851 4692 4114 4764 tandem

2208 4760 2291 4827 ad
2346 4761 2756 4827 severitatem
2814 4779 3165 4828 conversus
3218 4761 3502 4831 declarat
3553 4789 3671 4834 nos
3715 4771 3880 4840 nihil
3924 4782 4110 4847 resti-

2208 4845 2402 4912 tando
2463 4846 2746 4913 lucratos
2810 4868 2969 4927 esse,
3032 4846 3145 4913 scd
3208 4846 3314 4913 vel
3379 4850 3617 4918 invitos
3684 4857 3763 4921 ad
3828 4861 4113 4934 officium

2208 4932 2351 5016 cogi
2404 4943 2716 5015 oportere.
2803 4932 3024 5014 Quare
3080 4954 3277 5017 quum
3333 4935 3628 5002 videmus
3685 4941 3898 5010 Deum
3961 4972 4113 5034 pro-

2208 5016 2623 5085 missionibus
2680 5019 2814 5085 auis
2855 5019 3066 5084 minas
3106 5018 3399 5099 adiicere,
3454 5021 3732 5090 oblatam
3775 5002 3961 5100 nobis
4004 5058 4115 5105 00-

2210 5103 2534 5170 casionem
2587 5125 2830 5188 pravae
2886 5114 3143 5170 nostrae
3195 5111 3467 5172 naturae
3521 5109 3731 5195 magis
3785 5136 3861 5181 ac
3901 5127 4115 5224 magi„

2208 5189 2605 5257 accusandae
2647 5198 2714 5255 et
2754 5187 3279 5257 condemnandae
3320 5192 3614 5260 sciamus.
3658 5195 3902 5268 Annon
3935 5226 4123 5280 emm·

3641 5294 3712 5354 45
