5059 6059
267 342 339 410 49
1545 333 1642 401 IN
1688 334 1741 401 I.
1788 334 1965 403 LIB.
2016 331 2413 401 SAMUEL.
2459 332 2659 399 OAP.
2705 330 2896 399 XIV.
4108 340 4197 407 50

261 529 391 598 Deo
429 527 501 594 fit
541 546 692 591 reus
734 522 969 603 caedis,
1028 523 1198 607 quod
1255 521 1340 591 ab
1395 524 1562 590 irato
1619 523 1834 589 animo
1888 530 1958 587 et
2012 521 2161 589 odio

262 617 433 702 pleno
484 609 929 695 proficiscatur
971 609 1087 677 illa
1139 609 1440 676 offensio:
1501 609 1616 676 sed
1660 608 1851 693 longe
1895 608 2163 692 gravius

260 708 573 788 peccatum
616 708 717 763 est
750 695 1007 762 devotio
1042 695 1528 774 exsecrationis,
1575 715 1772 779 quam
1808 693 1937 761 alia
1969 714 2160 778 quae-

261 788 353 855 vis
410 781 643 849 iniuria
705 781 879 847 ferro
961 781 1070 848 vel
1133 781 1262 848 alia
1340 780 1575 865 quavis
1653 781 1905 845 ratione
1970 779 2158 846 facta.

257 871 458 940 Maius
511 868 685 932 enim
746 865 971 933 odium
1040 877 1108 933 et
1175 887 1505 934 venenum
1573 865 1878 933 lethalius
1941 874 2161 932 osten·

257 954 451 1024 dimus
502 955 573 1020 in
631 973 800 1029 eum,
859 973 1053 1052 quem
1095 952 1411 1019 advocato
1455 950 1582 1017 Dei
1638 952 1917 1032 nomine,
1975 971 2159 1018 exse·

255 1041 524 1111 oratione
580 1038 1063 1122 obstringimus,
1118 1059 1314 1122 quam
1358 1037 1416 1104 si
1458 1038 1682 1104 stricto
1769 1035 1942 1102 ladio
1984 1056 2159 1103 mor-

255 1142 378 1194 tem
430 1125 523 1190 illi
577 1126 1050 1190 intentat-emus
1148 1145 1299 1189 uem
1358 1122 1636 1189 odimus.
1724 1058 1771 1187 ff
1875 1144 1956 1189 ne
1999 1143 2156 1206 qua-

250 1232 485 1296 cunque
519 1209 782 1277 tandem
818 1208 1061 1277 iniuria
1093 1210 1115 1275 i
1142 1210 1276 1274 lum
1313 1208 1693 1288 afficiamus,
1738 1208 1851 1273 nul
1875 1229 1914 1274 a
1935 1217 2159 1274 tamen

251 1311 375 1365 tam
414 1310 602 1363 atrox
644 1306 712 1361 ot
754 1295 1058 1376 violenta,
1099 1315 1296 1379 quam
1339 1316 1539 1378 quum
1581 1293 2159 1377 imprecationibus

248 1396 352 1451 ant
391 1381 947 1450 exsecrationibus
990 1380 1177 1447 illum
1222 1380 1636 1447 devovemus.
1690 1377 1937 1447 Odium
1981 1379 2158 1445 enim

247 1470 388 1556 plus
450 1488 647 1552 quam
712 1466 1099 1535 diabolicum
1165 1476 1232 1532 et
1294 1466 1613 1532 furiosum
1677 1465 2159 1532 exsecrationes

245 1557 385 1623 illae
423 1552 728 1638 produnt,
785 1552 1021 1636 quibus
1061 1551 1277 1617 Deum
1321 1551 1418 1617 illi
1460 1553 1758 1634 cupimus
1799 1551 2159 1619 inimicum.

239 1643 323 1709 Et
373 1652 594 1706 tamen
651 1658 848 1722 quam
902 1638 1098 1722 longe
1154 1637 1413 1721 lateque
1466 1645 1646 1720 patet
1701 1636 1894 1702 hodie
1937 1637 2156 1702 istius·

239 1726 404 1793 modi
460 1722 840 1808 corruptio?
901 1723 1081 1789 Nihil
1148 1723 1376 1789 audias
1441 1721 1845 1806 frequentius
1909 1722 1978 1787 in
2044 1742 2157 1788 ore

236 1814 576 1879 hominum
640 1831 837 1892 quam
904 1808 1255 1876 diabolicas
1317 1808 1845 1892 imprecationes:
1916 1807 2026 1873 Dii
2090 1818 2157 1873 te

237 1897 569 1983 perduint,
637 1896 732 1961 ΤΘ
798 1894 1098 1962 diabolus
1163 1894 1450 1961 auferat:
1517 1904 1583 1959 et
1642 1892 1880 1959 similia
1945 1891 2158 1959 multa

233 2004 388 2070 quae
429 1983 782 2068 pestiferea
824 1981 1088 2066 linguae
1130 1981 1295 2046 istae
1328 1989 1625 2063 vomunt,
1668 1987 1746 2045 ut
1781 1980 1849 2044 in
1886 1979 2155 2045 buccam

234 2070 545 2137 venerint.
655 2065 790 2135 Sed
856 2087 1057 2151 parva
1121 2067 1249 2132 ista
1311 2073 1485 2143 sunt,
1551 2064 1787 2130 horum
1852 2072 2155 2148 respectu

231 2176 389 2241 quae
446 2152 638 2238 impii
682 2154 977 2219 homines
1017 2151 1088 2216 in
1134 2152 1350 2217 Deum
1392 2152 1610 2236 ipsum
1648 2151 1998 2234 proiiciunt
2082 2159 2158 2217 ut

229 2240 510 2307 audeant
553 2239 871 2306 conviciis
912 2238 1129 2321 ipsum
1166 2237 1501 2316 lacessere,
1543 2235 1941 2302 horrendum
1978 2199 2158 2303 dictu

230 2338 292 2392 et
348 2325 620 2392 auditu:
680 2338 747 2390 et
810 2323 1129 2390 adversus
1184 2322 1313 2389 Dei
1380 2323 1546 2389 filios
1608 2321 1952 2407 insurgere
2019 2331 2155 2388 tam

225 2410 709 2489 contumeliose,
776 2419 909 2475 tam
972 2407 1322 2475 crudeliter
1390 2419 1463 2474 ut
1519 2407 1827 2491 pietatem
1895 2428 2152 2475 omnem

223 2497 549 2575 abiiciant‚
620 2507 688 2561 et
751 2494 1022 2561 Domini
1087 2493 1293 2560 nostri
1350 2493 1501 2560 Iesu
1558 2492 1808 2559 Christi
1875 2514 1908 2557 r
2040 2513 2153 2558 um

217 2594 515 2651 evertere
549 2582 926 2661 moliantur,
960 2590 1027 2647 et
1061 2580 1332 2647 verbum
1366 2579 1575 2663 ipsius
1608 2578 1883 2645 abolere.
1909 2514 2153 2660 e{riam

218 2690 414 2753 quum
461 2677 655 2734 tanta
698 2668 787 2732 sit
830 2665 1022 2731 hodie
1058 2665 1433 2731 mortalium
1466 2665 1787 2749 impietas,
1830 2684 1907 2732 eo
1943 2672 2155 2730 atten-

218 2757 343 2821 tius
396 2755 596 2822 nobis
662 2754 769 2820 hic
832 2751 1305 2819 consideranda
1368 2760 1524 2818 sunt
1588 2771 1753 2834 quae
1811 2750 1893 2816 de
1949 2748 2152 2816 Saule

215 2840 558 2908 dicuntur:
621 2858 854 2922 nempe
911 2837 1065 2904 licet
1114 2857 1354 2921 magna
1413 2836 1755 2903 videbatur
1795 2835 1892 2901 illi
1935 2836 2152 2902 oblata

211 2926 462 2994 occasio
507 2924 835 3010 populum
876 2923 1203 2990 severiore
1255 2922 1475 3006 aliqua
1517 2923 1661 3007 lege
1717 2923 1785 2987 in
1827 2921 2041 2987 officio
2084 2932 2152 2987 et

209 3013 591 3079 humilitate
648 3007 993 3089 retinendi,
1053 3030 1183 3074 non
1226 3007 1371 3074 ideo
1415 3017 1634 3073 tamen
1675 3006 1868 3091 culpa
1911 3026 2149 3088 carere,

254 3098 379 3164 uod
427 3119 512 3164 ea
558 3095 1004 3163 exsecratione
1049 3094 1362 3178 populum
1405 3093 1853 3173 obstrinxerit,
1898 3100 1966 3158 et
2006 3094 2149 3176 qui-

212 3120 357 3251 dem
418 3194 676 3249 temere
718 3190 787 3248 et
830 3180 1217 3249 inconsulto.
1305 3179 1606 3246 Profecto
1649 3198 1842 3244 omne
1885 3178 2149 3263 quidem

213 3270 666 3336 iuramentum
709 3266 1222 3334 exsecrationem
1265 3265 1336 3331 in
1393 3287 1463 3332 se
1504 3265 1791 3331 continet
1832 3266 1886 3331 si
1932 3263 2150 3330 defici-

207 3377 386 3422 mus:
448 3353 575 3422 sed
620 3355 814 3438 longe
855 3352 1016 3418 haec
1066 3350 1379 3416 differunt
1420 3352 1592 3416 inter
1634 3371 1721 3429 se,
1781 3350 2149 3417 iuramento

208 3462 352 3507 cum
410 3439 696 3509 consilio
755 3446 822 3503 et
877 3436 1130 3503 ratione
1186 3436 1358 3502 facto
1412 3458 1483 3502 se
1527 3435 1608 3501 ad
1668 3434 2038 3501 faciendum
2077 3437 2146 3500 in

209 3538 549 3611 posterum
599 3525 885 3592 officium
932 3523 1324 3607 astringere:
1369 3530 1436 3588 et
1481 3532 1723 3587 temere
1765 3520 2149 3588 exsecratio-

206 3614 403 3679 nibus
463 3633 616 3679 sese
676 3611 1014 3688 devovere,
1081 3629 1359 3692 quarum
1424 3607 1679 3673 nullum
1738 3607 1989 3673 iustum
2045 3614 2148 3672 est

203 3698 740 3765 fundamentum.
829 3694 969 3760 Nae
1011 3693 1203 3760 valde
1248 3693 1344 3759 rei
1385 3703 1542 3760 sunt
1583 3713 1803 3759 coram
1849 3694 1990 3758 Deo
2032 3693 2144 3775 qui

203 3805 270 3850 se
311 3780 747 3852 instiusmodi
790 3780 1338 3847 exsecrationibus
1369 3778 1726 3857 devovent,
1771 3778 1873 3845 vel
1908 3788 1986 3843 eo
2007 3778 2148 3843 solo

202 3872 470 3937 nomine
541 3867 718 3953 quod
777 3864 959 3933 Deus
1023 3865 1209 3931 testis
1265 3865 1618 3932 advocatus
1675 3873 1791 3931 est.
1878 3863 2023 3929 Imo
2078 3873 2145 3929 et

200 3956 496 4023 iudicem
568 3953 761 4020 illum
826 3952 1128 4018 advocari
1193 3963 1443 4017 certum
1508 3961 1608 4016 est
1674 3959 1738 4015 et
1818 3949 2142 4015 vindicem

200 4042 565 4108 adversum
631 4061 746 4105 nos
804 4038 998 4121 ipsos,
1055 4037 1114 4101 si
1173 4035 1544 4102 mentiendo
1598 4035 1917 4121 proximis
1973 4035 2141 4100 iniu-

195 4127 362 4194 riam
409 4125 794 4195 fecerimus.
854 4124 1023 4189 Nam
1066 4123 1231 4188 istae
1274 4133 1429 4188 sunt
1469 4122 1818 4188 iuramenti
1862 4122 2145 4205 plerum-

198 4234 322 4296 que
379 4211 740 4289 formulae,
798 4210 1014 4274 Deum
1059 4209 1129 4273 in
1174 4209 1455 4273 animam
1501 4227 1711 4272 meam
1757 4216 1988 4273 testem
2033 4207 2141 4273 ad·

196 4320 376 4367 voco.
444 4297 572 4367 Sic
622 4298 705 4362 D.
749 4293 1000 4362 Paulus
1043 4292 1349 4377 loquitur.
1408 4293 1628 4360 Deum
1671 4294 1868 4378 igitur
1911 4300 2142 4360 testem

195 4384 612 4455 advocantes
656 4382 712 4448 si
756 4380 1202 4460 defecerimus,
1244 4400 1514 4463 gravem
1557 4380 1961 4463 punitionem
2006 4400 2141 4445 me-

195 4490 464 4539 remur:
555 4468 676 4535 sed
742 4468 799 4534 si
875 4478 1118 4533 temere
1182 4465 1423 4548 aliquid
1496 4465 1908 4532 execratione
1970 4464 2142 4532 facta

196 4558 716 4641 susceperimus,
762 4574 891 4619 non
937 4564 1036 4616 est
1079 4552 1147 4615 in
1193 4551 1377 4617 nobis
1410 4551 1607 4617 situm
1641 4561 1717 4617 ut
1750 4552 2141 4634 promissum

194 4641 371 4709 istud
453 4641 893 4708 temerarium
956 4635 1227 4721 implere
1303 4638 1644 4720 possimus.
1746 4635 1967 4717 Quare
2029 4637 2142 4720 qui

195 4738 450 4795 temere
520 4723 898 4793 istiusmodi
959 4723 1517 4790 exsecrationibus
1593 4743 1734 4789 sese
1798 4721 2140 4801 devovent,

193 4812 324 4880 Dei
391 4834 655 4881 nomen
719 4808 1087 4876 foedissime
1142 4809 1509 4892 profanant.
1598 4808 1820 4890 Quare
1875 4808 1942 4873 in
2006 4830 2139 4875 me-

191 4902 480 4967 moriam
578 4896 948 4964 revocanda
1032 4906 1130 4959 est
1215 4895 1435 4979 gravis
1521 4895 1635 4960 illa
1720 4894 2140 4961 comminatio

191 4985 528 5053 adversus
576 5004 691 5049 eos
733 4983 845 5066 qui
885 4980 1017 5046 Dei
1059 5000 1293 5046 nomen
1335 4981 1407 5045 in
1451 5000 1695 5046 vanum
1739 4991 2096 5046 assumunt.

365 5073 465 5138 Et
525 5067 800 5152 quidem
857 5068 1171 5134 hactenus
1228 5065 1310 5131 de
1365 5066 1713 5133 temeraria
1764 5065 1879 5130 illa
1921 5065 2143 5132 Saulis

187 5155 649 5234 adiuratione,
707 5175 793 5219 ne
849 5151 1128 5236 populus
1170 5150 1390 5218 cibum
1431 5161 1741 5238 gustaret.
1832 5149 1965 5218 Sed
2010 5150 2139 5218 alia

185 5264 272 5309 ex
317 5253 526 5330 parte
574 5246 824 5324 quanta
867 5236 1086 5305 Saulis
1127 5236 1405 5304 levitas?
1494 5238 1556 5303 N
1559 5259 1665 5303 am
1699 5234 2034 5304 Israelitae
2068 5240 2136 5304 in

393 5341 639 5404 Odoin&
665 5356 854 5413 opera.
930 5340 1046 5396 Vol.
1082 5339 1275 5396 XXX.

2262 519 2727 606 persequendis
2793 519 3087 588 hostibus
3152 522 3280 589 huc
3344 522 3500 589 illuc
3565 522 3857 609 dispersi,
3923 525 4197 609 quinam

2262 617 2564 691 poterant
2634 606 2804 673 hanc
2860 608 3432 674 comminationem
3490 629 3717 676 omnes
3772 609 4189 697 intelligere?

2262 693 2404 760 Nae
2458 694 2882 777 imperatores
2939 705 3053 760 aut
3097 692 3295 761 duces
3336 696 3575 761 summi
3618 697 4026 763 exercituum
4069 698 4192 765 ali-

2261 778 2419 862 quid
2484 778 2896 864 prohibituri,
2967 787 3084 845 aut
3140 780 3380 846 milites
3435 779 3518 845 ad
3575 782 3899 865 praelium
3952 784 4192 851 instrui

2261 863 2555 946 edictnri,
2610 865 2667 931 si
2724 885 3001 951 magnus
3058 873 3160 932 est
3214 867 3553 948 exercitus,
3607 876 3673 933 et
3729 868 3895 934 clam
3939 872 4192 937 moneri

2259 951 2504 1017 milites
2564 950 2787 1030 velint,
2851 960 2926 1016 ut
2984 951 3090 1017 vel
3152 951 3343 1018 tubae
3401 952 3506 1018 vel
3567 954 3864 1038 tympani
3908 956 4189 1039 strepitu

2259 1044 2474 1105 castra
2531 1037 2741 1102 nolint
2798 1036 3152 1117 admoneri,
3217 1037 3486 1103 mittant
3528 1047 3736 1105 certos
3780 1047 4037 1123 oportet
4076 1041 4195 1140 qui

2260 1122 2473 1206 duces,
2529 1123 2960 1202 centuriones,
3021 1120 3401 1189 decuriones
3458 1123 3870 1203 admoneant,
3930 1133 4002 1190 ut
4058 1148 4194 1194 sin·

2258 1210 2398 1294 guli
2437 1228 2589 1275 suos
2631 1207 2970 1274 edoceant:
3017 1207 3191 1291 quod
3235 1208 3515 1293 alioquin
3566 1230 3651 1275 ne
3693 1211 3888 1275 tertia
3924 1212 4188 1294 quidem

2259 1294 2586 1362 exercitus
2656 1313 2825 1377 pars,
2884 1295 2941 1359 si
2993 1293 3209 1377 palam
3267 1294 3643 1373 ediceretur,
3712 1294 3895 1362 ducis
3954 1297 4188 1363 volun·

2259 1388 2462 1446 tatem
2505 1379 2917 1446 intellectura
2955 1389 3127 1446 esset
3169 1379 3369 1447 variis
3412 1380 3574 1446 locis
3607 1380 3934 1465 dispersa:
3980 1403 4190 1466 quan-

2259 1464 2608 1549 doquidem
2666 1486 2730 1529 m
2866 1487 2942 1531 us
2999 1485 3258 1550 semper
3296 1465 3368 1531 iu
3411 1466 3642 1533 castris
3686 1466 4007 1534 tumultus
4049 1478 4187 1536 est:

2260 1561 2325 1618 et
2380 1551 2645 1619 crebrae
2702 1572 2784 1617 ve
2811 1551 3132 1631 stationes,
3195 1550 3348 1616 belli
3405 1560 3716 1635 tempore.
3803 1553 4013 1620 Porro
4070 1576 4193 1639 po-

2305 1637 2449 1704 ulus
2512 1636 2915 1705 Israeliticus
2983 1658 3112 1702 non
3177 1636 3633 1703 continebatur
3695 1636 3927 1704 castris
3983 1660 4189 1723 quum

2314 1722 2424 1788 aul
2481 1722 2603 1789 hoc
2661 1721 2893 1788 edixit:
2954 1741 3031 1788 ac
3131 1722 3355 1788 roinde
3412 1723 3585 1808 regis
3628 1723 3915 1790 edictum
3958 1724 4187 1792 audire

2258 1829 2388 1875 non
2456 1807 2683 1892 potuit,
2749 1808 2893 1874 aliis
2956 1808 3029 1873 in
3143 1828 3283 1889 ano,
3348 1807 3493 1875 aliis
3556 1809 3628 1874 in
3682 1809 3866 1874 illam
3955 1821 4185 1892 artem,

2258 1894 2476 1961 hostes
2531 1893 3088 1978 persequentibus.
3175 1892 3438 1960 Interea
3497 1907 3714 1960 tamen
3776 1892 3868 1961 Sa
3996 1916 4184 1962 exse·

2256 1981 2544 2048 oratione
2604 1978 2950 2063 obstringit
3013 1999 3124 2045 eos
3176 1999 3401 2045 omnes
3456 1980 3572 2063 qui
3628 1980 3843 2045 cibum
3903 1981 4186 2065 aliquem

2259 2075 2411 2132 ante
2488 2064 2959 2149 praescriptum
3039 2074 3299 2148 tempus
3370 2066 3796 2150 gustaverint.
3907 2064 4186 2135 Summa

2256 2152 2472 2234 itaque
2549 2149 2773 2217 Saulis
2853 2151 3217 2216 temeritas:
3292 2158 3359 2216 et
3437 2151 3658 2236 gravis
3727 2149 3921 2250 culpa
3989 2172 4186 2237 quam

2258 2237 2474 2304 nullus
2539 2244 2919 2322 praetextus
2951 2245 3185 2385 Ipossit
3248 2256 3579 2316 excusare,
3653 2257 3815 2321 quin
3878 2257 4035 2304 reus
4098 2239 4186 2304 sit

2256 2322 2502 2408 accepti
2544 2324 2617 2388 in
2660 2342 2907 2389 vanum
3020 2322 3080 2387 ei
3124 2321 3425 2388 nominis.
3513 2321 3697 2403 Quin
3740 2322 3938 2389 etiam
3981 2322 4180 2390 Iona·

2256 2408 2496 2474 thanus
2531 2409 2600 2473 in
2639 2407 2812 2474 vitae
2846 2408 3205 2492 periculum
3241 2408 3366 2474 ista
3399 2407 3840 2474 exsecratione
3863 2408 4182 2477 adductus

2255 2502 2387 2559 est:
2452 2492 2596 2559 Deo
2653 2493 2967 2559 nimirum
3023 2495 3228 2577 patris
3287 2494 3712 2560 temeritatem
3758 2505 3826 2560 et
3867 2515 4181 2580 arrogan-

2257 2579 2418 2645 tiam
2491 2579 2586 2645 ita
2640 2580 3011 2646 ulciscente.
3098 2578 3347 2645 Idcirco
3404 2578 3808 2647 Ionathanns
3863 2581 3976 2662 ait,
4046 2586 4177 2647 tur·

2256 2665 2425 2732 bavit
2473 2669 2665 2748 pater
2725 2684 2900 2731 menos
2955 2669 3211 2750 terram,
3277 2664 3401 2731 hac
3455 2667 3934 2732 exsecratione:
4001 2665 4182 2747 Quid

2254 2749 2396 2817 ita?
2502 2750 2737 2835 Videte,
2800 2750 3035 2833 inquit,
3099 2756 3170 2815 ut
3222 2749 3572 2818 maminoti
3619 2756 3766 2818 εαηι
3821 2750 3983 2818 oculi
4034 2752 4178 2835 mei,

2253 2857 2450 2920 quum
2478 2838 2731 2922 quotam·
2752 2856 2992 2921 parum
3022 2835 3229 2903 mellis
3260 2835 3470 2902 huius.
3555 2836 3783 2919 Neque
3819 2858 3975 2903 vero
4007 2838 4179 2921 cogi·

2257 2921 2528 2987 tandum
2581 2922 2799 2989 oculos
2851 2921 3202 2988 Ionathani
3253 2922 3346 2987 sic
3401 2921 3823 3001 illuminatos,
3894 2938 3969 2987 ut
4021 2921 4181 2989 olim

2253 3007 2493 3074 Adami
2537 3018 2605 3073 et
2646 3008 2828 3075 Evae
2863 3006 3167 3073 dicuntur
3199 3007 3429 3091 aperti,
3470 3015 3813 3092 postquam
3849 3006 3928 3074 de
3962 3008 4179 3074 fructu

2255 3093 2579 3178 prohibito
2637 3091 3099 3160 comedissent:
3159 3113 3473 3177 suamque
3516 3102 3655 3157 tum
3700 3092 4177 3177 turpitudinem

2252 3180 2697 3264 agnovissent,
2755 3179 2938 3246 cuins
2979 3178 3126 3243 illos
3167 3177 3543 3262 puduisset:
3602 3177 3817 3245 aliena
3859 3179 4030 3243 enim
4077 3189 4177 3246 est

2251 3286 2521 3350 prorsus
2573 3265 2696 3331 ista
2754 3264 3104 3348 expositio:
3160 3263 3274 3331 sed
3318 3262 3670 3330 illuminati
3712 3263 4020 3330 dicuntur
4061 3265 4175 3349 qui

2251 3358 2447 3417 antea
2481 3372 2565 3416 ex
2601 3352 2842 3417 virium
2865 3349 3192 3417 debilitate
3214 3347 3682 3434 quodammodo
3704 3350 4170 3417 caecutiebant.

2250 3437 2356 3502 Ex
2416 3458 2542 3521 quo
2587 3437 2795 3521 magis
2839 3445 3110 3519 apparet
3151 3457 3346 3519 qnam
3389 3435 3617 3519 iniqua
3658 3456 3983 3519 quamque
4026 3456 4173 3502 cru·

2249 3522 2410 3588 delis
2467 3521 2582 3587 illa
2636 3522 3015 3589 exsecratio.
3103 3520 3513 3588 Ionathanns
3555 3522 3731 3588 enim
3774 3520 4019 3605 praelio
4063 3543 4175 3587 sn·

2247 3609 2462 3691 perior
2524 3609 2735 3674 factus
2802 3616 2960 3685 erat,
3026 3628 3154 3673 non
3220 3628 3379 3673 sane
3444 3607 3511 3674 vi
3567 3628 3704 3685 sua,
3769 3607 4008 3692 quippe
4062 3609 4173 3693 qui

2247 3693 2381 3760 solo
2424 3694 2774 3760 comitatus
2818 3692 3141 3778 armigero
3183 3702 3250 3759 et
3292 3691 3551 3776 quidem
3589 3693 3842 3773 inermi,
3887 3702 3987 3759 tot
4021 3692 4168 3759 hos·

2245 3779 2413 3845 tium
2456 3778 2755 3845 cohortes
2796 3798 3145 3864 aggressus
3187 3788 3359 3844 erat:
3397 3777 3511 3845 sed
3553 3778 3737 3843 Deus
3778 3777 3874 3844 illi
3918 3778 4171 3846 animos

2244 3864 2551 3949 viresque
2603 3865 2686 3930 ad
2728 3863 3048 3948 fugandos
3091 3863 3571 3949 caedendosque
3614 3864 3835 3930 hostes
3878 3862 4162 3931 dederat.

2244 3951 2443 4018 Pater
2501 3971 2654 4016 vero
2712 3950 2916 4034 ipsius
3015 3951 3079 4015 ui
3133 3960 3326 4016 antea
3382 3970 3453 4016 se
3509 3958 3692 4016 metu
3733 3950 3908 4016 intra
3950 3964 4165 4017 castra

2242 4036 2668 4116 continuerat,
2734 4046 2799 4102 et
2854 4035 2936 4101 ad
2970 3971 3277 4102 ‘bostium
3319 4045 3732 4121 conspectum
3774 4048 4165 4120 expaverat:

2242 4123 2368 4187 iam
2423 4142 2695 4208 magnos
2751 4123 3006 4188 animos
3049 4142 3202 4205 prae
3245 4143 3316 4188 se
3358 4121 3506 4201 fert,
3571 4120 3681 4187 ubi
3724 4142 3864 4188 esse
3906 4122 3978 4186 in
4024 4132 4162 4187 tuto

2244 4209 2464 4274 omnia
2543 4207 2755 4274 videt:
2843 4217 2909 4272 et
2986 4208 3297 4275 victorem
3369 4208 3802 4274 exsecrationi
3864 4205 4160 4284 devovet,

2242 4314 2525 4377 eumque
2584 4314 2775 4378 quem
2836 4294 3020 4361 Deus
3062 4292 3260 4360 huius
3304 4293 3612 4360 victoriae
3656 4293 4017 4377 principem
4061 4290 4157 4355 fe-

2240 4392 2434 4444 cerat.
2523 4379 2706 4464 Ergo
2765 4379 2924 4445 satis
2981 4400 3015 4443 a
3064 4391 3249 4463 paret
3315 4400 3510 4462 quam
3564 4378 3789 4462 iniqua
3842 4396 4160 4460 quamque

2239 4463 2521 4531 crudelis
2587 4464 2784 4530 fuerit
2843 4466 2968 4531 ista
3078 4464 3245 4530 aulis
3301 4485 3448 4530 cum
3505 4463 3950 4531 exsecratione
4008 4482 4159 4527 con-

2240 4551 2462 4617 iuncta
2499 4550 2880 4630 maledictio,
2916 4569 3048 4633 qua
3080 4560 3534 4635 praeterquam
3571 4548 3739 4632 quod
3773 4549 3898 4613 Dei
3919 4567 4158 4612 nomeu

2236 4635 2636 4714 laedebatur,
2698 4637 2891 4701 etiam
2948 4636 3278 4702 innocenti
3340 4633 3704 4701 Ionathano
3758 4653 4015 4699 summa
4057 4633 4161 4697 in-

2236 4722 2407 4789 iuria
2450 4721 2869 4802 inferebatur,
2928 4722 3040 4806 qni
3082 4723 3274 4806 longe
3318 4719 3514 4799 aliud,
3558 4739 3791 4803 nempe
3833 4738 4159 4784 summam

2236 4810 2316 4875 ab
2383 4809 2544 4891 ipsis
2595 4808 2846 4892 angelis
2903 4819 2971 4873 et
3023 4807 3394 4873 hominibus
3448 4805 3705 4871 laudem
3764 4803 4155 4869 merebatur.

2235 4894 2676 4960 Nihilominus
2737 4904 2954 4958 tamen
3012 4914 3308 4960 servasse
3364 4891 3672 4975 populum
3730 4911 3925 4956 suum
3970 4888 4157 4956 Deus

2236 4980 2495 5047 dicitur.
2554 4979 2659 5044 Ex
2698 4999 2822 5062 quo
2866 4979 3177 5045 discimus
3213 4979 3365 5044 licet
3399 4980 3467 5042 in
3505 4976 3728 5042 multis
3764 4973 3925 5043 Saul
3961 4974 4165 5041 offen·

2237 5064 2425 5145 derit,
2483 5073 2553 5129 et
2607 5063 3015 5132 Ionathanns
3073 5066 3143 5129 in
3182 5064 3357 5130 vitae
3402 5062 3745 5128 discrimen
3790 5060 3999 5130 edicto
4042 5058 4159 5125 illo

2237 5150 2459 5218 Saulis
2500 5151 2775 5230 venerit,
2820 5171 2859 5216 a
2903 5170 3032 5237 quo
3076 5148 3376 5217 recedere
3418 5148 3730 5214 noluerit:
3794 5148 4012 5219 Deum
4056 5156 4163 5212 ta·

2237 5258 2388 5304 men
2449 5237 2735 5304 voluisse
2790 5244 3170 5303 convertere
3228 5234 3474 5301 malum
3530 5236 3600 5299 in
3655 5233 3920 5315 bouum,
3985 5231 4165 5317 quod.
