5059 6059
744 291 895 357 '623

760 478 890 548 sibi
955 476 1204 542 vietum
1260 472 1714 556 quaesiturum
1736 522 1754 555 ,
1827 491 1903 540 ac
1962 471 2239 556 proinde
2297 475 2565 555 gavisus
2621 482 2722 537 est

762 567 980 650 ipsum
1036 580 1182 627 esse
1238 560 1595 624 finitimum
1642 558 1983 637 Israelitis,
2030 566 2111 622 ut
2151 558 2615 624 contineantur
2653 565 2722 622 et

761 650 1074 717 continue
1146 644 1380 730 agitati
1449 644 1936 711 incursionibus
2001 642 2258 709 facilius
2315 643 2623 727 deinceps
2671 663 2723 708 a

768 756 840 804 se
883 733 1309 800 debellentur.
1378 729 1512 797 Sed
1557 729 1745 795 Deus
1789 728 2137 795 eonsilium
2181 728 2354 796 istud
2399 730 2466 794 in
2512 728 2722 813 ipsius

768 820 1218 889 confusionem
1282 815 1507 882 vertit.
1619 814 1733 883 Sic
1797 815 1961 881 solet
2024 816 2209 880 Deus
2270 814 2721 899 improborum

764 905 1114 973 hominum
1136 900 1478 967 ardentem
1525 901 1876 969 avaritiam
1921 899 2165 978 ulcisci,
2212 912 2278 965 et
2321 901 2475 965 licet
2515 899 2719 966 habe-

765 1013 886 1059 nas
908 990 1070 1074 ipsis
1105 988 1295 1053 laxas
1339 986 1690 1069 aliquando
1735 986 2098 1071 permittat,
2143 996 2364 1051 tamen
2410 986 2479 1050 in
2526 993 2723 1069 caput

764 1080 983 1161 ipsum
1046 1074 1292 1139 malum
1338 1073 1686 1138 consilium
1730 1082 2125 1154 retorquere,
2184 1080 2251 1136 et
2294 1071 2528 1136 inanes
2573 1090 2722 1136 eon-

766 1163 1065 1231 siliorum
1111 1170 1387 1225 eventus
1431 1159 1664 1223 faeere.
1752 1157 1815 1222 N
1818 1178 1889 1223 es
1934 1157 2139 1240 igitur
2182 1178 2253 1222 re
2304 1157 2358 1222 ‘s
2402 1156 2610 1222 Aehis
2656 1165 2723 1219 et

767 1260 1179 1314 caeterorum
1245 1242 1546 1327 exemplo
1612 1242 1937 1308 discamus
1985 1242 2153 1306 nihil
2288 1250 2391 1307 tra
2449 1240 2722 1308 modum

767 1344 1101 1419 appetere,
1159 1351 1244 1395 ne
1299 1329 1590 1412 undique
1635 1348 1935 1395 corrasae
1981 1349 2137 1411 opes
2179 1330 2349 1393 fiant
2393 1328 2583 1393 nobis
2627 1327 2723 1390 la-

764 1438 975 1504 queus
1057 1437 1183 1499 quo
1259 1414 1785 1499 strangulemur:
1869 1412 1985 1479 sed
2049 1414 2132 1478 iis
2196 1414 2491 1479 contenti
2557 1432 2724 1496 quae

767 1505 958 1569 Deus
982 1502 1283 1586 largitur,
1327 1521 1412 1565 ne
1435 1502 1709 1566 aliorum
1734 1498 2159 1567 incommodis
2196 1507 2262 1564 et
2307 1498 2722 1564 detrimentis

769 1589 1088 1655 ditescere
1132 1587 1497 1669 cupiamus.

939 1674 1148 1739 Porro
1211 1671 1539 1737 Davidem
1605 1671 1673 1736 in
1740 1670 1822 1737 iis
1887 1691 2053 1754 quae
2119 1678 2486 1752 sequuntur
2543 1667 2724 1731 omni

771 1761 967 1844 eulpa
988 1759 1266 1823 liberare
1289 1777 1423 1822 non
1448 1778 1813 1840 possumus,
1855 1757 2027 1840 qued
2063 1754 2350 1840 primum
2396 1750 2723 1819 mendacii

773 1856 1101 1923 teneatur,
1168 1842 1691 1926 quandoquidem
1763 1842 2082 1908 simulans
2148 1863 2219 1907 se
2279 1842 2346 1905 in
2408 1839 2724 1924 populum

772 1931 980 1997 Iudae
1036 1930 1252 1995 facere
1306 1928 1656 2011 impetum,
1724 1939 1788 1992 et
1846 1949 1886 1994 a
1942 1948 2096 2009 rege
2153 1927 2597 2008 interrogatus
2650 1924 2723 1991 in

771 2036 934 2099 quos
957 2016 1277 2093 irruisset,
1322 2014 1761 2097 respondebat
1783 2035 1852 2080 se
1888 2024 2118 2078 centra
2155 2012 2493 2077 meridiem
2515 2008 2724 2075 Iudae

774 2114 841 2167 et
906 2112 1139 2168 contra
1200 2099 1537 2164 meridiem
1606 2100 1772 2165 Geni
1838 2100 2138 2164 irruisse:
2217 2119 2417 2181 quum
2500 2108 2723 2162 tamen

772 2186 1083 2272 praedam
1142 2196 1366 2269 ageret
1422 2183 1501 2249 de
1547 2186 1898 2251 Gessureis
1958 2195 2023 2249 et
2068 2184 2361 2249 Girsaeis
2412 2191 2479 2247 et
2520 2184 2726 2247 Ama-

774 2273 1003 2350 leeitis,
1071 2272 1386 2336 adversus
1452 2292 1616 2353 quos
1675 2282 1896 2335 tamen
1958 2269 2207 2334 nullam
2270 2268 2400 2333 odii
2459 2286 2726 2333 eausam

773 2357 1073 2433 habebat,
1121 2368 1189 2421 et
1224 2355 1502 2440 proinde
1548 2355 1863 2422 adversus
1907 2375 2130 2439 regem
2166 2355 2458 2439 graviter
2500 2371 2726 2437 pecca-

777 2444 908 2509 bat.
999 2441 1174 2506 Nam
1230 2462 1432 2525 quum
1494 2451 1631 2505 tam
1692 2442 2066 2507 humaniter
2121 2441 2203 2505 ab
2246 2440 2455 2529 Aphis
2499 2439 2727 2504 fuisset

778 2537 1111 2611 exceptus,
1155 2546 1357 2608 quare
1393 2527 1518 2610 ipsi
1552 2536 1698 2591 erat
1730 2527 2031 2602 iniurius,
2078 2546 2281 2608 quare
2318 2525 2618 2610 querelas
2661 2532 2729 2586 et

780 2612 973 2695 bella,
1034 2621 1357 2694 quatenus
1399 2613 1585 2678 in·se
1630 2623 1745 2691 est,
1789 2612 1918 2695 ipsi
1962 2612 2264 2677 suscitat:
2322 2610 2507 2676 nulla
2551 2612 2728 2674 enim

776 2696 1213 2764 excereebant
1266 2696 1416 2762 odia
1473 2698 1645 2762 inter
1686 2717 1756 2763 se
1802 2697 2148 2762 Philistaei
2190 2705 2260 2762 et
2303 2696 2618 2762 Gessurei
2662 2701 2731 2759 et

780 2783 1157 2858 Girsaei,et
1198 2782 1621 2848 Amalecitae.
1667 2782 1891 2865 Quare
1935 2784 2140 2868 igitur
2168 2782 2385 2848 David
2430 2779 2728 2848 odiorum

777 2879 847 2935 et
872 2868 1191 2934 bellorum
1214 2887 1444 2933 causas
1477 2868 1685 2934 serit?
1730 2889 1933 2952 quare
1971 2890 2104 2933 non
2149 2869 2387 2934 melius
2431 2865 2730 2953 agnoscit

778 2965 1118 3037 acceptum
1164 2973 1220 3016 ·a
1275 2973 1431 3038 rege
1481 2952 1917 3020 beneficium?
2007 2954 2324 3020 Graviter
2366 2954 2573 3038 igitur
2616 2951 2731 3016 ad-

778 3059 1011 3106 versus
1070 3059 1291 3122 regem
1354 3038 1572 3106 David
1627 3040 1948 3125 peccavit:
2025 3039 2261 3105 deinde
2320 3052 2386 3104 et
2443 3041 2511 3104 in
2569 3037 2729 3102 alies

779 3125 1041 3193 videtur
1099 3126 1296 3188 etiam
1355 3125 1560 3191 fuisse
1604 3126 1919 3205 iniurius,
1977 3124 2149 3209 quod
2214 3125 2415 3191 nullis
2472 3124 2729 3189 iniuriis

779 3210 1139 3288 lacessitus,
1199 3229 1322 3274 nec
1378 3224 1775 3294 provocatus
1819 3213 1902 3276 ab
1944 3211 2123 3294 ipsis,
2169 3211 2239 3275 in
2285 3211 2462 3293 ipsos
2506 3218 2730 3273 tamen

780 3296 1009 3362 feeerit
1071 3296 1387 3378 impetum
1456 3303 1522 3359 et
1577 3295 1887 3380 praedam
1954 3297 2284 3380 abegerit,
2353 3306 2427 3361 ut
2489 3297 2729 3359 iustam

780 3383 1092 3463 deinceps
1174 3380 1482 3445 habuisse
1561 3401 1823 3447 eausam
1888 3382 2297 3453 ,Amaleeitae
2378 3380 2732 3446 videantur

780 3468 905 3550 ipsi
943 3465 1184 3530 bellum
1216 3464 1547 3531 inferendi
1585 3478 1654 3530 et
1696 3468 1927 3533 urbem
1973 3466 2232 3552 Siceleg·
2274 3466 2578 3532 incendio
2621 3486 2732 3531 va·

783 3550 1033 3618 standi:
1088 3551 1261 3634 quod
1327 3572 1437 3617 eos
1495 3552 1667 3617 ultro
1725 3562 2145 3638 provocasset
2188 3563 2254 3617 et
2296 3552 2732 3636 depraedatus

782 3647 975 3703 esset.
1064 3635 1455 3719 Quanquam
1500 3639 1674 3721 quod
1720 3639 1803 3702 ad
1847 3639 2024 3703 istud
2070 3640 2338 3703 attinet:
2399 3638 2589 3704 facile
2633 3647 2733 3702 est

785 3721 1177 3804 respondere
1208 3721 1454 3787 Davidi
1489 3722 1752 3789 licuisse
1798 3724 2070 3808 populos
2112 3724 2262 3790 illos
2304 3722 2732 3809 pessumdare

782 3805 1004 3892 populi
1065 3806 1190 3870 Dei
1264 3808 1580 3874 inimices.
1680 3810 1853 3875 Nam
1913 3810 1970 3874 si
2036 3810 2182 3893 quis
2240 3811 2522 3894 excipiat
2581 3829 2731 3873 eum

783 3891 1083 3961 nondum
1140 3888 1222 3954 ad
1281 3893 1666 3976 dignitatem
1738 3896 1984 3980 regiam
2045 3896 2462 3980 pervenisse,
2524 3915 2733 3977 neque

784 3978 1001 4045 adhuc
1045 3996 1374 4042 armorum
1418 3990 1812 4062 potestatem
1837 3984 2196 4064 accepisse:
2243 3982 2376 4046 iam
2420 3992 2576 4046 ante
2620 3981 2734 4045 do-

786 4065 1046 4132 cuimus
1092 4083 1225 4126 non
1270 4062 1533 4146 quidem
1590 4066 1895 4132 habuisse
1953 4066 2283 4132 Davidem
2341 4076 2732 4151 potestatem

784 4153 855 4215 in
901 4148 1169 4214 Saulem
1237 4149 1822 4233 animadvertendi,
1879 4161 2255 4235 statumque
2316 4152 2730 4230 immutandi,

786 4236 992 4301 donec
1057 4253 1096 4297 a
1161 4234 1305 4300 Dee
1372 4246 1747 4303 vocaretur:
1827 4237 1939 4303 sed
2021 4248 2244 4303 tamen
2311 4239 2732 4303 autoritatem

785 4320 1095 4387 habuisse
1139 4320 1441 4386 inimicos
1484 4324 1707 4404 populi
1752 4323 1879 4388 Dei
1924 4316 2237 4390 caedendi
2297 4336 2364 4388 et
2422 4324 2731 4389 extermi-

780 4404 1020 4472 nandi:
1087 4426 1214 4487 quo
1279 4407 1422 4471 iure
1484 4409 1683 4471 etiam
1743 4410 2019 4493 stipatus
2086 4411 2207 4474 fuit
2272 4410 2403 4474 illis
2469 4411 2584 4492 qui
2651 4409 2734 4474 ad

780 4493 998 4576 ipsum
1057 4492 1497 4575 confugerunt
1565 4493 1919 4561 militibus:
1984 4495 2106 4560 etsi
2174 4495 2340 4560 nihil
2398 4497 2609 4578 potuit
2664 4496 2733 4559 in

783 4578 1009 4644 Saulis
1084 4578 1434 4658 perniciem
1506 4578 1741 4644 moliri.
1848 4580 2297 4647 Hamalecitae
2373 4603 2529 4645 vero
2597 4591 2731 4645 tam

784 4665 1149 4748 pertinaces
1192 4662 1460 4727 fuerunt
1502 4666 1725 4747 populi
1767 4666 1891 4729 Dei
1940 4666 2181 4749 hostes,
2228 4679 2302 4731 ut
2339 4667 2572 4730 merito
2616 4687 2734 4730 ex-

786 4746 1182 4814 terminandi
1243 4749 1506 4814 fuerint.
1597 4750 1822 4832 Quare
1869 4752 2083 4818 David
2147 4774 2259 4817 eos
2314 4751 2553 4815 merito
2612 4753 2733 4817 etsi

784 4854 918 4900 nen
973 4833 1172 4899 semel
1242 4845 1309 4898 et
1363 4836 1623 4917 penitus
1681 4837 2165 4914 exterminavit,
2227 4838 2453 4902 multis
2511 4847 2735 4902 tamen

785 4921 1051 5004 proeliis
1098 4919 1281 4985 fudit.
1372 4920 1560 4985 Deus
1595 4923 1771 4988 euim
1819 4932 1955 4987 tam
2000 4924 2196 5008 longo
2240 4934 2392 4987 ante
2439 4934 2735 5006 tempore

784 5005 1218 5088 praedixerat,
1264 5028 1333 5071 se
1378 5007 1695 5074 adversus
1738 5009 1916 5091 ipsos
1960 5020 2423 5093 pugnaturum,
2472 5021 2537 5073 et
2582 5028 2733 5073 cou-

790 5093 1063 5155 trarium
1135 5093 1268 5156 fore
1334 5091 1544 5158 donec
1614 5116 1743 5159 una
1800 5096 2255 5160 ’internecione
2322 5094 2734 5158 tollerentur.

786 5174 1230 5257 Quamobrem
1277 5200 1480 5261 quum
1528 5179 1643 5243 tali
1687 5181 2015 5246 sententia
2052 5180 2323 5246 Domini
2358 5179 2734 5244 Hamaleci-

2392 284 2807 352 HOMILIA
2850 285 3143 353 XCVII.

4648 281 4761 349 524

2825 486 2929 540 tae
2987 473 3404 540 condemnati
3464 482 3718 549 essent,
3780 472 4013 537 merite
4076 471 4295 538 David
4360 489 4611 555 poenas
4659 491 4760 553 po-

2823 559 3052 645 poscit,
3097 568 3165 625 et
3208 557 3603 642 sanguinem
3625 578 3853 623 eorum
3890 556 4091 623 fudit:
4137 558 4417 641 ideoque
4461 577 4598 621 non
4639 576 4762 622 esse

2825 644 3440 730 reprehendendum
3485 644 3608 711 hoc
3647 643 3944 709 nomine:
3987 642 4396 726 eandemque
4441 661 4592 707 eoee
4631 641 4764 706 rdi-

2824 752 3100 815 quorum
3147 729 3562 814 populorum,
3621 730 3731 813 qui
3792 728 4020 812 populi
4064 729 4187 794 Dei
4253 727 4508 793 inimici
4572 737 4764 805 erant,

2825 818 3168 883 rationem.
3252 815 3382 881 Hic
3427 816 3629 899 igitur
3676 815 3991 880 admirari
4035 836 4157 880 nos
4195 824 4463 898 oportet
4507 812 4762 877 divinae

2823 902 3273 987 providentiae
3318 899 3777 966 admirandum
3823 922 3985 984 opus
4031 900 4217 966 nobis
4252 899 4668 982 incognitum
4707 906 4768 962 et

2826 987 3410 1072 imperscrutabile.
3500 984 3670 1052 Nam
3732 987 3788 1053 si
3832 984 4050 1052 David
4109 987 4177 1051 in
4239 984 4451 1050 Iudae
4509 982 4770 1048 desertis

2826 1082 3145 1157 perpetuo
3200 1073 3530 1150 latuisset,
3604 1093 3737 1137 non
3786 1071 4128 1138 habuisset
4179 1069 4637 1138 Hamaleeitas
4689 1069 4770 1133 in·

2826 1157 3110 1224 festandi
3146 1159 3580 1225 occasionem:
3626 1157 3951 1240 siquidem
3997 1177 4110 1222 eos
4148 1155 4312 1223 Saul
4355 1175 4490 1221 non
4531 1154 4770 1221 adorie-

2828 1246 3040 1322 batur,
3088 1255 3152 1310 et
3196 1245 3265 1309 in
3302 1243 3631 1309 Davidem
3677 1264 3875 1327 quam
3917 1243 3988 1307 in
4033 1242 4183 1309 illos
4217 1243 4467 1318 hostes,
4516 1239 4599 1303 de
4641 1241 4770 1322 qui·

2828 1329 2951 1396 bus
3009 1327 3528 1396 exterminandis
3585 1349 3971 1413 expressum
4037 1327 4424 1393 mandatum
4482 1324 4772 1406 habebat,

2829 1416 3042 1480 faeere
3137 1418 3458 1498 impetum
3553 1416 3857 1481 malebat.
3971 1412 4189 1480 David
4267 1413 4477 1496 igitur
4573 1411 4774 1493 panis

2829 1501 3039 1584 exsul,
3097 1513 3164 1565 et
3207 1503 3277 1565 in
3322 1521 3475 1565 eum
3518 1510 3763 1566 statum
3810 1498 4150 1577 redactus,
4209 1506 4291 1563 ut
4348 1497 4693 1562 videretur
4739 1517 4776 1559 a

2829 1586 3069 1671 popule
3095 1585 3222 1652 Dei
3264 1592 3616 1666 resecatus,
3660 1595 3729 1650 et
3766 1586 4014 1650 nullam
4035 1584 4324 1667 amplius
4361 1583 4776 1648 autoritatm

2828 1671 3104 1738 habere:
3158 1672 3313 1736 inde
3371 1672 3777 1736 occasionem
3821 1672 4055 1754 arripit
4111 1669 4411 1734 inimicos
4454 1666 4591 1733 Dei
4649 1687 4777 1749 pro-

2827 1757 3120 1842 fligandi,
3165 1758 3276 1840 qui
3317 1757 3513 1839 primi
3559 1757 3705 1822 ausi
3749 1757 4009 1822 fuerant
4053 1756 4366 1840 populum
4413 1774 4650 1818 arcere
4688 1753 4775 1817 in-

2830 1864 3061 1928 gressu
3129 1853 3345 1907 terrae
3411 1843 3730 1908 Ohanaau
3750 1891 3767 1925 ,
3832 1862 4032 1924 quam
4099 1839 4339 1924 popule
4407 1860 4536 1903 suo
4605 1837 4777 1902 Deus

2830 1929 3253 2012 premiserat,
3319 1936 3388 1992 et
3441 1927 3701 1993 iniuriis
3753 1947 4141 2012 provocare,
4201 1946 4409 2008 quum
4473 1947 4562 1989 ex
4619 1932 4780 1988 torn

2834 2014 3117 2098 Aegypti
3161 2013 3439 2097 populus
3486 2013 3611 2078 Dei
3655 2014 3932 2097 fugeret.
4024 2013 4208 2077 Deus
4250 2010 4464 2095 igitur
4510 2006 4778 2074 Davidis

2830 2100 3193 2165 ministerio
3217 2098 3636 2183 persequitur
3659 2099 4123 2176 Hamalecitas,
4167 2106 4236 2162 et
4271 2116 4386 2162 eos
4414 2094 4783 2162 uleisdtur:

2830 2206 3026 2269 quum
3075 2186 3360 2249 maxime
3403 2187 3675 2268 periisse
3719 2183 3937 2249 David
3982 2181 4341 2248 videretur.
4429 2181 4622 2246 Hinc
4663 2180 4781 2245 di·-

2830 2290 3055 2336 camus
3098 2271 3318 2335 Deum
3365 2291 3566 2353 quum
3611 2290 3766 2335 suos
3822 2269 4052 2335 hostes
4112 2279 4181 2334 et
4235 2276 4502 2333 nostroe
4559 2266 4782 2350 punire

2831 2357 3066 2422 statuit
3108 2357 3266 2440 ipsis
3310 2356 3629 2421 suscitare
3671 2356 4003 2431 inimicos,
4063 2354 4311 2419 nullius
4353 2353 4634 2436 quidem
4677 2351 4778 2416 ho-

2833 2444 3090 2507 minum
3133 2442 3439 2524 opinione
3484 2441 3836 2506 momenti:
3894 2440 4009 2506 sed
4051 2443 4162 2522 qui
4206 2437 4572 2503 tamen·ad
4615 2458 4784 2502 exse-

2834 2525 3094 2611 quenda
3160 2526 3383 2592 divina
3439 2525 3684 2592 iudicia
3748 2526 4097 2604 sufficiant,
4159 2546 4288 2591 nen
4351 2544 4549 2590 secus
4610 2545 4686 2589 ae
4729 2521 4784 2586 si

2835 2614 3077 2678 multos
3122 2613 3422 2695 ingentes
3468 2612 3794 2677 exereitus
3838 2611 4153 2678 adversus
4213 2631 4326 2676 eos
4372 2611 4566 2675 Deus
4625 2609 4786 2674 exci-

2833 2706 3055 2764 tasset.
3125 2697 3343 2779 Quam
3365 2696 3728 2764 doctrinam
3773 2697 3967 2763 hodie
4009 2718 4129 2763 nos
4173 2704 4439 2779 oportet
4484 2696 4554 2759 in
4611 2716 4788 2762 usum

2836 2794 3130 2852 nostrum
3192 2783 3489 2849 trahere:
3549 2804 3776 2849 sumus
3829 2783 4009 2848 enim
4067 2782 4460 2866 plerumque
4519 2782 4787 2846 nimium

2833 2869 3252 2954 praecipites:
3311 2878 3376 2934 et
3435 2880 3763 2934 momente
3819 2868 4169 2951 exstirpari
4229 2866 4552 2950 quidquid
4615 2866 4790 2932 nobis

2833 2957 3235 3021 eontrarium
3279 2963 3384 3019 est
3405 2964 3725 3036 optamus,
3770 2962 3838 3019 et
3860 2953 4070 3018 selum
4094 2954 4301 3018 otium
4329 2962 4398 3016 et
4421 2952 4788 3035 triumphes

2834 3042 3152 3124 cupimus.
3234 3038 3370 3105 Sed
3412 3038 3600 3105 Deus
3643 3041 3801 3105 istos
3845 3040 4126 3105 affectus
4172 3047 4525 3122 temperat,
4574 3049 4646 3103 et
4675 3039 4788 3103 fer·

2836 3147 3058 3192 vorem
3103 3125 3296 3191 illum
3342 3124 3584 3191 iniecta
3605 3124 3845 3209 frigida
3887 3125 4217 3207 reprimit:
4265 3136 4334 3188 et
4355 3123 4789 3188 nihilominus

2835 3212 3058 3276 hostes
3100 3212 3157 3277 si
3201 3231 3332 3275 non
3381 3232 3517 3276 uno
3564 3222 3895 3276 momente
3939 3212 4200 3294 magnis
4256 3208 4518 3274 viribus
4749 3208 4788 3256 '-

2837 3306 2967 3382 gat,
3013 3297 3329 3380 paulatim
3377 3306 3594 3360 tamen
3657 3297 4000 3362 consumit.
4092 3294 4230 3360 Sed
4288 3295 4532 3376 quibus
4595 3293 4791 3359 mod‘ae

2836 3382 3016 3448 istud
3065 3381 3250 3447 Deus
3296 3381 3544 3447 efficit?
3603 3382 3749 3446 Nae
3808 3381 3866 3447 si
3905 3382 4235 3464 patienter
4278 3379 4414 3445 Dei
4473 3379 4788 3445 auxilium

2835 3468 3333 3552 praestolemur,
3393 3467 3585 3532 citius
3628 3484 3767 3532 rem
3813 3468 4168 3550 perfectam
4214 3474 4447 3530 nesta-a
4489 3466 4790 3549 opinione

2838 3552 3244 3619 mirabimur.
3316 3553 3499 3620 Haec
3542 3552 3750 3638 igitur
3793 3560 4019 3617 nestra
4055 3572 4201 3617 esse
4243 3562 4510 3636 oportet
4555 3552 4630 3616 in
4669 3551 4790 3616 illis

2839 3638 3337 3704 difficultatibus
3380 3638 3713 3718 exercitia,
3765 3638 4076 3703 nimirum
4137 3639 4382 3703 seriam
4430 3637 4570 3702 Dei
4615 3638 4792 3702 invo-

2837 3725 3181 3791 cationem.
3271 3723 3444 3788 Nam
3491 3725 3611 3789 etsi
3658 3726 3935 3807 quisque
3983 3744 4103 3806 pro
4158 3723 4302 3789 suis
4358 3721 4624 3789 viribus
4679 3720 4792 3787 niti

2838 3810 3046 3889 debet,
3105 3823 3170 3874 et
3210 3808 3456 3891 aliquid
3502 3808 3762 3889 audere,
3819 3820 3893 3874 ut
3936 3808 4258 3873 Davidem
4312 3807 4626 3873 videmus
4681 3807 4790 3873 ati

2838 3918 2969 3961 non
3038 3894 3438 3978 pepercisse,
3518 3904 3715 3979 prout
3794 3914 3944 3959 eum
4008 3893 4196 3958 Deus
4275 3892 4535 3958 auxilio
4605 3893 4788 3957 iuvit:

2838 3981 3184 4065 praecipua
3251 3990 3470 4045 tamen
3546 3980 3629 4045 ad
3705 3978 4129 4046 obtinendam
4197 3978 4552 4044 victoriam
4621 3997 4790 4044 arm

2837 4077 2996 4133 sunt
3037 4087 3263 4150 preces
3309 4065 3631 4132 assiduae.
3705 4064 3888 4147 Quin
3927 4066 4059 4131 imo
4102 4064 4352 4129 nostris
4390 4064 4788 4147 temporibm

2837 4153 3011 4218 idem
3063 4150 3231 4234 quod
3289 4151 3399 4217 hie
3445 4150 3664 4216 David
3724 4152 4139 4233 experimur:
4198 4149 4443 4233 quibus
4501 4149 4790 4215 videmus

2837 4259 2981 4316 eos,
3044 4239 3153 4319 qui
3210 4236 3551 4304 hominum
3618 4239 3929 4322 opinione
3988 4235 4387 4301 videbantur
4461 4248 4792 4318 contemp-

2839 4324 3095 4403 tissimi,
3141 4344 3179 4386 a
3221 4322 3368 4387 Deo
3409 4324 3647 4399 vocari,
3703 4333 3768 4387 et
3813 4322 4055 4387 habere
4101 4323 4394 4386 rationes
4441 4321 4686 4403 quibus
4725 4340 4786 4384 se

2839 4418 3171 4485 tueantur,
3222 4408 3417 4492 longe
3476 4407 3825 4491 ampliores
3885 4429 4081 4491 quam
4140 4426 4348 4490 quum
4405 4406 4476 4471 in
4541 4408 4677 4473 otio
4713 4404 4785 4469 ab

2838 4493 3233 4559 adversariis
3277 4494 3828 4577 relinquerentur.
3920 4493 4232 4576 Exempli
4274 4491 4518 4577 gratia,
4579 4511 4792 4575 quam·

2841 4581 2954 4646 diu
3000 4600 3127 4662 pax
3176 4579 3460 4663 duravit,
3506 4599 3703 4662 quam
3751 4578 3993 4644 misera
4035 4578 4163 4643 fuit
4197 4578 4606 4643 miserorum
4643 4575 4788 4643 fide-

2840 4666 3081 4730 delium
3140 4665 3461 4741 couditio‚
3523 4665 3757 4748 quibus
3815 4663 4065 4729 inimici
4127 4662 4676 4740 dominabantur,
4725 4674 4790 4725 et

2839 4751 3134 4836 gladium
3178 4750 3424 4834 iugulis
3459 4750 3847 4830 inferebant,
3884 4762 3952 4815 et
3988 4749 4070 4814 de
4092 4748 4228 4813 illis
4250 4744 4788 4832 triumphabant!

2838 4837 3075 4902 Nonne
3119 4837 3441 4901 coniurati
3486 4836 3661 4901 inter
3718 4856 3789 4901 se
3853 4834 4081 4900 hostes
4147 4844 4454 4899 extrema
4509 4851 4790 4918 quaeqae

2838 4920 3287 5000 minabantur,
3343 4930 3409 4985 et
3452 4922 3841 5004 sanguinem
3890 4921 4286 4986 miserorum
4331 4921 4668 4995 sitiebant,
4719 4928 4792 4981 ut

2839 5007 3151 5073 ecclesiae
3195 5008 3373 5072 salus
3419 5008 3600 5071 tenui
3647 5007 3757 5071 filo
3801 5005 4088 5090 pendere
4135 5005 4528 5071 videretur?
4573 5007 4796 5087 Itaque

2839 5094 2896 5159 si
2943 5092 3189 5159 diutius
3233 5091 3350 5157 illa
3392 5091 3677 5158 conditio
3723 5104 3790 5157 et
3823 5092 4021 5176 plena
4049 5091 4448 5157 insidiarum
4493 5089 4796 5157 neutrali·

2842 5186 2946 5244 tas
2990 5176 3314 5262 durasset,
3355 5188 3606 5245 eertum
3656 5187 3759 5244 est
3800 5176 3916 5244 vix
3941 5178 4295 5262 evangelio
4341 5179 4560 5246 locum
4581 5176 4794 5241 datm
