<?xml version="1.0" encoding="UTF-8"?>
<!DOCTYPE html PUBLIC "-//W3C//DTD XHTML 1.0 Transitional//EN"
    "http://www.w3.org/TR/xhtml1/DTD/xhtml1-transitional.dtd">
<html xmlns="http://www.w3.org/1999/xhtml" xml:lang="en" lang="en">
 <head>
  <title>
</title>
<meta http-equiv="Content-Type" content="text/html;charset=utf-8" />
  <meta name='ocr-system' content='tesseract 3.04.00' />
  <meta name='ocr-capabilities' content='ocr_page ocr_carea ocr_par ocr_line ocrx_word'/>
</head>
<body>
  <div class='ocr_page' id='page_1' title='image "./ioanniscalvinio07unkngoog_0491.png"; bbox 0 0 5059 6059; ppageno 0'>
   <div class='ocr_carea' id='block_1_1' title="bbox 246 307 349 373">
    <p class='ocr_par' dir='ltr' id='par_1_1' title="bbox 246 307 349 373">
     <span class='ocr_line' id='line_1_1' title="bbox 246 307 349 373; baseline 0 0"><span class='ocrx_word' id='word_1_1' title='bbox 246 307 349 373; x_wconf 82' lang='lat'><strong>109</strong></span> 
     </span>
    </p>
   </div>
   <div class='ocr_carea' id='block_1_2' title="bbox 208 493 2138 2817">
    <p class='ocr_par' dir='ltr' id='par_1_2' title="bbox 208 493 2138 2817">
     <span class='ocr_line' id='line_1_2' title="bbox 243 493 2136 584; baseline 0.005 -22"><span class='ocrx_word' id='word_1_2' title='bbox 243 498 296 562; x_wconf 90' lang='lat' dir='ltr'><strong>in</strong></span> <span class='ocrx_word' id='word_1_3' title='bbox 336 493 578 579; x_wconf 78' lang='lat' dir='ltr'><strong>aliquod</strong></span> <span class='ocrx_word' id='word_1_4' title='bbox 620 496 856 563; x_wconf 88' lang='lat' dir='ltr'><strong>vitium</strong></span> <span class='ocrx_word' id='word_1_5' title='bbox 919 514 1297 584; x_wconf 80' lang='lat' dir='ltr'><strong>arguantur,</strong></span> <span class='ocrx_word' id='word_1_6' title='bbox 1354 500 1534 566; x_wconf 92' lang='lat' dir='ltr'><strong>mille</strong></span> <span class='ocrx_word' id='word_1_7' title='bbox 1593 502 1840 569; x_wconf 88' lang='lat' dir='ltr'><strong>artibus</strong></span> <span class='ocrx_word' id='word_1_8' title='bbox 1883 525 1956 570; x_wconf 89' lang='lat' dir='ltr'><strong>se</strong></span> <span class='ocrx_word' id='word_1_9' title='bbox 2021 526 2136 571; x_wconf 88' lang='lat' dir='ltr'><strong>ex·</strong></span> 
     </span>
     <span class='ocr_line' id='line_1_3' title="bbox 241 583 2137 671; baseline 0.004 -22"><span class='ocrx_word' id='word_1_10' title='bbox 241 599 442 649; x_wconf 77' lang='lat' dir='ltr'><strong>tueare</strong></span> <span class='ocrx_word' id='word_1_11' title='bbox 512 583 951 649; x_wconf 84' lang='lat' dir='ltr'><strong>conabuntur:</strong></span> <span class='ocrx_word' id='word_1_12' title='bbox 1030 608 1163 652; x_wconf 88' lang='lat' dir='ltr'><strong>non</strong></span> <span class='ocrx_word' id='word_1_13' title='bbox 1243 588 1502 670; x_wconf 84' lang='lat' dir='ltr'><strong>quidem</strong></span> <span class='ocrx_word' id='word_1_14' title='bbox 1569 591 1753 671; x_wconf 88' lang='lat' dir='ltr'><strong>quasi</strong></span> <span class='ocrx_word' id='word_1_15' title='bbox 1824 589 2137 658; x_wconf 84' lang='lat' dir='ltr'><strong>adversus</strong></span> 
     </span>
     <span class='ocr_line' id='line_1_4' title="bbox 241 667 2135 757; baseline 0.005 -25"><span class='ocrx_word' id='word_1_16' title='bbox 241 667 427 732; x_wconf 88' lang='lat' dir='ltr'><strong>Deum</strong></span> <span class='ocrx_word' id='word_1_17' title='bbox 461 667 907 749; x_wconf 74' lang='lat' dir='ltr'><strong>insurrecturi,</strong></span> <span class='ocrx_word' id='word_1_18' title='bbox 948 673 1061 737; x_wconf 86' lang='lat' dir='ltr'><strong>sed</strong></span> <span class='ocrx_word' id='word_1_19' title='bbox 1098 673 1488 750; x_wconf 85' lang='lat' dir='ltr'><strong>hominibus,</strong></span> <span class='ocrx_word' id='word_1_20' title='bbox 1526 675 1580 740; x_wconf 91' lang='lat' dir='ltr'><strong>si</strong></span> <span class='ocrx_word' id='word_1_21' title='bbox 1614 677 1877 757; x_wconf 79' lang='lat' dir='ltr'><strong>possint,</strong></span> <span class='ocrx_word' id='word_1_22' title='bbox 1916 676 2135 742; x_wconf 86' lang='lat' dir='ltr'><strong>fucum</strong></span> 
     </span>
     <span class='ocr_line' id='line_1_5' title="bbox 237 752 2136 843; baseline 0.004 -24"><span class='ocrx_word' id='word_1_23' title='bbox 237 752 459 820; x_wconf 80' lang='lat' dir='ltr'><strong>facturi.</strong></span> <span class='ocrx_word' id='word_1_24' title='bbox 553 753 682 819; x_wconf 85' lang='lat' dir='ltr'><strong>Sed</strong></span> <span class='ocrx_word' id='word_1_25' title='bbox 728 758 784 821; x_wconf 90' lang='lat' dir='ltr'><strong>si</strong></span> <span class='ocrx_word' id='word_1_26' title='bbox 844 760 1056 824; x_wconf 87' lang='lat' dir='ltr'><strong>acrius</strong></span> <span class='ocrx_word' id='word_1_27' title='bbox 1113 769 1490 843; x_wconf 76' lang='lat' dir='ltr'>urgeantur,</span> <span class='ocrx_word' id='word_1_28' title='bbox 1555 768 1629 826; x_wconf 90' lang='lat' dir='ltr'><strong>ut</strong></span> <span class='ocrx_word' id='word_1_29' title='bbox 1683 762 1893 829; x_wconf 87' lang='lat' dir='ltr'><strong>omnis</strong></span> <span class='ocrx_word' id='word_1_30' title='bbox 1938 784 2136 828; x_wconf 85' lang='lat' dir='ltr'><strong>excu-</strong></span> 
     </span>
     <span class='ocr_line' id='line_1_6' title="bbox 237 839 2137 930; baseline 0.005 -26"><span class='ocrx_word' id='word_1_31' title='bbox 237 839 377 904; x_wconf 84' lang='lat' dir='ltr'><strong>satio</strong></span> <span class='ocrx_word' id='word_1_32' title='bbox 429 839 581 921; x_wconf 87' lang='lat' dir='ltr'><strong>ipsis</strong></span> <span class='ocrx_word' id='word_1_33' title='bbox 643 840 971 908; x_wconf 76' lang='lat' dir='ltr'>adimatur</span> <span class='ocrx_word' id='word_1_34' title='bbox 1028 853 1095 910; x_wconf 90' lang='lat' dir='ltr'><strong>et</strong></span> <span class='ocrx_word' id='word_1_35' title='bbox 1149 847 1336 912; x_wconf 80' lang='lat' dir='ltr'><strong>fucus</strong></span> <span class='ocrx_word' id='word_1_36' title='bbox 1395 845 1685 930; x_wconf 83' lang='lat' dir='ltr'><strong>tollatur,</strong></span> <span class='ocrx_word' id='word_1_37' title='bbox 1756 861 1894 912; x_wconf 91' lang='lat' dir='ltr'><strong>tum</strong></span> <span class='ocrx_word' id='word_1_38' title='bbox 1955 848 2137 914; x_wconf 87' lang='lat' dir='ltr'><strong>virus</strong></span> 
     </span>
     <span class='ocr_line' id='line_1_7' title="bbox 234 926 2135 1024; baseline 0.005 -34"><span class='ocrx_word' id='word_1_39' title='bbox 234 944 392 990; x_wconf 83' lang='lat' dir='ltr'><strong>snam</strong></span> <span class='ocrx_word' id='word_1_40' title='bbox 435 926 754 1024; x_wconf 70' lang='lat' dir='ltr'><strong>occultum</strong></span> <span class='ocrx_word' id='word_1_41' title='bbox 802 927 1103 1011; x_wconf 90' lang='lat' dir='ltr'><strong>produnt,</strong></span> <span class='ocrx_word' id='word_1_42' title='bbox 1162 940 1230 996; x_wconf 91' lang='lat' dir='ltr'><strong>et</strong></span> <span class='ocrx_word' id='word_1_43' title='bbox 1272 930 1478 998; x_wconf 84' lang='lat' dir='ltr'><strong>veluti</strong></span> <span class='ocrx_word' id='word_1_44' title='bbox 1526 929 1745 997; x_wconf 83' lang='lat' dir='ltr'><strong>furore</strong></span> <span class='ocrx_word' id='word_1_45' title='bbox 1792 933 2020 1016; x_wconf 80' lang='lat' dir='ltr'>perciti</span> <span class='ocrx_word' id='word_1_46' title='bbox 2066 927 2135 999; x_wconf 73' lang='lat' dir='ltr'><strong>in</strong></span> 
     </span>
     <span class='ocr_line' id='line_1_8' title="bbox 234 1009 2138 1102; baseline 0.005 -28"><span class='ocrx_word' id='word_1_47' title='bbox 234 1009 423 1075; x_wconf 89' lang='lat' dir='ltr'><strong>Deum</strong></span> <span class='ocrx_word' id='word_1_48' title='bbox 464 1030 678 1094; x_wconf 75' lang='lat' dir='ltr'><strong>ipsum</strong></span> <span class='ocrx_word' id='word_1_49' title='bbox 738 1016 1231 1098; x_wconf 77' lang='lat' dir='ltr'><strong>exacerbantur,</strong></span> <span class='ocrx_word' id='word_1_50' title='bbox 1290 1029 1356 1082; x_wconf 90' lang='lat' dir='ltr'><strong>et</strong></span> <span class='ocrx_word' id='word_1_51' title='bbox 1411 1018 1632 1082; x_wconf 88' lang='lat' dir='ltr'><strong>omnia</strong></span> <span class='ocrx_word' id='word_1_52' title='bbox 1691 1019 1969 1102; x_wconf 80' lang='lat' dir='ltr'><strong>querelis</strong></span> <span class='ocrx_word' id='word_1_53' title='bbox 2018 1021 2138 1084; x_wconf 86' lang='lat' dir='ltr'><strong>im·</strong></span> 
     </span>
     <span class='ocr_line' id='line_1_9' title="bbox 234 1096 2136 1189; baseline 0.006 -30"><span class='ocrx_word' id='word_1_54' title='bbox 234 1097 392 1178; x_wconf 81' lang='lat' dir='ltr'><strong>pleat</strong></span> <span class='ocrx_word' id='word_1_55' title='bbox 434 1096 829 1163; x_wconf 77' lang='lat' dir='ltr'>istiusmodi:</span> <span class='ocrx_word' id='word_1_56' title='bbox 891 1100 1160 1167; x_wconf 87' lang='lat' dir='ltr'>Nihilne</span> <span class='ocrx_word' id='word_1_57' title='bbox 1205 1123 1363 1189; x_wconf 88' lang='lat' dir='ltr'><strong>ergo</strong></span> <span class='ocrx_word' id='word_1_58' title='bbox 1409 1102 1837 1168; x_wconf 80' lang='lat' dir='ltr'><strong>tolerabitur?</strong></span> <span class='ocrx_word' id='word_1_59' title='bbox 1901 1103 2136 1171; x_wconf 85' lang='lat' dir='ltr'><strong>Nonne</strong></span> 
     </span>
     <span class='ocr_line' id='line_1_10' title="bbox 232 1179 2134 1272; baseline 0.004 -25"><span class='ocrx_word' id='word_1_60' title='bbox 232 1179 392 1247; x_wconf 87' lang='lat' dir='ltr'><strong>Deus</strong></span> <span class='ocrx_word' id='word_1_61' title='bbox 434 1184 568 1265; x_wconf 88' lang='lat' dir='ltr'><strong>ipse</strong></span> <span class='ocrx_word' id='word_1_62' title='bbox 615 1188 943 1269; x_wconf 90' lang='lat' dir='ltr'><strong>praecepit</strong></span> <span class='ocrx_word' id='word_1_63' title='bbox 986 1198 1063 1252; x_wconf 89' lang='lat' dir='ltr'><strong>ut</strong></span> <span class='ocrx_word' id='word_1_64' title='bbox 1106 1188 1214 1253; x_wconf 86' lang='lat' dir='ltr'><strong>alii</strong></span> <span class='ocrx_word' id='word_1_65' title='bbox 1260 1189 1422 1254; x_wconf 88' lang='lat' dir='ltr'><strong>alios</strong></span> <span class='ocrx_word' id='word_1_66' title='bbox 1467 1188 1866 1255; x_wconf 79' lang='lat' dir='ltr'><strong>toleremus?</strong></span> <span class='ocrx_word' id='word_1_67' title='bbox 1956 1187 2134 1272; x_wconf 82' lang='lat' dir='ltr'><strong>Quid</strong></span> 
     </span>
     <span class='ocr_line' id='line_1_11' title="bbox 230 1270 2136 1353; baseline 0.005 -22"><span class='ocrx_word' id='word_1_68' title='bbox 230 1287 367 1353; x_wconf 87' lang='lat' dir='ltr'><strong>ergo</strong></span> <span class='ocrx_word' id='word_1_69' title='bbox 407 1270 766 1350; x_wconf 87' lang='lat' dir='ltr'><strong>premimur</strong></span> <span class='ocrx_word' id='word_1_70' title='bbox 830 1273 1014 1339; x_wconf 88' lang='lat' dir='ltr'><strong>nobis</strong></span> <span class='ocrx_word' id='word_1_71' title='bbox 1073 1283 1205 1339; x_wconf 91' lang='lat' dir='ltr'><strong>tam</strong></span> <span class='ocrx_word' id='word_1_72' title='bbox 1269 1273 1593 1340; x_wconf 90' lang='lat' dir='ltr'><strong>horrenda</strong></span> <span class='ocrx_word' id='word_1_73' title='bbox 1650 1275 1778 1341; x_wconf 88' lang='lat' dir='ltr'><strong>Dei</strong></span> <span class='ocrx_word' id='word_1_74' title='bbox 1847 1277 2136 1342; x_wconf 86' lang='lat' dir='ltr'><strong>vindicta</strong></span> 
     </span>
     <span class='ocr_line' id='line_1_12' title="bbox 228 1353 2135 1438; baseline 0.006 -22"><span class='ocrx_word' id='word_1_75' title='bbox 228 1353 577 1438; x_wconf 81' lang='lat' dir='ltr'><strong>proposita?</strong></span> <span class='ocrx_word' id='word_1_76' title='bbox 670 1361 774 1422; x_wconf 79' lang='lat' dir='ltr'><strong>An</strong></span> <span class='ocrx_word' id='word_1_77' title='bbox 837 1357 997 1425; x_wconf 88' lang='lat' dir='ltr'><strong>haec</strong></span> <span class='ocrx_word' id='word_1_78' title='bbox 1053 1361 1217 1425; x_wconf 83' lang='lat' dir='ltr'><strong>ratio</strong></span> <span class='ocrx_word' id='word_1_79' title='bbox 1276 1372 1377 1428; x_wconf 89' lang='lat' dir='ltr'><strong>est</strong></span> <span class='ocrx_word' id='word_1_80' title='bbox 1434 1361 1731 1427; x_wconf 88' lang='lat' dir='ltr'><strong>homines</strong></span> <span class='ocrx_word' id='word_1_81' title='bbox 1789 1360 1870 1427; x_wconf 85' lang='lat' dir='ltr'><strong>ad</strong></span> <span class='ocrx_word' id='word_1_82' title='bbox 1917 1360 2135 1427; x_wconf 91' lang='lat' dir='ltr'><strong>Deum</strong></span> 
     </span>
     <span class='ocr_line' id='line_1_13' title="bbox 228 1437 2131 1530; baseline 0.005 -27"><span class='ocrx_word' id='word_1_83' title='bbox 228 1437 583 1521; x_wconf 71' lang='lat' dir='ltr'><strong>adducendi,</strong></span> <span class='ocrx_word' id='word_1_84' title='bbox 620 1463 695 1507; x_wconf 86' lang='lat' dir='ltr'><strong>ac</strong></span> <span class='ocrx_word' id='word_1_85' title='bbox 732 1460 863 1507; x_wconf 91' lang='lat' dir='ltr'><strong>non</strong></span> <span class='ocrx_word' id='word_1_86' title='bbox 901 1445 1119 1528; x_wconf 88' lang='lat' dir='ltr'><strong>potius</strong></span> <span class='ocrx_word' id='word_1_87' title='bbox 1154 1446 1222 1510; x_wconf 91' lang='lat' dir='ltr'><strong>in</strong></span> <span class='ocrx_word' id='word_1_88' title='bbox 1259 1447 1774 1530; x_wconf 78' lang='lat' dir='ltr'><strong>desperationem</strong></span> <span class='ocrx_word' id='word_1_89' title='bbox 1815 1446 2131 1514; x_wconf 79' lang='lat' dir='ltr'><strong>vocandi?</strong></span> 
     </span>
     <span class='ocr_line' id='line_1_14' title="bbox 224 1523 2133 1613; baseline 0.005 -25"><span class='ocrx_word' id='word_1_90' title='bbox 224 1523 453 1589; x_wconf 84' lang='lat' dir='ltr'><strong>Infirmi</strong></span> <span class='ocrx_word' id='word_1_91' title='bbox 492 1543 742 1604; x_wconf 81' lang='lat' dir='ltr'><strong>sumus,</strong></span> <span class='ocrx_word' id='word_1_92' title='bbox 787 1537 852 1595; x_wconf 92' lang='lat' dir='ltr'><strong>et</strong></span> <span class='ocrx_word' id='word_1_93' title='bbox 895 1530 1053 1613; x_wconf 88' lang='lat' dir='ltr'><strong>quid</strong></span> <span class='ocrx_word' id='word_1_94' title='bbox 1088 1530 1283 1597; x_wconf 89' lang='lat' dir='ltr'><strong>homo</strong></span> <span class='ocrx_word' id='word_1_95' title='bbox 1319 1533 1422 1609; x_wconf 87' lang='lat' dir='ltr'><strong>sit,</strong></span> <span class='ocrx_word' id='word_1_96' title='bbox 1471 1553 1661 1597; x_wconf 91' lang='lat' dir='ltr'><strong>nemo</strong></span> <span class='ocrx_word' id='word_1_97' title='bbox 1699 1534 1920 1600; x_wconf 87' lang='lat' dir='ltr'><strong>nescit.</strong></span> <span class='ocrx_word' id='word_1_98' title='bbox 1990 1533 2133 1599; x_wconf 82' lang='lat' dir='ltr'><strong>Nae</strong></span> 
     </span>
     <span class='ocr_line' id='line_1_15' title="bbox 224 1609 2130 1684; baseline 0.005 -11"><span class='ocrx_word' id='word_1_99' title='bbox 224 1611 270 1674; x_wconf 76' lang='lat' dir='ltr'><strong>ei</strong></span> <span class='ocrx_word' id='word_1_100' title='bbox 313 1609 482 1676; x_wconf 86' lang='lat' dir='ltr'><strong>Deus</strong></span> <span class='ocrx_word' id='word_1_101' title='bbox 529 1611 598 1676; x_wconf 87' lang='lat' dir='ltr'><strong>iu</strong></span> <span class='ocrx_word' id='word_1_102' title='bbox 645 1613 981 1680; x_wconf 92' lang='lat' dir='ltr'><strong>hominum</strong></span> <span class='ocrx_word' id='word_1_103' title='bbox 1026 1617 1194 1684; x_wconf 82' lang='lat' dir='ltr'><strong>facta</strong></span> <span class='ocrx_word' id='word_1_104' title='bbox 1239 1615 1596 1684; x_wconf 63' lang='lat' dir='ltr'><strong>secundum</strong></span> <span class='ocrx_word' id='word_1_105' title='bbox 1642 1639 1797 1684; x_wconf 83' lang='lat' dir='ltr'><strong>suae</strong></span> <span class='ocrx_word' id='word_1_106' title='bbox 1843 1619 2130 1683; x_wconf 88' lang='lat' dir='ltr'><strong>iustitiae</strong></span> 
     </span>
     <span class='ocr_line' id='line_1_16' title="bbox 223 1696 2130 1783; baseline 0.004 -22"><span class='ocrx_word' id='word_1_107' title='bbox 223 1696 618 1762; x_wconf 83' lang='lat' dir='ltr'><strong>severitatem</strong></span> <span class='ocrx_word' id='word_1_108' title='bbox 665 1702 1046 1783; x_wconf 84' lang='lat' dir='ltr'><strong>intueretur,</strong></span> <span class='ocrx_word' id='word_1_109' title='bbox 1091 1705 1286 1769; x_wconf 91' lang='lat' dir='ltr'><strong>morti</strong></span> <span class='ocrx_word' id='word_1_110' title='bbox 1332 1715 1635 1769; x_wconf 77' lang='lat' dir='ltr'><strong>aeternae</strong></span> <span class='ocrx_word' id='word_1_111' title='bbox 1679 1725 1905 1769; x_wconf 91' lang='lat' dir='ltr'><strong>omnes</strong></span> <span class='ocrx_word' id='word_1_112' title='bbox 1950 1704 2130 1769; x_wconf 88' lang='lat' dir='ltr'><strong>addi·</strong></span> 
     </span>
     <span class='ocr_line' id='line_1_17' title="bbox 221 1786 2134 1874; baseline 0.005 -28"><span class='ocrx_word' id='word_1_113' title='bbox 221 1801 512 1849; x_wconf 78' lang='lat' dir='ltr'><strong>ceremur.</strong></span> <span class='ocrx_word' id='word_1_114' title='bbox 585 1786 676 1849; x_wconf 88' lang='lat' dir='ltr'><strong>At</strong></span> <span class='ocrx_word' id='word_1_115' title='bbox 720 1806 850 1851; x_wconf 92' lang='lat' dir='ltr'><strong>non</strong></span> <span class='ocrx_word' id='word_1_116' title='bbox 896 1795 1030 1852; x_wconf 90' lang='lat' dir='ltr'><strong>tam</strong></span> <span class='ocrx_word' id='word_1_117' title='bbox 1075 1789 1353 1856; x_wconf 89' lang='lat' dir='ltr'><strong>crudelis</strong></span> <span class='ocrx_word' id='word_1_118' title='bbox 1391 1791 1589 1870; x_wconf 89' lang='lat' dir='ltr'><strong>Deus,</strong></span> <span class='ocrx_word' id='word_1_119' title='bbox 1633 1811 1825 1874; x_wconf 88' lang='lat' dir='ltr'><strong>quam</strong></span> <span class='ocrx_word' id='word_1_120' title='bbox 1873 1791 1953 1856; x_wconf 89' lang='lat' dir='ltr'><strong>ab</strong></span> <span class='ocrx_word' id='word_1_121' title='bbox 1989 1791 2134 1856; x_wconf 87' lang='lat' dir='ltr'><strong>istis</strong></span> 
     </span>
     <span class='ocr_line' id='line_1_18' title="bbox 219 1867 2131 1951; baseline 0.006 -21"><span class='ocrx_word' id='word_1_122' title='bbox 219 1867 484 1951; x_wconf 82' lang='lat' dir='ltr'><strong>fingitur.</strong></span> <span class='ocrx_word' id='word_1_123' title='bbox 577 1868 827 1938; x_wconf 88' lang='lat' dir='ltr'><strong>Verum</strong></span> <span class='ocrx_word' id='word_1_124' title='bbox 887 1873 1219 1940; x_wconf 87' lang='lat' dir='ltr'><strong>enimvero</strong></span> <span class='ocrx_word' id='word_1_125' title='bbox 1280 1877 1505 1941; x_wconf 90' lang='lat' dir='ltr'><strong>venire</strong></span> <span class='ocrx_word' id='word_1_126' title='bbox 1565 1874 1831 1941; x_wconf 87' lang='lat' dir='ltr'><strong>deberet</strong></span> <span class='ocrx_word' id='word_1_127' title='bbox 1888 1875 2019 1941; x_wconf 87' lang='lat' dir='ltr'><strong>illis</strong></span> <span class='ocrx_word' id='word_1_128' title='bbox 2060 1876 2131 1941; x_wconf 90' lang='lat' dir='ltr'><strong>in</strong></span> 
     </span>
     <span class='ocr_line' id='line_1_19' title="bbox 219 1959 2130 2046; baseline 0.004 -29"><span class='ocrx_word' id='word_1_129' title='bbox 219 1962 501 2030; x_wconf 86' lang='lat' dir='ltr'><strong>mentem,</strong></span> <span class='ocrx_word' id='word_1_130' title='bbox 552 1977 753 2038; x_wconf 90' lang='lat' dir='ltr'><strong>quum</strong></span> <span class='ocrx_word' id='word_1_131' title='bbox 799 1959 1002 2024; x_wconf 88' lang='lat' dir='ltr'><strong>verba</strong></span> <span class='ocrx_word' id='word_1_132' title='bbox 1045 1960 1164 2026; x_wconf 83' lang='lat' dir='ltr'><strong>filii</strong></span> <span class='ocrx_word' id='word_1_133' title='bbox 1192 1961 1314 2026; x_wconf 92' lang='lat' dir='ltr'><strong>Dei</strong></span> <span class='ocrx_word' id='word_1_134' title='bbox 1362 1973 1705 2046; x_wconf 90' lang='lat' dir='ltr'><strong>usurpant,</strong></span> <span class='ocrx_word' id='word_1_135' title='bbox 1750 1961 1981 2045; x_wconf 88' lang='lat' dir='ltr'><strong>quibus</strong></span> <span class='ocrx_word' id='word_1_136' title='bbox 2011 1961 2130 2027; x_wconf 90' lang='lat' dir='ltr'><strong>Dei</strong></span> 
     </span>
     <span class='ocr_line' id='line_1_20' title="bbox 217 2038 2138 2122; baseline 0.004 -19"><span class='ocrx_word' id='word_1_137' title='bbox 217 2038 546 2106; x_wconf 86' lang='lat' dir='ltr'><strong>clementia</strong></span> <span class='ocrx_word' id='word_1_138' title='bbox 610 2044 1132 2122; x_wconf 88' lang='lat' dir='ltr'><strong>commendatur,</strong></span> <span class='ocrx_word' id='word_1_139' title='bbox 1209 2046 1426 2111; x_wconf 89' lang='lat' dir='ltr'><strong>Deum</strong></span> <span class='ocrx_word' id='word_1_140' title='bbox 1494 2048 1787 2114; x_wconf 84' lang='lat' dir='ltr'><strong>infirmos</strong></span> <span class='ocrx_word' id='word_1_141' title='bbox 1853 2048 2138 2113; x_wconf 87' lang='lat' dir='ltr'><strong>tolerare</strong></span> 
     </span>
     <span class='ocr_line' id='line_1_21' title="bbox 216 2126 2129 2209; baseline 0.005 -21"><span class='ocrx_word' id='word_1_142' title='bbox 216 2142 328 2201; x_wconf 86' lang='lat' dir='ltr'><strong>ecs,</strong></span> <span class='ocrx_word' id='word_1_143' title='bbox 390 2126 499 2209; x_wconf 87' lang='lat' dir='ltr'><strong>qui</strong></span> <span class='ocrx_word' id='word_1_144' title='bbox 550 2127 676 2192; x_wconf 92' lang='lat' dir='ltr'><strong>Dei</strong></span> <span class='ocrx_word' id='word_1_145' title='bbox 720 2128 976 2196; x_wconf 88' lang='lat' dir='ltr'><strong>iudiciis</strong></span> <span class='ocrx_word' id='word_1_146' title='bbox 1036 2133 1297 2197; x_wconf 86' lang='lat' dir='ltr'><strong>attoniti</strong></span> <span class='ocrx_word' id='word_1_147' title='bbox 1342 2142 1409 2197; x_wconf 91' lang='lat' dir='ltr'><strong>et</strong></span> <span class='ocrx_word' id='word_1_148' title='bbox 1451 2133 1640 2198; x_wconf 91' lang='lat' dir='ltr'><strong>corde</strong></span> <span class='ocrx_word' id='word_1_149' title='bbox 1685 2135 1948 2199; x_wconf 87' lang='lat' dir='ltr'><strong>contriti</strong></span> <span class='ocrx_word' id='word_1_150' title='bbox 1995 2155 2129 2198; x_wconf 87' lang='lat' dir='ltr'><strong>me·</strong></span> 
     </span>
     <span class='ocr_line' id='line_1_22' title="bbox 218 2212 2134 2302; baseline 0.006 -30"><span class='ocrx_word' id='word_1_151' title='bbox 218 2221 392 2273; x_wconf 85' lang='lat' dir='ltr'><strong>tuunt</strong></span> <span class='ocrx_word' id='word_1_152' title='bbox 454 2212 597 2277; x_wconf 89' lang='lat' dir='ltr'><strong>eius</strong></span> <span class='ocrx_word' id='word_1_153' title='bbox 664 2216 909 2299; x_wconf 88' lang='lat' dir='ltr'><strong>minas,</strong></span> <span class='ocrx_word' id='word_1_154' title='bbox 976 2237 1137 2299; x_wconf 88' lang='lat' dir='ltr'><strong>quos</strong></span> <span class='ocrx_word' id='word_1_155' title='bbox 1201 2218 1374 2283; x_wconf 90' lang='lat' dir='ltr'><strong>idem</strong></span> <span class='ocrx_word' id='word_1_156' title='bbox 1441 2219 1581 2302; x_wconf 88' lang='lat' dir='ltr'><strong>ipse</strong></span> <span class='ocrx_word' id='word_1_157' title='bbox 1659 2217 1990 2284; x_wconf 84' lang='lat' dir='ltr'><strong>sublevat:</strong></span> <span class='ocrx_word' id='word_1_158' title='bbox 2068 2231 2134 2284; x_wconf 92' lang='lat' dir='ltr'><strong>et</strong></span> 
     </span>
     <span class='ocr_line' id='line_1_23' title="bbox 214 2300 2130 2387; baseline 0.007 -30"><span class='ocrx_word' id='word_1_159' title='bbox 214 2307 423 2360; x_wconf 84' lang='lat' dir='ltr'><strong>eontra</strong></span> <span class='ocrx_word' id='word_1_160' title='bbox 467 2318 610 2363; x_wconf 92' lang='lat' dir='ltr'><strong>sese</strong></span> <span class='ocrx_word' id='word_1_161' title='bbox 654 2300 1015 2377; x_wconf 87' lang='lat' dir='ltr'><strong>efferentes,</strong></span> <span class='ocrx_word' id='word_1_162' title='bbox 1078 2313 1146 2368; x_wconf 90' lang='lat' dir='ltr'><strong>et</strong></span> <span class='ocrx_word' id='word_1_163' title='bbox 1201 2305 1412 2387; x_wconf 91' lang='lat' dir='ltr'><strong>capita</strong></span> <span class='ocrx_word' id='word_1_164' title='bbox 1456 2304 1527 2368; x_wconf 92' lang='lat' dir='ltr'><strong>in</strong></span> <span class='ocrx_word' id='word_1_165' title='bbox 1572 2304 1779 2370; x_wconf 89' lang='lat' dir='ltr'><strong>altum</strong></span> <span class='ocrx_word' id='word_1_166' title='bbox 1825 2305 2130 2371; x_wconf 90' lang='lat' dir='ltr'><strong>tollentes</strong></span> 
     </span>
     <span class='ocr_line' id='line_1_24' title="bbox 213 2378 2129 2475; baseline 0.006 -32"><span class='ocrx_word' id='word_1_167' title='bbox 213 2378 576 2463; x_wconf 83' lang='lat' dir='ltr'><strong>deprimere,</strong></span> <span class='ocrx_word' id='word_1_168' title='bbox 640 2397 712 2448; x_wconf 89' lang='lat' dir='ltr'><strong>ut</strong></span> <span class='ocrx_word' id='word_1_169' title='bbox 769 2387 1084 2453; x_wconf 86' lang='lat' dir='ltr'><strong>adversus</strong></span> <span class='ocrx_word' id='word_1_170' title='bbox 1127 2388 1343 2454; x_wconf 91' lang='lat' dir='ltr'><strong>Deum</strong></span> <span class='ocrx_word' id='word_1_171' title='bbox 1402 2390 1820 2475; x_wconf 80' lang='lat' dir='ltr'><strong>insurgentes</strong></span> <span class='ocrx_word' id='word_1_172' title='bbox 1889 2392 2129 2456; x_wconf 88' lang='lat' dir='ltr'><strong>maiore</strong></span> 
     </span>
     <span class='ocr_line' id='line_1_25' title="bbox 210 2469 2128 2567; baseline 0.006 -37"><span class='ocrx_word' id='word_1_173' title='bbox 210 2485 341 2567; x_wconf 78' lang='lat' dir='ltr'><strong>cum</strong></span> <span class='ocrx_word' id='word_1_174' title='bbox 400 2469 605 2534; x_wconf 84' lang='lat' dir='ltr'><strong>exitio</strong></span> <span class='ocrx_word' id='word_1_175' title='bbox 674 2470 1129 2555; x_wconf 84' lang='lat' dir='ltr'><strong>deturbentur,</strong></span> <span class='ocrx_word' id='word_1_176' title='bbox 1198 2484 1262 2539; x_wconf 89' lang='lat' dir='ltr'><strong>et</strong></span> <span class='ocrx_word' id='word_1_177' title='bbox 1327 2475 1842 2560; x_wconf 80' lang='lat' dir='ltr'><strong>confringantur.</strong></span> <span class='ocrx_word' id='word_1_178' title='bbox 1951 2477 2128 2542; x_wconf 86' lang='lat' dir='ltr'><strong>Deus</strong></span> 
     </span>
     <span class='ocr_line' id='line_1_26' title="bbox 210 2556 2123 2645; baseline 0.007 -31"><span class='ocrx_word' id='word_1_179' title='bbox 210 2571 366 2616; x_wconf 86' lang='lat' dir='ltr'><strong>emm</strong></span> <span class='ocrx_word' id='word_1_180' title='bbox 411 2567 513 2620; x_wconf 88' lang='lat' dir='ltr'><strong>est</strong></span> <span class='ocrx_word' id='word_1_181' title='bbox 560 2556 835 2625; x_wconf 90' lang='lat' dir='ltr'><strong>nimium</strong></span> <span class='ocrx_word' id='word_1_182' title='bbox 884 2558 1046 2624; x_wconf 89' lang='lat' dir='ltr'><strong>dura</strong></span> <span class='ocrx_word' id='word_1_183' title='bbox 1092 2582 1311 2643; x_wconf 84' lang='lat' dir='ltr'><strong>rupes:</strong></span> <span class='ocrx_word' id='word_1_184' title='bbox 1374 2571 1527 2627; x_wconf 86' lang='lat' dir='ltr'><strong>ante</strong></span> <span class='ocrx_word' id='word_1_185' title='bbox 1585 2562 1771 2628; x_wconf 90' lang='lat' dir='ltr'><strong>cuius</strong></span> <span class='ocrx_word' id='word_1_186' title='bbox 1816 2581 2123 2645; x_wconf 88' lang='lat' dir='ltr'><strong>conspec-</strong></span> 
     </span>
     <span class='ocr_line' id='line_1_27' title="bbox 211 2640 2128 2736; baseline 0.007 -37"><span class='ocrx_word' id='word_1_187' title='bbox 211 2649 332 2736; x_wconf 71' lang='lat' dir='ltr'><strong>tum</strong></span> <span class='ocrx_word' id='word_1_188' title='bbox 376 2640 499 2723; x_wconf 84' lang='lat' dir='ltr'><strong>ipsi</strong></span> <span class='ocrx_word' id='word_1_189' title='bbox 550 2654 804 2707; x_wconf 84' lang='lat' dir='ltr'><strong>montes</strong></span> <span class='ocrx_word' id='word_1_190' title='bbox 863 2646 1073 2710; x_wconf 86' lang='lat' dir='ltr'><strong>instar</strong></span> <span class='ocrx_word' id='word_1_191' title='bbox 1134 2648 1305 2711; x_wconf 86' lang='lat' dir='ltr'><strong>nivis</strong></span> <span class='ocrx_word' id='word_1_192' title='bbox 1360 2646 1862 2730; x_wconf 81' lang='lat' dir='ltr'><strong>colliquescunt:</strong></span> <span class='ocrx_word' id='word_1_193' title='bbox 1924 2668 2128 2731; x_wconf 90' lang='lat' dir='ltr'><strong>quare</strong></span> 
     </span>
     <span class='ocr_line' id='line_1_28' title="bbox 208 2722 2126 2817; baseline 0.007 -33"><span class='ocrx_word' id='word_1_194' title='bbox 208 2722 344 2788; x_wconf 87' lang='lat' dir='ltr'><strong>hcet</strong></span> <span class='ocrx_word' id='word_1_195' title='bbox 385 2727 545 2792; x_wconf 90' lang='lat' dir='ltr'><strong>totis</strong></span> <span class='ocrx_word' id='word_1_196' title='bbox 593 2729 838 2794; x_wconf 88' lang='lat' dir='ltr'><strong>viribus</strong></span> <span class='ocrx_word' id='word_1_197' title='bbox 885 2730 1180 2797; x_wconf 88' lang='lat' dir='ltr'><strong>homines</strong></span> <span class='ocrx_word' id='word_1_198' title='bbox 1239 2733 1549 2798; x_wconf 87' lang='lat' dir='ltr'><strong>adversus</strong></span> <span class='ocrx_word' id='word_1_199' title='bbox 1594 2754 1745 2797; x_wconf 91' lang='lat' dir='ltr'><strong>eum</strong></span> <span class='ocrx_word' id='word_1_200' title='bbox 1792 2735 2126 2817; x_wconf 85' lang='lat' dir='ltr'><strong>conspira-</strong></span> 
     </span>
    </p>
   </div>
   <div class='ocr_carea' id='block_1_3' title="bbox 1530 311 2847 382">
    <p class='ocr_par' dir='ltr' id='par_1_3' title="bbox 1530 311 2847 382">
     <span class='ocr_line' id='line_1_29' title="bbox 1530 311 2847 382; baseline -0.002 -3"><span class='ocrx_word' id='word_1_201' title='bbox 1530 313 1629 380; x_wconf 89' lang='grc' dir='ltr'><strong>ΙΝ</strong></span> <span class='ocrx_word' id='word_1_202' title='bbox 1670 312 1725 378; x_wconf 91' lang='grc' dir='ltr'><strong>Ι.</strong></span> <span class='ocrx_word' id='word_1_203' title='bbox 1773 312 1951 380; x_wconf 89' lang='lat' dir='ltr'><strong>LIB.</strong></span> <span class='ocrx_word' id='word_1_204' title='bbox 1999 311 2399 380; x_wconf 73' lang='lat' dir='ltr'><strong>SAMUEL.</strong></span> <span class='ocrx_word' id='word_1_205' title='bbox 2448 314 2646 382; x_wconf 81' lang='lat' dir='ltr'><strong>CAP.</strong></span> <span class='ocrx_word' id='word_1_206' title='bbox 2693 312 2847 381; x_wconf 85' lang='lat' dir='ltr'><strong>XV.</strong></span> 
     </span>
    </p>
   </div>
   <div class='ocr_carea' id='block_1_4' title="bbox 4053 316 4185 382">
    <p class='ocr_par' dir='ltr' id='par_1_4' title="bbox 4053 316 4185 382">
     <span class='ocr_line' id='line_1_30' title="bbox 4053 316 4185 382; baseline 0.015 -2"><span class='ocrx_word' id='word_1_207' title='bbox 4053 316 4185 382; x_wconf 88' lang='grc'><strong>110</strong></span> 
     </span>
    </p>
   </div>
   <div class='ocr_carea' id='block_1_5' title="bbox 2232 501 4185 2817">
    <p class='ocr_par' dir='ltr' id='par_1_5' title="bbox 2233 501 4185 1875">
     <span class='ocr_line' id='line_1_31' title="bbox 2241 501 4181 590; baseline -0.001 -20"><span class='ocrx_word' id='word_1_208' title='bbox 2241 524 2554 589; x_wconf 88' lang='lat' dir='ltr'><strong>magnum</strong></span> <span class='ocrx_word' id='word_1_209' title='bbox 2606 524 2765 587; x_wconf 89' lang='lat' dir='ltr'><strong>prae</strong></span> <span class='ocrx_word' id='word_1_210' title='bbox 2806 524 2877 569; x_wconf 90' lang='lat' dir='ltr'><strong>se</strong></span> <span class='ocrx_word' id='word_1_211' title='bbox 2919 501 3133 569; x_wconf 77' lang='lat' dir='ltr'><strong>zelum</strong></span> <span class='ocrx_word' id='word_1_212' title='bbox 3178 502 3414 583; x_wconf 84' lang='lat' dir='ltr'><strong>ferunt,</strong></span> <span class='ocrx_word' id='word_1_213' title='bbox 3464 525 3545 570; x_wconf 92' lang='lat' dir='ltr'><strong>ne</strong></span> <span class='ocrx_word' id='word_1_214' title='bbox 3588 513 3934 590; x_wconf 88' lang='lat' dir='ltr'><strong>propterea</strong></span> <span class='ocrx_word' id='word_1_215' title='bbox 3976 504 4181 569; x_wconf 86' lang='lat' dir='ltr'><strong>offen-</strong></span> 
     </span>
     <span class='ocr_line' id='line_1_32' title="bbox 2239 588 4178 674; baseline -0.001 -18"><span class='ocrx_word' id='word_1_216' title='bbox 2239 590 2490 667; x_wconf 85' lang='lat' dir='ltr'><strong>damur,</strong></span> <span class='ocrx_word' id='word_1_217' title='bbox 2539 611 2750 674; x_wconf 89' lang='lat' dir='ltr'><strong>neque</strong></span> <span class='ocrx_word' id='word_1_218' title='bbox 2794 588 3156 669; x_wconf 88' lang='lat' dir='ltr'><strong>turbemur,</strong></span> <span class='ocrx_word' id='word_1_219' title='bbox 3200 591 3477 655; x_wconf 89' lang='lat' dir='ltr'><strong>scientes</strong></span> <span class='ocrx_word' id='word_1_220' title='bbox 3523 591 3652 655; x_wconf 90' lang='lat' dir='ltr'><strong>iam</strong></span> <span class='ocrx_word' id='word_1_221' title='bbox 3698 588 3849 655; x_wconf 92' lang='lat' dir='ltr'><strong>inde</strong></span> <span class='ocrx_word' id='word_1_222' title='bbox 3887 591 3966 655; x_wconf 86' lang='lat' dir='ltr'><strong>ab</strong></span> <span class='ocrx_word' id='word_1_223' title='bbox 4004 592 4178 655; x_wconf 91' lang='lat' dir='ltr'><strong>omni</strong></span> 
     </span>
     <span class='ocr_line' id='line_1_33' title="bbox 2240 674 4180 760; baseline -0.001 -17"><span class='ocrx_word' id='word_1_224' title='bbox 2240 698 2399 743; x_wconf 90' lang='lat' dir='ltr'><strong>aevo</strong></span> <span class='ocrx_word' id='word_1_225' title='bbox 2460 676 2638 742; x_wconf 88' lang='lat' dir='ltr'><strong>hunc</strong></span> <span class='ocrx_word' id='word_1_226' title='bbox 2694 674 2901 739; x_wconf 79' lang='lat' dir='ltr'><strong>fuisse</strong></span> <span class='ocrx_word' id='word_1_227' title='bbox 2958 674 3297 740; x_wconf 89' lang='lat' dir='ltr'><strong>hominum</strong></span> <span class='ocrx_word' id='word_1_228' title='bbox 3360 697 3637 741; x_wconf 90' lang='lat' dir='ltr'><strong>morem:</strong></span> <span class='ocrx_word' id='word_1_229' title='bbox 3710 676 4009 760; x_wconf 89' lang='lat' dir='ltr'><strong>iustoque</strong></span> <span class='ocrx_word' id='word_1_230' title='bbox 4052 676 4180 742; x_wconf 90' lang='lat' dir='ltr'><strong>Dei</strong></span> 
     </span>
     <span class='ocr_line' id='line_1_34' title="bbox 2238 760 4177 845; baseline 0 -19"><span class='ocrx_word' id='word_1_231' title='bbox 2238 762 2478 828; x_wconf 89' lang='lat' dir='ltr'><strong>iudicio</strong></span> <span class='ocrx_word' id='word_1_232' title='bbox 2527 761 2690 838; x_wconf 88' lang='lat' dir='ltr'><strong>fieri,</strong></span> <span class='ocrx_word' id='word_1_233' title='bbox 2738 772 2811 825; x_wconf 90' lang='lat' dir='ltr'><strong>ut</strong></span> <span class='ocrx_word' id='word_1_234' title='bbox 2854 760 2964 843; x_wconf 89' lang='lat' dir='ltr'><strong>qui</strong></span> <span class='ocrx_word' id='word_1_235' title='bbox 3012 771 3271 843; x_wconf 89' lang='lat' dir='ltr'><strong>peccata</strong></span> <span class='ocrx_word' id='word_1_236' title='bbox 3314 774 3547 845; x_wconf 87' lang='lat' dir='ltr'><strong>sponte</strong></span> <span class='ocrx_word' id='word_1_237' title='bbox 3591 762 3888 827; x_wconf 86' lang='lat' dir='ltr'><strong>confiteri</strong></span> <span class='ocrx_word' id='word_1_238' title='bbox 3924 762 4177 840; x_wconf 91' lang='lat' dir='ltr'><strong>nolunt,</strong></span> 
     </span>
     <span class='ocr_line' id='line_1_35' title="bbox 2238 845 4181 933; baseline -0.001 -20"><span class='ocrx_word' id='word_1_239' title='bbox 2238 849 2331 913; x_wconf 90' lang='lat' dir='ltr'><strong>ita</strong></span> <span class='ocrx_word' id='word_1_240' title='bbox 2375 845 2648 933; x_wconf 88' lang='lat' dir='ltr'><strong>gravius</strong></span> <span class='ocrx_word' id='word_1_241' title='bbox 2691 847 2761 910; x_wconf 93' lang='lat' dir='ltr'><strong>in</strong></span> <span class='ocrx_word' id='word_1_242' title='bbox 2808 868 2878 911; x_wconf 90' lang='lat' dir='ltr'><strong>se</strong></span> <span class='ocrx_word' id='word_1_243' title='bbox 2923 845 3232 912; x_wconf 90' lang='lat' dir='ltr'><strong>iudicium</strong></span> <span class='ocrx_word' id='word_1_244' title='bbox 3272 858 3626 913; x_wconf 77' lang='lat' dir='ltr'><strong>accersant.</strong></span> <span class='ocrx_word' id='word_1_245' title='bbox 3730 848 3875 912; x_wconf 84' lang='lat' dir='ltr'><strong>Hae</strong></span> <span class='ocrx_word' id='word_1_246' title='bbox 3914 850 4181 912; x_wconf 85' lang='lat' dir='ltr'><strong>fuerunt</strong></span> 
     </span>
     <span class='ocr_line' id='line_1_36' title="bbox 2237 931 4176 1018; baseline 0 -19"><span class='ocrx_word' id='word_1_247' title='bbox 2237 934 2441 1018; x_wconf 90' lang='lat' dir='ltr'><strong>igitur</strong></span> <span class='ocrx_word' id='word_1_248' title='bbox 2499 931 2721 1000; x_wconf 83' lang='lat' dir='ltr'><strong>Saulis</strong></span> <span class='ocrx_word' id='word_1_249' title='bbox 2781 932 3358 1017; x_wconf 84' lang='lat' dir='ltr'><strong>tergiversationes</strong></span> <span class='ocrx_word' id='word_1_250' title='bbox 3416 933 3666 1008; x_wconf 84' lang='lat' dir='ltr'><strong>inanes,</strong></span> <span class='ocrx_word' id='word_1_251' title='bbox 3736 933 3979 1017; x_wconf 86' lang='lat' dir='ltr'><strong>populi,</strong></span> <span class='ocrx_word' id='word_1_252' title='bbox 4045 955 4176 999; x_wconf 88' lang='lat' dir='ltr'><strong>non</strong></span> 
     </span>
     <span class='ocr_line' id='line_1_37' title="bbox 2238 1017 4179 1104; baseline 0 -20"><span class='ocrx_word' id='word_1_253' title='bbox 2238 1041 2445 1104; x_wconf 86' lang='lat' dir='ltr'><strong>suam,</strong></span> <span class='ocrx_word' id='word_1_254' title='bbox 2507 1018 2678 1083; x_wconf 87' lang='lat' dir='ltr'><strong>hanc</strong></span> <span class='ocrx_word' id='word_1_255' title='bbox 2737 1017 2938 1083; x_wconf 82' lang='lat' dir='ltr'><strong>fuisse</strong></span> <span class='ocrx_word' id='word_1_256' title='bbox 2993 1018 3283 1102; x_wconf 88' lang='lat' dir='ltr'><strong>culpam:</strong></span> <span class='ocrx_word' id='word_1_257' title='bbox 3344 1017 3578 1082; x_wconf 87' lang='lat' dir='ltr'><strong>deinde</strong></span> <span class='ocrx_word' id='word_1_258' title='bbox 3622 1020 3804 1102; x_wconf 88' lang='lat' dir='ltr'><strong>quasi</strong></span> <span class='ocrx_word' id='word_1_259' title='bbox 3855 1017 4179 1084; x_wconf 82' lang='lat' dir='ltr'><strong>Samuelis</strong></span> 
     </span>
     <span class='ocr_line' id='line_1_38' title="bbox 2242 1102 4177 1191; baseline -0.001 -21"><span class='ocrx_word' id='word_1_260' title='bbox 2242 1104 2685 1191; x_wconf 82' lang='lat' dir='ltr'><strong>ignorantiam</strong></span> <span class='ocrx_word' id='word_1_261' title='bbox 2744 1103 3069 1186; x_wconf 89' lang='lat' dir='ltr'><strong>quandam</strong></span> <span class='ocrx_word' id='word_1_262' title='bbox 3132 1125 3202 1167; x_wconf 86' lang='lat' dir='ltr'><strong>re</strong></span> <span class='ocrx_word' id='word_1_263' title='bbox 3249 1102 3662 1182; x_wconf 88' lang='lat' dir='ltr'><strong>rehenderet‚</strong></span> <span class='ocrx_word' id='word_1_264' title='bbox 3724 1106 3891 1189; x_wconf 89' lang='lat' dir='ltr'><strong>quod</strong></span> <span class='ocrx_word' id='word_1_265' title='bbox 3956 1105 4177 1189; x_wconf 81' lang='lat' dir='ltr'><strong>populi</strong></span> 
     </span>
     <span class='ocr_line' id='line_1_39' title="bbox 2238 1189 4183 1276; baseline -0.001 -20"><span class='ocrx_word' id='word_1_266' title='bbox 2238 1193 2546 1276; x_wconf 87' lang='lat' dir='ltr'><strong>pietatem</strong></span> <span class='ocrx_word' id='word_1_267' title='bbox 2610 1211 2739 1255; x_wconf 93' lang='lat' dir='ltr'><strong>non</strong></span> <span class='ocrx_word' id='word_1_268' title='bbox 2802 1189 3042 1255; x_wconf 89' lang='lat' dir='ltr'><strong>intueri</strong></span> <span class='ocrx_word' id='word_1_269' title='bbox 3105 1189 3206 1254; x_wconf 88' lang='lat' dir='ltr'><strong>vel</strong></span> <span class='ocrx_word' id='word_1_270' title='bbox 3236 1200 3322 1269; x_wconf 91' lang='lat' dir='ltr'><strong>et,</strong></span> <span class='ocrx_word' id='word_1_271' title='bbox 3382 1190 3504 1253; x_wconf 89' lang='lat' dir='ltr'><strong>ait:</strong></span> <span class='ocrx_word' id='word_1_272' title='bbox 3573 1189 3677 1255; x_wconf 86' lang='lat' dir='ltr'><strong>Ad</strong></span> <span class='ocrx_word' id='word_1_273' title='bbox 3727 1192 4023 1256; x_wconf 83' lang='lat' dir='ltr'><strong>victimas</strong></span> <span class='ocrx_word' id='word_1_274' title='bbox 4066 1190 4183 1255; x_wconf 83' lang='lat' dir='ltr'><strong>illa</strong></span> 
     </span>
     <span class='ocr_line' id='line_1_40' title="bbox 2239 1272 4176 1359; baseline -0.001 -17"><span class='ocrx_word' id='word_1_275' title='bbox 2239 1291 2572 1343; x_wconf 86' lang='lat' dir='ltr'><strong>reservata</strong></span> <span class='ocrx_word' id='word_1_276' title='bbox 2611 1272 2835 1349; x_wconf 83' lang='lat' dir='ltr'><strong>fuisse,</strong></span> <span class='ocrx_word' id='word_1_277' title='bbox 2883 1276 3065 1359; x_wconf 90' lang='lat' dir='ltr'><strong>quasi</strong></span> <span class='ocrx_word' id='word_1_278' title='bbox 3113 1273 3317 1340; x_wconf 87' lang='lat' dir='ltr'><strong>dicat:</strong></span> <span class='ocrx_word' id='word_1_279' title='bbox 3364 1275 3552 1341; x_wconf 73' lang='lat' dir='ltr'><strong>&#39;l&#39;une</strong></span> <span class='ocrx_word' id='word_1_280' title='bbox 3596 1299 3666 1339; x_wconf 92' lang='lat' dir='ltr'><strong>er</strong></span> <span class='ocrx_word' id='word_1_281' title='bbox 3713 1274 4040 1341; x_wconf 78' lang='lat' dir='ltr'><strong>oSamuel</strong></span> <span class='ocrx_word' id='word_1_282' title='bbox 4078 1279 4176 1341; x_wconf 89' lang='lat' dir='ltr'><strong>in-</strong></span> 
     </span>
     <span class='ocr_line' id='line_1_41' title="bbox 2238 1360 4178 1446; baseline -0.001 -19"><span class='ocrx_word' id='word_1_283' title='bbox 2238 1361 2303 1427; x_wconf 92' lang='lat' dir='ltr'><strong>di</strong></span> <span class='ocrx_word' id='word_1_284' title='bbox 2353 1384 2436 1427; x_wconf 91' lang='lat' dir='ltr'><strong>ne</strong></span> <span class='ocrx_word' id='word_1_285' title='bbox 2479 1363 2647 1427; x_wconf 79' lang='lat' dir='ltr'><strong>feres</strong></span> <span class='ocrx_word' id='word_1_286' title='bbox 2693 1374 3062 1426; x_wconf 87' lang='lat' dir='ltr'><strong>reservat-as</strong></span> <span class='ocrx_word' id='word_1_287' title='bbox 3098 1360 3242 1426; x_wconf 91' lang='lat' dir='ltr'><strong>Deo</strong></span> <span class='ocrx_word' id='word_1_288' title='bbox 3284 1360 3631 1427; x_wconf 79' lang='lat' dir='ltr'><strong>victimas?</strong></span> <span class='ocrx_word' id='word_1_289' title='bbox 3747 1363 3978 1446; x_wconf 90' lang='lat' dir='ltr'><strong>enique</strong></span> <span class='ocrx_word' id='word_1_290' title='bbox 4015 1360 4178 1427; x_wconf 81' lang='lat' dir='ltr'><strong>Saul</strong></span> 
     </span>
     <span class='ocr_line' id='line_1_42' title="bbox 2242 1386 4181 1532; baseline 0.001 -20"><span class='ocrx_word' id='word_1_291' title='bbox 2242 1386 2502 1513; x_wconf 57' lang='lat' dir='ltr'><strong>videtur</strong></span> <span class='ocrx_word' id='word_1_292' title='bbox 2581 1447 2689 1512; x_wconf 91' lang='lat' dir='ltr'><strong>hic</strong></span> <span class='ocrx_word' id='word_1_293' title='bbox 2769 1446 3152 1531; x_wconf 87' lang='lat' dir='ltr'><strong>prophetam</strong></span> <span class='ocrx_word' id='word_1_294' title='bbox 3237 1467 3513 1530; x_wconf 84' lang='lat' dir='ltr'><strong>arguere</strong></span> <span class='ocrx_word' id='word_1_295' title='bbox 3588 1447 4033 1532; x_wconf 85' lang='lat' dir='ltr'><strong>ignorantiae,</strong></span> <span class='ocrx_word' id='word_1_296' title='bbox 4112 1458 4181 1514; x_wconf 89' lang='lat' dir='ltr'><strong>et</strong></span> 
     </span>
     <span class='ocr_line' id='line_1_43' title="bbox 2234 1530 4185 1618; baseline 0.001 -21"><span class='ocrx_word' id='word_1_297' title='bbox 2234 1537 2600 1616; x_wconf 72' lang='grc' dir='ltr'><strong>κακοζηλιας,</strong></span> <span class='ocrx_word' id='word_1_298' title='bbox 2650 1534 2836 1618; x_wconf 89' lang='lat' dir='ltr'><strong>quasi</strong></span> <span class='ocrx_word' id='word_1_299' title='bbox 2884 1530 3109 1615; x_wconf 87' lang='lat' dir='ltr'><strong>populi</strong></span> <span class='ocrx_word' id='word_1_300' title='bbox 3157 1532 3539 1617; x_wconf 84' lang='lat' dir='ltr'><strong>religionem</strong></span> <span class='ocrx_word' id='word_1_301' title='bbox 3585 1532 3949 1618; x_wconf 90' lang='lat' dir='ltr'><strong>impediret,</strong></span> <span class='ocrx_word' id='word_1_302' title='bbox 3995 1543 4063 1599; x_wconf 87' lang='lat' dir='ltr'><strong>et</strong></span> <span class='ocrx_word' id='word_1_303' title='bbox 4096 1532 4185 1599; x_wconf 87' lang='lat' dir='ltr'><strong>ab</strong></span> 
     </span>
     <span class='ocr_line' id='line_1_44' title="bbox 2237 1618 4175 1704; baseline -0.001 -20"><span class='ocrx_word' id='word_1_304' title='bbox 2237 1618 2506 1704; x_wconf 88' lang='lat' dir='ltr'><strong>agendis</strong></span> <span class='ocrx_word' id='word_1_305' title='bbox 2554 1620 2696 1683; x_wconf 91' lang='lat' dir='ltr'><strong>Deo</strong></span> <span class='ocrx_word' id='word_1_306' title='bbox 2742 1619 2973 1702; x_wconf 87' lang='lat' dir='ltr'><strong>gratiis</strong></span> <span class='ocrx_word' id='word_1_307' title='bbox 3022 1628 3369 1698; x_wconf 88' lang='lat' dir='ltr'><strong>averteret,</strong></span> <span class='ocrx_word' id='word_1_308' title='bbox 3418 1620 3686 1701; x_wconf 90' lang='lat' dir='ltr'><strong>eiusque</strong></span> <span class='ocrx_word' id='word_1_309' title='bbox 3730 1618 4008 1704; x_wconf 82' lang='lat' dir='ltr'><strong>gloriam</strong></span> <span class='ocrx_word' id='word_1_310' title='bbox 4052 1620 4175 1683; x_wconf 90' lang='lat' dir='ltr'><strong>im-</strong></span> 
     </span>
     <span class='ocr_line' id='line_1_45' title="bbox 2233 1701 4172 1787; baseline -0.001 -17"><span class='ocrx_word' id='word_1_311' title='bbox 2233 1701 2576 1770; x_wconf 84' lang='lat' dir='ltr'><strong>minueret.</strong></span> <span class='ocrx_word' id='word_1_312' title='bbox 2669 1702 2801 1770; x_wconf 85' lang='lat' dir='ltr'><strong>Sed</strong></span> <span class='ocrx_word' id='word_1_313' title='bbox 2860 1704 3083 1769; x_wconf 89' lang='lat' dir='ltr'><strong>inanis</strong></span> <span class='ocrx_word' id='word_1_314' title='bbox 3137 1703 3250 1768; x_wconf 90' lang='lat' dir='ltr'><strong>ille</strong></span> <span class='ocrx_word' id='word_1_315' title='bbox 3309 1706 3437 1769; x_wconf 84' lang='lat' dir='ltr'><strong>fuit</strong></span> <span class='ocrx_word' id='word_1_316' title='bbox 3480 1705 3686 1782; x_wconf 78' lang='lat' dir='ltr'><strong>fucus,</strong></span> <span class='ocrx_word' id='word_1_317' title='bbox 3745 1717 3818 1769; x_wconf 88' lang='lat' dir='ltr'><strong>ut</strong></span> <span class='ocrx_word' id='word_1_318' title='bbox 3862 1705 4172 1787; x_wconf 89' lang='lat' dir='ltr'><strong>deinceps</strong></span> 
     </span>
     <span class='ocr_line' id='line_1_46' title="bbox 2282 1787 4176 1875; baseline 0.001 -20"><span class='ocrx_word' id='word_1_319' title='bbox 2282 1792 2621 1874; x_wconf 87' lang='lat' dir='ltr'><strong>rophetam</strong></span> <span class='ocrx_word' id='word_1_320' title='bbox 2691 1790 3033 1856; x_wconf 86' lang='lat' dir='ltr'><strong>audiemus</strong></span> <span class='ocrx_word' id='word_1_321' title='bbox 3091 1787 3221 1854; x_wconf 91' lang='lat' dir='ltr'><strong>Dei</strong></span> <span class='ocrx_word' id='word_1_322' title='bbox 3290 1792 3552 1855; x_wconf 88' lang='lat' dir='ltr'><strong>nomine</strong></span> <span class='ocrx_word' id='word_1_323' title='bbox 3618 1792 4176 1875; x_wconf 84' lang='lat' dir='ltr'><strong>pronuntiantem,</strong></span> 
     </span>
    </p>

    <p class='ocr_par' dir='ltr' id='par_1_6' title="bbox 2232 1875 4185 2817">
     <span class='ocr_line' id='line_1_47' title="bbox 2303 1875 4178 1961; baseline -0.001 -20"><span class='ocrx_word' id='word_1_324' title='bbox 2303 1897 2377 1941; x_wconf 88' lang='lat' dir='ltr'><strong>eo</strong></span> <span class='ocrx_word' id='word_1_325' title='bbox 2423 1876 2775 1961; x_wconf 86' lang='lat' dir='ltr'><strong>gratiorem</strong></span> <span class='ocrx_word' id='word_1_326' title='bbox 2813 1895 2953 1940; x_wconf 83' lang='lat' dir='ltr'><strong>esse</strong></span> <span class='ocrx_word' id='word_1_327' title='bbox 2989 1875 3422 1940; x_wconf 89' lang='lat' dir='ltr'><strong>obedientiam</strong></span> <span class='ocrx_word' id='word_1_328' title='bbox 3460 1897 3653 1958; x_wconf 89' lang='lat' dir='ltr'><strong>quam</strong></span> <span class='ocrx_word' id='word_1_329' title='bbox 3694 1877 4012 1943; x_wconf 88' lang='lat' dir='ltr'><strong>victimas.</strong></span> <span class='ocrx_word' id='word_1_330' title='bbox 4072 1877 4178 1941; x_wconf 88' lang='lat' dir='ltr'><strong>Ita</strong></span> 
     </span>
     <span class='ocr_line' id='line_1_48' title="bbox 2235 1959 4176 2048; baseline -0.001 -21"><span class='ocrx_word' id='word_1_331' title='bbox 2235 1984 2390 2048; x_wconf 90' lang='lat' dir='ltr'><strong>ergo</strong></span> <span class='ocrx_word' id='word_1_332' title='bbox 2449 1963 2769 2047; x_wconf 89' lang='lat' dir='ltr'><strong>propheta</strong></span> <span class='ocrx_word' id='word_1_333' title='bbox 2826 1961 3099 2025; x_wconf 79' lang='lat' dir='ltr'><strong>frivolas</strong></span> <span class='ocrx_word' id='word_1_334' title='bbox 3158 1959 3377 2027; x_wconf 77' lang='lat' dir='ltr'><strong>Saulis</strong></span> <span class='ocrx_word' id='word_1_335' title='bbox 3437 1963 3891 2028; x_wconf 87' lang='lat' dir='ltr'><strong>excusationes</strong></span> <span class='ocrx_word' id='word_1_336' title='bbox 3958 1962 4176 2041; x_wconf 88' lang='lat' dir='ltr'><strong>elusit,</strong></span> 
     </span>
     <span class='ocr_line' id='line_1_49' title="bbox 2233 2045 4185 2133; baseline -0.001 -21"><span class='ocrx_word' id='word_1_337' title='bbox 2233 2047 2541 2114; x_wconf 90' lang='lat' dir='ltr'><strong>Deumne</strong></span> <span class='ocrx_word' id='word_1_338' title='bbox 2620 2067 2775 2112; x_wconf 89' lang='lat' dir='ltr'><strong>vero</strong></span> <span class='ocrx_word' id='word_1_339' title='bbox 2838 2045 3150 2112; x_wconf 84' lang='lat' dir='ltr'><strong>mortales</strong></span> <span class='ocrx_word' id='word_1_340' title='bbox 3221 2047 3359 2112; x_wconf 89' lang='lat' dir='ltr'><strong>suis</strong></span> <span class='ocrx_word' id='word_1_341' title='bbox 3434 2045 3724 2113; x_wconf 84' lang='lat' dir='ltr'><strong>inventis</strong></span> <span class='ocrx_word' id='word_1_342' title='bbox 3791 2047 4185 2133; x_wconf 57' lang='lat' dir='ltr'><strong>placarent?</strong></span> 
     </span>
     <span class='ocr_line' id='line_1_50' title="bbox 2242 2132 4174 2218; baseline 0.001 -19"><span class='ocrx_word' id='word_1_343' title='bbox 2242 2139 2343 2199; x_wconf 85' lang='lat' dir='ltr'><strong>An</strong></span> <span class='ocrx_word' id='word_1_344' title='bbox 2371 2134 2587 2200; x_wconf 88' lang='lat' dir='ltr'><strong>Deum</strong></span> <span class='ocrx_word' id='word_1_345' title='bbox 2625 2133 2998 2199; x_wconf 89' lang='lat' dir='ltr'><strong>hominibus</strong></span> <span class='ocrx_word' id='word_1_346' title='bbox 3035 2133 3282 2209; x_wconf 88' lang='lat' dir='ltr'><strong>subiici,</strong></span> <span class='ocrx_word' id='word_1_347' title='bbox 3326 2141 3393 2199; x_wconf 89' lang='lat' dir='ltr'><strong>et</strong></span> <span class='ocrx_word' id='word_1_348' title='bbox 3435 2132 3517 2198; x_wconf 88' lang='lat' dir='ltr'><strong>ab</strong></span> <span class='ocrx_word' id='word_1_349' title='bbox 3562 2134 3850 2218; x_wconf 91' lang='lat' dir='ltr'><strong>ipsorum</strong></span> <span class='ocrx_word' id='word_1_350' title='bbox 3896 2134 4174 2200; x_wconf 85' lang='lat' dir='ltr'><strong>arbitrio</strong></span> 
     </span>
     <span class='ocr_line' id='line_1_51' title="bbox 2234 2216 4177 2303; baseline 0 -18"><span class='ocrx_word' id='word_1_351' title='bbox 2234 2221 2516 2303; x_wconf 84' lang='lat' dir='ltr'><strong>pendere</strong></span> <span class='ocrx_word' id='word_1_352' title='bbox 2551 2220 2651 2284; x_wconf 80' lang='lat' dir='ltr'><strong>fas</strong></span> <span class='ocrx_word' id='word_1_353' title='bbox 2687 2216 2832 2283; x_wconf 77' lang='lat' dir='ltr'><strong>est?</strong></span> <span class='ocrx_word' id='word_1_354' title='bbox 2876 2218 3094 2301; x_wconf 88' lang='lat' dir='ltr'><strong>Atque</strong></span> <span class='ocrx_word' id='word_1_355' title='bbox 3128 2217 3221 2283; x_wconf 91' lang='lat' dir='ltr'><strong>ita</strong></span> <span class='ocrx_word' id='word_1_356' title='bbox 3259 2219 3574 2302; x_wconf 89' lang='lat' dir='ltr'><strong>praecidit</strong></span> <span class='ocrx_word' id='word_1_357' title='bbox 3609 2239 3835 2285; x_wconf 88' lang='lat' dir='ltr'><strong>ansam</strong></span> <span class='ocrx_word' id='word_1_358' title='bbox 3872 2220 4177 2285; x_wconf 84' lang='lat' dir='ltr'><strong>omnibus</strong></span> 
     </span>
     <span class='ocr_line' id='line_1_52' title="bbox 2235 2302 4177 2389; baseline 0.001 -20"><span class='ocrx_word' id='word_1_359' title='bbox 2235 2319 2365 2371; x_wconf 89' lang='lat' dir='ltr'><strong>tam</strong></span> <span class='ocrx_word' id='word_1_360' title='bbox 2412 2305 2635 2389; x_wconf 90' lang='lat' dir='ltr'><strong>populi</strong></span> <span class='ocrx_word' id='word_1_361' title='bbox 2682 2325 2878 2387; x_wconf 90' lang='lat' dir='ltr'><strong>quam</strong></span> <span class='ocrx_word' id='word_1_362' title='bbox 2923 2302 3145 2370; x_wconf 81' lang='lat' dir='ltr'><strong>Saulis</strong></span> <span class='ocrx_word' id='word_1_363' title='bbox 3205 2305 3754 2371; x_wconf 74' lang='lat' dir='ltr'><strong>excusationibus.</strong></span> <span class='ocrx_word' id='word_1_364' title='bbox 3845 2305 4017 2370; x_wconf 87' lang='lat' dir='ltr'><strong>Nam</strong></span> <span class='ocrx_word' id='word_1_365' title='bbox 4063 2326 4177 2370; x_wconf 89' lang='lat' dir='ltr'><strong>ex-</strong></span> 
     </span>
     <span class='ocr_line' id='line_1_53' title="bbox 2232 2387 4179 2475; baseline -0.001 -19"><span class='ocrx_word' id='word_1_366' title='bbox 2232 2412 2526 2475; x_wconf 89' lang='lat' dir='ltr'><strong>pressum</strong></span> <span class='ocrx_word' id='word_1_367' title='bbox 2577 2388 2960 2455; x_wconf 82' lang='lat' dir='ltr'><strong>mandatum</strong></span> <span class='ocrx_word' id='word_1_368' title='bbox 3004 2387 3172 2455; x_wconf 74' lang='lat' dir='ltr'><strong>Saul</strong></span> <span class='ocrx_word' id='word_1_369' title='bbox 3215 2399 3556 2474; x_wconf 88' lang='lat' dir='ltr'><strong>acceperat</strong></span> <span class='ocrx_word' id='word_1_370' title='bbox 3600 2388 3680 2454; x_wconf 91' lang='lat' dir='ltr'><strong>de</strong></span> <span class='ocrx_word' id='word_1_371' title='bbox 3725 2388 4029 2455; x_wconf 80' lang='lat' dir='ltr'><strong>funditus</strong></span> <span class='ocrx_word' id='word_1_372' title='bbox 4067 2412 4179 2455; x_wconf 85' lang='lat' dir='ltr'><strong>ex·</strong></span> 
     </span>
     <span class='ocr_line' id='line_1_54' title="bbox 2234 2475 4180 2561; baseline -0.001 -19"><span class='ocrx_word' id='word_1_373' title='bbox 2234 2477 2590 2561; x_wconf 86' lang='lat' dir='ltr'><strong>stirpandis</strong></span> <span class='ocrx_word' id='word_1_374' title='bbox 2634 2475 3035 2555; x_wconf 88' lang='lat' dir='ltr'><strong>Amalecitis,</strong></span> <span class='ocrx_word' id='word_1_375' title='bbox 3100 2489 3166 2539; x_wconf 90' lang='lat' dir='ltr'><strong>et</strong></span> <span class='ocrx_word' id='word_1_376' title='bbox 3221 2477 3399 2540; x_wconf 90' lang='lat' dir='ltr'><strong>omni</strong></span> <span class='ocrx_word' id='word_1_377' title='bbox 3444 2477 3731 2559; x_wconf 85' lang='lat' dir='ltr'><strong>ipsorum</strong></span> <span class='ocrx_word' id='word_1_378' title='bbox 3792 2476 4180 2550; x_wconf 83' lang='lat' dir='ltr'><strong>substantia,</strong></span> 
     </span>
     <span class='ocr_line' id='line_1_55' title="bbox 2235 2561 4172 2644; baseline -0.001 -17"><span class='ocrx_word' id='word_1_379' title='bbox 2235 2575 2308 2627; x_wconf 89' lang='lat' dir='ltr'><strong>ut</strong></span> <span class='ocrx_word' id='word_1_380' title='bbox 2352 2563 2516 2628; x_wconf 92' lang='lat' dir='ltr'><strong>nulli</strong></span> <span class='ocrx_word' id='word_1_381' title='bbox 2581 2563 2675 2627; x_wconf 90' lang='lat' dir='ltr'><strong>rei</strong></span> <span class='ocrx_word' id='word_1_382' title='bbox 2733 2562 2998 2626; x_wconf 88' lang='lat' dir='ltr'><strong>omnino</strong></span> <span class='ocrx_word' id='word_1_383' title='bbox 3057 2573 3370 2644; x_wconf 85' lang='lat' dir='ltr'><strong>parceret,</strong></span> <span class='ocrx_word' id='word_1_384' title='bbox 3434 2561 3546 2627; x_wconf 89' lang='lat' dir='ltr'><strong>sed</strong></span> <span class='ocrx_word' id='word_1_385' title='bbox 3606 2574 3679 2626; x_wconf 91' lang='lat' dir='ltr'><strong>ut</strong></span> <span class='ocrx_word' id='word_1_386' title='bbox 3738 2562 3893 2626; x_wconf 92' lang='lat' dir='ltr'><strong>olim</strong></span> <span class='ocrx_word' id='word_1_387' title='bbox 3944 2562 4172 2626; x_wconf 90' lang='lat' dir='ltr'><strong>urbem</strong></span> 
     </span>
     <span class='ocr_line' id='line_1_56' title="bbox 2233 2646 4173 2730; baseline -0.001 -17"><span class='ocrx_word' id='word_1_388' title='bbox 2233 2647 2411 2714; x_wconf 89' lang='lat' dir='ltr'><strong>illam</strong></span> <span class='ocrx_word' id='word_1_389' title='bbox 2457 2646 2959 2713; x_wconf 79' lang='lat' dir='ltr'><strong>Hierichuntem</strong></span> <span class='ocrx_word' id='word_1_390' title='bbox 3005 2657 3225 2730; x_wconf 86' lang='lat' dir='ltr'><strong>patres</strong></span> <span class='ocrx_word' id='word_1_391' title='bbox 3273 2647 3658 2712; x_wconf 85' lang='lat' dir='ltr'><strong>deleverant</strong></span> <span class='ocrx_word' id='word_1_392' title='bbox 3702 2669 3783 2712; x_wconf 89' lang='lat' dir='ltr'><strong>ex</strong></span> <span class='ocrx_word' id='word_1_393' title='bbox 3834 2646 4173 2713; x_wconf 85' lang='lat' dir='ltr'><strong>interdicti</strong></span> 
     </span>
     <span class='ocr_line' id='line_1_57' title="bbox 2234 2731 4177 2817; baseline -0.002 -18"><span class='ocrx_word' id='word_1_394' title='bbox 2234 2736 2529 2812; x_wconf 87' lang='lat' dir='ltr'><strong>formula,</strong></span> <span class='ocrx_word' id='word_1_395' title='bbox 2577 2734 2673 2798; x_wconf 90' lang='lat' dir='ltr'><strong>ita</strong></span> <span class='ocrx_word' id='word_1_396' title='bbox 2716 2753 2786 2799; x_wconf 90' lang='lat' dir='ltr'><strong>se</strong></span> <span class='ocrx_word' id='word_1_397' title='bbox 2830 2731 2939 2796; x_wconf 90' lang='lat' dir='ltr'><strong>ille</strong></span> <span class='ocrx_word' id='word_1_398' title='bbox 2986 2733 3299 2797; x_wconf 85' lang='lat' dir='ltr'><strong>adversus</strong></span> <span class='ocrx_word' id='word_1_399' title='bbox 3347 2733 3564 2798; x_wconf 86' lang='lat' dir='ltr'><strong>hostes</strong></span> <span class='ocrx_word' id='word_1_400' title='bbox 3610 2744 3885 2817; x_wconf 86' lang='lat' dir='ltr'><strong>gereret.</strong></span> <span class='ocrx_word' id='word_1_401' title='bbox 3970 2733 4057 2797; x_wconf 78' lang='lat' dir='ltr'><strong>Et</strong></span> <span class='ocrx_word' id='word_1_402' title='bbox 4102 2743 4177 2797; x_wconf 91' lang='lat' dir='ltr'><strong>ut</strong></span> 
     </span>
    </p>
   </div>
   <div class='ocr_carea' id='block_1_6' title="bbox 209 2809 4175 2916">
    <p class='ocr_par' dir='ltr' id='par_1_7' title="bbox 209 2809 4175 2916">
     <span class='ocr_line' id='line_1_58' title="bbox 209 2809 4175 2916; baseline 0.003 -43"><span class='ocrx_word' id='word_1_403' title='bbox 209 2809 342 2888; x_wconf 84' lang='lat' dir='ltr'><strong>rint,</strong></span> <span class='ocrx_word' id='word_1_404' title='bbox 405 2813 559 2895; x_wconf 90' lang='lat' dir='ltr'><strong>quid</strong></span> <span class='ocrx_word' id='word_1_405' title='bbox 631 2813 806 2879; x_wconf 90' lang='lat' dir='ltr'><strong>aliud</strong></span> <span class='ocrx_word' id='word_1_406' title='bbox 874 2817 936 2881; x_wconf 91' lang='lat' dir='ltr'><strong>in</strong></span> <span class='ocrx_word' id='word_1_407' title='bbox 1006 2817 1210 2900; x_wconf 85' lang='lat' dir='ltr'><strong>ipsius</strong></span> <span class='ocrx_word' id='word_1_408' title='bbox 1277 2831 1622 2901; x_wconf 88' lang='lat' dir='ltr'><strong>conspectu</strong></span> <span class='ocrx_word' id='word_1_409' title='bbox 1683 2819 1887 2884; x_wconf 82' lang='lat' dir='ltr'><strong>futuri</strong></span> <span class='ocrx_word' id='word_1_410' title='bbox 1953 2832 2128 2899; x_wconf 83' lang='lat' dir='ltr'><strong>sunt,</strong></span> <span class='ocrx_word' id='word_1_411' title='bbox 2176 2871 2181 2916; x_wconf 51' lang='grc' dir='ltr'>ι</span> <span class='ocrx_word' id='word_1_412' title='bbox 2238 2822 2414 2886; x_wconf 91' lang='lat' dir='ltr'><strong>Deus</strong></span> <span class='ocrx_word' id='word_1_413' title='bbox 2475 2822 2702 2885; x_wconf 87' lang='lat' dir='ltr'><strong>urbem</strong></span> <span class='ocrx_word' id='word_1_414' title='bbox 2761 2818 2941 2882; x_wconf 89' lang='lat' dir='ltr'><strong>illam</strong></span> <span class='ocrx_word' id='word_1_415' title='bbox 3003 2818 3157 2883; x_wconf 82' lang='lat' dir='ltr'><strong>olim</strong></span> <span class='ocrx_word' id='word_1_416' title='bbox 3217 2817 3396 2884; x_wconf 79' lang='lat' dir='ltr'><strong>ferro</strong></span> <span class='ocrx_word' id='word_1_417' title='bbox 3453 2818 3865 2902; x_wconf 87' lang='lat' dir='ltr'><strong>flammisque</strong></span> <span class='ocrx_word' id='word_1_418' title='bbox 3925 2819 4175 2883; x_wconf 88' lang='lat' dir='ltr'><strong>vastari</strong></span> 
     </span>
    </p>
   </div>
   <div class='ocr_carea' id='block_1_7' title="bbox 206 2901 2182 3012">
    <p class='ocr_par' dir='ltr' id='par_1_8' title="bbox 206 2901 2182 3012">
     <span class='ocr_line' id='line_1_59' title="bbox 206 2901 2182 3012; baseline 0.004 -52"><span class='ocrx_word' id='word_1_419' title='bbox 206 2915 382 2976; x_wconf 86' lang='lat' dir='ltr'><strong>quam</strong></span> <span class='ocrx_word' id='word_1_420' title='bbox 428 2920 640 2982; x_wconf 87' lang='lat' dir='ltr'><strong>aquae</strong></span> <span class='ocrx_word' id='word_1_421' title='bbox 684 2910 871 2985; x_wconf 88' lang='lat' dir='ltr'><strong>gutta</strong></span> <span class='ocrx_word' id='word_1_422' title='bbox 917 2901 996 2966; x_wconf 91' lang='lat' dir='ltr'><strong>ad</strong></span> <span class='ocrx_word' id='word_1_423' title='bbox 1044 2922 1354 2987; x_wconf 87' lang='lat' dir='ltr'><strong>magnum</strong></span> <span class='ocrx_word' id='word_1_424' title='bbox 1391 2903 1809 2969; x_wconf 82' lang='lat' dir='ltr'><strong>incendium?</strong></span> <span class='ocrx_word' id='word_1_425' title='bbox 1877 2901 2124 2985; x_wconf 81' lang='lat' dir='ltr'><strong>Quam·</strong></span> <span class='ocrx_word' id='word_1_426' title='bbox 2175 2919 2182 3012; x_wconf 61' lang='grc' dir='ltr'>ι</span> 
     </span>
    </p>
   </div>
   <div class='ocr_carea' id='block_1_8' title="bbox 2234 2904 4175 2986">
    <p class='ocr_par' dir='ltr' id='par_1_9' title="bbox 2234 2904 4175 2986">
     <span class='ocr_line' id='line_1_60' title="bbox 2234 2904 4175 2986; baseline -0.001 -17"><span class='ocrx_word' id='word_1_427' title='bbox 2234 2908 2529 2982; x_wconf 88' lang='lat' dir='ltr'><strong>iusserat,</strong></span> <span class='ocrx_word' id='word_1_428' title='bbox 2576 2919 2651 2969; x_wconf 89' lang='lat' dir='ltr'><strong>ut</strong></span> <span class='ocrx_word' id='word_1_429' title='bbox 2695 2904 2858 2970; x_wconf 86' lang='lat' dir='ltr'><strong>nihil</strong></span> <span class='ocrx_word' id='word_1_430' title='bbox 2911 2904 3244 2969; x_wconf 88' lang='lat' dir='ltr'><strong>residuum</strong></span> <span class='ocrx_word' id='word_1_431' title='bbox 3292 2925 3372 2969; x_wconf 86' lang='lat' dir='ltr'><strong>ex</strong></span> <span class='ocrx_word' id='word_1_432' title='bbox 3418 2926 3495 2968; x_wconf 89' lang='lat' dir='ltr'><strong>ea</strong></span> <span class='ocrx_word' id='word_1_433' title='bbox 3539 2906 3756 2969; x_wconf 87' lang='lat' dir='ltr'><strong>fleret:</strong></span> <span class='ocrx_word' id='word_1_434' title='bbox 3818 2907 3912 2967; x_wconf 88' lang='lat' dir='ltr'><strong>ita</strong></span> <span class='ocrx_word' id='word_1_435' title='bbox 3970 2923 4175 2986; x_wconf 88' lang='lat' dir='ltr'><strong>grave</strong></span> 
     </span>
    </p>
   </div>
   <div class='ocr_carea' id='block_1_9' title="bbox 206 2981 4175 3180">
    <p class='ocr_par' dir='ltr' id='par_1_10' title="bbox 206 2981 4175 3180">
     <span class='ocr_line' id='line_1_61' title="bbox 206 2981 4175 3086; baseline 0.002 -42"><span class='ocrx_word' id='word_1_436' title='bbox 206 2981 408 3080; x_wconf 67' lang='lat' dir='ltr'><strong>obrem</strong></span> <span class='ocrx_word' id='word_1_437' title='bbox 453 2986 567 3068; x_wconf 90' lang='lat' dir='ltr'><strong>qui</strong></span> <span class='ocrx_word' id='word_1_438' title='bbox 615 2986 694 3050; x_wconf 92' lang='lat' dir='ltr'><strong>de</strong></span> <span class='ocrx_word' id='word_1_439' title='bbox 740 2990 1016 3067; x_wconf 87' lang='lat' dir='ltr'><strong>peccatis</strong></span> <span class='ocrx_word' id='word_1_440' title='bbox 1062 2990 1461 3072; x_wconf 88' lang='lat' dir='ltr'><strong>reprehensi,</strong></span> <span class='ocrx_word' id='word_1_441' title='bbox 1510 2990 1588 3054; x_wconf 90' lang='lat' dir='ltr'><strong>de</strong></span> <span class='ocrx_word' id='word_1_442' title='bbox 1633 2991 1979 3055; x_wconf 87' lang='lat' dir='ltr'><strong>severitate</strong></span> <span class='ocrx_word' id='word_1_443' title='bbox 2026 2993 2125 3054; x_wconf 87' lang='lat' dir='ltr'><strong>ni·</strong></span> <span class='ocrx_word' id='word_1_444' title='bbox 2176 3023 2181 3086; x_wconf 61' lang='lat'>1</span> <span class='ocrx_word' id='word_1_445' title='bbox 2232 2993 2300 3056; x_wconf 92' lang='lat' dir='ltr'><strong>in</strong></span> <span class='ocrx_word' id='word_1_446' title='bbox 2348 3013 2498 3057; x_wconf 91' lang='lat' dir='ltr'><strong>eum</strong></span> <span class='ocrx_word' id='word_1_447' title='bbox 2558 2993 2785 3055; x_wconf 86' lang='lat' dir='ltr'><strong>statuit</strong></span> <span class='ocrx_word' id='word_1_448' title='bbox 2842 2991 3215 3074; x_wconf 91' lang='lat' dir='ltr'><strong>exemplum</strong></span> <span class='ocrx_word' id='word_1_449' title='bbox 3283 2990 3390 3073; x_wconf 91' lang='lat' dir='ltr'><strong>qui</strong></span> <span class='ocrx_word' id='word_1_450' title='bbox 3452 3011 3533 3054; x_wconf 88' lang='lat' dir='ltr'><strong>ex</strong></span> <span class='ocrx_word' id='word_1_451' title='bbox 3578 2988 3897 3055; x_wconf 80' lang='lat' dir='ltr'><strong>Israelitis</strong></span> <span class='ocrx_word' id='word_1_452' title='bbox 3962 2989 4175 3053; x_wconf 81' lang='lat' dir='ltr'><strong>fuerat</strong></span> 
     </span>
     <span class='ocr_line' id='line_1_62' title="bbox 207 3073 4171 3180; baseline 0.002 -50"><span class='ocrx_word' id='word_1_453' title='bbox 207 3085 320 3130; x_wconf 79' lang='lat' dir='ltr'><strong>mla</strong></span> <span class='ocrx_word' id='word_1_454' title='bbox 361 3083 873 3154; x_wconf 87' lang='lat' dir='ltr'><strong>conqueruntur,</strong></span> <span class='ocrx_word' id='word_1_455' title='bbox 920 3075 1133 3156; x_wconf 90' lang='lat' dir='ltr'><strong>potius</strong></span> <span class='ocrx_word' id='word_1_456' title='bbox 1169 3096 1360 3159; x_wconf 90' lang='lat' dir='ltr'><strong>quam</strong></span> <span class='ocrx_word' id='word_1_457' title='bbox 1399 3086 1664 3160; x_wconf 88' lang='lat' dir='ltr'><strong>peccata</strong></span> <span class='ocrx_word' id='word_1_458' title='bbox 1701 3089 2125 3160; x_wconf 89' lang='lat' dir='ltr'><strong>agnoscentes</strong></span> <span class='ocrx_word' id='word_1_459' title='bbox 2174 3099 2181 3180; x_wconf 76' lang='grc' dir='ltr'>Ι</span> <span class='ocrx_word' id='word_1_460' title='bbox 2233 3077 2735 3161; x_wconf 85' lang='lat' dir='ltr'><strong>praevaricatus.</strong></span> <span class='ocrx_word' id='word_1_461' title='bbox 2804 3073 2936 3154; x_wconf 78' lang='lat' dir='ltr'><strong>Qui</strong></span> <span class='ocrx_word' id='word_1_462' title='bbox 2983 3076 3155 3139; x_wconf 91' lang='lat' dir='ltr'><strong>euim</strong></span> <span class='ocrx_word' id='word_1_463' title='bbox 3204 3098 3285 3141; x_wconf 86' lang='lat' dir='ltr'><strong>ex</strong></span> <span class='ocrx_word' id='word_1_464' title='bbox 3322 3074 3735 3140; x_wconf 86' lang='lat' dir='ltr'><strong>anathemate</strong></span> <span class='ocrx_word' id='word_1_465' title='bbox 3759 3073 4171 3159; x_wconf 78' lang='lat' dir='ltr'><strong>chlamydem</strong></span> 
     </span>
    </p>
   </div>
   <div class='ocr_carea' id='block_1_10' title="bbox 205 3158 2178 3245">
    <p class='ocr_par' dir='ltr' id='par_1_11' title="bbox 205 3158 2178 3245">
     <span class='ocr_line' id='line_1_63' title="bbox 205 3158 2178 3245; baseline 0.005 -29"><span class='ocrx_word' id='word_1_466' title='bbox 205 3172 330 3217; x_wconf 83' lang='lat' dir='ltr'><strong>sese</strong></span> <span class='ocrx_word' id='word_1_467' title='bbox 370 3173 595 3222; x_wconf 83' lang='lat' dir='ltr'><strong>coram</strong></span> <span class='ocrx_word' id='word_1_468' title='bbox 642 3158 784 3223; x_wconf 93' lang='lat' dir='ltr'><strong>Deo</strong></span> <span class='ocrx_word' id='word_1_469' title='bbox 829 3161 1038 3243; x_wconf 87' lang='lat' dir='ltr'><strong>magis</strong></span> <span class='ocrx_word' id='word_1_470' title='bbox 1081 3179 1156 3226; x_wconf 85' lang='lat' dir='ltr'><strong>ac</strong></span> <span class='ocrx_word' id='word_1_471' title='bbox 1200 3163 1407 3245; x_wconf 87' lang='lat' dir='ltr'><strong>magis</strong></span> <span class='ocrx_word' id='word_1_472' title='bbox 1452 3159 1757 3226; x_wconf 77' lang='lat' dir='ltr'><strong>deficiant</strong></span> <span class='ocrx_word' id='word_1_473' title='bbox 1803 3172 1868 3225; x_wconf 89' lang='lat' dir='ltr'><strong>et</strong></span> <span class='ocrx_word' id='word_1_474' title='bbox 1913 3160 2123 3226; x_wconf 89' lang='lat' dir='ltr'><strong>humi·</strong></span> <span class='ocrx_word' id='word_1_475' title='bbox 2175 3189 2178 3200; x_wconf 93' lang='lat'>·</span> 
     </span>
    </p>
   </div>
   <div class='ocr_carea' id='block_1_11' title="bbox 203 3236 2126 3503">
    <p class='ocr_par' dir='ltr' id='par_1_12' title="bbox 203 3236 2126 3503">
     <span class='ocr_line' id='line_1_64' title="bbox 205 3236 2126 3330; baseline 0.006 -31"><span class='ocrx_word' id='word_1_476' title='bbox 205 3236 367 3319; x_wconf 89' lang='lat' dir='ltr'><strong>lient,</strong></span> <span class='ocrx_word' id='word_1_477' title='bbox 422 3253 489 3307; x_wconf 90' lang='lat' dir='ltr'><strong>et</strong></span> <span class='ocrx_word' id='word_1_478' title='bbox 551 3243 815 3309; x_wconf 86' lang='lat' dir='ltr'><strong>veniam</strong></span> <span class='ocrx_word' id='word_1_479' title='bbox 876 3244 1341 3329; x_wconf 88' lang='lat' dir='ltr'><strong>deprecentur:</strong></span> <span class='ocrx_word' id='word_1_480' title='bbox 1409 3245 1562 3330; x_wconf 89' lang='lat' dir='ltr'><strong>quid</strong></span> <span class='ocrx_word' id='word_1_481' title='bbox 1630 3246 1805 3312; x_wconf 90' lang='lat' dir='ltr'><strong>aliud</strong></span> <span class='ocrx_word' id='word_1_482' title='bbox 1875 3246 2126 3313; x_wconf 86' lang='lat' dir='ltr'><strong>faciunt</strong></span> 
     </span>
     <span class='ocr_line' id='line_1_65' title="bbox 203 3326 2123 3412; baseline 0.005 -25"><span class='ocrx_word' id='word_1_483' title='bbox 203 3343 378 3403; x_wconf 80' lang='lat' dir='ltr'><strong>quam</strong></span> <span class='ocrx_word' id='word_1_484' title='bbox 435 3326 616 3412; x_wconf 89' lang='lat' dir='ltr'><strong>quod</strong></span> <span class='ocrx_word' id='word_1_485' title='bbox 676 3328 990 3396; x_wconf 88' lang='lat' dir='ltr'><strong>adversus</strong></span> <span class='ocrx_word' id='word_1_486' title='bbox 1051 3330 1266 3398; x_wconf 91' lang='lat' dir='ltr'><strong>Deum</strong></span> <span class='ocrx_word' id='word_1_487' title='bbox 1327 3354 1466 3398; x_wconf 89' lang='lat' dir='ltr'><strong>sese</strong></span> <span class='ocrx_word' id='word_1_488' title='bbox 1524 3331 1870 3410; x_wconf 86' lang='lat' dir='ltr'><strong>obdurant,</strong></span> <span class='ocrx_word' id='word_1_489' title='bbox 1929 3344 1994 3397; x_wconf 87' lang='lat' dir='ltr'><strong>et·</strong></span> <span class='ocrx_word' id='word_1_490' title='bbox 2051 3355 2123 3398; x_wconf 88' lang='lat' dir='ltr'><strong>se</strong></span> 
     </span>
     <span class='ocr_line' id='line_1_66' title="bbox 204 3409 2122 3503; baseline 0.007 -31"><span class='ocrx_word' id='word_1_491' title='bbox 204 3409 365 3475; x_wconf 85' lang='lat' dir='ltr'><strong>nulla</strong></span> <span class='ocrx_word' id='word_1_492' title='bbox 412 3415 624 3479; x_wconf 86' lang='lat' dir='ltr'><strong>teneri</strong></span> <span class='ocrx_word' id='word_1_493' title='bbox 655 3414 966 3500; x_wconf 86' lang='lat' dir='ltr'><strong>religione</strong></span> <span class='ocrx_word' id='word_1_494' title='bbox 1004 3417 1214 3501; x_wconf 91' lang='lat' dir='ltr'><strong>palam</strong></span> <span class='ocrx_word' id='word_1_495' title='bbox 1254 3419 1663 3503; x_wconf 88' lang='lat' dir='ltr'><strong>profitentur,</strong></span> <span class='ocrx_word' id='word_1_496' title='bbox 1709 3429 1774 3486; x_wconf 88' lang='lat' dir='ltr'><strong>et</strong></span> <span class='ocrx_word' id='word_1_497' title='bbox 1809 3419 2122 3484; x_wconf 87' lang='lat' dir='ltr'><strong>adversus</strong></span> 
     </span>
    </p>
   </div>
   <div class='ocr_carea' id='block_1_12' title="bbox 201 3587 2122 3748">
    <p class='ocr_par' dir='ltr' id='par_1_13' title="bbox 201 3587 2122 3748">
     <span class='ocr_line' id='line_1_67' title="bbox 203 3587 2122 3672; baseline 0.001 -19"><span class='ocrx_word' id='word_1_498' title='bbox 203 3599 315 3662; x_wconf 74' lang='lat'>(11¹0</span> <span class='ocrx_word' id='word_1_499' title='bbox 481 3587 732 3652; x_wconf 89' lang='lat' dir='ltr'><strong>cultum</strong></span> <span class='ocrx_word' id='word_1_500' title='bbox 779 3608 918 3653; x_wconf 88' lang='lat' dir='ltr'><strong>esse</strong></span> <span class='ocrx_word' id='word_1_501' title='bbox 964 3588 1335 3656; x_wconf 81' lang='lat' dir='ltr'><strong>hominibus</strong></span> <span class='ocrx_word' id='word_1_502' title='bbox 1380 3589 1798 3672; x_wconf 88' lang='lat' dir='ltr'><strong>arbitrantur,</strong></span> <span class='ocrx_word' id='word_1_503' title='bbox 1843 3589 1986 3654; x_wconf 92' lang='lat' dir='ltr'><strong>Deo</strong></span> <span class='ocrx_word' id='word_1_504' title='bbox 2024 3600 2122 3655; x_wconf 88' lang='lat' dir='ltr'><strong>est</strong></span> 
     </span>
     <span class='ocr_line' id='line_1_68' title="bbox 201 3671 1052 3748; baseline 0.008 -16"><span class='ocrx_word' id='word_1_505' title='bbox 201 3677 492 3748; x_wconf 76' lang='lat' dir='ltr'><strong>apertum</strong></span> <span class='ocrx_word' id='word_1_506' title='bbox 547 3682 620 3738; x_wconf 90' lang='lat' dir='ltr'><strong>et</strong></span> <span class='ocrx_word' id='word_1_507' title='bbox 675 3671 1052 3739; x_wconf 84' lang='lat' dir='ltr'><strong>detectum?</strong></span> 
     </span>
    </p>
   </div>
   <div class='ocr_carea' id='block_1_13' title="bbox 203 3673 2123 3845">
    <p class='ocr_par' dir='ltr' id='par_1_14' title="bbox 203 3673 2123 3845">
     <span class='ocr_line' id='line_1_69' title="bbox 1139 3673 2122 3760; baseline -0.003 -19"><span class='ocrx_word' id='word_1_508' title='bbox 1139 3673 1555 3759; x_wconf 79' lang='lat' dir='ltr'><strong>Quapropter</strong></span> <span class='ocrx_word' id='word_1_509' title='bbox 1615 3697 1690 3740; x_wconf 89' lang='lat' dir='ltr'><strong>eo</strong></span> <span class='ocrx_word' id='word_1_510' title='bbox 1750 3676 1961 3760; x_wconf 87' lang='lat' dir='ltr'><strong>magis</strong></span> <span class='ocrx_word' id='word_1_511' title='bbox 2008 3676 2122 3740; x_wconf 89' lang='lat' dir='ltr'><strong>ob-</strong></span> 
     </span>
     <span class='ocr_line' id='line_1_70' title="bbox 203 3757 2123 3845; baseline 0.007 -32"><span class='ocrx_word' id='word_1_512' title='bbox 203 3757 586 3823; x_wconf 83' lang='lat' dir='ltr'><strong>servandum</strong></span> <span class='ocrx_word' id='word_1_513' title='bbox 633 3770 730 3823; x_wconf 87' lang='lat' dir='ltr'><strong>est</strong></span> <span class='ocrx_word' id='word_1_514' title='bbox 766 3758 939 3824; x_wconf 86' lang='lat' dir='ltr'><strong>istud</strong></span> <span class='ocrx_word' id='word_1_515' title='bbox 966 3759 1184 3827; x_wconf 76' lang='lat' dir='ltr'><strong>Saulis</strong></span> <span class='ocrx_word' id='word_1_516' title='bbox 1230 3761 1623 3845; x_wconf 90' lang='lat' dir='ltr'><strong>exemplum,</strong></span> <span class='ocrx_word' id='word_1_517' title='bbox 1667 3760 1839 3844; x_wconf 91' lang='lat' dir='ltr'><strong>quod</strong></span> <span class='ocrx_word' id='word_1_518' title='bbox 1887 3771 2123 3827; x_wconf 88' lang='lat' dir='ltr'><strong>natura</strong></span> 
     </span>
    </p>
   </div>
   <div class='ocr_carea' id='block_1_14' title="bbox 2229 3158 4177 3502">
    <p class='ocr_par' dir='ltr' id='par_1_15' title="bbox 2229 3158 4177 3502">
     <span class='ocr_line' id='line_1_71' title="bbox 2231 3158 4173 3240; baseline -0.002 -11"><span class='ocrx_word' id='word_1_519' title='bbox 2231 3162 2613 3239; x_wconf 86' lang='lat' dir='ltr'><strong>abstulerat,</strong></span> <span class='ocrx_word' id='word_1_520' title='bbox 2676 3173 2743 3227; x_wconf 92' lang='lat' dir='ltr'><strong>et</strong></span> <span class='ocrx_word' id='word_1_521' title='bbox 2801 3161 3248 3240; x_wconf 88' lang='lat' dir='ltr'><strong>absconderat,</strong></span> <span class='ocrx_word' id='word_1_522' title='bbox 3306 3161 3459 3225; x_wconf 81' lang='lat' dir='ltr'><strong>facti</strong></span> <span class='ocrx_word' id='word_1_523' title='bbox 3514 3160 3831 3225; x_wconf 89' lang='lat' dir='ltr'><strong>rationem</strong></span> <span class='ocrx_word' id='word_1_524' title='bbox 3902 3158 4173 3225; x_wconf 89' lang='lat' dir='ltr'><strong>reddere</strong></span> 
     </span>
     <span class='ocr_line' id='line_1_72' title="bbox 2230 3246 4177 3330; baseline -0.003 -15"><span class='ocrx_word' id='word_1_525' title='bbox 2230 3261 2491 3316; x_wconf 90' lang='lat' dir='ltr'><strong>coactus</strong></span> <span class='ocrx_word' id='word_1_526' title='bbox 2536 3259 2655 3327; x_wconf 89' lang='lat' dir='ltr'><strong>est,</strong></span> <span class='ocrx_word' id='word_1_527' title='bbox 2700 3263 2765 3311; x_wconf 92' lang='lat' dir='ltr'><strong>et</strong></span> <span class='ocrx_word' id='word_1_528' title='bbox 2811 3257 3145 3330; x_wconf 83' lang='lat' dir='ltr'><strong>praeterea</strong></span> <span class='ocrx_word' id='word_1_529' title='bbox 3193 3246 3375 3312; x_wconf 84' lang='lat' dir='ltr'><strong>Deus</strong></span> <span class='ocrx_word' id='word_1_530' title='bbox 3421 3247 3491 3311; x_wconf 91' lang='lat' dir='ltr'><strong>iu</strong></span> <span class='ocrx_word' id='word_1_531' title='bbox 3534 3248 3912 3311; x_wconf 88' lang='lat' dir='ltr'><strong>universum</strong></span> <span class='ocrx_word' id='word_1_532' title='bbox 3961 3263 4177 3330; x_wconf 89' lang='lat' dir='ltr'><strong>popu·-</strong></span> 
     </span>
     <span class='ocr_line' id='line_1_73' title="bbox 2229 3332 4173 3416; baseline -0.001 -18"><span class='ocrx_word' id='word_1_533' title='bbox 2229 3337 2365 3400; x_wconf 89' lang='lat' dir='ltr'><strong>lum</strong></span> <span class='ocrx_word' id='word_1_534' title='bbox 2436 3335 2602 3399; x_wconf 89' lang='lat' dir='ltr'><strong>iram</strong></span> <span class='ocrx_word' id='word_1_535' title='bbox 2671 3354 2858 3398; x_wconf 90' lang='lat' dir='ltr'><strong>suam</strong></span> <span class='ocrx_word' id='word_1_536' title='bbox 2928 3332 3438 3412; x_wconf 87' lang='lat' dir='ltr'><strong>demonstravit,</strong></span> <span class='ocrx_word' id='word_1_537' title='bbox 3504 3332 3706 3398; x_wconf 92' lang='lat' dir='ltr'><strong>donec</strong></span> <span class='ocrx_word' id='word_1_538' title='bbox 3770 3352 3934 3416; x_wconf 90' lang='lat' dir='ltr'><strong>quae</strong></span> <span class='ocrx_word' id='word_1_539' title='bbox 3998 3332 4173 3396; x_wconf 77' lang='lat' dir='ltr'><strong>furto</strong></span> 
     </span>
     <span class='ocr_line' id='line_1_74' title="bbox 2231 3419 4170 3502; baseline -0.003 -16"><span class='ocrx_word' id='word_1_540' title='bbox 2231 3421 2449 3486; x_wconf 86' lang='lat' dir='ltr'><strong>ablata</strong></span> <span class='ocrx_word' id='word_1_541' title='bbox 2493 3420 2758 3484; x_wconf 79' lang='lat' dir='ltr'><strong>fuerant</strong></span> <span class='ocrx_word' id='word_1_542' title='bbox 2801 3420 3329 3498; x_wconf 87' lang='lat' dir='ltr'><strong>restituerentur,</strong></span> <span class='ocrx_word' id='word_1_543' title='bbox 3375 3419 3640 3502; x_wconf 90' lang='lat' dir='ltr'><strong>ignique</strong></span> <span class='ocrx_word' id='word_1_544' title='bbox 3683 3427 4170 3483; x_wconf 85' lang='lat' dir='ltr'><strong>cremarentur:</strong></span> 
     </span>
    </p>
   </div>
   <div class='ocr_carea' id='block_1_15' title="bbox 201 3497 4171 3651">
    <p class='ocr_par' dir='ltr' id='par_1_16' title="bbox 201 3497 4171 3651">
     <span class='ocr_line' id='line_1_75' title="bbox 201 3497 4171 3646; baseline 0.002 -87"><span class='ocrx_word' id='word_1_545' title='bbox 201 3514 261 3557; x_wconf 82' lang='lat' dir='ltr'><strong>se</strong></span> <span class='ocrx_word' id='word_1_546' title='bbox 297 3497 470 3646; x_wconf 51' lang='lat' dir='ltr'><strong>ipsos</strong></span> <span class='ocrx_word' id='word_1_547' title='bbox 511 3500 622 3565; x_wconf 88' lang='lat' dir='ltr'><strong>vel</strong></span> <span class='ocrx_word' id='word_1_548' title='bbox 656 3501 850 3567; x_wconf 80' lang='lat' dir='ltr'><strong>inviti</strong></span> <span class='ocrx_word' id='word_1_549' title='bbox 890 3505 1283 3569; x_wconf 87' lang='lat' dir='ltr'><strong>seutentiam</strong></span> <span class='ocrx_word' id='word_1_550' title='bbox 1323 3506 1558 3582; x_wconf 87' lang='lat' dir='ltr'><strong>ferunt,</strong></span> <span class='ocrx_word' id='word_1_551' title='bbox 1597 3504 2120 3588; x_wconf 89' lang='lat' dir='ltr'><strong>quandoquidem</strong></span> <span class='ocrx_word' id='word_1_552' title='bbox 2228 3517 2294 3572; x_wconf 89' lang='lat' dir='ltr'><strong>et</strong></span> <span class='ocrx_word' id='word_1_553' title='bbox 2338 3506 2449 3588; x_wconf 90' lang='lat' dir='ltr'><strong>qui</strong></span> <span class='ocrx_word' id='word_1_554' title='bbox 2497 3527 2647 3570; x_wconf 88' lang='lat' dir='ltr'><strong>reus</strong></span> <span class='ocrx_word' id='word_1_555' title='bbox 2706 3503 2883 3569; x_wconf 91' lang='lat' dir='ltr'><strong>illius</strong></span> <span class='ocrx_word' id='word_1_556' title='bbox 2944 3503 3104 3568; x_wconf 86' lang='lat' dir='ltr'><strong>furti</strong></span> <span class='ocrx_word' id='word_1_557' title='bbox 3163 3505 3379 3568; x_wconf 81' lang='lat' dir='ltr'><strong>fuerat</strong></span> <span class='ocrx_word' id='word_1_558' title='bbox 3439 3525 3586 3568; x_wconf 90' lang='lat' dir='ltr'><strong>cum</strong></span> <span class='ocrx_word' id='word_1_559' title='bbox 3644 3504 3783 3570; x_wconf 88' lang='lat' dir='ltr'><strong>suis</strong></span> <span class='ocrx_word' id='word_1_560' title='bbox 3840 3502 4171 3568; x_wconf 88' lang='lat' dir='ltr'><strong>horrenda</strong></span> 
     </span>
     <span class='ocr_line' id='line_1_76' title="bbox 403 3607 478 3651; baseline 0.027 -2"><span class='ocrx_word' id='word_1_561' title='bbox 403 3607 478 3651; x_wconf 93' lang='lat' dir='ltr'><strong>oc</strong></span> 
     </span>
    </p>
   </div>
   <div class='ocr_carea' id='block_1_16' title="bbox 2226 3588 4169 3848">
    <p class='ocr_par' dir='ltr' id='par_1_17' title="bbox 2226 3588 4169 3848">
     <span class='ocr_line' id='line_1_77' title="bbox 2228 3588 4166 3674; baseline -0.002 -18"><span class='ocrx_word' id='word_1_562' title='bbox 2228 3606 2439 3656; x_wconf 91' lang='lat' dir='ltr'><strong>morte</strong></span> <span class='ocrx_word' id='word_1_563' title='bbox 2483 3590 2898 3674; x_wconf 86' lang='lat' dir='ltr'><strong>plecteretur.</strong></span> <span class='ocrx_word' id='word_1_564' title='bbox 2970 3588 3220 3654; x_wconf 86' lang='lat' dir='ltr'><strong>Eadem</strong></span> <span class='ocrx_word' id='word_1_565' title='bbox 3267 3609 3421 3671; x_wconf 86' lang='lat' dir='ltr'><strong>ergo</strong></span> <span class='ocrx_word' id='word_1_566' title='bbox 3466 3598 3608 3654; x_wconf 88' lang='lat' dir='ltr'><strong>erat</strong></span> <span class='ocrx_word' id='word_1_567' title='bbox 3649 3588 4166 3655; x_wconf 87' lang='lat' dir='ltr'><strong>Amalecitarum</strong></span> 
     </span>
     <span class='ocr_line' id='line_1_78' title="bbox 2227 3674 4166 3758; baseline -0.001 -17"><span class='ocrx_word' id='word_1_568' title='bbox 2227 3678 2411 3758; x_wconf 85' lang='lat' dir='ltr'><strong>ratio,</strong></span> <span class='ocrx_word' id='word_1_569' title='bbox 2471 3676 2821 3741; x_wconf 89' lang='lat' dir='ltr'><strong>adversum</strong></span> <span class='ocrx_word' id='word_1_570' title='bbox 2881 3696 3040 3758; x_wconf 86' lang='lat' dir='ltr'><strong>quos</strong></span> <span class='ocrx_word' id='word_1_571' title='bbox 3102 3676 3233 3739; x_wconf 91' lang='lat' dir='ltr'><strong>iam</strong></span> <span class='ocrx_word' id='word_1_572' title='bbox 3280 3674 3478 3739; x_wconf 89' lang='lat' dir='ltr'><strong>latam</strong></span> <span class='ocrx_word' id='word_1_573' title='bbox 3524 3674 3726 3741; x_wconf 80' lang='lat' dir='ltr'><strong>fnisse</strong></span> <span class='ocrx_word' id='word_1_574' title='bbox 3771 3675 4166 3740; x_wconf 87' lang='lat' dir='ltr'><strong>sententiam</strong></span> 
     </span>
     <span class='ocr_line' id='line_1_79' title="bbox 2226 3758 4169 3848; baseline -0.002 -20"><span class='ocrx_word' id='word_1_575' title='bbox 2226 3763 2741 3848; x_wconf 88' lang='lat' dir='ltr'><strong>quadringentos</strong></span> <span class='ocrx_word' id='word_1_576' title='bbox 2785 3771 2937 3825; x_wconf 89' lang='lat' dir='ltr'><strong>ante</strong></span> <span class='ocrx_word' id='word_1_577' title='bbox 2985 3782 3194 3825; x_wconf 90' lang='lat' dir='ltr'><strong>annos</strong></span> <span class='ocrx_word' id='word_1_578' title='bbox 3253 3762 3551 3844; x_wconf 87' lang='lat' dir='ltr'><strong>superius</strong></span> <span class='ocrx_word' id='word_1_579' title='bbox 3609 3758 3912 3842; x_wconf 89' lang='lat' dir='ltr'><strong>vidimus,</strong></span> <span class='ocrx_word' id='word_1_580' title='bbox 3974 3779 4169 3842; x_wconf 90' lang='lat' dir='ltr'><strong>quam</strong></span> 
     </span>
    </p>
   </div>
   <div class='ocr_carea' id='block_1_17' title="bbox 200 3829 4174 4016">
    <p class='ocr_par' dir='ltr' id='par_1_18' title="bbox 200 3829 4174 4016">
     <span class='ocr_line' id='line_1_80' title="bbox 200 3829 4174 3931; baseline 0.003 -31"><span class='ocrx_word' id='word_1_581' title='bbox 200 3837 386 3907; x_wconf 82' lang='lat' dir='ltr'><strong>simus</strong></span> <span class='ocrx_word' id='word_1_582' title='bbox 432 3844 522 3908; x_wconf 81' lang='lat' dir='ltr'><strong>ad</strong></span> <span class='ocrx_word' id='word_1_583' title='bbox 565 3845 688 3910; x_wconf 80' lang='lat' dir='ltr'><strong>hoe</strong></span> <span class='ocrx_word' id='word_1_584' title='bbox 735 3845 966 3910; x_wconf 86' lang='lat' dir='ltr'><strong>vitium</strong></span> <span class='ocrx_word' id='word_1_585' title='bbox 1011 3847 1449 3930; x_wconf 86' lang='lat' dir='ltr'><strong>procliviores,</strong></span> <span class='ocrx_word' id='word_1_586' title='bbox 1510 3848 1712 3913; x_wconf 91' lang='lat' dir='ltr'><strong>donec</strong></span> <span class='ocrx_word' id='word_1_587' title='bbox 1759 3847 1938 3912; x_wconf 89' lang='lat' dir='ltr'><strong>Deus</strong></span> <span class='ocrx_word' id='word_1_588' title='bbox 1982 3848 2121 3930; x_wconf 89' lang='lat' dir='ltr'><strong>ipse</strong></span> <span class='ocrx_word' id='word_1_589' title='bbox 2171 3829 2178 3888; x_wconf 80' lang='lat'>¹</span> <span class='ocrx_word' id='word_1_590' title='bbox 2225 3849 2419 3914; x_wconf 91' lang='lat' dir='ltr'><strong>deleti</strong></span> <span class='ocrx_word' id='word_1_591' title='bbox 2457 3849 2609 3915; x_wconf 91' lang='lat' dir='ltr'><strong>sint.</strong></span> <span class='ocrx_word' id='word_1_592' title='bbox 2682 3844 2874 3929; x_wconf 83' lang='lat' dir='ltr'><strong>Quod</strong></span> <span class='ocrx_word' id='word_1_593' title='bbox 2913 3868 3067 3931; x_wconf 91' lang='lat' dir='ltr'><strong>ergo</strong></span> <span class='ocrx_word' id='word_1_594' title='bbox 3109 3855 3260 3911; x_wconf 87' lang='lat' dir='ltr'><strong>ante</strong></span> <span class='ocrx_word' id='word_1_595' title='bbox 3297 3856 3395 3910; x_wconf 89' lang='lat' dir='ltr'><strong>tot</strong></span> <span class='ocrx_word' id='word_1_596' title='bbox 3416 3847 3678 3913; x_wconf 87' lang='lat' dir='ltr'><strong>saecula</strong></span> <span class='ocrx_word' id='word_1_597' title='bbox 3698 3844 3883 3912; x_wconf 90' lang='lat' dir='ltr'><strong>Deus</strong></span> <span class='ocrx_word' id='word_1_598' title='bbox 3926 3845 4174 3912; x_wconf 87' lang='lat' dir='ltr'><strong>fecerat</strong></span> 
     </span>
     <span class='ocr_line' id='line_1_81' title="bbox 201 3931 4173 4016; baseline 0.002 -27"><span class='ocrx_word' id='word_1_599' title='bbox 201 3943 306 3990; x_wconf 89' lang='lat' dir='ltr'><strong>nos</strong></span> <span class='ocrx_word' id='word_1_600' title='bbox 348 3940 583 3995; x_wconf 85' lang='lat' dir='ltr'><strong>sancto</strong></span> <span class='ocrx_word' id='word_1_601' title='bbox 628 3951 754 3997; x_wconf 90' lang='lat' dir='ltr'><strong>suo</strong></span> <span class='ocrx_word' id='word_1_602' title='bbox 808 3931 1046 4014; x_wconf 88' lang='lat' dir='ltr'><strong>spiritu</strong></span> <span class='ocrx_word' id='word_1_603' title='bbox 1087 3935 1439 3999; x_wconf 86' lang='lat' dir='ltr'><strong>renovarit.</strong></span> <span class='ocrx_word' id='word_1_604' title='bbox 1529 3932 1609 3998; x_wconf 90' lang='lat' dir='ltr'><strong>In</strong></span> <span class='ocrx_word' id='word_1_605' title='bbox 1671 3933 1900 4016; x_wconf 88' lang='lat' dir='ltr'><strong>primis</strong></span> <span class='ocrx_word' id='word_1_606' title='bbox 1960 3953 2118 3997; x_wconf 88' lang='lat' dir='ltr'><strong>vero</strong></span> <span class='ocrx_word' id='word_1_607' title='bbox 2228 3934 2585 4011; x_wconf 90' lang='lat' dir='ltr'><strong>decretum,</strong></span> <span class='ocrx_word' id='word_1_608' title='bbox 2634 3932 2843 3999; x_wconf 90' lang='lat' dir='ltr'><strong>voluit</strong></span> <span class='ocrx_word' id='word_1_609' title='bbox 2902 3932 3026 3998; x_wconf 88' lang='lat' dir='ltr'><strong>boc</strong></span> <span class='ocrx_word' id='word_1_610' title='bbox 3088 3941 3379 4016; x_wconf 85' lang='lat' dir='ltr'><strong>tempore</strong></span> <span class='ocrx_word' id='word_1_611' title='bbox 3423 3951 3462 3995; x_wconf 89' lang='lat' dir='ltr'><strong>a</strong></span> <span class='ocrx_word' id='word_1_612' title='bbox 3507 3931 3709 3997; x_wconf 81' lang='lat' dir='ltr'><strong>Saule</strong></span> <span class='ocrx_word' id='word_1_613' title='bbox 3768 3931 4046 4016; x_wconf 83' lang='lat' dir='ltr'><strong>impleri,</strong></span> <span class='ocrx_word' id='word_1_614' title='bbox 4107 3938 4173 3996; x_wconf 91' lang='lat' dir='ltr'><strong>et</strong></span> 
     </span>
    </p>
   </div>
   <div class='ocr_carea' id='block_1_18' title="bbox 196 4014 2122 5220">
    <p class='ocr_par' dir='ltr' id='par_1_19' title="bbox 196 4014 2122 5220">
     <span class='ocr_line' id='line_1_82' title="bbox 200 4014 2122 4102; baseline 0.003 -27"><span class='ocrx_word' id='word_1_615' title='bbox 200 4014 550 4080; x_wconf 85' lang='lat' dir='ltr'><strong>cavendum</strong></span> <span class='ocrx_word' id='word_1_616' title='bbox 601 4037 999 4101; x_wconf 89' lang='lat' dir='ltr'><strong>magnopere</strong></span> <span class='ocrx_word' id='word_1_617' title='bbox 1045 4041 1125 4084; x_wconf 91' lang='lat' dir='ltr'><strong>ne</strong></span> <span class='ocrx_word' id='word_1_618' title='bbox 1149 4017 1364 4084; x_wconf 90' lang='lat' dir='ltr'><strong>Deum</strong></span> <span class='ocrx_word' id='word_1_619' title='bbox 1414 4019 1614 4084; x_wconf 83' lang='lat' dir='ltr'><strong>veluti</strong></span> <span class='ocrx_word' id='word_1_620' title='bbox 1658 4020 1843 4084; x_wconf 88' lang='lat' dir='ltr'><strong>nobis</strong></span> <span class='ocrx_word' id='word_1_621' title='bbox 1889 4037 2122 4102; x_wconf 86' lang='lat' dir='ltr'><strong>aequa-</strong></span> 
     </span>
     <span class='ocr_line' id='line_1_83' title="bbox 199 4094 2119 4196; baseline 0.002 -32"><span class='ocrx_word' id='word_1_622' title='bbox 199 4094 313 4196; x_wconf 67' lang='lat' dir='ltr'><strong>lem</strong></span> <span class='ocrx_word' id='word_1_623' title='bbox 368 4100 728 4167; x_wconf 80' lang='lat' dir='ltr'><strong>faciamus:</strong></span> <span class='ocrx_word' id='word_1_624' title='bbox 788 4102 900 4170; x_wconf 88' lang='lat' dir='ltr'><strong>sed</strong></span> <span class='ocrx_word' id='word_1_625' title='bbox 959 4106 1171 4187; x_wconf 83' lang='lat' dir='ltr'><strong>potius</strong></span> <span class='ocrx_word' id='word_1_626' title='bbox 1232 4103 1445 4171; x_wconf 83' lang='lat' dir='ltr'><strong>dand&#39;a</strong></span> <span class='ocrx_word' id='word_1_627' title='bbox 1504 4125 1715 4188; x_wconf 89' lang='lat' dir='ltr'><strong>opera,</strong></span> <span class='ocrx_word' id='word_1_628' title='bbox 1777 4115 1847 4169; x_wconf 91' lang='lat' dir='ltr'><strong>ut</strong></span> <span class='ocrx_word' id='word_1_629' title='bbox 1903 4123 2119 4169; x_wconf 88' lang='lat' dir='ltr'><strong>coram</strong></span> 
     </span>
     <span class='ocr_line' id='line_1_84' title="bbox 199 4187 2122 4275; baseline 0.004 -29"><span class='ocrx_word' id='word_1_630' title='bbox 199 4203 322 4266; x_wconf 76' lang='lat' dir='ltr'><strong>ipso</strong></span> <span class='ocrx_word' id='word_1_631' title='bbox 365 4199 595 4253; x_wconf 88' lang='lat' dir='ltr'><strong>nostro</strong></span> <span class='ocrx_word' id='word_1_632' title='bbox 641 4187 850 4254; x_wconf 91' lang='lat' dir='ltr'><strong>iudice</strong></span> <span class='ocrx_word' id='word_1_633' title='bbox 897 4191 1103 4274; x_wconf 87' lang='lat' dir='ltr'><strong>magis</strong></span> <span class='ocrx_word' id='word_1_634' title='bbox 1162 4211 1237 4257; x_wconf 89' lang='lat' dir='ltr'><strong>ac</strong></span> <span class='ocrx_word' id='word_1_635' title='bbox 1296 4192 1503 4275; x_wconf 88' lang='lat' dir='ltr'><strong>magis</strong></span> <span class='ocrx_word' id='word_1_636' title='bbox 1560 4190 1999 4269; x_wconf 87' lang='lat' dir='ltr'><strong>humiliemur,</strong></span> <span class='ocrx_word' id='word_1_637' title='bbox 2055 4202 2122 4254; x_wconf 90' lang='lat' dir='ltr'><strong>et</strong></span> 
     </span>
     <span class='ocr_line' id='line_1_85' title="bbox 199 4273 2119 4373; baseline 0.004 -39"><span class='ocrx_word' id='word_1_638' title='bbox 199 4291 303 4368; x_wconf 73' lang='lat' dir='ltr'><strong>nos</strong></span> <span class='ocrx_word' id='word_1_639' title='bbox 358 4276 536 4373; x_wconf 84' lang='lat' dir='ltr'><strong>ipsos</strong></span> <span class='ocrx_word' id='word_1_640' title='bbox 600 4273 1142 4353; x_wconf 88' lang='lat' dir='ltr'><strong>condemnemus,</strong></span> <span class='ocrx_word' id='word_1_641' title='bbox 1198 4297 1324 4360; x_wconf 90' lang='lat' dir='ltr'><strong>quo</strong></span> <span class='ocrx_word' id='word_1_642' title='bbox 1390 4277 1639 4342; x_wconf 84' lang='lat' dir='ltr'><strong>facilius</strong></span> <span class='ocrx_word' id='word_1_643' title='bbox 1697 4278 1970 4361; x_wconf 84' lang='lat' dir='ltr'><strong>gratiam</strong></span> <span class='ocrx_word' id='word_1_644' title='bbox 2039 4276 2119 4341; x_wconf 88' lang='lat' dir='ltr'><strong>ab</strong></span> 
     </span>
     <span class='ocr_line' id='line_1_86' title="bbox 198 4362 2120 4446; baseline 0.004 -29"><span class='ocrx_word' id='word_1_645' title='bbox 198 4376 321 4438; x_wconf 78' lang='lat' dir='ltr'><strong>ipso</strong></span> <span class='ocrx_word' id='word_1_646' title='bbox 378 4370 844 4442; x_wconf 87' lang='lat' dir='ltr'><strong>1mpetremus:</strong></span> <span class='ocrx_word' id='word_1_647' title='bbox 911 4381 984 4426; x_wconf 92' lang='lat' dir='ltr'><strong>ac</strong></span> <span class='ocrx_word' id='word_1_648' title='bbox 1053 4364 1332 4428; x_wconf 86' lang='lat' dir='ltr'><strong>sciamus</strong></span> <span class='ocrx_word' id='word_1_649' title='bbox 1400 4381 1818 4446; x_wconf 85' lang='lat' dir='ltr'><strong>quaecunque</strong></span> <span class='ocrx_word' id='word_1_650' title='bbox 1879 4362 2120 4445; x_wconf 85' lang='lat' dir='ltr'><strong>effugia</strong></span> 
     </span>
     <span class='ocr_line' id='line_1_87' title="bbox 199 4446 2116 4530; baseline 0.003 -25"><span class='ocrx_word' id='word_1_651' title='bbox 199 4446 709 4524; x_wconf 86' lang='lat' dir='ltr'><strong>quaesiverimus</strong></span> <span class='ocrx_word' id='word_1_652' title='bbox 768 4446 1034 4512; x_wconf 89' lang='lat' dir='ltr'><strong>totidem</strong></span> <span class='ocrx_word' id='word_1_653' title='bbox 1097 4448 1316 4514; x_wconf 82' lang='lat' dir='ltr'><strong>foveas</strong></span> <span class='ocrx_word' id='word_1_654' title='bbox 1375 4449 1512 4513; x_wconf 80' lang='lat' dir='ltr'><strong>fore</strong></span> <span class='ocrx_word' id='word_1_655' title='bbox 1552 4449 1622 4512; x_wconf 91' lang='lat' dir='ltr'><strong>in</strong></span> <span class='ocrx_word' id='word_1_656' title='bbox 1668 4467 1828 4530; x_wconf 87' lang='lat' dir='ltr'><strong>quas</strong></span> <span class='ocrx_word' id='word_1_657' title='bbox 1873 4449 2116 4529; x_wconf 82' lang='lat' dir='ltr'><strong>praeci-</strong></span> 
     </span>
     <span class='ocr_line' id='line_1_88' title="bbox 198 4526 2117 4613; baseline 0.004 -23"><span class='ocrx_word' id='word_1_658' title='bbox 198 4526 349 4608; x_wconf 89' lang='lat' dir='ltr'><strong>pites</strong></span> <span class='ocrx_word' id='word_1_659' title='bbox 391 4551 689 4596; x_wconf 86' lang='lat' dir='ltr'><strong>ruamus.</strong></span> <span class='ocrx_word' id='word_1_660' title='bbox 779 4531 1000 4613; x_wconf 79' lang='lat' dir='ltr'><strong>Quare</strong></span> <span class='ocrx_word' id='word_1_661' title='bbox 1059 4533 1114 4598; x_wconf 88' lang='lat' dir='ltr'><strong>si</strong></span> <span class='ocrx_word' id='word_1_662' title='bbox 1161 4534 1477 4598; x_wconf 77' lang='lat' dir='ltr'><strong>admoniti</strong></span> <span class='ocrx_word' id='word_1_663' title='bbox 1537 4542 1614 4598; x_wconf 92' lang='lat' dir='ltr'><strong>ut</strong></span> <span class='ocrx_word' id='word_1_664' title='bbox 1656 4534 1738 4597; x_wconf 85' lang='lat' dir='ltr'><strong>ad</strong></span> <span class='ocrx_word' id='word_1_665' title='bbox 1785 4529 2117 4598; x_wconf 89' lang='lat' dir='ltr'><strong>meliorem</strong></span> 
     </span>
     <span class='ocr_line' id='line_1_89' title="bbox 196 4612 2116 4702; baseline 0.004 -27"><span class='ocrx_word' id='word_1_666' title='bbox 196 4612 434 4698; x_wconf 81' lang='lat' dir='ltr'><strong>frugem</strong></span> <span class='ocrx_word' id='word_1_667' title='bbox 481 4628 912 4695; x_wconf 85' lang='lat' dir='ltr'><strong>revertamur,</strong></span> <span class='ocrx_word' id='word_1_668' title='bbox 963 4618 1141 4683; x_wconf 89' lang='lat' dir='ltr'><strong>virus</strong></span> <span class='ocrx_word' id='word_1_669' title='bbox 1191 4631 1482 4684; x_wconf 86' lang='lat' dir='ltr'><strong>nostrum</strong></span> <span class='ocrx_word' id='word_1_670' title='bbox 1530 4618 1912 4702; x_wconf 88' lang='lat' dir='ltr'><strong>despumare</strong></span> <span class='ocrx_word' id='word_1_671' title='bbox 1956 4619 2116 4683; x_wconf 90' lang='lat' dir='ltr'><strong>inci—</strong></span> 
     </span>
     <span class='ocr_line' id='line_1_90' title="bbox 200 4697 2115 4788; baseline 0.003 -25"><span class='ocrx_word' id='word_1_672' title='bbox 200 4697 416 4780; x_wconf 83' lang='lat' dir='ltr'><strong>pimus,</strong></span> <span class='ocrx_word' id='word_1_673' title='bbox 463 4713 719 4767; x_wconf 87' lang='lat' dir='ltr'><strong>certum</strong></span> <span class='ocrx_word' id='word_1_674' title='bbox 765 4714 867 4769; x_wconf 87' lang='lat' dir='ltr'><strong>est</strong></span> <span class='ocrx_word' id='word_1_675' title='bbox 911 4703 978 4767; x_wconf 92' lang='lat' dir='ltr'><strong>in</strong></span> <span class='ocrx_word' id='word_1_676' title='bbox 1026 4724 1145 4770; x_wconf 89' lang='lat' dir='ltr'><strong>nos</strong></span> <span class='ocrx_word' id='word_1_677' title='bbox 1189 4705 1361 4788; x_wconf 88' lang='lat' dir='ltr'><strong>ipsos</strong></span> <span class='ocrx_word' id='word_1_678' title='bbox 1405 4704 1678 4770; x_wconf 87' lang='lat' dir='ltr'><strong>exitium</strong></span> <span class='ocrx_word' id='word_1_679' title='bbox 1718 4703 2115 4769; x_wconf 89' lang='lat' dir='ltr'><strong>redundatu-</strong></span> 
     </span>
     <span class='ocr_line' id='line_1_91' title="bbox 198 4789 2114 4875; baseline 0.002 -27"><span class='ocrx_word' id='word_1_680' title='bbox 198 4804 348 4850; x_wconf 84' lang='lat' dir='ltr'><strong>rum.</strong></span> <span class='ocrx_word' id='word_1_681' title='bbox 417 4789 798 4854; x_wconf 67' lang='lat' dir='ltr'><strong>metuamus</strong></span> <span class='ocrx_word' id='word_1_682' title='bbox 833 4790 1048 4873; x_wconf 87' lang='lat' dir='ltr'><strong>itaque</strong></span> <span class='ocrx_word' id='word_1_683' title='bbox 1091 4799 1157 4855; x_wconf 91' lang='lat' dir='ltr'><strong>et</strong></span> <span class='ocrx_word' id='word_1_684' title='bbox 1180 4791 1508 4875; x_wconf 85' lang='lat' dir='ltr'><strong>fugiamus</strong></span> <span class='ocrx_word' id='word_1_685' title='bbox 1524 4801 1782 4857; x_wconf 89' lang='lat' dir='ltr'><strong>tantum</strong></span> <span class='ocrx_word' id='word_1_686' title='bbox 1807 4790 2114 4854; x_wconf 85' lang='lat' dir='ltr'><strong>exitium:</strong></span> 
     </span>
     <span class='ocr_line' id='line_1_92' title="bbox 197 4873 2115 4954; baseline 0 -15"><span class='ocrx_word' id='word_1_687' title='bbox 197 4883 258 4931; x_wconf 87' lang='lat' dir='ltr'><strong>et</strong></span> <span class='ocrx_word' id='word_1_688' title='bbox 296 4893 513 4939; x_wconf 88' lang='lat' dir='ltr'><strong>coram</strong></span> <span class='ocrx_word' id='word_1_689' title='bbox 565 4873 689 4939; x_wconf 85' lang='lat' dir='ltr'><strong>Dei</strong></span> <span class='ocrx_word' id='word_1_690' title='bbox 750 4878 1089 4941; x_wconf 83' lang='lat' dir='ltr'><strong>maiestate</strong></span> <span class='ocrx_word' id='word_1_691' title='bbox 1147 4879 1239 4942; x_wconf 89' lang='lat' dir='ltr'><strong>sic</strong></span> <span class='ocrx_word' id='word_1_692' title='bbox 1285 4876 1682 4954; x_wconf 89' lang='lat' dir='ltr'><strong>deiiciamur,</strong></span> <span class='ocrx_word' id='word_1_693' title='bbox 1743 4886 1819 4940; x_wconf 91' lang='lat' dir='ltr'><strong>ut</strong></span> <span class='ocrx_word' id='word_1_694' title='bbox 1863 4875 2115 4940; x_wconf 90' lang='lat' dir='ltr'><strong>miseri-</strong></span> 
     </span>
     <span class='ocr_line' id='line_1_93' title="bbox 196 4957 2117 5046; baseline 0.004 -27"><span class='ocrx_word' id='word_1_695' title='bbox 196 4957 468 5024; x_wconf 85' lang='lat' dir='ltr'><strong>cordiam</strong></span> <span class='ocrx_word' id='word_1_696' title='bbox 504 4959 952 5026; x_wconf 82' lang='lat' dir='ltr'><strong>obtineamus:</strong></span> <span class='ocrx_word' id='word_1_697' title='bbox 990 4983 1153 5044; x_wconf 89' lang='lat' dir='ltr'><strong>quae</strong></span> <span class='ocrx_word' id='word_1_698' title='bbox 1192 4983 1448 5046; x_wconf 89' lang='lat' dir='ltr'><strong>semper</strong></span> <span class='ocrx_word' id='word_1_699' title='bbox 1484 4964 1609 5028; x_wconf 89' lang='lat' dir='ltr'><strong>erit</strong></span> <span class='ocrx_word' id='word_1_700' title='bbox 1645 4974 1890 5045; x_wconf 86' lang='lat' dir='ltr'><strong>parata,</strong></span> <span class='ocrx_word' id='word_1_701' title='bbox 1930 4962 2117 5026; x_wconf 92' lang='lat' dir='ltr'><strong>modo</strong></span> 
     </span>
     <span class='ocr_line' id='line_1_94' title="bbox 196 5046 2116 5141; baseline 0.004 -38"><span class='ocrx_word' id='word_1_702' title='bbox 196 5058 330 5106; x_wconf 90' lang='lat' dir='ltr'><strong>cum</strong></span> <span class='ocrx_word' id='word_1_703' title='bbox 355 5046 530 5109; x_wconf 88' lang='lat' dir='ltr'><strong>seria</strong></span> <span class='ocrx_word' id='word_1_704' title='bbox 554 5047 954 5128; x_wconf 88' lang='lat' dir='ltr'><strong>poenitentia</strong></span> <span class='ocrx_word' id='word_1_705' title='bbox 990 5057 1056 5110; x_wconf 88' lang='lat' dir='ltr'><strong>et</strong></span> <span class='ocrx_word' id='word_1_706' title='bbox 1089 5058 1364 5141; x_wconf 58' lang='grc' dir='ltr'><strong>μετανοίᾳ</strong></span> <span class='ocrx_word' id='word_1_707' title='bbox 1395 5051 1649 5114; x_wconf 87' lang='lat' dir='ltr'><strong>veniam</strong></span> <span class='ocrx_word' id='word_1_708' title='bbox 1677 5047 2116 5132; x_wconf 91' lang='lat' dir='ltr'><strong>deprecemur.</strong></span> 
     </span>
     <span class='ocr_line' id='line_1_95' title="bbox 199 5124 2118 5220; baseline 0.004 -30"><span class='ocrx_word' id='word_1_709' title='bbox 199 5124 533 5195; x_wconf 81' lang='lat' dir='ltr'><strong>Caeterum</strong></span> <span class='ocrx_word' id='word_1_710' title='bbox 583 5131 644 5195; x_wconf 89' lang='lat' dir='ltr'><strong>si</strong></span> <span class='ocrx_word' id='word_1_711' title='bbox 686 5134 1020 5220; x_wconf 86' lang='lat' dir='ltr'><strong>contingat</strong></span> <span class='ocrx_word' id='word_1_712' title='bbox 1065 5153 1174 5199; x_wconf 87' lang='lat' dir='ltr'><strong>eos</strong></span> <span class='ocrx_word' id='word_1_713' title='bbox 1217 5135 1328 5218; x_wconf 89' lang='lat' dir='ltr'><strong>qui</strong></span> <span class='ocrx_word' id='word_1_714' title='bbox 1366 5136 1432 5199; x_wconf 91' lang='lat' dir='ltr'><strong>in</strong></span> <span class='ocrx_word' id='word_1_715' title='bbox 1471 5133 1643 5200; x_wconf 90' lang='lat' dir='ltr'><strong>hunc</strong></span> <span class='ocrx_word' id='word_1_716' title='bbox 1676 5134 1939 5199; x_wconf 87' lang='lat' dir='ltr'><strong>modum</strong></span> <span class='ocrx_word' id='word_1_717' title='bbox 1978 5153 2118 5199; x_wconf 87' lang='lat' dir='ltr'><strong>sese</strong></span> 
     </span>
    </p>
   </div>
   <div class='ocr_carea' id='block_1_19' title="bbox 2220 4016 4173 5217">
    <p class='ocr_par' dir='ltr' id='par_1_20' title="bbox 2220 4016 4173 5217">
     <span class='ocr_line' id='line_1_96' title="bbox 2226 4016 4170 4100; baseline -0.003 -15"><span class='ocrx_word' id='word_1_718' title='bbox 2226 4020 2627 4085; x_wconf 87' lang='lat' dir='ltr'><strong>Amalecitas</strong></span> <span class='ocrx_word' id='word_1_719' title='bbox 2672 4019 2967 4084; x_wconf 83' lang='lat' dir='ltr'><strong>funditus</strong></span> <span class='ocrx_word' id='word_1_720' title='bbox 3014 4017 3234 4082; x_wconf 91' lang='lat' dir='ltr'><strong>deleri.</strong></span> <span class='ocrx_word' id='word_1_721' title='bbox 3305 4016 3380 4085; x_wconf 83' lang='lat' dir='ltr'><strong>Si</strong></span> <span class='ocrx_word' id='word_1_722' title='bbox 3426 4018 3570 4100; x_wconf 89' lang='lat' dir='ltr'><strong>quis</strong></span> <span class='ocrx_word' id='word_1_723' title='bbox 3618 4038 3773 4082; x_wconf 88' lang='lat' dir='ltr'><strong>vero</strong></span> <span class='ocrx_word' id='word_1_724' title='bbox 3819 4017 3925 4081; x_wconf 89' lang='lat' dir='ltr'><strong>hic</strong></span> <span class='ocrx_word' id='word_1_725' title='bbox 3972 4036 4170 4099; x_wconf 85' lang='lat' dir='ltr'><strong>quae·</strong></span> 
     </span>
     <span class='ocr_line' id='line_1_97' title="bbox 2223 4101 4170 4187; baseline -0.002 -17"><span class='ocrx_word' id='word_1_726' title='bbox 2223 4118 2359 4182; x_wconf 88' lang='lat' dir='ltr'><strong>rat,</strong></span> <span class='ocrx_word' id='word_1_727' title='bbox 2450 4105 2779 4171; x_wconf 88' lang='lat' dir='ltr'><strong>bestiacne</strong></span> <span class='ocrx_word' id='word_1_728' title='bbox 2854 4105 3064 4169; x_wconf 89' lang='lat' dir='ltr'><strong>Deum</strong></span> <span class='ocrx_word' id='word_1_729' title='bbox 3147 4103 3572 4169; x_wconf 85' lang='lat' dir='ltr'><strong>offendissent</strong></span> <span class='ocrx_word' id='word_1_730' title='bbox 3596 4154 3610 4181; x_wconf 86' lang='lat'><strong>,</strong></span> <span class='ocrx_word' id='word_1_731' title='bbox 3699 4101 4170 4187; x_wconf 85' lang='lat' dir='ltr'><strong>respondemus</strong></span> 
     </span>
     <span class='ocr_line' id='line_1_98' title="bbox 2226 4186 4173 4273; baseline -0.004 -18"><span class='ocrx_word' id='word_1_732' title='bbox 2226 4213 2354 4255; x_wconf 92' lang='lat' dir='ltr'><strong>non</strong></span> <span class='ocrx_word' id='word_1_733' title='bbox 2424 4212 2566 4256; x_wconf 91' lang='lat' dir='ltr'><strong>esse</strong></span> <span class='ocrx_word' id='word_1_734' title='bbox 2628 4189 2734 4256; x_wconf 89' lang='lat' dir='ltr'><strong>hic</strong></span> <span class='ocrx_word' id='word_1_735' title='bbox 2800 4190 3020 4256; x_wconf 89' lang='lat' dir='ltr'><strong>locum</strong></span> <span class='ocrx_word' id='word_1_736' title='bbox 3088 4187 3459 4255; x_wconf 90' lang='lat' dir='ltr'><strong>istiusmodi</strong></span> <span class='ocrx_word' id='word_1_737' title='bbox 3524 4186 4047 4273; x_wconf 88' lang='lat' dir='ltr'><strong>quaestionibus:</strong></span> <span class='ocrx_word' id='word_1_738' title='bbox 4106 4195 4173 4249; x_wconf 88' lang='lat' dir='ltr'><strong>et</strong></span> 
     </span>
     <span class='ocr_line' id='line_1_99' title="bbox 2224 4271 4167 4360; baseline -0.003 -19"><span class='ocrx_word' id='word_1_739' title='bbox 2224 4278 2384 4341; x_wconf 86' lang='lat' dir='ltr'><strong>satis</strong></span> <span class='ocrx_word' id='word_1_740' title='bbox 2428 4277 2780 4341; x_wconf 86' lang='lat' dir='ltr'><strong>offendisse</strong></span> <span class='ocrx_word' id='word_1_741' title='bbox 2826 4275 3147 4340; x_wconf 88' lang='lat' dir='ltr'><strong>adversus</strong></span> <span class='ocrx_word' id='word_1_742' title='bbox 3193 4296 3359 4360; x_wconf 86' lang='lat' dir='ltr'><strong>quos</strong></span> <span class='ocrx_word' id='word_1_743' title='bbox 3403 4275 3536 4339; x_wconf 86' lang='lat' dir='ltr'><strong>lata</strong></span> <span class='ocrx_word' id='word_1_744' title='bbox 3580 4274 3903 4340; x_wconf 87' lang='lat' dir='ltr'><strong>sententia</strong></span> <span class='ocrx_word' id='word_1_745' title='bbox 3948 4294 3987 4336; x_wconf 91' lang='lat' dir='ltr'><strong>a</strong></span> <span class='ocrx_word' id='word_1_746' title='bbox 4030 4271 4167 4337; x_wconf 88' lang='lat' dir='ltr'><strong>Do-</strong></span> 
     </span>
     <span class='ocr_line' id='line_1_100' title="bbox 2224 4356 4166 4442; baseline -0.004 -15"><span class='ocrx_word' id='word_1_747' title='bbox 2224 4364 2420 4442; x_wconf 91' lang='lat' dir='ltr'><strong>mino,</strong></span> <span class='ocrx_word' id='word_1_748' title='bbox 2478 4362 2559 4426; x_wconf 75' lang='lat' dir='ltr'><strong>ud</strong></span> <span class='ocrx_word' id='word_1_749' title='bbox 2621 4361 2807 4426; x_wconf 90' lang='lat' dir='ltr'><strong>cuius</strong></span> <span class='ocrx_word' id='word_1_750' title='bbox 2868 4360 3109 4426; x_wconf 89' lang='lat' dir='ltr'><strong>iudicia</strong></span> <span class='ocrx_word' id='word_1_751' title='bbox 3167 4362 3461 4426; x_wconf 88' lang='lat' dir='ltr'><strong>omnium</strong></span> <span class='ocrx_word' id='word_1_752' title='bbox 3508 4381 3578 4424; x_wconf 91' lang='lat' dir='ltr'><strong>os</strong></span> <span class='ocrx_word' id='word_1_753' title='bbox 3637 4370 3887 4442; x_wconf 86' lang='lat' dir='ltr'><strong>oportet</strong></span> <span class='ocrx_word' id='word_1_754' title='bbox 3932 4356 4166 4434; x_wconf 90' lang='lat' dir='ltr'><strong>claudi,</strong></span> 
     </span>
     <span class='ocr_line' id='line_1_101' title="bbox 2223 4442 4167 4530; baseline -0.003 -18"><span class='ocrx_word' id='word_1_755' title='bbox 2223 4462 2287 4512; x_wconf 91' lang='lat' dir='ltr'><strong>et</strong></span> <span class='ocrx_word' id='word_1_756' title='bbox 2332 4449 2410 4514; x_wconf 83' lang='lat' dir='ltr'><strong>ab</strong></span> <span class='ocrx_word' id='word_1_757' title='bbox 2474 4447 2617 4513; x_wconf 90' lang='lat' dir='ltr'><strong>eius</strong></span> <span class='ocrx_word' id='word_1_758' title='bbox 2678 4446 2873 4511; x_wconf 87' lang='lat' dir='ltr'><strong>unius</strong></span> <span class='ocrx_word' id='word_1_759' title='bbox 2932 4445 3275 4511; x_wconf 88' lang='lat' dir='ltr'><strong>voluntate</strong></span> <span class='ocrx_word' id='word_1_760' title='bbox 3335 4446 3637 4530; x_wconf 90' lang='lat' dir='ltr'><strong>pendere.</strong></span> <span class='ocrx_word' id='word_1_761' title='bbox 3726 4442 4167 4509; x_wconf 84' lang='lat' dir='ltr'><strong>Nihilominus</strong></span> 
     </span>
     <span class='ocr_line' id='line_1_102' title="bbox 2223 4529 4167 4605; baseline -0.004 -7"><span class='ocrx_word' id='word_1_762' title='bbox 2223 4545 2438 4598; x_wconf 89' lang='lat' dir='ltr'><strong>tamen</strong></span> <span class='ocrx_word' id='word_1_763' title='bbox 2487 4547 2738 4598; x_wconf 86' lang='lat' dir='ltr'><strong>certum</strong></span> <span class='ocrx_word' id='word_1_764' title='bbox 2785 4544 2885 4598; x_wconf 89' lang='lat' dir='ltr'><strong>est</strong></span> <span class='ocrx_word' id='word_1_765' title='bbox 2923 4530 3190 4598; x_wconf 85' lang='lat' dir='ltr'><strong>Saulem</strong></span> <span class='ocrx_word' id='word_1_766' title='bbox 3240 4543 3507 4597; x_wconf 86' lang='lat' dir='ltr'><strong>strenue</strong></span> <span class='ocrx_word' id='word_1_767' title='bbox 3553 4531 3749 4596; x_wconf 80' lang='lat' dir='ltr'><strong>fuisse</strong></span> <span class='ocrx_word' id='word_1_768' title='bbox 3795 4529 4167 4605; x_wconf 89' lang='lat' dir='ltr'><strong>mentitum,</strong></span> 
     </span>
     <span class='ocr_line' id='line_1_103' title="bbox 2222 4614 4167 4704; baseline -0.003 -20"><span class='ocrx_word' id='word_1_769' title='bbox 2222 4640 2422 4704; x_wconf 88' lang='lat' dir='ltr'><strong>quum</strong></span> <span class='ocrx_word' id='word_1_770' title='bbox 2469 4617 2615 4684; x_wconf 91' lang='lat' dir='ltr'><strong>Deo</strong></span> <span class='ocrx_word' id='word_1_771' title='bbox 2661 4620 2965 4684; x_wconf 88' lang='lat' dir='ltr'><strong>victimas</strong></span> <span class='ocrx_word' id='word_1_772' title='bbox 3009 4617 3374 4683; x_wconf 81' lang='lat' dir='ltr'><strong>offerendas</strong></span> <span class='ocrx_word' id='word_1_773' title='bbox 3420 4624 3849 4699; x_wconf 85' lang='lat' dir='ltr'><strong>praetexeret.</strong></span> <span class='ocrx_word' id='word_1_774' title='bbox 3937 4614 4167 4696; x_wconf 89' lang='lat' dir='ltr'><strong>Neque</strong></span> 
     </span>
     <span class='ocr_line' id='line_1_104' title="bbox 2221 4698 4164 4788; baseline -0.003 -19"><span class='ocrx_word' id='word_1_775' title='bbox 2221 4705 2396 4770; x_wconf 89' lang='lat' dir='ltr'><strong>enim</strong></span> <span class='ocrx_word' id='word_1_776' title='bbox 2441 4715 2699 4770; x_wconf 86' lang='lat' dir='ltr'><strong>tantum</strong></span> <span class='ocrx_word' id='word_1_777' title='bbox 2747 4705 2999 4787; x_wconf 88' lang='lat' dir='ltr'><strong>opimas</strong></span> <span class='ocrx_word' id='word_1_778' title='bbox 3060 4702 3343 4788; x_wconf 87' lang='lat' dir='ltr'><strong>pecudes</strong></span> <span class='ocrx_word' id='word_1_779' title='bbox 3409 4702 3516 4766; x_wconf 91' lang='lat' dir='ltr'><strong>vel</strong></span> <span class='ocrx_word' id='word_1_780' title='bbox 3577 4723 3659 4766; x_wconf 88' lang='lat' dir='ltr'><strong>ex</strong></span> <span class='ocrx_word' id='word_1_781' title='bbox 3704 4699 4012 4785; x_wconf 85' lang='lat' dir='ltr'><strong>gregibus</strong></span> <span class='ocrx_word' id='word_1_782' title='bbox 4054 4698 4164 4763; x_wconf 90' lang='lat' dir='ltr'><strong>vel</strong></span> 
     </span>
     <span class='ocr_line' id='line_1_105' title="bbox 2222 4785 4164 4870; baseline -0.004 -14"><span class='ocrx_word' id='word_1_783' title='bbox 2222 4814 2302 4857; x_wconf 92' lang='lat' dir='ltr'><strong>ex</strong></span> <span class='ocrx_word' id='word_1_784' title='bbox 2349 4790 2665 4855; x_wconf 90' lang='lat' dir='ltr'><strong>armentis</strong></span> <span class='ocrx_word' id='word_1_785' title='bbox 2712 4802 3103 4867; x_wconf 84' lang='lat' dir='ltr'><strong>reservarat,</strong></span> <span class='ocrx_word' id='word_1_786' title='bbox 3148 4788 3260 4854; x_wconf 87' lang='lat' dir='ltr'><strong>sed</strong></span> <span class='ocrx_word' id='word_1_787' title='bbox 3306 4789 3618 4870; x_wconf 87' lang='lat' dir='ltr'><strong>optimam</strong></span> <span class='ocrx_word' id='word_1_788' title='bbox 3666 4800 3733 4850; x_wconf 89' lang='lat' dir='ltr'><strong>et</strong></span> <span class='ocrx_word' id='word_1_789' title='bbox 3774 4785 4164 4870; x_wconf 84' lang='lat' dir='ltr'><strong>pretiosissi-</strong></span> 
     </span>
     <span class='ocr_line' id='line_1_106' title="bbox 2221 4869 4173 4960; baseline -0.004 -18"><span class='ocrx_word' id='word_1_790' title='bbox 2221 4895 2396 4942; x_wconf 92' lang='lat' dir='ltr'><strong>mam</strong></span> <span class='ocrx_word' id='word_1_791' title='bbox 2439 4896 2764 4960; x_wconf 87' lang='lat' dir='ltr'><strong>quamque</strong></span> <span class='ocrx_word' id='word_1_792' title='bbox 2811 4874 3308 4959; x_wconf 86' lang='lat' dir='ltr'><strong>supellectilem.</strong></span> <span class='ocrx_word' id='word_1_793' title='bbox 3397 4871 3562 4938; x_wconf 78' lang='lat' dir='ltr'><strong>Saul</strong></span> <span class='ocrx_word' id='word_1_794' title='bbox 3618 4871 3840 4956; x_wconf 87' lang='lat' dir='ltr'><strong>itaque</strong></span> <span class='ocrx_word' id='word_1_795' title='bbox 3883 4869 4173 4955; x_wconf 84' lang='lat' dir='ltr'><strong>quodam</strong></span> 
     </span>
     <span class='ocr_line' id='line_1_107' title="bbox 2222 4956 4163 5046; baseline -0.003 -20"><span class='ocrx_word' id='word_1_796' title='bbox 2222 4961 2486 5046; x_wconf 89' lang='lat' dir='ltr'><strong>quidem</strong></span> <span class='ocrx_word' id='word_1_797' title='bbox 2531 4962 2797 5046; x_wconf 83' lang='lat' dir='ltr'><strong>pietatis</strong></span> <span class='ocrx_word' id='word_1_798' title='bbox 2833 4961 3050 5028; x_wconf 89' lang='lat' dir='ltr'><strong>studio</strong></span> <span class='ocrx_word' id='word_1_799' title='bbox 3078 4960 3311 5025; x_wconf 83' lang='lat' dir='ltr'><strong>ductus</strong></span> <span class='ocrx_word' id='word_1_800' title='bbox 3346 4969 3462 5038; x_wconf 91' lang='lat' dir='ltr'><strong>est,</strong></span> <span class='ocrx_word' id='word_1_801' title='bbox 3499 4957 3610 5023; x_wconf 86' lang='lat' dir='ltr'><strong>sed</strong></span> <span class='ocrx_word' id='word_1_802' title='bbox 3638 4956 3915 5022; x_wconf 83' lang='lat' dir='ltr'><strong>avaritia</strong></span> <span class='ocrx_word' id='word_1_803' title='bbox 3935 4956 4163 5040; x_wconf 85' lang='lat' dir='ltr'><strong>mixto,</strong></span> 
     </span>
     <span class='ocr_line' id='line_1_108' title="bbox 2221 5042 4163 5132; baseline -0.004 -18"><span class='ocrx_word' id='word_1_804' title='bbox 2221 5059 2294 5114; x_wconf 87' lang='lat' dir='ltr'><strong>ut</strong></span> <span class='ocrx_word' id='word_1_805' title='bbox 2348 5049 2482 5113; x_wconf 85' lang='lat' dir='ltr'><strong>fere</strong></span> <span class='ocrx_word' id='word_1_806' title='bbox 2544 5047 2761 5111; x_wconf 88' lang='lat' dir='ltr'><strong>solent</strong></span> <span class='ocrx_word' id='word_1_807' title='bbox 2819 5046 3216 5132; x_wconf 82' lang='lat' dir='ltr'><strong>hypocritae.</strong></span> <span class='ocrx_word' id='word_1_808' title='bbox 3307 5042 3437 5132; x_wconf 73' lang='lat' dir='ltr'><strong>Sed</strong></span> <span class='ocrx_word' id='word_1_809' title='bbox 3501 5043 3746 5109; x_wconf 89' lang='lat' dir='ltr'><strong>nullius</strong></span> <span class='ocrx_word' id='word_1_810' title='bbox 3811 5043 3940 5107; x_wconf 86' lang='lat' dir='ltr'><strong>ista</strong></span> <span class='ocrx_word' id='word_1_811' title='bbox 4006 5052 4163 5108; x_wconf 84' lang='lat' dir='ltr'><strong>eunt</strong></span> 
     </span>
     <span class='ocr_line' id='line_1_109' title="bbox 2220 5126 4169 5217; baseline -0.002 -19"><span class='ocrx_word' id='word_1_812' title='bbox 2220 5134 2390 5217; x_wconf 85' lang='lat' dir='ltr'><strong>apud</strong></span> <span class='ocrx_word' id='word_1_813' title='bbox 2435 5133 2659 5198; x_wconf 91' lang='lat' dir='ltr'><strong>Deum</strong></span> <span class='ocrx_word' id='word_1_814' title='bbox 2716 5134 3047 5213; x_wconf 90' lang='lat' dir='ltr'><strong>momenti,</strong></span> <span class='ocrx_word' id='word_1_815' title='bbox 3096 5139 3169 5196; x_wconf 91' lang='lat' dir='ltr'><strong>ut</strong></span> <span class='ocrx_word' id='word_1_816' title='bbox 3228 5129 3460 5194; x_wconf 89' lang='lat' dir='ltr'><strong>merito</strong></span> <span class='ocrx_word' id='word_1_817' title='bbox 3519 5129 3608 5193; x_wconf 90' lang='lat' dir='ltr'><strong>sit</strong></span> <span class='ocrx_word' id='word_1_818' title='bbox 3651 5149 3691 5195; x_wconf 91' lang='lat' dir='ltr'><strong>a</strong></span> <span class='ocrx_word' id='word_1_819' title='bbox 3738 5126 4020 5193; x_wconf 77' lang='lat' dir='ltr'><strong>Domine</strong></span> <span class='ocrx_word' id='word_1_820' title='bbox 4054 5149 4169 5194; x_wconf 87' lang='lat' dir='ltr'><strong>re·-</strong></span> 
     </span>
    </p>
   </div>
   <div class='ocr_carea' id='block_1_20' title="bbox 198 5211 4153 5304">
    <p class='ocr_par' dir='ltr' id='par_1_21' title="bbox 198 5211 4153 5304">
     <span class='ocr_line' id='line_1_110' title="bbox 198 5211 4153 5304; baseline 0 -26"><span class='ocrx_word' id='word_1_821' title='bbox 198 5216 611 5293; x_wconf 84' lang='lat' dir='ltr'><strong>pertinaciter</strong></span> <span class='ocrx_word' id='word_1_822' title='bbox 676 5227 933 5301; x_wconf 85' lang='lat' dir='ltr'><strong>gerunt.</strong></span> <span class='ocrx_word' id='word_1_823' title='bbox 1003 5218 1072 5283; x_wconf 92' lang='lat' dir='ltr'><strong>in</strong></span> <span class='ocrx_word' id='word_1_824' title='bbox 1139 5240 1367 5285; x_wconf 89' lang='lat' dir='ltr'><strong>eorum</strong></span> <span class='ocrx_word' id='word_1_825' title='bbox 1435 5239 1574 5287; x_wconf 87' lang='lat' dir='ltr'><strong>esse</strong></span> <span class='ocrx_word' id='word_1_826' title='bbox 1654 5240 1923 5286; x_wconf 89' lang='lat' dir='ltr'><strong>numero</strong></span> <span class='ocrx_word' id='word_1_827' title='bbox 2003 5220 2116 5303; x_wconf 91' lang='lat' dir='ltr'><strong>qui</strong></span> <span class='ocrx_word' id='word_1_828' title='bbox 2220 5220 2562 5304; x_wconf 86' lang='lat' dir='ltr'><strong>probatus:</strong></span> <span class='ocrx_word' id='word_1_829' title='bbox 2632 5215 2807 5301; x_wconf 85' lang='lat' dir='ltr'><strong>quod</strong></span> <span class='ocrx_word' id='word_1_830' title='bbox 2848 5238 3045 5301; x_wconf 92' lang='lat' dir='ltr'><strong>opera</strong></span> <span class='ocrx_word' id='word_1_831' title='bbox 3091 5227 3315 5281; x_wconf 89' lang='lat' dir='ltr'><strong>nostra</strong></span> <span class='ocrx_word' id='word_1_832' title='bbox 3358 5235 3490 5280; x_wconf 90' lang='lat' dir='ltr'><strong>non</strong></span> <span class='ocrx_word' id='word_1_833' title='bbox 3549 5214 3680 5280; x_wconf 87' lang='lat' dir='ltr'><strong>alia</strong></span> <span class='ocrx_word' id='word_1_834' title='bbox 3746 5216 3996 5280; x_wconf 88' lang='lat' dir='ltr'><strong>ratione</strong></span> <span class='ocrx_word' id='word_1_835' title='bbox 4038 5211 4153 5279; x_wconf 86' lang='lat' dir='ltr'><strong>ha·</strong></span> 
     </span>
    </p>
   </div>
  </div>
 </body>
</html>
