5059 6059
259 338 372 404 437

250 526 351 592 illo
381 522 743 591 vestimenti
779 542 1023 606 genere
1066 521 1438 589 declarabat
1482 544 1523 588 a
1564 544 1636 588 se
1676 523 1918 590 electos
1961 543 2172 590 sacer-

251 611 448 690 dotes,
515 615 581 673 et
637 606 762 674 hoc
821 628 1007 674 sacro
1068 611 1457 675 vestimento
1514 608 1642 675 sibi
1696 609 2174 691 quodammodo

253 707 674 762 consecratos:
719 695 829 777 qni
866 714 984 777 per
1019 715 1089 759 se
1120 693 1271 761 licet
1304 692 1562 779 indigni
1597 704 1818 760 essent
1850 694 1934 759 ad
1967 698 2172 760 intere

253 778 590 849 cedendum
639 800 755 863 pro
796 780 1038 863 populo
1082 780 1255 862 apud
1283 780 1524 860 Deum,
1568 791 1835 865 propter
1877 781 2172 847 nativam

251 866 732 949 corruptionem,
795 866 976 931 Deus
1034 877 1254 930 tamen
1313 866 1462 931 illos
1505 866 1752 932 iustitia
1794 876 1861 931 et
1900 867 2172 950 integri-

252 965 372 1019 tate
413 951 747 1025 vestiebat,
807 961 879 1015 ut
923 951 1387 1033 perfectionem
1435 951 1763 1033 quandam
1809 952 2174 1035 angelicam

249 1047 818 1122 repraesentarent.
884 1035 1328 1117 Quamobrem
1372 1038 1429 1103 si
1475 1036 1633 1104 Saul
1680 1046 1930 1121 guttam
1979 1057 2174 1102 verae

249 1123 493 1209 pietatis
559 1132 626 1187 et
690 1122 1024 1207 religionis
1089 1121 1428 1189 habuisset
1448 1173 1466 1201 ,
1532 1123 1760 1207 procul
1828 1122 2026 1188 dubio
2090 1123 2174 1188 ad

249 1210 440 1277 solum
498 1217 919 1292 conspectum
978 1208 1389 1275 sacerdotum
1433 1208 1541 1275 vel
1585 1208 1796 1293 ephod
1844 1219 2022 1274 totus
2063 1228 2175 1274 co-

249 1293 613 1377 horruisset,
671 1292 1198 1378 quandoquidem
1255 1293 1382 1359 Dei
1439 1295 1695 1360 nomini
1751 1295 1922 1360 sacri
1963 1305 2174 1371 erant,

246 1392 306 1446 et
343 1378 637 1446 dedicati.
715 1379 892 1445 Hinc
935 1380 1139 1465 igitur
1180 1390 1454 1464 apparet
1498 1378 1766 1448 Saulem
1803 1400 1939 1446 non
1982 1380 2174 1446 modo

247 1464 502 1532 saevitia
545 1476 613 1530 ct
638 1464 1043 1531 crudelitate
1086 1467 1439 1531 immanem
1483 1466 1703 1547 fuisse,
1745 1466 1955 1533 instar
1997 1466 2176 1532 ferae

245 1550 568 1617 cuiusdam
628 1549 1051 1617 furibundae:
1116 1551 1229 1618 sed
1280 1572 1542 1617 omnem
1588 1552 2066 1618 humanitatem
2108 1561 2178 1618 et

245 1636 364 1702 Dei
417 1636 719 1702 timorem
771 1638 1030 1703 exuisse
1051 1686 1069 1719 ,
1124 1646 1191 1702 et
1244 1658 1284 1702 a
1340 1636 1593 1703 diabolo
1638 1658 1904 1720 prorsus
1945 1658 2177 1705 excae-

244 1732 470 1798 catum,
515 1731 585 1787 et
605 1722 943 1804 stupidum
968 1720 1312 1800 redditum,
1358 1733 1433 1788 ut
1453 1723 1580 1788 Dei
1617 1743 1883 1789 sensum
1921 1723 2176 1789 nullum

243 1808 549 1873 habuerit.
636 1807 823 1874 Haec
878 1828 1038 1873 vero
1095 1820 1254 1874 sunt
1310 1809 1381 1873 in
1438 1829 1632 1874 usum
1685 1821 1984 1875 nostrum
2042 1818 2177 1875 tra-

243 1893 466 1970 henda,
523 1907 592 1958 et
650 1914 780 1958 non
836 1904 1098 1959 tantum
1155 1906 1463 1977 tanquam
1525 1894 1801 1961 historia
1852 1894 2174 1978 quaedam

242 1979 524 2063 legenda,
583 1976 699 2044 sed
755 1978 911 2045 inde
953 1976 1336 2046 discendum
1379 1978 1449 2044 in
1494 1979 1624 2046 Dei
1667 1981 1902 2046 timore
1944 1979 2174 2047 ambu-

239 2064 366 2130 lare
409 2083 560 2129 cum
619 2064 996 2130 reverentia
1037 2074 1107 2129 et
1149 2065 1616 2132 sollicitudine:
1675 2087 1762 2131 ne
1802 2087 2093 2151 unquam
2134 2086 2176 2131 a

240 2149 514 2215 Domino
560 2149 960 2216 recedamus.
1047 2150 1221 2217 Nam
1265 2153 1320 2217 si
1365 2160 1551 2236 terga
1591 2150 1738 2217 Deo
1781 2151 2173 2233 dederimus,

239 2257 277 2301 a
334 2236 516 2302 nobis
582 2236 783 2302 etiam
845 2237 1065 2321 ipsum
1129 2257 1545 2304 recessurum
1608 2246 1861 2304 certum
1919 2246 2046 2318 est;
2108 2248 2175 2304 et

238 2320 670 2389 crescentibus
727 2322 973 2387 nostris
1031 2322 1286 2391 delictis
1301 2373 1317 2400 ,
1387 2323 1587 2389 etiam
1644 2344 1764 2389 nos
1823 2322 1904 2389 ab
1965 2323 2173 2406 ipsius

233 2407 457 2491 spiritu
514 2406 1011 2557 relinquendos,
1069 2421 1138 2475 et
1194 2409 1498 2475 omnibus
1556 2408 1746 2475 donis
1806 2416 1875 2475 et
1938 2410 2174 2494 gratiis

230 2493 423 2576 ipsius
465 2512 686 2559 cxuen
731 2513 823 2570 os,
879 2491 1086 2560 donec
1128 2495 1198 2559 in
1243 2505 1540 2560 monstra
1579 2494 1910 2560 horrenda
1951 2502 2170 2562 trans·

229 2578 601 2655 formemur,
660 2587 729 2644 et
770 2598 1032 2645 omnem
1092 2579 1173 2646 de
1218 2579 1363 2646 Deo
1421 2581 1863 2664 cognitionem
1910 2581 2174 2648 abiicia-

231 2684 382 2730 mus.
490 2661 674 2731 Sane
738 2662 904 2730 Saul
980 2685 1116 2731 non
1193 2666 1538 2749 ignorabat
1612 2665 1982 2733 sacerdotes
2044 2667 2173 2733 Dei

232 2750 506 2816 viventis
588 2747 901 2815 mandato
977 2751 1350 2818 institutos:
1414 2753 1576 2834 quin
1639 2752 1842 2817 etiam
1904 2761 2172 2837 rogatus

231 2834 518 2915 dixisset,
575 2856 649 2901 se
706 2834 878 2902 velle
918 2838 1316 2905 sacrosancti
1359 2837 1610 2903 ordinis
1652 2836 2061 2904 defensorem
2103 2847 2173 2906 et

228 2931 654 3004 protectorem
698 2940 874 2987 esse:
918 2931 1386 2989 verumtamen
1428 2932 1696 3006 repente
1737 2924 1866 2988 ista
1907 2945 1992 2990 ex
2035 2945 2174 2990 me-

229 3007 430 3072 moria
478 3007 696 3091 ipsius
760 3007 1057 3076 effluunt.
1165 3008 1305 3075 Nos
1347 3028 1504 3075 vero
1547 3018 1779 3075 contra
1822 3008 2172 3092 discamus,

232 3090 442 3158 Deum
516 3112 634 3158 eos
703 3092 873 3157 velle
942 3095 1070 3161 ooli
1152 3105 1223 3161 et
1275 3094 1589 3160 honorari
1642 3114 1804 3177 quos
1861 3095 2176 3162 ecclesiae

230 3198 376 3244 suae
421 3178 758 3261 praefecit,
815 3189 885 3244 et
926 3180 1264 3247 ministros
1304 3178 1659 3247 ordinavit.
1747 3180 1922 3246 Nam
1964 3182 2090 3247 etsi
2131 3201 2174 3247 a

229 3283 294 3329 se
333 3262 503 3329 nihil
553 3263 798 3330 habent
840 3264 1141 3334 homines
1183 3265 1539 3333 admodum
1584 3267 1833 3332 honore
1873 3265 2171 3352 dignum,

229 3358 439 3415 tamen
494 3370 702 3435 quum
759 3370 800 3414 a
841 3349 988 3418 Deo
1044 3351 1404 3437 eliguntur,
1461 3361 1531 3416 et
1578 3352 1645 3416 in
1693 3351 1915 3435 aliqua
1955 3352 2172 3437 digni-

227 3445 352 3501 tate
393 3435 896 3502 constituuntur
912 3487 928 3512 ,
995 3439 1123 3504 Dei
1178 3438 1438 3504 decreto
1494 3446 1596 3503 est
1653 3438 2171 3521 obsequendum:

226 3530 288 3588 et
307 3520 709 3606 principium
751 3522 927 3588 istud
951 3521 1388 3603 retinendum,
1431 3543 1696 3589 omnem
1717 3524 2174 3607 praeeminen-

226 3607 378 3672 tiam
420 3607 550 3673 niti
593 3605 726 3673 Dei
767 3607 1106 3675 voluntate
1144 3618 1213 3675 et
1255 3607 1547 3675 decreto:
1608 3628 1685 3675 ac
1728 3609 2003 3693 proinde
2055 3611 2174 3677 ad·

221 3712 446 3759 versus
490 3692 628 3758 Dei
670 3694 983 3761 virtutem
1027 3695 1279 3772 efferri,
1338 3694 1451 3778 qui
1492 3715 1630 3760 non
1671 3695 2060 3780 simpliciter
2101 3715 2174 3762 se

222 3779 573 3847 subiiciunt
611 3778 696 3845 iis
736 3799 900 3862 quos
923 3780 1109 3847 Deus
1149 3782 1221 3845 in
1265 3780 1654 3864 dignitatem
1696 3780 1939 3847 evexit.
1992 3782 2174 3849 Talis

222 3874 438 3932 autem
481 3864 614 3930 fuit
657 3873 803 3930 tum
845 3866 1265 3933 sacerdotalis
1307 3864 1496 3950 digni

384 3951 601 4017 Porro
657 3950 829 4033 quod
887 3951 1073 4019 Deus
1130 3952 1430 4037 permisit
1479 3950 1750 4020 Saulem
1807 3958 1907 4018 tot
1961 3973 2173 4021 sacer-

224 4033 401 4104 dotes
458 4036 861 4116 interficere,
922 4059 1053 4105 non
1114 4038 1423 4104 debemus
1474 4038 1793 4104 curiosius
1843 4039 2174 4122 inquirere

222 4142 420 4204 quare
452 4123 553 4187 ita
587 4122 830 4189 factum
865 4125 975 4203 sit,
1019 4123 1547 4209 quandoquidem
1581 4144 1705 4189 sua
1738 4124 1882 4191 Deo
1915 4136 2174 4192 constat

221 4207 608 4275 iudiciorum
675 4209 848 4274 ratio
864 4260 882 4289 ,
941 4231 1138 4294 quam
1211 4209 1513 4276 homines
1567 4217 1791 4274 mente
1846 4231 1969 4277 sua
2035 4232 2171 4277 non

219 4303 491 4375 possunt
527 4294 805 4376 assequi,
849 4303 918 4362 et
949 4317 1151 4381 supra
1184 4294 1488 4376 diximus,
1528 4295 1925 4363 iustissimas
1946 4296 2169 4364 Deum

221 4398 445 4446 causas
489 4379 801 4446 habuisse
858 4381 1124 4447 domum
1169 4381 1279 4447 Elli
1337 4380 1694 4448 sacerdotis
1752 4382 2050 4448 abolendi
2103 4392 2173 4450 et

220 4464 649 4548 exstirpandi.
737 4464 871 4532 Sed
917 4478 1135 4533 tamen
1181 4475 1458 4550 quaerat
1498 4466 1761 4550 aliquis,
1821 4489 1939 4534 cur
1990 4470 2174 4535 Dens

220 4550 284 4615 in
318 4554 480 4618 istos
516 4553 902 4619 innocentes
938 4553 1294 4621 vindictam
1333 4574 1523 4619 suam
1557 4555 1939 4619 exercuerit.
1997 4554 2171 4620 Nam

220 4634 444 4721 Ophni
489 4635 758 4721 quidem
801 4653 869 4704 et
902 4639 1192 4706 Phinees
1233 4639 1343 4704 Eli
1384 4639 1526 4714 filii,
1571 4649 1641 4705 et
1680 4640 2170 4722 flagitiosissimi

219 4721 539 4801 homines,
584 4722 767 4807 digni
812 4725 929 4790 tali
972 4726 1211 4792 iudicio
1253 4735 1321 4789 et
1362 4723 1656 4791 vindicta
1690 4725 1920 4792 divina
1960 4735 2170 4809 erant,

221 4828 381 4892 quae
419 4809 690 4876 tandem
727 4811 924 4877 etiam
960 4812 1030 4876 in
1065 4813 1361 4896 ipsorum
1386 4812 1601 4894 capita
1635 4811 1898 4877 cecidit:
1935 4833 2169 4879 verum

219 4894 375 4961 istos
409 4897 527 4980 qui
551 4905 707 4962 tunc
730 4897 1019 4962 nondum
1054 4906 1245 4963 erant
1278 4897 1439 4978 nati,
1475 4909 1542 4962 et
1574 4898 1958 4964 innocentes
1995 4898 2169 4963 vide-

219 4978 477 5062 bantur,
527 4989 662 5046 tam
706 4982 946 5049 misere
987 4983 1067 5048 ad
1114 4982 1444 5048 lanienam
1491 4983 1684 5063 trahi,
1727 4981 1856 5048 Dei
1899 4984 2168 5049 iudicio-

219 5085 362 5131 rum
408 5069 724 5151 aequitati
769 5070 1171 5135 contrarium
1219 5068 1428 5135 videri
1471 5079 1704 5152 posset,
1749 5070 1808 5134 si
1842 5091 1926 5134 ex
1962 5069 2171 5135 homi-

219 5173 367 5216 num
414 5174 617 5220 sensu
669 5154 912 5221 factum
974 5153 1403 5238 expendatur.
1490 5154 1567 5220 Si
1626 5154 1906 5221 velimus
1961 5157 1984 5219 i
2038 5157 2169 5221 'tur

218 5256 298 5303 ex
321 5239 653 5306 humanae
673 5242 946 5308 rationis
988 5261 1189 5306 sensu
1231 5241 1583 5324 inquirere,
1627 5262 1746 5308 cur
1765 5240 1953 5307 Dens
2030 5243 2165 5307 auli

1474 3866 1617 3933 ἐκ.

1542 334 1638 401 ΙΝ
1687 335 1742 402 1.
1789 334 1970 403 LIB.
2011 333 2414 402 SAMUEL.
2461 333 2662 400 CAP.
2707 333 2945 400 XXII.

4099 335 4231 403 438

2276 521 2651 607 permiserit
2718 531 2851 588 tam
2932 522 3286 589 crudeliter
3358 522 3613 589 saevire
3684 523 3754 588 in
3824 524 4234 606 innocentes,

2274 619 2525 675 certum
2585 616 2688 673 est
2727 629 2849 674 nos
2904 609 2975 674 in
3019 610 3464 695 labyrinthum
3511 630 3594 673 ex
3654 630 3780 692 quo
3839 632 3969 675 non
4032 610 4227 679 detur

2274 696 2495 760 exitus
2536 715 2824 761 casuros.
2915 697 3008 761 At
3066 716 3227 761 sane
3283 695 3477 761 multi
3529 694 3719 760 hodie
3778 696 4046 762 fanatici
4106 698 4229 764 ho-

2277 780 2490 845 mines
2532 781 2851 847 adversus
2893 780 3262 847 istiusmodi
3319 780 3561 846 iudicia
3603 780 4055 864 blasphemare
4100 784 4229 852 sibi

2277 866 2684 949 permittunt,
2733 887 2934 949 quum
2979 866 3188 933 multa
3227 866 3597 933 istiusmodi
3638 866 3880 933 iudicia
3924 869 4227 937 sensibus

2278 951 2586 1018 humanis
2628 973 2790 1035 repu
2929 954 3066 1017 ntia
3106 953 3536 1035 conspiciunt.
3622 952 3760 1018 Nos
3802 974 3958 1020 vero
4010 955 4228 1039 potins

2276 1037 2503 1105 divina
2544 1036 2674 1104 ista
2707 1038 2777 1102 iu
2824 1040 2947 1104 icia
3005 1038 3331 1105 discamus
3373 1038 3645 1104 adorare
3688 1037 3841 1105 licet
3893 1040 4228 1141 incognita

2277 1124 2364 1189 sit
2408 1124 2597 1190 nobis
2643 1143 2870 1188 eorum
2914 1126 3101 1190 ratio.
3191 1123 3332 1191 Sua
3375 1124 3551 1190 enim
3607 1124 3706 1189 illi
3750 1134 4009 1192 constat
4054 1126 4226 1192 mdi-

2277 1212 2525 1277 ciorum
2572 1210 2773 1288 ratio,
2833 1209 2986 1276 licet
3042 1231 3163 1275 nos
3204 1211 3388 1275 illam
3446 1210 3706 1293 assequi
3749 1213 4053 1278 sensibus
4110 1234 4225 1278 ne-

2277 1316 2610 1380 queamus.
2698 1293 2791 1360 At
2845 1297 2902 1361 si
2949 1297 3165 1361 Deum
3209 1296 3293 1361 ad
3350 1296 3561 1361 nostri
3616 1305 3846 1379 captus
3888 1297 4225 1364 modulum

2277 1382 2595 1450 vellemus
2620 1380 2860 1462 metiri,
2906 1391 3155 1463 quanta
3188 1400 3427 1464 quaeso
3457 1382 3902 1466 praesumptio
3932 1393 3998 1448 et
4042 1405 4226 1449 arro-

2277 1468 2506 1555 gantia
2550 1477 2669 1532 est.
2761 1470 2865 1531 An
2909 1475 3120 1532 terrae
3165 1467 3515 1533 lumbricos
3558 1486 3635 1533 eo
3689 1467 3999 1534 devenire
4042 1487 4224 1536 arro·
4254 1541 4269 1552 ,

2276 1554 2575 1639 gantiae,
2631 1562 2707 1617 nt
2761 1552 2817 1616 si
2869 1552 2999 1617 Dei
3057 1552 3447 1619 iudiciorum
3507 1552 3830 1620 rationem
3887 1574 4021 1619 non
4079 1574 4231 1639 pcr-

2278 1640 2554 1725 spiciant
2567 1687 2583 1716 ,
2648 1637 2798 1705 ideo
2841 1638 3060 1703 Deum
3114 1637 3472 1704 iniustitiae
3529 1638 3817 1704 audeant
3873 1639 4225 1707 accusare?

2278 1725 2483 1808 Quasi
2545 1743 2701 1789 vero
2744 1724 2927 1791 Deus
2984 1744 3117 1789 non
3175 1725 3489 1790 maiorem
3549 1723 3787 1790 habeat
3843 1724 4226 1794 hominibus

2277 1810 2699 1894 sapientiam,
2769 1817 2839 1875 et
2896 1809 3105 1892 ipsius
3160 1808 3833 1894 incomprehensibilis
3902 1811 4228 1894 sapientia

2278 1917 2413 1963 non
2457 1897 2520 1962 lo
2616 1915 2655 1959 c
2696 1904 2962 1978 superet
3000 1903 3262 1961 nostras
3304 1897 3763 1979 conceptiones
3804 1902 3872 1961 et
3913 1897 4231 1982 imagina-

2276 1986 2504 2049 tiones.
2667 1981 2938 2046 'abolica
2993 1989 3096 2047 est
3147 1982 3355 2066 igitur
3409 1981 3786 2062 obstinatio,
3846 2002 4046 2066 quum
4108 1983 4229 2049 ho·

2276 2069 2488 2136 mines
2547 2066 2767 2134 Deum
2838 2067 2975 2133 suis
3030 2066 3612 2152 imaginationibus
3675 2066 3906 2134 subiici
3973 2068 4225 2137 volunt.

2274 2154 2414 2220 Nos
2448 2173 2608 2220 vero
2650 2159 2880 2218 contra
2920 2152 3135 2220 sobrie
3177 2169 3245 2219 et
3297 2151 3587 2219 modeste
3630 2153 3711 2219 de
3752 2153 3883 2220 Dei
3925 2155 4229 2239 operibus

2274 2239 2568 2306 iudicare
2610 2239 2970 2317 discamus,
3019 2238 3365 2323 Deumque
3405 2239 3473 2304 in
3516 2239 3824 2307 omnibus
3864 2241 4005 2307 suis
4041 2241 4231 2309 factis

2274 2327 2525 2392 iustum
2582 2345 2725 2391 esse
2781 2326 3140 2408 fateamur,
3205 2324 3358 2391 licet
3413 2343 3641 2390 eorum
3702 2325 3871 2391 ratio
3927 2326 4231 2394 sensibus

2275 2412 2522 2478 nostris
2567 2430 2700 2477 non
2745 2423 3074 2492 appareat.
3162 2408 3417 2480 Idcirco
3454 2409 3675 2477 David
3719 2411 4052 2497 plerisque
4090 2412 4233 2480 suis

2276 2497 2564 2564 Psalmis
2608 2496 2731 2562 ait:
2785 2496 3070 2561 Domine
3112 2515 3237 2581 ego
3295 2503 3362 2562 tc
3404 2496 3475 2561 in
3518 2496 3705 2564 factis
3760 2497 3893 2564 tuis
3936 2497 4231 2567 laubado.

2278 2582 2536 2666 Quibus
2578 2581 2801 2648 verbis
2852 2581 2982 2648 sibi
3022 2581 3234 2648 veluti
3289 2581 3589 2648 fraenum
3648 2582 3857 2649 iniicit
3871 2631 3889 2667 ,
3948 2604 4034 2650 ne
4092 2584 4234 2652 suis

2279 2666 2786 2754 cogitationibus
2820 2667 3009 2732 laxas
3052 2665 3345 2735 habenas
3387 2668 3741 2752 permittat,
3786 2669 3901 2736 sed
3938 2670 4234 2755 captivos
4356 2719 4359 2721 -

2276 2774 2433 2822 suos
2475 2774 2709 2820 sensus
2747 2753 3051 2837 retineat,
3094 2773 3181 2820 ne
3222 2753 3541 2821 adversus
3564 2755 3779 2822 Deum
3824 2753 4233 2840 obloquatur,

2277 2849 2344 2906 et
2364 2840 2837 2906 obmurmuret.
2926 2836 3059 2905 Sed
3097 2838 3620 2923 quandoquidem
3649 2860 3814 2923 opus
3848 2859 3991 2906 esse
4026 2839 4231 2922 novit,

2276 2926 2350 2992 in
2405 2925 2519 2991 illo
2580 2924 2803 2992 Deum
2874 2924 3195 3008 glorificet
3251 2925 3395 2990 sine
3451 2926 3723 2991 anxiore
3788 2925 4230 3008 inquisitione.

2277 3012 2370 3078 Et
2425 3010 2572 3077 aliis
2610 3010 2774 3077 locis
2831 3010 2913 3077 de
2956 3011 3097 3076 suis
3152 3009 3621 3077 afflictionibus
3672 3010 3981 3094 loquens,
4037 3020 4104 3077 et
4159 3031 4233 3079 se

2276 3097 2465 3165 velut
2508 3118 2550 3163 a
2572 3097 2715 3164 Deo
2748 3095 2954 3162 fuisse
2975 3095 3364 3163 derelictum
3398 3094 3482 3161 ad
3508 3103 3770 3180 tempus
3801 3115 4229 3180 conquerens,

2278 3183 2374 3249 ait
2414 3203 2487 3248 se
2541 3183 2637 3247 ori
2682 3202 2803 3248 suo
2852 3200 3120 3248 manum
3164 3201 3492 3265 opponere
3506 3230 3524 3263 ,
3580 3190 3649 3247 et
3690 3180 4026 3247 silentium
4082 3203 4232 3267 pre·

2276 3267 3222 3438 summatis&
3229 3266 4232 3421 „132m2.⁶⁰·⁸.“0;.3⁰„2m

3073 3402 3093 3434 2

2276 3459 2417 3506 com
2688 3489 2706 3518 ,
2748 3459 2954 3522 quum
2989 3436 3118 3506 Dei
3162 3437 3404 3506 indicia
3445 3459 3581 3504 non
3618 3457 3967 3523 possumus
4006 3441 4231 3508 inves-

2276 3527 2517 3612 tigare,
2590 3543 2676 3590 ne
2719 3524 2790 3589 in
2834 3525 3254 3610 blasphemas
3294 3543 3487 3591 voces
3528 3543 3970 3609 erumpamus.
4054 3525 4231 3593 Nam

2275 3613 2494 3679 Deum
2538 3618 2796 3678 certum
2838 3617 2960 3692 est,
3008 3612 3081 3676 in
3124 3611 3263 3676 suis
3303 3609 3561 3678 iudiciis
3577 3660 3594 3689 ,
3652 3610 3806 3678 licet
3846 3610 4076 3679 invitis
4118 3612 4234 3679 ho·

2276 3696 2568 3763 minibus
2582 3747 2598 3774 ,
2659 3716 2804 3762 esse
2844 3695 3374 3762 iustificandumt
3431 3703 3502 3761 et
3545 3697 3601 3763 si
3649 3717 3728 3762 eo
3771 3695 4231 3765 devenerimus

2276 3783 2607 3860 audaciae,
2628 3792 2706 3848 ut
2715 3783 2857 3848 eius
2866 3781 3108 3849 indicia
3128 3781 3561 3848 condemnare
3576 3782 3950 3864 audeamus,
3971 3803 4232 3849 summa

2276 3879 2501 3937 nostra
2542 3868 2923 3934 confusione
2961 3868 3203 3934 factum
3247 3866 3348 3934 iri.
3435 3867 3660 3936 David
3702 3868 3927 3953 itaque
3960 3870 4228 3937 Psalmo

2275 3955 2391 4021 illo
2431 3952 2854 4021 considerans
2889 3961 3099 4019 totum
3141 3952 3316 4019 istud
3343 3953 3485 4018 Deo
3526 3954 3935 4038 gubernante
3958 3955 4227 4036 factum,

2276 4040 2436 4107 dicit
2467 4059 2541 4107 se
2581 4059 2821 4105 nomen
2842 4039 3051 4122 ipsius
3072 4039 3573 4120 celebraturum,
3616 4040 3790 4125 quod
3824 4041 4229 4126 impossibile

2276 4128 2364 4194 sit
2396 4125 2747 4210 quidquam
2787 4143 2827 4189 a
2847 4123 2994 4190 Deo
3027 4144 3435 4208 promanare,
3471 4126 3646 4209 quod
3681 4146 3815 4192 non
3850 4127 3937 4192 sit
3957 4126 4227 4210 plenum

2275 4211 2626 4297 sapientia,
2669 4211 2956 4289 iustitia,
3012 4210 3406 4277 rectitudine
3448 4220 3515 4278 et
3573 4213 3753 4278 omni
3809 4211 4226 4297 perfectione.

2276 4299 2457 4365 Sane
2513 4297 2597 4362 ad
2640 4297 2770 4362 ista
2826 4318 3058 4364 sensus
3099 4303 3364 4363 nostros
3423 4300 3747 4365 caecutire
3802 4305 4053 4364 certum
4103 4305 4224 4380 est,

2276 4384 2489 4535 qugldal
2511 4382 2700 4534 nplliiis
2754 4383 3032 4448 nimium
3086 4383 3581 4484 indulgeamus,
3652 4382 3923 4484 ideoque
3957 4382 4225 4534 dbonum

2274 4491 2315 4536 a
2492 4489 2531 4534 o
2636 4489 2937 4535 sccrnere
2979 4489 3109 4534 non
3167 4490 3547 4535 noverimus
3562 4519 3577 4545 ,
3637 4488 3714 4534 ac
3811 4490 3950 4534 rom
3999 4490 4037 4535 e
4091 4489 4225 4535 non

2274 4557 2599 4640 possimus
2618 4555 2839 4620 Deum
2874 4563 2951 4620 ut
2970 4554 3159 4621 decet
3192 4555 3574 4640 glorificare.
3640 4490 3973 4621 Sedpfldes
3999 4564 4227 4621 nostra

2274 4653 2418 4707 tum
2439 4642 2871 4724 conspicietur
2890 4648 2960 4705 et
2980 4642 3377 4724 probabitur,
3401 4660 3601 4723 quum
3624 4640 3708 4704 ad
3731 4640 3949 4705 omnia
3970 4641 4225 4707 obiecta

2272 4727 2511 4828 quibus
2554 4728 3297 4827 perturbari-possemus,
3342 4726 3600 4792 silentio
3621 4725 3753 4791 Dei
3775 4726 4011 4792 iudicia
4032 4748 4226 4829 vene-

2272 4811 3450 5050 ἒῖἭοῖξξὲἵὲἓὲᾛξᾱμὲξῗὲἓθ
3466 4813 4223 5050 ῑῗιὲῑξέἒοῐᾯῖἱέἷὲᾞὲ

3116 5005 3225 5047 ιοιι
3318 5005 3381 5047 m
3419 5005 3456 5047 e
3953 5035 3968 5050 .

2270 4997 2516 5150 igis-331?
2540 5006 2694 5135 l‘i'cet
2713 5004 3315 5136 εῗιὲῐίηηέἰᾟιρῦουὲ
3332 5003 3610 5146 ᾶίίὶὶξίἓὺ,
3653 5005 4035 5135 υοηηῗειῖιξοη
4074 5004 4220 5136 ἰιῗῖο

2272 5157 2530 5223 tradere
2563 5156 2680 5223 illa
2712 5157 3021 5224 oblivioni
3056 5157 3269 5237 ipsum
3306 5156 3608 5221 sciamus.
3699 5155 3888 5232 Nam,
3933 5156 4220 5238 exempli

2269 5243 2499 5327 gratia,
2545 5243 2964 5325 praedixerat
3007 5244 3143 5306 fore
3186 5250 3264 5305 ut
3307 5241 3414 5305 Eli
3470 5243 3817 5324 posteritas
3861 5240 4219 5308 sacerdotio
