5059 6059
259 361 328 428 81
1551 363 1652 430 IN
1695 364 1749 431 1.
1796 364 1973 432 LIB.
2019 361 2421 433 SAMUEL.
2481 363 2686 431 OAP.
2727 363 2884 431 XV.

260 554 476 623 merito
536 552 813 621 insanus
878 551 1271 620 habebitur?
1357 551 1595 621 Nonne
1658 552 1728 620 in
1798 575 1867 620 se
1931 575 2173 655 poenas

261 640 508 710 meritas
571 640 939 706 temeritate
1011 657 1131 706 sua
1194 638 1448 719 trahet,
1518 639 1689 726 quod
1756 639 1870 706 tali
1935 638 2173 708 audicio

261 724 547 793 resistat?
593 722 729 791 Sed
771 725 826 792 si
864 744 1127 792 causam
1175 725 1483 811 ignorans
1528 745 1732 811 quare
1774 724 1856 792 ad
1900 724 2174 811 capitale

260 810 629 896 supplicium
669 809 1019 878 damnatus
1054 810 1162 890 sit,
1204 820 1318 876 aut
1363 811 1419 877 si
1462 810 1684 897 legum
1729 820 1797 877 et
1837 811 1998 878 iuris
2041 831 2176 877 om-

261 899 353 964 nis
403 897 675 980 ignarus
738 896 896 962 velit
953 895 1024 961 in
1063 894 1349 962 iudicum
1406 898 1766 963 sententias
1819 897 2172 998 inquirere,

259 991 318 1050 et
353 1003 431 1047 ex
476 1002 596 1047 suo
639 1001 839 1049 sensu
871 989 941 1048 et
973 980 1210 1048 iudicio
1245 984 1639 1048 sententiam
1678 982 1869 1064 ferre,
1901 1002 2174 1065 iuraque

260 1068 464 1135 omnia
501 1085 934 1151 corrumpere,
972 1087 1188 1133 nonne
1224 1068 1454 1134 merito
1487 1067 1639 1135 talis
1663 1067 1856 1133 homo
1880 1088 2173 1135 summae

260 1153 576 1234 stultitiae,
631 1164 747 1218 aut
789 1153 1197 1236 arrogantiae
1241 1162 1307 1218 et
1348 1153 1689 1238 superbiae
1743 1151 2172 1220 intolerabilis

259 1260 395 1305 reus
457 1239 599 1318 erit,
665 1245 732 1304 et
784 1239 1079 1304 om'nium
1137 1236 1385 1306 calculo
1443 1237 1905 1306 damnabitur?
2060 1235 2171 1305 uid

257 1345 396 1410 crgo
417 1322 767 1389 dicendum
802 1332 1109 1408 putamus
1144 1324 1226 1390 de
1270 1323 1639 1392 hominibus
1678 1325 1748 1390 in
1771 1324 1899 1390 Dei
1936 1326 2003 1390 iu
2054 1324 2173 1392 'cia

257 1409 735 1494 inquirentibus,
798 1430 997 1495 penes
1047 1429 1236 1494 quem
1295 1430 1500 1476 unum
1557 1421 1659 1476 est
1699 1411 1899 1477 totius
1942 1408 2173 1477 mundi

257 1494 578 1579 potestas?
623 1489 846 1577 Quare
888 1493 1262 1561 meditanda
1305 1505 1407 1561 est
1448 1505 1515 1562 et
1558 1496 1800 1564 nostris
1844 1494 2172 1562 mentibus

257 1581 441 1648 altius
502 1579 834 1665 infigenda
888 1580 1084 1646 Pauli
1143 1581 1500 1647 sententia:
1570 1580 1738 1663 Quis
1796 1589 1869 1647 tu
1928 1602 1998 1648 es
2058 1579 2173 1666 qui

256 1666 636 1732 condemnas
682 1665 967 1732 alienum
1011 1665 1380 1732 famulum?
1441 1665 1771 1752 Scriptum
1820 1677 1920 1733 est
1963 1667 2172 1733 enim:

256 1753 416 1818 Vivo
460 1769 602 1837 ego,
639 1750 796 1816 dicit
818 1749 1176 1818 Dominus.-
1262 1752 1524 1821 uoniam
1569 1753 1734 1820 mihi
1777 1773 1917 1819 sese
1958 1753 2178 1820 flectet

256 1858 437 1904 omne
519 1856 728 1921 genu:
807 1845 874 1901 et
950 1837 1163 1903 omnis
1265 1838 1462 1924 ‘ngua
1540 1837 1950 1906 confitebitur
2015 1840 2174 1904 Deo.

259 1922 687 2005 Quamobrem
731 1922 1246 2008 quotiescunque
1287 1922 1565 1992 iudicem
1610 1944 1816 1990 unum
1850 1945 2177 1991 summum

255 2030 387 2075 esse
439 2006 740 2074 audimus
796 2008 1116 2091 omnium,
1180 2028 1395 2076 annon
1456 2021 1705 2076 terrore
1763 2007 2049 2094 percelli,
2114 2016 2179 2076 et

256 2096 505 2160 traenos
548 2093 810 2159 iniicere
855 2115 972 2160 nos
1013 2094 1189 2195 ipsos
1244 2095 1430 2162 nobis
1486 2105 1762 2181 oportet,
1802 2105 1869 2161 et
1911 2095 1994 2161 ab
2039 2095 2179 2178 ipso

255 2178 569 2263 pendere,
648 2189 715 2244 et
776 2188 1161 2246 sententiam
1226 2180 1306 2246 ab
1371 2180 1511 2266 ipso
1576 2182 1780 2247 latam
1859 2180 2178 2257 venerari,

258 2262 771 2349 quandoquidem
852 2286 1050 2348 penes
1115 2265 1331 2351 ipsum
1396 2277 1497 2334 est
1643 2273 1848 2334 testas
1912 2287 2031 2333 nos
2096 2264 2179 2332 ad

260 2352 274 2365 ⁰
353 2372 424 2415 os
467 2351 710 2417 inferos
753 2371 952 2434 quum
999 2349 1176 2418 volet
1219 2350 1532 2418 detruden
1584 2352 1599 2367 ⁸
1616 2352 1651 2417 *Ι
1722 2354 1812 2418 At
1852 2352 1908 2419 si
1951 2361 2180 2419 contra

256 2372 396 2502 3⁹00
459 2436 776 2501 terminos
836 2455 1097 2520 ponere,
1162 2445 1231 2503 et
1297 2437 1378 2504 ad
1441 2444 1733 2506 nostram
1797 2458 2178 2503 mensuram

254 2521 273 2586 i
350 2521 454 2587 ins
499 2520 741 2587 iudicia
782 2521 1068 2607 exigere,
1130 2529 1248 2588 aut
1297 2523 1354 2588 si
1407 2544 1536 2590 non
1583 2522 1944 2608 placuerint
1987 2543 2175 2607 repu-

293 2609 426 2674 iare
498 2606 856 2673 audeamus
873 2656 891 2688 ,
962 2627 1178 2674 nonne
1241 2607 1596 2677 diabolicus
1677 2607 1800 2676 erit
1866 2609 2048 2676 furor
2110 2615 2179 2674 et

256 2693 507 2759 insania
549 2692 1028 2759 intolerabilis?
1112 2692 1342 2778 Itaque
1388 2715 1647 2762 necesse
1690 2702 1791 2761 est
1838 2700 1913 2760 ut
1973 2693 2178 2759 nostri

255 2778 500 2862 ingenii
568 2778 950 2843 tenuitatem
1018 2779 1473 2864 inspiciamus,
1538 2801 1704 2865 quae
1760 2779 1888 2845 Dei
1941 2798 2179 2844 arcana

257 2863 532 2929 scrutari
576 2884 709 2928 non
751 2872 985 2948 potest,
1028 2865 1549 2949 quandoquidem
1609 2873 1765 2932 sunt
1804 2864 2177 2950 profundis-

254 2949 413 3015 sima
470 2948 778 3035 abyssus,
843 2949 909 3015 in
976 2969 1171 3034 quarn
1232 2951 1429 3017 semel
1485 2950 1778 3018 immersi
1842 2972 2176 3035 nunquam

257 3046 616 3119 emergunt.
681 3034 904 3116 Quare
946 3036 1161 3121 itaque
1203 3036 1509 3104 mortales
1552 3036 1660 3103 hic
1702 3058 1888 3104 suam
1932 3036 2178 3121 opinio·

255 3140 397 3186 nem
457 3120 778 3201 adferent,
844 3131 912 3185 et
967 3129 1213 3190 temere
1276 3121 1671 3208 iudicabunt,
1726 3130 1795 3187 et
1849 3121 1928 3188 de
1984 3120 2179 3187 rebus

255 3205 600 3288 incognitis
663 3208 1057 3274 sententiam
1121 3207 1381 3274 ferent?
1467 3205 1609 3274 Nae
1673 3207 1816 3274 Deo
1891 3208 2180 3273 rationes

255 3302 557 3358 constant
598 3289 981 3358 iudiciorum
1026 3312 1315 3373 suorum,
1384 3302 1457 3359 ut
1515 3292 1831 3377 quidquid
1887 3291 2182 3358 homines

254 3375 706 3461 obloquantur,
769 3379 979 3445 iustus
1045 3379 1131 3446 sit
1194 3400 1449 3464 semper
1505 3378 1771 3460 Iehova,
1838 3388 1904 3444 et
1968 3389 2182 3445 rectus

255 3461 509 3528 iudiciis
551 3464 703 3541 suis,
748 3474 826 3529 ut
884 3464 1040 3531 olim
1095 3465 1330 3532 cecinit
1384 3465 1730 3549 propheta:
1789 3463 1901 3530 sed
1961 3476 2183 3529 nostro

255 3548 494 3614 damno
539 3557 606 3614 et
648 3567 902 3617 summo
944 3572 1094 3617 cum
1137 3549 1448 3618 dedecore
1491 3559 1555 3615 et
1611 3547 1989 3636 ignominia.
2077 3549 2184 3615 Ex

256 3634 491 3716 quibus
537 3644 809 3718 apparet
847 3655 1168 3702 summam
1214 3657 1354 3702 esse
1409 3636 1754 3714 insaniam,
1810 3656 2009 3720 quum
2068 3655 2182 3701 au-

255 3718 407 3784 dent
449 3719 765 3786 mortales
810 3721 879 3785 in
926 3722 1197 3788 Domini
1242 3720 1415 3788 facta
1457 3722 1804 3805 inquirere,
1848 3733 1914 3784 et
1958 3719 2181 3786 adver-

255 3825 360 3871 sus
404 3804 538 3870 Dei
584 3804 818 3871 iudicia
861 3825 1286 3873 murmurare.
1374 3805 1552 3889 Quid
1598 3826 1751 3890 ergo
1796 3803 2183 3883 faciendum,

253 3911 448 3973 quum
515 3891 720 3956 nimia
772 3891 1121 3959 crudelitas
1178 3915 1319 3959 esse
1385 3893 1568 3959 nobis
1611 3891 1944 3957 videbitur
1987 3890 2182 3956 etiam

255 3977 318 4039 in
363 3996 610 4059 pueros
667 3996 708 4042 a
765 3985 1046 4043 matrum
1107 3978 1412 4045 uberibus
1468 3976 1826 4063 pendentes
1885 3974 2182 4043 saevire?

253 4059 386 4127 Nae
428 4062 503 4126 in
552 4063 932 4129 memoriam
979 4062 1341 4130 revocanda
1384 4064 1707 4130 sententia
1750 4061 1862 4127 illa
1893 4061 2182 4138 Domini,

252 4144 470 4213 Deum
535 4168 769 4232 nempe
813 4168 852 4213 a
903 4171 974 4216 se
1028 4149 1419 4215 reiecturum
1479 4148 1645 4214 filios
1702 4169 1927 4216 eorum
1983 4169 2058 4212 us
2100 4168 2185 4212 ue

250 4231 314 4296 in
350 4233 624 4298 tertiam
658 4243 727 4299 et
760 4243 1060 4318 quartam
1096 4236 1579 4321 generationem
1616 4235 1728 4318 qni
1765 4234 1786 4298 i
1832 4233 1889 4299 si
1913 4233 2085 4299 rebel
2115 4255 2186 4300 es

251 4316 518 4400 fuerint,
576 4325 641 4384 et
682 4341 800 4404 pro
846 4329 1104 4404 patrum
1147 4321 1428 4405 peccatis
1470 4339 1709 4403 poenas
1754 4341 1791 4385 a
1879 4319 2037 4403 ipsis
2081 4340 2183 4383 re-

253 4404 635 4486 petiturum.
722 4404 898 4471 Sane
941 4406 1265 4474 Dominus
1309 4406 1448 4474 istis
1493 4405 1706 4472 verbis
1750 4427 1876 4470 non
1925 4406 2184 4488 profite-

253 4497 361 4554 tur
402 4511 732 4556 summam
778 4492 1062 4575 aliquam
1117 4492 1516 4557 iracundiam
1576 4504 1692 4557 aut
1734 4488 2183 4558 crudelitatem

256 4573 574 4641 adversus
632 4578 1027 4646 innocentes.
1108 4578 1280 4644 Nam
1337 4586 1594 4661 patrum
1655 4575 1748 4641 ini
1791 4574 2061 4641 uitatem
2118 4577 2184 4641 in

253 4659 402 4726 filiis
449 4661 750 4742 visitans,
794 4664 952 4729 satis
998 4665 1234 4729 iustam
1273 4663 1672 4730 occasionem
1710 4660 1754 4726 il
1784 4681 1856 4726 os
1889 4659 2187 4727 condem-

256 4746 460 4811 nandi
523 4746 742 4827 habet,
795 4769 997 4832 quum
1056 4750 1121 4814 in
1185 4749 1342 4834 ipsis
1403 4748 1668 4814 illorum
1725 4746 1877 4812 filiis
1932 4768 2065 4812 sem
2116 4769 2188 4811 er

258 4830 616 4898 adhaereat
658 4835 818 4899 satis
863 4834 1006 4900 vitii
1049 4834 1392 4918 punitione
1435 4834 1660 4899 divina
1696 4832 1990 4917 dignum.
2051 4768 2186 4899 §ed

259 4937 390 4982 una
432 4937 592 4985 cum
636 4919 929 5002 patribus
972 4919 1119 4987 illos
1157 4939 1297 4985 com
1346 4918 1620 4997 lectitur,
1668 4927 1742 4983 ut
1783 4938 1853 4983 se
1896 4918 2188 4982 omnium

260 5011 552 5069 aetatum
598 5004 873 5071 iudicem
919 5027 1060 5072 esse
1104 5016 1286 5071 osten
1335 5014 1421 5071 at.
1509 5003 1735 5086 Neque
1789 5023 1945 5068 vero
2003 5023 2190 5086 prae-

259 5089 449 5156 scribi
520 5089 648 5173 ipsi
704 5090 872 5157 ullos
928 5091 1235 5158 terminos
1299 5091 1591 5177 legemve
1662 5089 1942 5174 imponi,
2006 5089 2191 5172 quasi

261 5174 544 5252 mortali,
590 5175 685 5242 fas
728 5185 861 5243 est:
919 5177 1032 5244 sed
1075 5176 1590 5262 omnipotentem
1638 5173 1916 5261 agnosci,
1974 5195 2191 5240 coram

262 5277 385 5341 quo
449 5258 635 5326 mille
697 5263 854 5328 anni
919 5272 1079 5329 sunt
1139 5263 1334 5329 unius
1391 5261 1519 5329 diei
1573 5262 1797 5328 instar.
1885 5258 2077 5341 Quod
2134 5259 2192 5326 si

460 5360 909 5437 Calvi-ama.
983 5364 1331 5424 roam

4118 365 4204 438 82

2275 551 2588 618 memoria
2632 560 3020 637 repetamus,
3058 555 3152 620 ita
3184 553 3585 621 fraenabitur
3628 553 3901 624 audacia
3945 568 4203 628 nostra:

2274 636 2800 723 quandoquidem
2858 659 3320 724 cognoscemus
3385 640 3600 707 Deum
3660 643 3732 707 in
3786 664 4022 710 arcano
4080 665 4202 711 suo

2274 722 2545 789 consilio
2588 722 2698 790 illo
2742 724 3123 791 admirando
3179 738 3460 794 secretas
3525 747 3753 794 causas
3796 727 4035 795 habere
4076 750 4202 814 pu-

2274 806 2498 874 niendi
2556 819 2818 896 patrum
2874 809 3288 895 iniquitatem
3332 812 3402 877 in
3461 812 3641 879 filiis:
3701 813 3825 879 etsi
3869 812 4054 881 nobis
4096 816 4200 880 in-

2274 894 2554 978 cognitis
2597 907 2663 960 et
2705 895 3406 981 impervestigabilibus
3449 897 3658 963 modis
3702 898 3785 963 ad
3846 899 4199 968 vindictam

2274 979 2764 1065 progrediatur:
2829 1000 2905 1048 ac
2947 982 3218 1065 proinde
3261 984 3681 1050 coercendam
3726 996 3791 1050 et
3829 984 4054 1052 fraeno
4100 1008 4206 1054 re-

2276 1063 2610 1131 tinendam
2650 1066 2833 1132 illam
2879 1066 3218 1133 hominum
3262 1068 3584 1136 curiosam
3621 1071 4083 1156 arrogantiam,
4119 1094 4204 1140 ne

2272 1150 2347 1215 in
2410 1171 2490 1216 ea
2545 1152 2924 1237 scrupulose
2978 1152 3391 1237 inquiramus
3450 1174 3620 1240 quae
3678 1156 4002 1221 Dominus
4069 1178 4205 1224 non

2274 1237 2589 1320 permisit.
2677 1240 2777 1304 Ac
2836 1238 2893 1303 si
2936 1236 3192 1321 quando
3240 1239 3404 1305 forte
3448 1239 3765 1323 quaedam
3810 1243 4203 1310 tentationes

2273 1343 2394 1388 nos
2449 1320 2532 1388 ad
2589 1322 3136 1389 murmurandum
3192 1325 3556 1405 excitarint,
3614 1347 3690 1392 eo
3749 1325 4207 1395 vehementius

2274 1403 2592 1474 adversus
2634 1408 2996 1493 ingenitam
3040 1408 3376 1476 audaciam
3421 1411 3711 1476 nitamur
3744 1426 3810 1477 et
3844 1411 4209 1480 luctemur:

2275 1504 2339 1557 et
2382 1501 2646 1577 gratum
2691 1503 3158 1578 acceptumque
3203 1495 3344 1561 Deo
3395 1516 3535 1563 esse
3591 1497 3981 1565 sacrificium
4038 1499 4209 1566 scia-

2273 1599 2443 1659 mus,
2504 1599 2719 1646 coram
2766 1579 2908 1665 ipso
2953 1578 3141 1648 deiici
3194 1593 3260 1646 et
3304 1580 3673 1648 humiliari:
3728 1606 3811 1649 ne
3857 1605 3939 1650 ue
3998 1583 4207 1652 altum

2274 1663 2473 1730 nimis
2517 1685 2766 1749 sapere,
2809 1664 2921 1730 sed
2967 1665 3050 1731 ad
3093 1687 3506 1734 mensuram:
3549 1689 3754 1753 neque
3799 1605 3880 1735 dle
3924 1670 4002 1737 iis
4038 1690 4205 1754 quae

2276 1770 2409 1815 non
2451 1750 2773 1817 revelavit
2829 1751 3220 1817 sententiam
3276 1753 3475 1819 ferre:
3534 1752 3648 1820 sed
3709 1755 3895 1822 nobis
3952 1755 4209 1826 occulta

2278 1856 2420 1902 esse
2462 1835 2535 1901 in
2580 1834 2751 1902 diem
2798 1856 3002 1921 usque
3044 1838 3370 1921 perfectae
3413 1839 3832 1908 revelationis
3874 1841 4205 1925 patienter

2276 1919 2585 1988 feramus.
2675 1920 2846 1988 Nam
2935 1930 3008 1987 ut
3065 1923 3158 1987 ait
3214 1923 3482 2004 Paulus,
3546 1947 3630 1991 ex
3693 1936 3883 2010 parte
3948 1938 4208 1994 tantum

2278 2006 2750 2091 cognoscimus.
2882 2026 3037 2073 uare
3079 2009 3401 2092 patienter
3447 2012 3955 2094 exspectandum
4001 2009 4210 2080 donec

2278 2092 2459 2160 Deus
2505 2090 2618 2158 det
2661 2092 2848 2159 nobis
2890 2092 3244 2176 perfectam
3287 2095 3721 2180 cognitionem
3780 2117 4007 2164 eorum
4051 2118 4209 2181 quo·

2279 2198 2423 2243 rum
2484 2197 2665 2243 nunc
2719 2184 2987 2266 gustum
3055 2187 3309 2245 tantum
3377 2180 3661 2267 aliquem
3725 2180 4075 2251 habemus:
4137 2193 4206 2249 et

2279 2262 2692 2364 agnoscenda
2736 2274 2963 2330 nostra
3006 2262 3441 2345 imbecillitas,
3499 2289 3583 2333 ne
3640 2267 3812 2334 ultro
3859 2290 3976 2334 nos
4019 2290 4208 2353 prae-

2279 2349 2505 2501 gipites
2582 2348 2654 2413 in
2729 2348 2911 2415 illam
2993 2349 3298 2436 abyssum
3380 2351 3750 2419 divinorum
3817 2353 4206 2421 iudiciorum

2323 2455 2527 2501 emus.

2451 2519 2541 2586 Et
2594 2517 2674 2588 de
2730 2520 2872 2586 istis
2936 2519 3270 2588 hactenus.
3373 2519 3725 2590 Caeterum
3791 2525 4210 2608 profanorum

2282 2605 2621 2671 hominum
2690 2604 2939 2672 furores
3004 2615 3256 2673 certum
3321 2616 3420 2675 est
3486 2630 3617 2675 non
3671 2630 3861 2693 posse
3919 2632 3958 2675 a
4021 2610 4208 2678 nobis

2278 2690 2602 2777 impediri,
2647 2691 2804 2775 quin
2849 2691 3160 2759 adversus
3194 2692 3410 2759 Deum
3452 2693 3753 2776 fremant,
3800 2704 3868 2761 et
3910 2695 4211 2781 blasphe-

2280 2798 2424 2844 mas
2465 2797 2661 2844 voces
2707 2778 2774 2842 in
2818 2774 3032 2861 ipsum
3079 2789 3362 2856 vomant,
3429 2799 3561 2844 non
3606 2800 3799 2863 posse
3841 2779 4061 2847 Deum
4103 2783 4206 2847 in-

2283 2863 2581 2948 quientes
2626 2861 2705 2929 ab
2748 2862 3070 2928 iniustitia
3112 2860 3394 2943 liberari,
3455 2885 3656 2949 quum
3713 2865 3781 2931 in
3827 2865 4208 2936 innocentes

2280 2956 2345 3015 et
2406 2969 2445 3013 a
2507 2947 2781 3015 crimine
2848 2969 3085 3015 vacuos
3151 2946 3505 3017 vindictam
3570 2958 3846 3018 exercet.
3954 2953 4206 3024 Verum

2281 3041 2502 3099 tamen
2547 3032 2801 3100 interea
2889 3054 3103 3100 emere
3147 3055 3268 3100 nos
3311 3044 3582 3119 oportet,
3646 3044 3712 3102 et
3755 3050 3974 3103 mente
4019 3059 4206 3103 revo-

2281 3141 2432 3188 care
2498 3117 2743 3185 dictum
2811 3119 2855 3185 il
2884 3117 2971 3185 ud
3035 3119 3409 3220 prophetae,
3491 3142 3573 3204 op
3620 3120 3835 3187 robria
3910 3144 4071 3206 quae
4133 3123 4204 3189 in

2283 3205 2503 3271 Deum
2546 3205 2993 3289 proficiuntur,
3036 3206 3109 3272 in
3151 3225 3328 3291 ipsos
3372 3227 3479 3272 mo
3611 3227 3681 3273 es
3714 3206 4016 3273 recidere.
4069 3207 4206 3275 Nos

2282 3290 2503 3375 itaque
2546 3290 2836 3376 graviter
2880 3299 3136 3374 oportet
3180 3292 3332 3377 angi
3388 3292 3892 3393 quotiescunque
3937 3294 4205 3361 miseros

2281 3376 2749 3443 homunciones
2824 3375 3036 3442 instar
3099 3376 3563 3444 lumbricorum
3624 3376 3811 3443 humi
3876 3391 4207 3463 reptantes

2282 3462 2718 3545 conspicimus
2762 3459 3075 3528 adversus
3110 3461 3235 3529 Dei
3281 3464 3688 3529 maiestatem
3733 3463 4097 3549 insurgere,
4140 3469 4227 3531 et‘

2283 3545 2681 3631 blasphemis
2723 3546 2992 3614 vocibus
3037 3548 3170 3614 suis
3211 3547 3393 3614 illam
3429 3549 3743 3615 lacerare:
3791 3557 3856 3615 et
3889 3550 4212 3634 patienter

2284 3632 2578 3699 divinam
2644 3632 2715 3698 in
2784 3633 2928 3699 illos
2994 3631 3344 3699 vindictam
3412 3644 3805 3718 exspectare.
3908 3634 4215 3717 Quando-

2282 3718 2548 3803 quidem
2591 3729 2840 3784 certum
2881 3726 2979 3784 est
3021 3717 3391 3785 istiusmodi
3442 3737 3675 3786 canum
3720 3721 4214 3804 impudentissi-

2283 3824 2539 3871 morum
2583 3802 2850 3869 tandem
2895 3805 3090 3870 etiam
3135 3803 3533 3870 horrendum
3578 3805 3712 3870 fore
3748 3807 4018 3887 exitum,
4056 3807 4210 3875 licet

2283 3889 2471 3955 tardo
2516 3897 2583 3954 et
2626 3888 2802 3955 lento
2844 3889 3052 3975 gradu
3112 3887 3333 3956 divina
3390 3888 3682 3956 vindicta
3737 3891 4076 3975 procedat:
4144 3902 4213 3959 et

2282 3975 2434 4042 licet
2476 3975 2546 4040 in
2608 3975 2857 4042 coelum
2913 3974 3349 4060 blasphemias
3405 3997 3556 4042 suas
3599 3987 3905 4061 tanquam
3962 3978 4217 4062 lapides

2283 4060 2668 4141 iaculentur,
2729 4061 2797 4126 in
2853 4071 3053 4145 caput
3113 4062 3403 4144 ipsorum
3467 4069 3685 4126 tamen
3731 4063 3996 4130 tandem
4040 4064 4209 4129 deri-

2284 4145 2554 4225 vandae,
2591 4155 2657 4212 et
2691 4145 2936 4230 pudore
2959 4165 3214 4213 summo
3248 4147 3513 4212 tandem
3550 4148 3930 4215 obruendos.
3983 4146 4219 4229 Quan-

2283 4229 2626 4316 doquidem
2671 4233 2848 4298 enim
2891 4230 3208 4298 adversus
3230 4230 3444 4298 Deum
3477 4231 3850 4318 insurgunt,
3894 4241 3962 4298 et
4005 4232 4227 4302 veluti

2284 4317 2612 4384 cornubus
2656 4326 2878 4401 petere
2921 4317 3124 4400 ipsius
3168 4316 3401 4383 solium
3451 4316 3773 4401 videntur,
3832 4328 4047 4384 tamen
4094 4315 4221 4382 ad-

2282 4425 2513 4471 versus
2557 4417 2773 4469 aerem
2810 4413 3063 4468 tantum
3100 4402 3467 4486 luctantur,
3512 4425 3719 4489 neque
3740 4401 3954 4468 Deum
3992 4403 4219 4487 ipsum.

2285 4499 2561 4575 possunt
2604 4489 3001 4573 contingere.
3091 4487 3243 4570 Qua
3287 4489 3459 4555 enim
3518 4499 3702 4573 parte
3746 4488 3930 4553 illum
3976 4508 4221 4572 aggre-

2286 4575 2612 4653 derentur,
2638 4573 2748 4658 qui
2785 4574 3073 4640 omnium
3098 4573 3470 4641 mortalium
3497 4572 3856 4641 cervicibus
3891 4573 4217 4654 imminet,

2285 4672 2353 4728 et
2394 4661 2614 4726 omnia
2655 4660 2990 4726 hominum
3034 4660 3203 4726 facta
3237 4658 3575 4726 intuetur?
3619 4658 3719 4724 Ac
3752 4658 4022 4743 proinde
4059 4658 4211 4726 licet

2288 4746 2544 4812 miseris
2587 4758 2813 4831 parcat
2856 4745 2936 4811 ad
2981 4754 3258 4829 tempus,
3302 4756 3370 4812 et
3402 4742 3485 4810 ad
3521 4744 3982 4829 poenitentiam
4009 4744 4211 4810 etiam

2287 4831 2436 4897 illos
2480 4833 2748 4898 invitet:
2800 4843 3020 4896 tamen
3063 4831 3171 4895 lon
3265 4852 3331 4896 m
3375 4829 3560 4897 illum
3606 4830 3956 4914 patientiae
4001 4829 4209 4912 ipsius

2289 4917 2584 4997 abusum,
2649 4925 2715 4982 et
2778 4937 3068 5002 pugnam
3133 4852 3445 4982 aggei-sus
3509 4916 3756 4999 ipsum,
3823 4935 4077 4981 summa
4141 4923 4213 4980 et

2288 5001 2617 5068 horrenda
2657 5004 2727 5067 in
2786 5012 3013 5068 nostra
3068 5003 3277 5085 capita
3322 5001 3614 5066 derivata
3658 4999 3946 5067 confusio
3991 5013 4055 5066 et
4097 5021 4215 5066 ca-

2290 5087 2545 5153 lamitas
2611 5087 2909 5172 excipiet.
2994 5087 3059 5152 It
3142 5107 3225 5152 ue
3282 5085 3432 5152 licet
3480 5098 3704 5151 mente
3764 5106 3905 5152 asse
3949 5085 4017 5150 ui
4075 5107 4209 5151 non

2290 5194 2635 5257 possumus
2679 5195 2878 5258 quare
2922 5180 3060 5238 tam
3149 5170 3491 5237 orrendam
3534 5170 3890 5237 vindictam
3984 5192 4096 5237 eus
4139 5172 4211 5236 in

2292 5257 2690 5327 Amalecitas
2734 5258 3094 5339 immiserit,
3136 5255 3310 5323 istud
3354 5256 3540 5324 nobis
3582 5257 3953 5338 satisfaciat,
3989 5256 4215 5324 Deum
