5059 6059
816 272 948 340 243

827 463 1164 529 adversus-
1210 484 1437 529 omnes
1494 462 1784 528 hostium
1844 464 2128 544 impetus
2192 460 2446 525 animos
2512 469 2772 526 nostros

829 549 1196 628 confirmat,
1242 548 1414 633 quod
1461 550 1678 614 Deum
1726 547 2044 613 bellorum
2086 555 2153 611 et
2197 547 2602 613 exercituum
2664 545 2774 611 do·

825 636 1083 700 minum
1129 656 1269 699 esse
1305 635 1608 700 sciamus.
1674 632 2117 715 Quamobrem
2155 632 2479 699 discamus
2515 653 2773 698 omnem

827 721 1354 786 incredulitatem
1402 732 1465 786 et
1511 719 1966 786 infidelitatem
2010 719 2335 802 captivam
2384 718 2642 796 ducere,
2701 729 2776 782 ut

830 807 1036 872 semel
1083 807 1152 870 in
1200 808 1340 872 Deo
1385 806 1693 871 fiduciam
1742 817 2038 870 nostram
2083 805 2476 871 collocantes
2543 804 2773 868 adver·

829 914 943 959 sus
988 913 1406 976 quascunque
1453 891 1847 956 tentationes
1895 891 2048 956 forti
2095 891 2315 955 animo
2360 903 2607 957 stemus
2654 891 2775 953 im-

830 979 1198 1063 perterriti:
1246 998 1319 1042 ao
1374 977 1646 1060 proinde
1703 977 1769 1041 in
1829 976 2106 1041 summis
2158 976 2653 1043 difficultatibus
2709 983 2777 1038 et

830 1065 1158 1148 angustiis
1227 1065 1444 1129 Deum
1509 1063 1673 1128 satis
1743 1072 2075 1145 potentem
2158 1082 2621 1145 agnoscamus,
2694 1060 2776 1125 ad

831 1172 953 1216 nos
997 1171 1080 1215 ex
1127 1148 1433 1214 omnibus
1467 1148 1600 1214 illis
1645 1148 2051 1214 liberandos:
2098 1147 2289 1214 modo
2333 1149 2459 1232 ipsi
2504 1145 2775 1232 adytum

832 1256 963 1300 non
1008 1235 1405 1314 claudamus,
1452 1235 1564 1299 sed
1613 1235 1828 1318 potius
1874 1234 2000 1299 fide
2045 1235 2117 1299 in
2163 1234 2367 1316 ipsius
2401 1233 2773 1317 promissio·

829 1343 950 1387 nes
996 1322 1441 1404 respiciamus,
1487 1329 1556 1384 et
1598 1322 1874 1404 gratiam
1924 1320 2064 1385 eius
2109 1319 2556 1386 admittamus,

996 1405 1144 1471 Iam
1198 1428 1347 1472 vero
1392 1407 1585 1490 agite,
1631 1411 1736 1471 etc.

1418 1749 1918 1831 HOMILIA
1966 1748 2217 1831 LXV·

999 1920 1106 1985 48.
1149 1921 1355 2002 Quum
1389 1939 1533 2002 erqo
1566 1919 1954 1984 surrexisset
1977 1918 2385 2000 PhilistaeuS,
2428 1924 2485 1983 et
2525 1919 2777 1997 veniret,

830 2011 888 2071 et
923 2008 1460 2089 appropinquaret
1513 2011 1727 2071 contra
1770 2004 2009 2084 David,
2062 2006 2385 2087 festinavit
2423 2004 2666 2080 David,
2724 2009 2780 2069 et

828 2093 1105 2159 cucurrit
1139 2094 1241 2157 -ad
1292 2112 1576 2174 puqnam
1635 2111 1710 2155 ex
1769 2091 2034 2155 adverso
2093 2090 2448 2156 Philistaei.
2538 2090 2643 2155 49.
2688 2089 2780 2154 Et

830 2179 1008 2243 misit
1049 2198 1310 2243 manum
1348 2198 1535 2242 suam
1571 2178 1642 2240 in
1674 2197 1917 2257 peram,
1962 2176 2220 2258 tulitque
2253 2196 2451 2241 unum
2485 2175 2777 2259 lapidem,

830 2268 888 2329 et
925 2264 1130 2346 funda
1171 2265 1328 2343 iecit,
1375 2269 1431 2326 et
1458 2263 1773 2344 percussit
1824 2260 2244 2327 Philistaeum
2302 2264 2374 2327 in
2427 2264 2666 2343 fronte:
2722 2266 2778 2327 et

834 2350 1073 2431 infixus
1127 2354 1214 2413 est
1281 2350 1453 2430 lapis
1507 2350 1576 2412 in
1625 2348 1827 2430 fronte
1885 2348 2041 2422 eius,
2086 2352 2140 2412 et
2173 2348 2392 2413 cecidit
2432 2349 2505 2413 in
2544 2348 2774 2430 faciem

832 2454 1018 2499 suam
1072 2455 1266 2514 super
1319 2439 1572 2499 terram.
1677 2432 1782 2498 50.
1845 2432 2333 2515 Praevaluitque
2387 2433 2611 2499 David
2665 2435 2775 2500 ad-

832 2539 1051 2585 versus
1094 2518 1511 2585 Philistaeum
1552 2520 1623 2583 in
1662 2518 1869 2600 funda
1911 2523 1966 2583 et
2006 2519 2234 2600 lapide,
2283 2539 2775 2602 percussumque

835 2603 1257 2670 Philistaeum
1319 2605 1642 2687 interfecit.
1739 2605 2060 2686 Quumque
2111 2604 2398 2687 yladium
2454 2605 2523 2670 in
2579 2626 2775 2670 manu

831 2711 957 2758 non
1036 2689 1283 2756 haberet
1343 2689 1594 2773 David,
1682 2688 1787 2754 51.
1858 2688 2163 2767 Cucurrit,
2230 2695 2288 2755 et
2345 2691 2508 2756 stetit
2582 2711 2775 2773 super

834 2774 1276 2855 Philistaeum,
1320 2781 1375 2840 et
1416 2775 1559 2840 tulit
1597 2775 1888 2857 qladium
1932 2777 2087 2855 eius,
2146 2780 2201 2841 et
2256 2777 2476 2842 eduxit
2516 2797 2655 2840 eum
2698 2777 2772 2842 de

830 2863 1068 2945 vayina
1111 2882 1264 2927 sua.-
1304 2865 1363 2926 et
1394 2861 1704 2942 interfecit
1736 2881 1891 2940 eum,
1923 2862 2358 2944 praeciditque
2390 2868 2579 2944 caput
2612 2864 2768 2928 eius.

850 2946 1142 3014 Videntes
1192 2952 1400 3012 autem
1445 2945 1782 3012 Philistaei
1834 2948 1998 3028 quod
2050 2954 2337 3013 mortuus
2390 2952 2546 3014 esset
2586 2948 2774 3029 fortis

831 3053 1068 3113 eorum,
1108 3033 1423 3115 fuyerunt.
1509 3031 1613 3097 52.
1660 3031 1751 3097 Et
1807 3039 2237 3117 consuryentes
2293 3033 2422 3099 viri
2466 3032 2680 3100 Israel
2720 3037 2775 3098 et

831 3119 1029 3196 Iuda,
1072 3120 1393 3201 vociferati
1434 3123 1605 3202 sunt,
1664 3122 1724 3182 et
1772 3119 2130 3200 persequuti
2181 3124 2331 3184 sumt
2370 3116 2771 3198 Philistaeos,

828 3225 1029 3288 usque
1084 3206 1236 3271 dum
1292 3206 1570 3270 venirent
1625 3204 1698 3268 in
1753 3203 1997 3282 vallem,
2063 3208 2119 3269 et
2171 3224 2365 3285 usque
2409 3203 2494 3269 ad
2545 3209 2772 3286 portas

833 3291 1157 3357 Accaron:
1220 3291 1678 3370 cecideruntque
1740 3289 2052 3355 vulnerati
2116 3289 2194 3354 de
2245 3287 2600 3354 Philistiim
2663 3291 2772 3354 via

838 3375 1098 3442 Sar-aim
1140 3396 1335 3458 usque
1376 3375 1463 3441 ad
1514 3373 1691 3452 Geth,
1734 3380 1791 3438 et
1830 3395 2028 3456 usque
2070 3375 2156 3440 ad
2174 3374 2485 3440 Accaron.
2555 3374 2660 3440 53.
2685 3374 2773 3439 Et

827 3466 1195 3528 revertentes
1259 3462 1388 3543 filii
1441 3460 1651 3525 Israel
1701 3465 2038 3542 postquam
2092 3461 2455 3544 persequuti
2519 3462 2774 3541 fuerant

831 3546 1232 3624 Phaistaeos
1278 3548 1645 3614 invaserunt
1689 3552 1898 3612 castra
1941 3566 2175 3612 eorum.
2264 3545 2369 3611 54.
2414 3546 2773 3613 Assumens

832 3641 1038 3698 autem
1080 3631 1300 3699 David
1358 3636 1545 3716 caput
1587 3630 1946 3715 Philistaei,
2000 3632 2208 3697 attulit
2261 3631 2422 3697 illud
2479 3632 2551 3697 in
2594 3634 2773 3699 Ieru-

832 3718 1028 3783 salem
1046 3744 1065 3783 .-
1135 3739 1320 3785 arma
1377 3739 1520 3785 vero
1577 3718 1713 3783 eius
1765 3718 1984 3800 posuit
2048 3718 2119 3783 in
2175 3717 2571 3782 tabernaculo
2634 3738 2769 3784 suo.

831 3802 940 3869 55.
983 3803 1084 3870 Eo
1126 3809 1334 3870 autem
1376 3809 1642 3884 tempore
1682 3823 1801 3885 quo
1843 3804 2087 3869 viderat
2131 3802 2295 3869 Saul
2338 3803 2562 3870 David
2603 3825 2768 3888 eyre-

832 3889 1097 3955 dientem
1150 3894 1363 3956 contra
1409 3889 1843 3964 Philistaeum,
1894 3889 1989 3954 ait
2036 3889 2122 3955 ad
2165 3887 2382 3954 Abner
2410 3890 2772 3971 principem

830 3975 1130 4040 militiae.-
1170 3973 1273 4038 De
1305 3993 1433 4055 qua
1453 3975 1647 4054 stirpe
1666 3973 1974 4040 descendit
1994 3973 2093 4039 hic
2114 3975 2480 4054 adolescens,
2503 3975 2770 4040 Abner?

828 4057 1408 4141 DixitqueAbner:
1469 4060 1637 4124 Vivit
1657 4061 1876 4125 anima
1905 4066 2034 4135 tua,
2079 4081 2213 4142 rex,
2256 4061 2317 4125 si
2349 4062 2507 4126 novi.
2554 4060 2660 4126 56.
2685 4061 2774 4126 Et

829 4146 927 4210 ait
991 4166 1106 4211 rex
1128 4171 1147 4210 .·
1213 4146 1535 4228 interroya
1599 4150 1699 4229 tu,
1777 4147 1960 4211 cuius
2028 4146 2207 4227 filius
2261 4147 2344 4211 sit
2413 4148 2532 4212 iste
2586 4168 2769 4230 puer.

831 4230 936 4296 57.
971 4231 1296 4314 Quumque
1315 4250 1645 4313 repressus
1665 4237 1820 4296 esset
1829 4231 2065 4311 David,
2078 4251 2378 4314 percusso
2400 4230 2768 4316 Philistaeo,

829 4317 978 4384 tulit
1035 4338 1177 4382 eum
1231 4315 1470 4396 Abner,
1526 4319 1581 4380 et
1633 4316 1989 4382 introduxit
2041 4338 2252 4387 coram
2309 4316 2522 4398 Saule,
2590 4323 2772 4401 caput

830 4401 1168 4468 Philistaei
1208 4401 1525 4467 habentem
1571 4401 1641 4466 in
1682 4421 1910 4467 manu.-
1953 4401 2056 4468 58.
2081 4403 2171 4470 Et
2191 4405 2284 4469 ait
2304 4403 2389 4469 ad
2409 4423 2549 4468 ewm
2573 4403 2770 4470 Saul.-

827 4488 933 4555 De
974 4509 1100 4570 qua
1128 4489 1445 4572 proqenie,
1481 4509 1565 4565 es,
1619 4506 1654 4550 o
1698 4488 2097 4554 adolescens?
2183 4490 2491 4571 Dioeitque
2532 4490 2769 4569 David,

831 4572 1053 4641 Filius
1095 4575 1264 4639 servi
1306 4575 1402 4639 tui
1446 4574 1591 4640 Isai
1635 4572 2072 4641 Bethleemitae
2114 4595 2218 4660 eqo
2259 4595 2419 4641 sum.

1004 4746 1314 4812 Narratio
1357 4744 1541 4811 nobis
1588 4744 1696 4810 hic
1740 4747 2023 4811 occurrit
2065 4744 2369 4811 audaciae
2411 4755 2477 4811 et
2511 4747 2769 4813 fortitu-

831 4830 1026 4912 dinis,
1094 4844 1226 4896 tam
1295 4829 1639 4896 Philistaei
1684 4851 1883 4913 quam
1948 4831 2258 4909 Davidis,
2324 4853 2407 4897 ex
2473 4834 2767 4916 opposito

831 4915 1319 4983 consideranda.
1390 4914 1521 4981 Sed
1543 4916 1611 4980 in
1638 4916 1867 4997 primis
1910 4917 2391 4983 observandum
2437 4920 2767 5002 gigantem

830 5001 1020 5067 illum
1080 5001 1461 5067 Goliathum
1522 5000 1861 5080 audacter,
1926 5004 2065 5068 suis
2123 5004 2372 5070 viribus
2428 5007 2768 5086 confisum,

834 5107 1245 5171 progressum
1290 5107 1463 5154 esse:
1524 5086 1848 5154 Davidem
1891 5111 2048 5154 vero
2093 5099 2319 5155 contra
2362 5088 2443 5154 de
2488 5111 2559 5155 se
2602 5092 2769 5157 nihil

830 5192 1145 5256 sperasse,
1188 5172 1304 5239 sed
1347 5174 1667 5240 auxilium
1709 5194 1751 5238 a
1789 5174 2075 5241 Domino
2120 5184 2553 5259 exspectasse.
2622 5177 2764 5244 Nae

2492 269 2904 339 HOMILIA
2949 270 3168 338 LXV.

4634 270 4730 334 244

2878 459 3190 545 quamdiu
3250 460 3549 526 homines
3603 460 3729 525 sibi
3775 459 3856 525 de
3898 461 4034 526 suis
4078 458 4327 524 viribus
4368 456 4594 539 aliquid
4626 478 4739 541 per·

2878 547 3176 626 suadent,
3258 547 3401 612 fieri
3479 566 3611 611 non
3700 557 3917 629 potest
4002 547 4158 628 quin
4238 544 4483 610 exitum
4548 543 4740 610 luctuo-

2877 655 3023 700 sum
3111 644 3613 715 consequantur.
3743 631 3962 696 Deum
4065 630 4241 696 enim
4354 629 4583 695 honore
4654 650 4741 693 suo

2877 719 3192 803 spoliant,
3259 727 3326 783 et
3391 717 3615 783 eodem
3678 718 3800 799 ipsi
3858 717 4122 802 gloriari
4180 716 4469 798 cupiunt.
4567 715 4742 797 Neque

2878 806 3052 871 enim
3098 805 3205 869 vel
3252 803 3585 869 tantillum
3643 803 3833 868 nobis
3891 802 4177 867 tribuere
4226 822 4581 885 possumus,
4629 803 4743 883 quin

2877 890 3021 956 Deo
3087 891 3469 954 tantundem
3536 887 3991 953 detrahamus:
4073 887 4242 969 quod
4311 886 4540 952 deinde
4594 886 4744 951 sacri

2877 976 3120 1060 legium
3188 973 3533 1040 horrendis
3596 975 3821 1057 poenis
3885 984 4137 1041 certum
4198 985 4295 1038 est
4349 973 4579 1056 puniri.
4656 972 4747 1036 Ns-

2879 1084 3004 1146 que
3049 1061 3223 1125 enim
3270 1061 3611 1126 mortalem
3652 1069 4019 1125 ereaturam
4063 1080 4140 1123 eo
4183 1079 4389 1140 usque
4432 1057 4632 1121 efferri
4664 1078 4747 1138 pat

2880 1160 2998 1227 est,
3042 1156 3114 1212 ut
3158 1145 3329 1229 quod
3360 1146 3490 1211 Dei
3534 1146 3833 1230 poprium
3877 1158 3976 1211 est
4019 1144 4145 1209 sibi
4187 1159 4481 1209 assumat
4522 1150 4583 1208 et
4618 1143 4751 1206 attri-

2880 1234 3070 1301 buat:
3115 1253 3316 1316 quare
3357 1232 3645 1315 oportuit
3685 1232 3875 1297 istius
3907 1230 4197 1315 gigantis
4231 1230 4614 1313 arrogatiam
4642 1249 4749 1293 con-

2879 1318 3084 1384 fundi.
3174 1319 3524 1384 Caeterum
3585 1338 3718 1383 non
3768 1318 3927 1382 satis
3970 1328 4070 1382 est
4113 1316 4170 1381 si
4214 1316 4513 1380 homines
4551 1315 4611 1377 in
4651 1313 4752 1378 Deo

2879 1406 3228 1474 confidant,
3273 1403 3385 1468 sed
3430 1403 3623 1468 fidem
3666 1404 3957 1486 ipsorum
4004 1413 4181 1468 certo
4226 1401 4638 1465 fundamento
4666 1399 4753 1461 niti

2879 1502 3149 1574 oportet.
3207 1490 3405 1555 Multi
3448 1490 3640 1568 enim,
3684 1501 3757 1554 ut
3800 1500 3952 1553 ante
3995 1487 4151 1564 dixi,
4197 1487 4322 1552 Dei
4369 1488 4621 1551 nomine
4655 1484 4754 1568 glo-

2880 1579 3152 1657 riantur,
3187 1577 3299 1641 sed
3336 1577 3478 1640 sine
3511 1575 3948 1651 fundamento,
3998 1573 4302 1656 quoniam
4340 1572 4467 1637 sibi
4503 1569 4757 1654 quidquid

2880 1663 3042 1727 libet
3108 1662 3521 1746 persuadent.
3633 1664 3727 1725 At
3791 1682 3921 1724 non
3986 1661 4082 1724 ita
4148 1669 4394 1723 temere
4460 1678 4529 1721 se
4588 1654 4757 1720 David

2880 1750 3097 1832 gessit,
3157 1747 3270 1812 sed
3328 1770 3478 1813 eum
3525 1747 3652 1813 Dei
3695 1746 3968 1829 spiritus
4011 1746 4218 1810 rexit:
4283 1743 4444 1808 hine
4495 1743 4633 1807 illae
4678 1740 4759 1805 ad·

2881 1854 3114 1899 versus
3160 1833 3590 1900 Philistaeum
3637 1833 3842 1915 ipsius
3884 1832 4081 1897 vires.
4154 1831 4359 1895 Porro
4406 1850 4603 1911 quum
4642 1828 4758 1890 dici-

2881 1931 2989 1983 tur
3032 1919 3300 1985 fundam
3345 1930 3413 1985 et
3454 1917 3732 2002 lapidem
3769 1918 4111 2000 accepisse,
4157 1927 4434 1998 apparet
4458 1917 4596 1980 Deo
4640 1915 4762 1977 duca

2878 2005 3143 2084 factum,
3207 2009 3315 2088 qui
3384 2006 3564 2071 nullo
3631 2005 3816 2068 illum
3885 2013 4063 2067 metu
4130 2004 4361 2067 terreri
4420 2022 4642 2086 passus
4687 2002 4763 2062 sit.

2877 2090 3012 2156 Vix
3061 2094 3231 2156 enim
3282 2093 3420 2155 fieri
3461 2100 3677 2174 potest
3719 2089 3876 2171 quin
3922 2102 4136 2154 metus
4179 2089 4441 2170 aliquis,
4487 2087 4598 2152 ubi
4626 2106 4765 2170 prae·

2878 2198 3029 2243 sens
3072 2188 3172 2243 est
3206 2179 3435 2242 mortis
3470 2175 3851 2260 periculum,
3897 2175 4226 2240 hominem
4261 2172 4567 2238 invadat:
4608 2190 4764 2255 quum

2877 2283 3070 2345 saepe
3135 2263 3206 2326 in
3275 2263 3653 2328 fortissimos
3709 2281 3997 2344 quosque
4056 2261 4229 2325 viros
4286 2270 4520 2324 tantus
4568 2257 4765 2323 ineidat

2878 2367 3098 2431 pavor,
3161 2360 3233 2412 ut
3295 2368 3505 2431 neque
3548 2349 3817 2430 ratione,
3877 2366 4089 2429 neque
4146 2346 4423 2411 consilio
4483 2357 4763 2429 regantur,

2877 2446 3056 2499 metu
3117 2432 3429 2499 iudicium
3499 2435 3860 2499 adimente:
3925 2431 4100 2515 quod
4159 2430 4479 2497 nimirum
4537 2431 4612 2495 de
4660 2429 4764 2492 Deo

2877 2541 3007 2585 non
3065 2520 3391 2603 cogitent:
3454 2541 3660 2602 neque
3717 2518 3798 2584 ad
3857 2518 4043 2583 illum
4101 2519 4509 2602 confugiant.
4592 2515 4765 2596 Quare

2874 2627 3076 2689 quum
3122 2607 3359 2671 dicitur
3385 2604 3599 2670 David
3644 2603 3925 2688 lapidem
3961 2608 4305 2688 accepisse,
4349 2614 4424 2668 et
4460 2603 4765 2667 iaculatum

2874 2713 3016 2758 esse
3060 2691 3285 2774 funda,
3328 2710 3792 2776 cognoscamus
3835 2689 4055 2755 Deum
4101 2692 4194 2755 sic
4237 2690 4361 2773 ipsi
4411 2688 4684 2754 adfuisse
4715 2693 4767 2749 ut

2875 2797 3090 2859 neque
3152 2779 3330 2842 vires
3393 2798 3600 2861 neque
3665 2777 4007 2842 consilium
4074 2776 4202 2859 ipsi
4266 2775 4618 2840 defuerint.
4703 2772 4767 2835 Et

2874 2884 3077 2946 quum
3120 2875 3299 2928 rect-a
3340 2863 3617 2928 frontem
3678 2862 3967 2927 medium
4009 2861 4354 2927 Philistaei
4416 2860 4620 2944 petiit,
4671 2878 4765 2923 non

2875 2948 3142 3014 dubium
3189 2950 3350 3032 quin
3394 2950 3534 3032 ipse
3560 2950 3740 3014 Deus
3782 2949 3984 3014 ictum
4029 2946 4365 3013 direxerit.
4440 2947 4608 3011 Nam
4645 2945 4766 3009 alio-

2873 3036 2986 3117 qui
3044 3035 3220 3100 mille
3278 3037 3598 3118 potuisset
3654 3034 3903 3117 lapides
3960 3033 4245 3111 iaculari,
4301 3032 4414 3098 vel
4475 3030 4767 3107 inutiliter,

2876 3119 2980 3185 vel
3024 3121 3093 3184 in
3137 3119 3299 3185 alias
3355 3123 3644 3203 corporis
3702 3130 3920 3202 partes
3974 3119 4175 3183 armis
4231 3117 4537 3184 tutiores.
4618 3117 4767 3189 Nam.

2876 3213 2953 3270 ut
2994 3205 3302 3280 vidimus,
3359 3205 3715 3271 Goliathus
3759 3203 4060 3288 prodibat
4103 3204 4184 3270 ad
4230 3205 4561 3287 praelium
4603 3220 4767 3268 arma·

2875 3299 2997 3368 tus,
3043 3291 3183 3356 sola
3228 3291 3388 3356 facie
3448 3291 3737 3357 detecta:
3794 3300 4190 3373 quapropter
4247 3290 4634 3356 miraculose
4668 3288 4767 3352 Dn-

2874 3375 3043 3442 vidis
3084 3397 3352 3442 manum
3399 3398 3439 3442 a
3485 3378 3766 3442 Domino
3811 3376 3952 3458 regi
3993 3377 4303 3458 oportuit,
4366 3386 4451 3441 ut
4510 3385 4767 3457 tanquam

2873 3482 3137 3546 scopum
3198 3462 3363 3545 lapis
3411 3462 3521 3528 ille
3566 3472 3814 3547 peteret
3857 3471 3924 3527 et
3967 3461 4205 3527 feriret.
4292 3461 4443 3526 Nae
4488 3460 4767 3525 fortunam

2872 3547 2979 3613 hic
3021 3547 3269 3614 ethnici
3312 3549 3730 3614 incusabunt:
3793 3546 3907 3612 sed
3951 3547 4233 3612 sciamus
4276 3547 4411 3612 ista
4457 3547 4636 3612 nobis
4665 3562 4769 3626 pro-

2872 3634 3028 3716 poni
3073 3644 3148 3698 ut
3194 3632 3320 3699 Dei
3363 3635 3706 3701 consilium
3750 3653 4215 3717 cognoscamus
4269 3632 4355 3697 de
4417 3654 4539 3698 suo
4579 3626 4768 3713 populo

2873 3719 3015 3784 sine
3094 3718 3309 3805 gladio
3385 3730 3502 3785 aut
3565 3719 3710 3785 aliis
3775 3720 3974 3783 armis
4040 3719 4409 3785 istiusmodi
4478 3712 4767 3783 servanda

2872 3804 3223 3871 Caeterum
3269 3825 3473 3887 quum
3499 3804 3768 3870 Goliath
3813 3804 3925 3869 ille
3965 3803 4206 3871 dicitur
4246 3814 4603 3887 antequam
4643 3803 4768 3866 ictus

2874 3892 3284 3957 occumberet
3350 3903 3530 3955 tanta
3593 3890 3963 3972 arrogantia
4026 3891 4422 3973 processisse
4504 3889 4769 3954 adversus

2873 3976 3198 4044 Davidem
3242 3976 3431 4060 quasi
3475 3976 3813 4042 victoriam
3857 3978 3926 4041 in
3957 3996 4154 4041 manu
4179 3976 4478 4060 haberet,
4517 3976 4609 4041 ita
4634 3991 4767 4037 com·

2872 4064 3189 4148 probatur
3232 4063 3637 4145 experientia
3681 4061 3853 4145 quod
3899 4062 4027 4126 alio
4072 4062 4209 4127 loco
4252 4082 4447 4127 sacra
4490 4062 4767 4144 scriptun

2875 4171 2993 4216 nos
3039 4149 3240 4227 docet,
3296 4149 3423 4214 Dei
3480 4169 3714 4232 nempe
3772 4156 4271 4231 contemptores,
4316 4161 4764 4229 quumsecuros

2874 4257 2943 4302 se
3002 4236 3424 4314 arbitrantur,
3499 4244 3563 4298 et
3620 4235 3823 4318 magis
3883 4233 4273 4300 clamoribus
4326 4232 4635 4299 fiduciam
4682 4228 4764 4292 de-

2873 4329 3260 4404 monstrant,
3329 4342 3402 4386 ac
3461 4319 3889 4403 triumphant,
3957 4320 4159 4383 exitio
4220 4330 4448 4384 tamen
4511 4338 4624 4386 sno
4658 4330 4762 4379 mn

2871 4406 3470 4491 propinquissimos,
3516 4417 3581 4472 et
3602 4415 3929 4470 momento
3952 4426 4095 4470 esse
4117 4404 4510 4472 obruendos.
4566 4404 4761 4484 Quem·

2870 4490 3216 4559 admodum
3294 4492 3497 4575 igitur
3571 4501 4040 4574 praegnantem
4126 4492 4470 4557 mulierem
4557 4488 4759 4555 dolores

2870 4589 3096 4663 partus
3138 4578 3602 4661 incogitantem
3650 4575 4007 4642 invadunt:
4050 4577 4146 4641 ita
4189 4578 4305 4642 fiet
4346 4598 4501 4642 cnm
4546 4577 4622 4641 iis
4656 4591 4759 4638 om·

2870 4665 3063 4730 nibus
3110 4683 3272 4747 quos
3316 4664 3577 4746 propria
3621 4662 3991 4746 arrogantia
4035 4673 4357 4740 excaecat,
4422 4683 4581 4745 quos
4620 4661 4757 4725 Dem

2869 4759 3137 4836 repente
3182 4748 3451 4829 invadit,
3494 4755 3562 4813 et
3605 4769 3737 4832 quo
3781 4749 3989 4813 maior
4029 4748 4288 4814 illorum
4328 4749 4455 4813 fnit
4488 4744 4757 4813 confiden-

2872 4839 2982 4915 tia,
3041 4857 3116 4902 eo
3159 4835 3422 4919 gravior
3479 4855 3687 4917 poena
3730 4835 4039 4918 sequitur,
4087 4835 4225 4899 Deo
4268 4834 4609 4900 stultitiam
4648 4827 4755 4923 illo-

2870 4943 3017 4988 rum
3083 4928 3527 5006 persequente.
3616 4921 3793 5001 Quid
3861 4922 4037 4985 enim
4093 4921 4355 4987 obsecro
4417 4930 4519 4986 est
4572 4919 4633 4984 in
4680 4913 4755 4978 lu!

2870 5009 3063 5074 terris
3107 5010 3367 5072 firmum
3414 5015 3478 5071 et
3511 5005 3787 5072 stabile?
3857 5006 3998 5072 Nae
4029 5007 4087 5072 si
4121 5007 4290 5072 serio
4325 5006 4506 5073 vitae
4540 5011 4753 5070 nostran

2868 5095 3305 5161 conditionem
3349 5092 3846 5171 consideremus,
3904 5100 4153 5158 certum
4197 5103 4299 5158 est
4339 5091 4611 5177 singulis
4646 5105 4753 5153 mo·

2870 5180 3106 5246 mentis
3150 5198 3355 5246 novas
3399 5187 3612 5245 metus
3656 5180 4025 5245 occasiones
4066 5177 4254 5244 nobis
4296 5179 4619 5262 praeberi:
4662 5165 4749 5238 sed
