5059 6059
835 324 962 389 471

846 512 1054 580 ricula
1110 513 1445 594 ingruunt.
1507 519 1574 578 et
1628 513 1694 577 in
1755 534 1892 578 rem
1953 513 2164 597 ipsam
2226 514 2624 581 veniendum
2668 523 2787 594 est,

848 608 916 665 et
953 598 1235 682 rigidum
1259 618 1536 663 examen
1560 598 1995 679 subeundum,
2043 611 2181 665 tum
2216 600 2412 683 plane
2448 601 2816 667 deficimus

846 695 911 751 et
955 683 1282 768 perterriti
1327 683 1744 751 labascimus.
1789 685 1992 768 Atqui
2038 685 2198 751 fides
2244 706 2378 751 non
2424 696 2525 751 est
2562 690 2787 765 otiosa,

845 770 959 837 sed
1018 770 1323 835 effectum
1384 791 1573 835 suum
1634 781 1948 854 perpetuo
2005 771 2338 855 producit,
2397 775 2785 857 praesertim

845 877 1104 923 summo
1140 876 1361 921 rerum
1399 855 1796 937 discrimine,
1841 865 1909 921 et
1929 858 2138 923 veluti
2176 858 2371 924 rebus
2411 858 2786 942 deploratio,

846 952 913 1007 et
934 942 1278 1007 hominum
1302 943 1607 1025 opinione
1629 942 1967 1027 deplorata
1990 944 2218 1009 salute.
2260 945 2467 1023 Tunc,
2491 945 2787 1027 inquam,

845 1029 1134 1094 maxime
1199 1048 1272 1093 se
1336 1027 1500 1093 fides
1566 1029 1832 1106 exserit,
1900 1039 1964 1093 et
2023 1031 2357 1113 perpetuis
2422 1029 2505 1094 ad
2564 1031 2787 1096 Deum

842 1114 1147 1198 precibus
1193 1114 1550 1179 roboratur.
1628 1114 1767 1181 Nos
1812 1116 2016 1197 igitur
2059 1114 2341 1181 Davidis
2385 1117 2786 1200 singularem

843 1199 1041 1265 fidem
1080 1220 1507 1284 agnoscamus
1532 1220 1735 1283 eoque
1779 1203 2092 1266 maiorem
2135 1222 2261 1284 quo
2295 1200 2561 1268 duriora
2580 1203 2788 1287 ipsius

844 1287 1112 1352 fuerunt
1153 1287 1514 1351 certamina
1555 1295 1622 1350 et
1664 1289 2007 1370 angustiae
2041 1288 2321 1352 maiores
2365 1289 2433 1352 in
2478 1310 2640 1371 quas
2683 1309 2785 1353 re·

845 1373 1073 1438 dactus
1110 1379 1272 1436 erat.
1332 1372 1576 1455 Ecquis
1619 1373 1796 1437 enim
1841 1393 1972 1437 non
2017 1373 2394 1438 vehementi
2437 1372 2787 1439 formidine

844 1457 1272 1537 concutiatur,
1317 1458 1393 1537 si,
1439 1479 1571 1523 non
1611 1458 1871 1542 qualem
1906 1457 2151 1537 David,
2189 1459 2303 1524 sed
2340 1460 2534 1542 longe
2571 1459 2786 1526 adhuc

845 1543 1161 1609 leviorem
1245 1545 1674 1609 tentationem
1757 1543 2216 1628 experiretur?
2305 1545 2543 1628 Neque
2606 1547 2784 1611 enim

843 1629 1114 1712 Ziphaei
1159 1628 1280 1694 soli
1337 1629 1648 1695 dicuntur
1705 1629 1891 1695 illum
1945 1633 2342 1713 persequuti,
2404 1630 2516 1697 sed
2560 1652 2785 1697 omnes

842 1714 1067 1781 Saulis
1105 1715 1439 1794 satellites,
1484 1716 1645 1780 adeo
1683 1725 1754 1780 ut
1789 1715 1974 1781 illum
2014 1725 2325 1798 tanquam
2350 1739 2542 1796 canes
2578 1717 2785 1783 feram

840 1803 1354 1876 insectarentur,
1429 1810 1494 1866 et
1555 1802 1970 1880 allatrarent,
2032 1810 2098 1865 et
2155 1803 2419 1867 iamiam
2478 1803 2785 1868 laniaturi

841 1885 1248 1964 viderentur,
1294 1907 1568 1970 spesque
1613 1887 1794 1952 nulla
1838 1887 2069 1952 salutis
2106 1888 2443 1954 hominum
2480 1891 2785 1972 opinione

842 1979 1234 2056 superesset.
1317 1972 1539 2054 Quum
1587 1974 1788 2056 igitur
1831 1973 1896 2037 in
1945 1974 2147 2038 tantis
2193 1975 2516 2059 angustiis
2563 1974 2784 2040 David

841 2057 972 2123 Dei
1017 2058 1334 2137 meminit,
1380 2069 1446 2123 et
1491 2058 1573 2123 ad
1609 2062 1812 2142 ipsius
1848 2078 2036 2140 opem
2075 2064 2371 2138 recurrit,
2418 2068 2485 2125 et
2529 2061 2599 2125 in
2638 2082 2783 2144 pre-

841 2145 1023 2211 cibus
1067 2152 1445 2227 perseverat
1488 2145 1569 2208 ad
1616 2146 1828 2227 ipsum
1874 2144 2242 2224 fundendis,
2307 2148 2528 2229 magni
2575 2147 2780 2212 animi

839 2251 975 2295 non
1035 2232 1359 2295 incertum
1420 2230 1548 2295 fuit
1605 2232 2088 2314 testimonium,
2145 2241 2208 2295 et
2268 2253 2569 2297 summae
2626 2232 2780 2297 fidei

839 2315 1494 2399 laudabilesignum.
1539 2316 1710 2382 Nam
1746 2318 1802 2382 si
1838 2316 2059 2383 David
2104 2338 2236 2381 non
2274 2319 2600 2402 regenitos
2635 2319 2783 2383 imi-

841 2412 1021 2466 tatus
1079 2400 1610 2484 desperabundus
1670 2402 1750 2467 de
1808 2401 1937 2467 Dei
1994 2403 2240 2468 auxilio
2295 2404 2457 2469 nihil
2503 2404 2782 2486 amplius

840 2487 1235 2569 sperandum
1281 2488 1635 2568 statuisset,
1682 2496 1938 2570 poterat
1981 2498 2225 2554 temere
2270 2510 2473 2572 prava
2509 2489 2781 2555 consilia

841 2573 1033 2651 inire,
1094 2594 1290 2655 seque
1333 2593 1372 2636 a
1417 2575 1559 2637 Deo
1605 2572 1984 2639 derelictum
2039 2576 2365 2658 conqueri,
2424 2576 2554 2640 imo
2597 2597 2668 2642 se
2709 2576 2780 2640 in

843 2677 1051 2723 novas
1095 2679 1351 2740 semper
1387 2659 1801 2725 difficultates
1859 2660 1939 2725 ab
1995 2661 2137 2743 ipso
2190 2661 2456 2728 coniici:
2514 2683 2777 2727 vorum-

841 2755 1065 2807 tamen
1107 2743 1326 2810 David
1372 2757 1599 2810 contra
1654 2757 1994 2829 permanet
2037 2748 2535 2829 imperterritus,
2602 2757 2667 2813 et
2710 2749 2779 2811 in

842 2829 1137 2894 adversis
1182 2831 1612 2896 constantiam
1649 2832 1944 2915 retinuit,
1981 2853 2193 2915 neque
2237 2854 2526 2917 unquam
2565 2833 2782 2898 Deum

835 2914 1208 2982 invocando
1241 2925 1375 2980 =est
1441 2916 1850 3001 defatigatus,
1916 2939 2082 3001 quae
2147 2918 2355 3001 ipsius
2410 2919 2783 2985 constantia

839 3001 1243 3086 singularem
1288 3004 1493 3086 ipsius
1538 3001 1733 3068 fidem
1777 3003 1977 3069 fuisse
2021 3003 2327 3085 ostendit,
2395 3013 2461 3070 et
2505 3005 2670 3071 altas
2712 3004 2780 3069 in

837 3090 982 3172 ipso
1019 3087 1268 3153 radices
1305 3089 1544 3172 egisse:
1584 3097 1768 3154 tanto
1804 3092 2027 3172 itaque
2050 3087 2426 3174 diligentius
2462 3090 2570 3155 hic
2605 3091 2783 3156 locus

836 3197 875 3242 a
918 3173 1105 3239 nobis
1151 3185 1249 3239 est
1294 3174 1758 3252 observandus,
1805 3196 1932 3259 quo
1971 3176 2094 3240 fuit
2139 3175 2458 3260 insignior
2506 3176 2783 3243 Davidis

837 3261 1203 3329 constantia
1227 3269 1294 3324 ct
1330 3262 1608 3325 firmitas
1643 3261 1863 3339 animi,
1909 3268 1983 3326 ut
2022 3262 2227 3346 ipsius
2250 3262 2549 3345 exemplo
2573 3263 2781 3328 disca-

836 3368 1015 3424 mus,
1086 3347 1227 3410 Deo
1274 3368 1393 3411 nos
1437 3347 1507 3410 in
1551 3346 1919 3412 istiusmodi
1972 3350 2331 3432 angustias,
2390 3349 2777 3426 etdifficul-

835 3442 1005 3500 tates
1061 3431 1449 3498 coniiciente
1507 3453 1842 3515 nunquam
1904 3433 2100 3498 fidem
2160 3434 2472 3513 abiicere,
2525 3434 2640 3500 sed
2699 3434 2779 3499 ad

836 3520 1055 3602 ipsum
1105 3516 1488 3583 ardentibus
1524 3518 1826 3601 precibus
1862 3539 2119 3602 semper
2154 3521 2523 3604 confugere.
2572 3522 2782 3586 Porro

839 3604 1057 3669 David
1127 3604 1411 3669 ostendit
1476 3625 1546 3670 se
1608 3625 1742 3669 non
1810 3605 2179 3689 confugisse
2257 3606 2636 3672 dubitanter
2700 3607 2780 3671 ad

839 3690 1075 3765 Deum,
1124 3698 1191 3753 et
1233 3690 1303 3753 in
1349 3690 1659 3755 extremis
1696 3693 2019 3773 angustiis
2060 3693 2274 3774 ipsum
2314 3691 2568 3775 trepide
2596 3693 2781 3759 invo-

844 3796 1045 3854 casse,
1101 3773 1211 3839 sed
1258 3775 1386 3840 fide
1429 3796 1653 3841 omnes
1700 3774 2119 3842 difficultates
2162 3798 2522 3860 superasse,
2579 3800 2781 3861 quum

847 3860 1093 3940 adiicit,
1134 3881 1201 3925 se
1234 3859 1370 3926 Deo
1411 3861 1792 3943 sacrificium
1828 3863 2198 3944 oblaturum,
2245 3863 2480 3947 quibus
2513 3865 2783 3931 vocibus

848 3969 919 4014 se
963 3945 1109 4011 Deo
1167 3947 1410 4030 gratias
1468 3958 1766 4013 acturum
1829 3947 2187 4030 pollicetur,
2251 3958 2317 4013 et
2375 3948 2637 4032 quidem
2683 3970 2783 4015 so·

846 4033 1049 4099 lemni
1095 4034 1428 4097 sacrificio.
1517 4033 1725 4116 Atqui
1784 4042 1923 4098 tum
1970 4034 2185 4099 David
2230 4036 2602 4101 sanctuario
2646 4035 2782 4099 Do-

843 4119 1008 4185 mini
1056 4117 1422 4198 exsulabat,
1475 4119 1555 4182 ad
1603 4119 1770 4203 quod
1817 4119 1944 4202 ipsi
1990 4142 2118 4184 non
2157 4119 2430 4186 dabatur
2465 4142 2782 4199 accessus,

842 4217 912 4272 et
955 4214 1212 4270 tantum
1250 4204 1432 4269 abest
1455 4210 1533 4268 ut
1569 4204 1838 4270 haberet
1870 4207 2189 4271 sacrificia
2229 4226 2398 4288 quae
2420 4206 2565 4271 Deo
2590 4207 2782 4272 offer·

841 4300 960 4370 ret,
1022 4299 1093 4355 ut
1152 4300 1377 4357 contra
1437 4310 1660 4355 rerum
1722 4291 2016 4355 omnium
2077 4313 2324 4376 egenus
2381 4314 2529 4358 cum
2592 4294 2781 4371 fame,

842 4378 972 4457 siti,
1008 4385 1212 4453 aestu,
1250 4375 1515 4460 frigore,
1562 4386 1630 4441 et
1652 4376 1796 4441 aliis
1831 4377 2206 4442 istiusmodi
2231 4379 2556 4461 angustiis
2577 4378 2781 4445 lucta-

837 4472 1042 4530 retur.
1121 4462 1317 4529 Unde
1360 4463 1562 4546 igitur
1606 4460 1825 4527 David
1870 4462 2060 4528 exsul
2117 4477 2181 4528 et
2225 4485 2443 4529 rerum
2487 4466 2782 4530 omnium

840 4569 1093 4635 egenus
1128 4548 1401 4613 haberet
1443 4549 1779 4628 sacrificia,
1822 4570 1986 4631 quae
2010 4548 2153 4614 Deo
2198 4549 2559 4615 secundum
2582 4551 2785 4634 scrip-

839 4646 1031 4701 turae
1089 4634 1468 4699 mandatum
1534 4635 1827 4714 offerret,
1900 4636 2086 4717 eique
2144 4636 2396 4700 solenni
2470 4637 2785 4702 sacrificio

841 4723 1089 4808 gratias
1135 4719 1413 4803 ageret?
1483 4720 1928 4801 Quamobrem
1973 4721 2297 4805 insignem
2339 4721 2536 4787 fidem
2580 4722 2786 4805 ipsius

844 4807 1044 4874 fuisse
1088 4816 1377 4890 apparet,
1435 4827 1601 4889 quae
1655 4816 1751 4871 tot
1810 4804 2221 4872 difficultates
2265 4809 2601 4890 superavit
2644 4808 2786 4891 qui-

843 4897 1116 4962 buscum
1184 4893 1396 4974 ipsum
1481 4901 1831 4975 antequam
1900 4892 2182 4957 Domino
2263 4903 2478 4977 posset
2547 4895 2784 4958 offerre

843 4979 1147 5046 victimas
1190 4978 1529 5061 oportebat
1588 4979 1858 5044 luctari:
1918 4999 2115 5060 quum
2178 5000 2334 5065 ergo
2392 4981 2783 5046 sacrificium

843 5064 1057 5132 laudis
1120 5065 1399 5130 Domino
1459 5065 1658 5141 vovit,
1719 5064 1881 5129 satis
1939 5077 2163 5146 aperte
2223 5073 2499 5131 testatus
2557 5077 2658 5132 est
2716 5086 2785 5131 se

731 5161 740 5172 ‘
846 5153 1063 5218 Deum
1110 5171 1239 5215 non
1286 5158 1532 5216 temere
1574 5151 1895 5230 invocare,
1952 5171 2159 5233 neque
2215 5151 2611 5232 dubitanter,
2671 5150 2784 5216 sed

843 5238 1046 5304 fuisse
1089 5257 1468 5320 persuasum
1514 5257 1584 5302 se
1628 5256 1668 5301 a
1713 5235 1998 5301 Domino
2042 5235 2549 5316 exaudiendum,
2596 5247 2663 5304 et
2705 5258 2787 5302 ex

2411 325 2822 392 HOMILIA
2867 325 3267 394 LXXXIV.

4650 333 4741 397 472

2894 517 3124 580 mortis
3171 515 3545 581 imminenti
3589 516 3882 600 periculo
3929 516 4370 582 liberandum:
4415 518 4566 601 quod
4602 521 4745 589 etiam

2894 623 2935 666 a
2986 602 3173 666 nobis
3229 601 3577 686 diligenter
3636 602 3971 669 observari
4025 623 4287 669 necesse
4332 613 4449 681 est,
4503 605 4749 689 siquidem

2893 707 3085 776 saepe
3143 688 3465 771 contingit
3522 710 3641 753 nos
3700 688 3890 753 malis
3944 698 4009 753 et
4082 690 4551 756 calamitatibus
4602 697 4750 761 variis

2892 774 3211 839 exercitos
3268 773 3487 839 Deum
3542 774 3802 857 quidem
3862 777 4150 858 precari,
4213 775 4327 841 sed
4389 779 4752 859 perfunctorie

2894 868 3170 939 tantum,
3213 869 3281 924 et
3323 859 3795 926 consuetudine
3839 862 4056 944 potius
4101 883 4293 944 quam
4341 862 4484 939 fide,
4532 864 4755 946 quando-

2892 944 3157 1027 quidem
3201 966 3320 1010 nos
3365 966 3627 1029 operam
3688 946 3913 1012 ludere
3972 947 4388 1031 arbitramur,
4450 952 4756 1032 ignorantes

2892 1031 3339 1096 calamitatum
3377 1032 3648 1109 exitum,
3695 1041 3763 1097 et
3805 1032 4152 1097 formidine
4195 1034 4597 1116 percellimur
4624 1039 4759 1119 quasi

2894 1117 3251 1181 bonitatem
3299 1118 3505 1201 ipsius
3550 1138 3886 1201 nunquam
3934 1120 4187 1202 experti
4232 1141 4537 1200 essemus,
4576 1129 4758 1186 ettan·

2893 1223 3085 1282 quam
3131 1204 3335 1268 maris
3377 1203 3593 1269 undae
3637 1205 3850 1269 ventis
3906 1206 4189 1288 agitatae
4248 1205 4378 1270 huc
4434 1217 4614 1288 atque
4648 1206 4762 1274 illue

2892 1288 3187 1371 ferimur,
3247 1310 3322 1355 ae
3382 1289 3654 1373 proinde
3722 1288 3959 1356 accidit
4023 1291 4208 1356 nobis
4270 1312 4499 1375 preces
4562 1303 4761 1358 nostras

2891 1393 3026 1438 non
3071 1382 3328 1439 tantum
3377 1376 3644 1441 inutiles
3688 1397 3848 1453 esse,
3906 1376 4020 1441 sed
4066 1377 4259 1442 etiam
4307 1377 4557 1457 noxias,
4596 1387 4654 1443 et
4686 1377 4761 1443 <le-

2893 1461 3330 1544 trimentosas,
3389 1461 3557 1544 quod
3616 1484 3653 1527 a
3712 1462 3857 1526 Deo
3912 1463 4133 1544 potius
4192 1462 4570 1528 recedamus
4621 1485 4763 1546 quam

2891 1544 3296 1626 accedamus,
3355 1567 3592 1612 nomen
3653 1548 3858 1630 ipsius
3902 1558 4147 1613 temere
4203 1559 4271 1613 et
4313 1548 4666 1615 diffidenter
4698 1551 4763 1612 in·

2891 1641 3216 1697 vocantes.
3258 1632 3463 1714 Atqui
3495 1653 3614 1697 nos
3650 1634 3973 1716 scriptura
4006 1634 4188 1699 iubet
4220 1635 4522 1714 fidenter,
4561 1645 4768 1700 etcerts

2889 1717 3095 1782 animi
3140 1718 3377 1783 fiducia
3419 1717 3501 1782 ad
3544 1719 3759 1783 Deum
3806 1718 4142 1785 accedere:
4191 1721 4349 1803 quin
4397 1722 4587 1785 etiam
4630 1719 4766 1803 polli-

2888 1812 3073 1868 cetur
3115 1802 3332 1868 Deum
3379 1804 3460 1869 ad
3506 1826 3576 1869 se
3622 1805 3738 1869 tali
3783 1805 4019 1871 fiducia
4063 1806 4262 1871 fretos
4296 1806 4665 1872 accedentes
4692 1827 4772 1888 spe

2888 1909 3006 1953 sua
3047 1909 3382 1972 nunquam
3436 1891 3924 1956 frustraturum.
4015 1890 4462 1972 Quamobrem
4508 1913 4632 1957 non
4668 1913 4771 1974 pos-

2889 1995 3117 2040 sumus
3159 1973 3242 2040 ad
3286 1976 3506 2041 Deum
3567 1976 4011 2042 invocandum
4070 1997 4145 2042 os
4202 1979 4465 2061 aperire
4508 1978 4629 2044 nisi
4662 2000 4774 2062 per·

2889 2061 3067 2126 suasi
3112 2080 3230 2125 nos
3271 2061 3481 2143 ipsius
3524 2083 3668 2127 esse
3715 2063 3903 2141 filios,
3962 2071 4030 2127 et
4088 2064 4169 2128 ab
4223 2064 4366 2147 ipso
4428 2083 4547 2129 nos
4592 2065 4773 2138 vocari,

2889 2166 3098 2229 neque
3134 2166 3480 2229 possumus
3538 2157 3613 2213 ut
3668 2159 3922 2230 patrem
3984 2170 4335 2233 agnoscere
4382 2160 4454 2214 et
4509 2152 4776 2224 invocare,

2888 2234 3018 2297 nisi
3070 2234 3230 2297 certi
3290 2234 3493 2298 simus
3546 2254 3665 2299 nos
3724 2236 3794 2298 in
3851 2255 4126 2300 numero
4186 2236 4479 2300 filiorum
4546 2237 4622 2300 ab
4672 2236 4774 2319 ipso

2887 2318 3160 2383 censeri.
3231 2319 3535 2402 Denique
3579 2342 3663 2385 ne
3705 2320 3958 2387 hiscere
3995 2319 4254 2404 quidem
4294 2342 4648 2404 possemus,
4684 2321 4774 2385 nisi

2887 2412 3063 2470 certo
3123 2405 3415 2486 persuasi
3477 2406 3663 2471 nobis
3720 2405 3800 2471 ad
3845 2406 3971 2470 Dei
4031 2407 4393 2472 bonitatem
4457 2406 4687 2472 aditum
4720 2407 4775 2470 ab

2886 2490 3032 2572 ipso
3099 2491 3413 2572 patefieri.
3497 2491 3731 2574 Itaque
3789 2490 4067 2558 Davidis
4133 2493 4444 2577 exemplo
4510 2493 4775 2559 discamus

2886 2574 3103 2640 Deum
3171 2576 3548 2643 invocantes
3626 2598 3967 2660 nunquam
4047 2578 4337 2643 animum
4412 2578 4778 2663 despondere,

2885 2660 3041 2725 licet
3086 2660 3384 2726 videatur
3442 2661 3524 2727 ad
3571 2675 3831 2747 tempus
3883 2664 3963 2728 ad
4022 2685 4244 2745 preces
4289 2674 4561 2730 nostras
4601 2666 4777 2729 obsur-

2889 2746 3185 2830 descere,
3253 2756 3320 2811 et
3378 2769 3417 2812 a
3475 2748 3665 2813 nobis
3721 2749 3944 2815 oculos
4002 2760 4320 2828 avertere,
4383 2749 4660 2835 denique
4696 2770 4779 2813 nm

2888 2832 3207 2898 oblivioni
3253 2832 3545 2900 tradere:
3591 2834 3703 2900 sed
3751 2844 3977 2900 contra
4020 2838 4315 2919 persuasi
4362 2838 4575 2903 simus
4616 2839 4777 2919 ipsum

2888 2938 2960 2983 re
3006 2920 3145 3002 ipsa
3187 2918 3453 2984 tandem
3510 2921 3985 3003 patefacturum
4047 2942 4116 2986 se
4163 2921 4244 2987 ad
4302 2944 4537 3005 preces
4579 2931 4781 2988 nostras

2888 3013 3173 3070 attentas
3217 3026 3408 3070 aures
3452 3006 3847 3087 praebuisse.
3905 3008 4037 3073 Hic
4080 3008 4281 3090 igitur
4323 3010 4403 3072 in
4452 3008 4779 3074 memoriam

2888 3091 3082 3154 etiam
3145 3090 3512 3156 revocanda
3570 3105 3668 3157 est
3726 3092 3838 3157 illa
3892 3091 4027 3158 divi
4092 3092 4285 3158 Pauli
4346 3094 4645 3160 doctrina
4690 3112 4781 3175 qua

2886 3187 3127 3253 monet,
3171 3186 3246 3242 ut
3286 3178 3357 3240 in
3398 3178 3609 3242 Deum
3655 3198 3914 3242 omnem
3961 3187 4258 3245 nostram
4294 3179 4779 3250 sollicitudinem.

2887 3272 2953 3328 et
2995 3283 3217 3328 curam
3264 3263 3653 3343 reiiciamus,
3709 3273 3777 3328 et
3818 3286 3969 3329 eum
4014 3265 4383 3348 gratiarum
4429 3266 4677 3333 actione
4710 3263 4780 3327 in-

2888 3369 3213 3414 vocemus.
3261 3347 3517 3429 Quibus
3556 3350 3772 3415 verbis
3804 3350 4051 3417 Paulus
4074 3351 4262 3416 docet
4297 3372 4536 3435 preces
4581 3363 4783 3417 nostras

2889 3433 3049 3499 nihil
3096 3454 3383 3517 unquam
3442 3436 3803 3513 effecturas,
3863 3438 3989 3501 nisi
4049 3439 4233 3518 prius
4289 3438 4365 3502 in
4416 3439 4632 3503 Deum
4669 3457 4780 3502 con·

2886 3520 3232 3586 iecerimus
3275 3541 3501 3586 omnes
3536 3543 3727 3587 curas
3770 3530 3836 3586 et
3878 3521 4352 3588 sollicitudines
4402 3525 4639 3608 quibus
4674 3541 4781 3605 pre·

2887 3607 3145 3671 mimur.
3230 3605 3489 3671 Deinde
3532 3606 3749 3672 Deum
3797 3608 4140 3691 pollicetur
4183 3608 4378 3674 nobis
4439 3610 4579 3675 fore
4618 3605 4785 3691 proxi·

2890 3711 3089 3771 mum,
3134 3700 3202 3756 et
3235 3694 3443 3757 nostri
3468 3713 3690 3758 curam
3719 3694 4122 3777 singularem
4148 3694 4563 3761 habiturum.
4609 3694 4789 3761 Caete-

2889 3797 3058 3856 rum,
3112 3797 3527 3860 summopere
3568 3778 3932 3844 cavendum
3978 3779 4287 3845 admonet
4329 3803 4424 3845 ne
4470 3781 4615 3846 Deo
4654 3777 4787 3843 oblo-

2887 3881 3165 3946 quamur
3209 3875 3566 3946 precantes,
3614 3873 3680 3930 et
3722 3879 3796 3930 ut
3838 3865 4026 3930 multi
4073 3866 4287 3931 solent
4320 3888 4484 3932 cum
4533 3865 4789 3950 indigna·

2890 3950 3068 4013 tione
3110 3948 3622 4032 interpellemus,
3669 3960 3784 4015 aut
3818 3952 3884 4016 in
3936 3952 4353 4033 blasphemas
4403 3953 4607 4018 etiam
4647 3968 4790 4016 voees

2890 4054 3347 4119 erumpamus,
3435 4036 3550 4101 sed
3618 4047 3846 4102 contra
3923 4039 4140 4121 potius
4217 4051 4539 4120 oportere
4612 4053 4789 4122 preces

2890 4128 3151 4185 nostras
3195 4127 3263 4185 et
3304 4122 3651 4205 petitiones
3695 4142 3920 4187 omnes
3964 4144 4115 4189 cum
4161 4124 4541 4206 gratiarum
4588 4123 4789 4190 actione

2889 4206 3217 4291 coniungi,
3264 4215 3339 4271 ut
3380 4207 3450 4271 in
3486 4207 3630 4273 Deo
3675 4209 4229 4291 conquiescamus,
4275 4211 4501 4292 ipsum
4550 4205 4791 4295 persuasi

2889 4291 3154 4358 tandem
3180 4293 3563 4358 effecturum
3604 4293 3750 4376 plus
3788 4315 3984 4377 quam
4024 4295 4146 4377 ipsi
4172 4305 4494 4377 expetere
4530 4296 4788 4361 ausimne

3059 4378 3151 4443 Et
3184 4377 3264 4441 de
3299 4379 3445 4444 istis
3481 4380 3814 4445 hactenus.
3880 4379 4193 4463 Sequitur
4215 4378 4497 4448 Saulem
4536 4393 4601 4447 et
4630 4379 4789 4446 socios

2891 4464 3029 4528 eius
3089 4464 3288 4529 ivisse
3346 4465 3428 4529 ad
3490 4465 3932 4548 quaerendum
3979 4465 4325 4543 Davidem,
4392 4469 4573 4551 quod
4632 4483 4785 4549 quum

2888 4550 2987 4613 illi
3043 4551 3418 4615 nunciatum
3480 4559 3655 4617 esset
3709 4551 3931 4615 statim
3979 4551 4396 4618 descendisse
4458 4554 4543 4618 ad
4588 4563 4786 4636 petram

2890 4647 2957 4700 et
2992 4644 3325 4702 versatum
3371 4637 3441 4700 in
3487 4637 3740 4702 deserto
3767 4637 4034 4714 Mahon,
4080 4636 4247 4720 quod
4285 4659 4506 4721 quum
4553 4637 4789 4706 audmet

2891 4719 3055 4787 Saul
3091 4719 3571 4804 persequutum‘
3593 4723 3794 4789 fuisse
3819 4723 4140 4788 Davidem
4177 4723 4247 4787 in
4272 4721 4542 4790 deserto
4574 4722 4786 4793 Mahou,

2890 4815 2955 4872 et
3014 4807 3210 4873 ivisse
3270 4806 3538 4875 Saulem
3600 4808 3682 4874 ad
3735 4808 3906 4874 latus
3965 4809 4224 4889 montis,
4286 4830 4371 4874 ex
4438 4821 4627 4893 parte
4664 4819 4788 4872 uns:

2891 4892 3219 4958 Davidem
3265 4901 3481 4960 autem
3508 4902 3574 4958 et
3615 4893 3792 4961 viros
3836 4894 3975 4960 eius
4010 4895 4206 4961 fuisse
4243 4895 4312 4959 in
4355 4896 4567 4962 latere
4600 4890 4785 4959 montis

2891 5000 2975 5044 ex
3015 4989 3207 5064 parte
3242 4980 3464 5045 altera.
3511 4981 3717 5046 Porro
3752 4979 4078 5047 Davidem
4117 4981 4512 5064 desperasse
4544 5002 4613 5047 se
4645 4993 4785 5063 pom

2892 5064 3170 5131 evadere
3212 5086 3251 5130 a
3293 5066 3456 5131 facie
3502 5064 3685 5133 Saul.
3759 5067 3863 5131 Eu
3909 5066 4113 5150 igitur
4157 5067 4495 5132 Davidem
4542 5063 4783 5134 velutin

2890 5150 3096 5234 ipsius
3141 5153 3369 5217 mortis
3411 5151 3707 5218 faucibus
3752 5151 4038 5235 undique
4073 5153 4487 5235 conclusum,
4533 5164 4605 5219 ut
4642 5145 4782 5217 null!

2891 5257 3040 5321 spes
3078 5238 3204 5321 ipsi
3246 5238 3497 5323 reliqua
3539 5238 3768 5305 salutis
3805 5247 3997 5306 esset.
4040 5236 4220 5319 Quid
4266 5237 4483 5323 igitur
4516 5239 4636 5325 ipsi
4671 5252 4780 5320 pro-
