5059 6059
266 335 360 399 401

263 520 617 599 habuissent,
663 540 863 603 quum
907 519 989 586 ad
1034 518 1238 587 Achis
1289 518 1591 605 profugit,
1648 540 1768 584 sua
1822 518 2148 586 industria

259 616 518 676 servatus
562 605 913 672 videretur.
1002 603 1135 672 Sed
1171 606 1352 672 Deus
1394 606 1486 670 ita
1523 605 1799 670 Davidis
1846 606 2147 671 misertus

261 706 354 771 est,
393 701 456 756 ut
501 690 770 756 Domini
814 693 1230 757 manifestum
1281 712 1443 774 opus
1501 694 1888 775 apparuerit.
1980 692 2149 757 Nam

260 798 356 864 pro
392 776 721 842 blanditiis
766 777 1106 843 Philistaei
1164 777 1338 861 regis
1381 778 1544 841 iram
1590 775 1904 842 adversus
1944 777 2151 842 Davi-

260 865 377 930 dem
412 863 722 941 excitant,
781 872 847 927 et
889 862 1171 928 stimulis
1214 861 1598 945 quibusdam
1644 874 1991 943 exacuunt,
2052 862 2149 926 di-

258 960 466 1015 centes:
513 949 757 1031 Ecquis
790 949 914 1014 iste
956 958 1057 1014 est
1091 945 1452 1032 profugus?
1518 946 1751 1012 Nonne
1786 947 1897 1011 ille
1933 947 2150 1012 David

256 1046 337 1102 est
386 1033 488 1118 qui
547 1032 628 1099 de
673 1035 801 1099 tuis
845 1042 981 1098 tam
1025 1033 1268 1101 multos
1309 1033 1654 1113 interfecit,
1699 1034 1801 1099 cui
1847 1034 1902 1098 si
1945 1035 2150 1098 vitam

256 1120 631 1198 comessoris,
679 1120 945 1203 perinde
985 1119 1199 1185 facere
1240 1119 1420 1184 visus
1465 1118 1683 1199 fueris,
1729 1139 1804 1185 ac
1848 1121 1900 1183 si
1950 1122 2153 1185 fasces

253 1206 523 1272 ardentes
581 1205 714 1271 tuis
773 1205 1039 1271 aedibus
1084 1221 1148 1269 ει
1192 1224 1395 1289 regno
1435 1204 1830 1269 subieceris?
1920 1205 2154 1270 Nonne

253 1293 343 1357 ille
391 1301 483 1357 est
542 1291 650 1375 qui
712 1288 1118 1357 dominatum
1182 1290 1248 1354 in
1310 1290 1568 1374 regione
1611 1289 1909 1370 obtinuit,
1967 1302 2034 1356 et
2076 1289 2155 1354 de

251 1399 356 1462 quo
407 1386 554 1461 post
612 1385 900 1441 nostram
958 1374 1206 1442 cladem
1266 1388 1334 1439 et
1378 1374 1671 1440 Goliathi
1731 1386 2005 1441 mortem
2057 1387 2159 1442 est

250 1465 654 1538 decantatum,
703 1460 1025 1527 Davidem
1069 1482 1188 1526 sua
1231 1462 1451 1526 decem
1499 1461 1703 1526 millia
1737 1462 2155 1542 interfecisse,

249 1548 485 1615 Saulem
535 1568 688 1613 vero
732 1569 853 1612 sua
897 1548 1144 1614 millia‘?
1208 1547 1443 1612 Nonne
1487 1546 1541 1610 si
1586 1546 1783 1612 fuerit
1826 1551 1997 1632 apud
2042 1569 2158 1613 nos

246 1636 302 1699 in
333 1636 470 1710 otio,
518 1645 586 1698 et
630 1631 823 1699 rebus
866 1654 1027 1699 usus
1072 1631 1389 1711 secundis,
1431 1632 1499 1696 in
1537 1641 1838 1697 nostrum
1882 1633 2156 1699 exitium

246 1717 659 1803 conspirabit?
749 1717 926 1785 Sane
970 1739 1168 1801 quum
1214 1738 1290 1782 eo
1334 1718 1682 1782 deventum
1729 1728 1847 1798 est,
1884 1720 2156 1785 minime

242 1805 488 1871 dubium
547 1803 675 1870 fuit
732 1806 888 1888 quin
951 1805 1132 1869 Dens
1191 1801 1428 1868 Davidi
1490 1804 1660 1868 viam
1706 1804 1940 1871 salutis
1982 1824 2156 1870 com-

243 1911 484 1956 munem
508 1940 524 1970 ,
592 1900 658 1956 et
732 1889 903 1973 apud
966 1890 1262 1953 homines
1317 1889 1620 1954 usitatam
1681 1890 1995 1956 ademerit
2011 1894 2034 1969 ,’
2083 1905 2159 1956 ut

243 1976 627 2042 manifestior
685 1982 857 2042 esset
910 1974 1036 2039 Dei
1092 1996 1248 2056 erga
1304 1974 1631 2040 Davidem
1689 1976 2157 2058 benevolentia,

241 2062 333 2127 cui
368 2060 573 2127 veluti
608 2061 878 2128 coelitus
914 2081 1176 2125 manum
1216 2060 1631 2144 porrexisset,
1676 2070 1741 2125 et
1775 2061 2157 2128 admiranda

236 2148 467 2214 ratione
514 2168 598 2213 ex
642 2145 871 2212 mortis
917 2145 1205 2212 faucibus
1249 2145 1638 2229 eripuisset?
1704 2147 1937 2231 Neque
1978 2149 2154 2212 enim

236 2233 392 2317 apud
425 2233 727 2299 homines
766 2246 1151 2299 consuetum
1188 2241 1305 2309 est,
1351 2230 1696 2319 stultitiam
1739 2232 2154 2299 simulantem

239 2320 514 2385 hostibus
567 2319 920 2402 imponere,
973 2330 1040 2381 et
1097 2317 1362 2401 impune
1404 2316 1645 2381 dimitti
1688 2338 1816 2384 non
1864 2319 2156 2384 animad-

235 2426 411 2470 versa
455 2404 704 2470 fraude.
777 2402 916 2468 Aut
957 2403 1014 2466 si
1056 2422 1288 2468 revera
1327 2401 1546 2468 David
1589 2402 1865 2469 insanus
1906 2404 2153 2483 fuisset,

234 2512 308 2554 an
369 2512 494 2556 non
567 2488 806 2555 multos
871 2511 950 2553 ex
1018 2498 1214 2572 gente
1279 2487 1413 2565 illa,
1482 2494 1553 2553 et
1613 2488 1873 2571 quidem
1939 2491 2150 2573 ipsum

227 2595 437 2660 regem
474 2575 845 2642 interficere
880 2584 1151 2658 poterat,
1194 2574 1379 2639 cuius
1422 2593 1558 2638 non
1604 2576 1910 2640 maiorem
1956 2596 2152 2659 quam

229 2662 494 2727 aliorum
529 2662 851 2727 rationem
888 2659 1223 2726 habuisset
1264 2659 1333 2723 in
1378 2659 1683 2726 insania?
1750 2659 1958 2727 Ouius
2001 2661 2154 2728 facti

223 2748 275 2812 si
333 2767 560 2813 rumor
614 2746 698 2812 ad
755 2746 917 2811 alios
974 2745 1398 2829 pervenisset,
1457 2755 1553 2809 tot
1608 2747 1689 2811 ab
1761 2747 1992 2813 insano
2034 2747 2151 2813 illo

223 2833 597 2899 interfectos
654 2832 1063 2912 Philistaeos,
1123 2842 1374 2897 certum
1433 2840 1534 2896 est
1577 2851 1702 2896 non
1749 2840 2005 2897 tantum
2048 2832 2150 2899 lu-

221 2917 437 3000 dibrio,
484 2916 603 2983 sed
638 2918 786 2983 odio
814 2937 1068 2984 summo
1103 2916 1400 2982 habitum
1435 2917 1518 2981 iri
1553 2927 1617 2982 et
1659 2919 1949 2983 omnium
1996 2938 2150 2985 con·

220 3024 405 3071 cursu
472 3005 779 3070 obrutum
835 3004 937 3067 iri.
1028 3001 1213 3067 Deus
1266 3002 1487 3085 itaque
1545 3004 1900 3086 potentiam
1962 3025 2150 3071 suam

218 3088 685 3170 demonstrare,
744 3095 811 3153 et
861 3088 1334 3173 1mpedimenta
1387 3090 1608 3152 omnia
1651 3088 1879 3154 tollere
1922 3090 2151 3176 voluit,

215 3177 444 3257 quibus
488 3175 699 3259 ipsius
742 3175 948 3253 gloria
990 3173 1094 3240 vel
1140 3172 1464 3239 tantillum
1509 3173 1979 3241 obscuraretur.

374 3261 662 3327 Interim
742 3260 1050 3326 metuisse
1127 3258 1250 3336 sibi
1314 3257 1528 3324 David
1594 3260 1831 3326 dicitur
1896 3283 1934 3327 a
1999 3282 2152 3346 rege

210 3346 428 3424 Achis,
478 3354 550 3410 et
586 3347 825 3412 idcirco
861 3345 1179 3411 insaniam
1218 3343 1388 3426 apud
1428 3365 1647 3429 regem
1686 3346 2149 3430 despumando,

208 3442 267 3494 et
299 3432 369 3496 in
405 3431 646 3499 faciem
683 3452 873 3497 suam
917 3431 1310 3515 exspuendo,
1352 3443 1419 3494 et
1454 3431 1522 3495 in
1568 3431 1922 3514 parietibus
1964 3433 2151 3517 signa

204 3515 526 3598 quaedam
597 3517 710 3603 pin
760 3515 947 3595 endo,
1012 3528 1078 3582 et
1133 3517 1201 3581 in
1256 3536 1487 3582 manus
1544 3536 1769 3583 eorum
1823 3538 1863 3582 a
1918 3519 2149 3601 quibus

205 3601 570 3669 ducebatur
613 3538 1012 3679 colffabendo,
1057 3610 1125 3667 et
1165 3602 1231 3666 in
1278 3602 1447 3666 ostia
1487 3601 1912 3688 impingendo
1953 3605 2145 3669 simu·

199 3686 431 3754 lasset:
497 3697 700 3772 atque
744 3689 915 3754 banc
956 3688 1276 3754 rationem
1325 3688 1496 3753 vitae
1553 3707 1709 3753 suae
1765 3690 2145 3755 consulendi

195 3784 329 3838 tum
377 3777 886 3875 excogitavisse.
973 3773 1107 3839 Hic
1149 3774 1352 3857 igitur
1393 3773 1627 3838 merito
1671 3774 1891 3855 quaeri
1937 3785 2146 3858 potest

194 3858 468 3926 Deusne
528 3860 1009 3926 simulationem
1054 3860 1247 3923 istam
1296 3856 1572 3923 Davidis
1615 3861 2006 3941 probaverit,
2060 3883 2144 3927 an

194 3966 399 4012 secus.
496 3945 648 4011 Iam
692 3954 910 4012 autem
952 3956 1102 4010 ante
1146 3943 1616 4010 declaravimus
1662 3946 1877 4010 Deum
1922 3966 2145 4030 preces

192 4051 545 4097 servorum
632 4051 897 4097 suorum
964 4029 1459 4105 exaudientem,
1541 4050 1674 4094 non
1741 4050 1997 4114 semper
2060 4032 2141 4097 ad

186 4136 415 4182 eorum
464 4117 938 4201 perfectionem
983 4135 1023 4181 a
1066 4115 1301 4198 quibus
1343 4116 1413 4180 in
1458 4116 1839 4182 necessitate
1881 4118 2142 4183 invoca-

183 4200 375 4268 batur
413 4204 829 4285 respexisse:
875 4201 994 4268 etsi
1042 4222 1195 4266 mox
1241 4200 1603 4266 videbimus
1628 4199 1949 4268 Davidem
1996 4224 2142 4286 pro-

178 4289 408 4354 testari
448 4310 528 4355 se
559 4288 826 4354 Domini
864 4287 1183 4354 auxilium
1218 4300 1560 4368 expertum
1593 4307 1738 4352 esse
1772 4287 1840 4351 in
1886 4309 2143 4354 summa

184 4376 611 4453 nesessitate,
672 4373 845 4457 quod
898 4393 1133 4457 purum
1178 4386 1245 4438 et
1287 4375 1614 4456 integrum
1658 4393 1732 4438 se
1773 4375 2138 4457 reperisset.

181 4457 441 4525 Verum
486 4481 629 4525 non
664 4480 741 4525 ea
765 4458 1040 4526 Davidis
1084 4478 1273 4524 mens
1314 4458 1455 4531 fnit..
1501 4466 1576 4522 ut
1617 4478 1688 4524 se
1728 4459 1796 4524 in
1841 4460 2141 4526 omnibus

177 4545 431 4611 iustum
495 4565 726 4612 coram
768 4545 913 4609 Deo
969 4545 1225 4622 faceret,
1286 4546 1471 4626 quasi
1528 4542 1709 4609 nulla
1766 4545 1832 4608 in
1881 4566 1952 4610 re
1993 4566 2138 4629 pec-

173 4640 398 4696 catum
449 4650 493 4696 a
544 4650 621 4696 se
663 4631 925 4697 fuisset:
970 4650 1172 4714 quare
1214 4628 1538 4695 Davidem
1579 4629 1902 4695 insaniam
1945 4631 2143 4696 simu-

174 4715 431 4782 lantem
505 4735 817 4800 peccasse
883 4715 1216 4781 fatendum
1282 4726 1414 4781 est:
1483 4736 1611 4781 non
1666 4717 1884 4780 minus
1941 4737 2138 4800 quam

175 4820 382 4883 quum
437 4800 919 4869 Achimelecho
984 4801 1304 4867 sacerdoti
1367 4801 1682 4868 mentitus
1746 4812 1877 4877 est,
1938 4823 2139 4885 quum

170 4887 346 4953 dixit
383 4909 462 4955 se
506 4885 899 4953 mandatum
936 4885 1197 4971 aliquod
1242 4908 1281 4951 a
1324 4907 1478 4971 rege
1523 4888 1760 4953 habere
1807 4908 2137 4967 arcanum,

168 4981 233 5035 et
292 4974 380 5039 ab
446 4993 536 5039 eo
603 4972 891 5056 gladium
937 4972 1215 5056 aliquem
1261 4982 1374 5038 aut
1418 4973 1616 5039 telum
1664 4973 1885 5055 petiit:
1928 4983 1996 5038 et
2040 4994 2138 5040 se·

164 5070 421 5140 quente
487 5057 713 5141 capite
770 5057 1131 5125 videbimus
1171 5058 1493 5124 Davidem
1548 5080 1680 5123 non
1722 5056 1914 5122 modo
1958 5080 2141 5125 men-

166 5142 440 5211 dacium
493 5163 877 5229 agnoscere,
920 5144 1034 5210 sed
1078 5144 1272 5209 etiam
1316 5144 1544 5230 lugere
1586 5155 1655 5209 ει
1695 5144 2141 5230 ingemiscere,

164 5232 344 5312 quod
425 5239 548 5296 tot
623 5229 1028 5297 sacerdotum
1103 5230 1298 5295 morti
1356 5231 1759 5295 occasionem
1818 5228 2136 5297 dedisset:

384 5331 643 5389 calvini
670 5347 861 5400 opera.
933 5332 1053 5386 Vol.
1084 5331 1278 5387 XXX.

1528 331 1627 396 IN
1675 331 1728 395 1.
1777 330 1955 396 LIB.
2000 331 2402 399 SAMUEL.
2448 331 2644 398 CAP.
2691 333 2884 399 XXI.

4067 337 4198 401 402

2250 520 2485 604 quibus
2529 518 2722 586 rebus
2771 521 2983 605 ipsum
3026 521 3444 586 vehementer
3488 523 3728 588 tentari
3772 530 3840 588 et
3875 524 4198 609 exagitari

2248 606 2555 690 oportuit.
2643 606 2731 670 Et
2781 627 2939 673 sane
2994 606 3264 672 minime
3307 604 3577 671 dubium
3634 616 3735 674 est
3792 610 3951 692 quin
3996 611 4203 678 animi

2253 694 2507 775 magnis
2544 690 3139 775 perturbationibus
3184 693 3469 776 agitatus
3511 693 3616 771 sit,
3677 706 3753 759 ut
3794 698 4196 780 superfluum

2250 777 2339 844 sit
2376 776 2862 843 excusationem
2898 778 3051 843 facti
3096 777 3283 843 istius
3325 799 3653 861 quaerere.
3719 779 4194 849 Verumtamen

2251 863 2378 927 Dei
2462 862 2782 928 auxilium
2866 863 2986 931 hac
3048 863 3301 928 ratione
3366 865 3580 947 ipsum
3646 877 3989 948 expertum
4054 890 4196 935 esse

2252 949 2569 1014 coniicere
2646 969 3009 1032 possumus.
3117 949 3289 1015 Nam
3347 949 3565 1015 David
3633 949 3888 1018 videtur
3964 974 4198 1022 sensus

2254 1034 2905 1117 omnesimmutassc‚
2951 1046 3027 1100 ut
3069 1055 3262 1100 nemo
3305 1034 3786 1103 simulationem
3829 1037 4011 1103 illam
4055 1060 4199 1107 esse

2255 1121 2569 1204 suspicari
2613 1120 2913 1204 potuerit,
2968 1119 3085 1186 sed
3128 1120 3266 1186 sola
3307 1119 3602 1188 insaniae
3644 1123 3835 1207 signa
3875 1144 4193 1207 apparue-

2257 1205 2409 1285 rint,
2491 1216 2562 1269 ut
2640 1205 2927 1272 iudicare
2991 1207 3318 1289 possimus
3379 1226 3513 1272 non
3578 1209 3718 1274 sine
3783 1208 4000 1294 aliquo
4064 1210 4194 1277 Dei

2257 1290 2483 1356 afflatu
2527 1289 2855 1358 Davidem
2912 1292 3238 1358 insaniam
3294 1290 3656 1370 simulasse,
3715 1294 3829 1360 sed
3873 1316 4006 1361 non
4050 1298 4194 1363 ideo

2259 1385 2475 1441 tamen
2520 1375 2592 1440 in
2636 1376 3009 1461 exemplum
3051 1378 3176 1443 ista
3217 1377 3544 1444 simulatio
3587 1379 3906 1447 trahenda
3947 1391 4065 1463 est,
4122 1395 4188 1448 et

2258 1461 2444 1527 nobis
2465 1462 2702 1527 similia
2725 1461 3161 1545 permittenda
3184 1462 3457 1530 Davidis
3495 1465 3793 1548 exemplo
3830 1467 4193 1552 abutentes,

2260 1546 2623 1631 vitiumque
2679 1559 2973 1614 nostrum
3034 1560 3362 1634 tegentes:
3422 1571 3574 1615 nam
3624 1551 3801 1617 Deus
3844 1552 4193 1636 aliquando

2258 1633 2526 1717 speciali
2589 1633 2870 1717 quadam
2937 1634 3191 1700 ratione
3256 1646 3562 1720 operatus
3623 1650 3741 1712 est,
3810 1657 4003 1722 quam
4061 1660 4194 1704 non

2257 1718 2448 1785 liceat
2482 1719 2628 1786 aliis
2670 1719 2933 1786 imitari.
3002 1720 3441 1801 Quamobrem
3486 1720 3831 1788 discrimen
3876 1725 4195 1791 constitu-

2255 1804 2495 1870 endum
2555 1814 2654 1869 est
2701 1805 2876 1870 inter
2918 1826 3291 1872 communes
3333 1815 3400 1871 et
3442 1807 3776 1891 generales
3820 1808 4082 1894 regulas
4127 1827 4193 1875 et

2258 1890 2603 1975 privilegia
2656 1889 2890 1974 quibus
2945 1891 3297 1975 aliquando
3342 1891 3522 1958 Deus
3581 1894 3678 1958 uti
3737 1892 3961 1975 voluit,
4020 1915 4191 1978 quae

2258 1986 2478 2040 tamen
2524 1997 2656 2042 non
2697 1988 2853 2042 sunt
2894 1978 2964 2042 in
3008 1977 3216 2063 legem
3265 1976 3601 2044 trahenda.
3669 1977 3861 2059 Quod
3907 2000 4065 2064 ergo
4114 1980 4195 2047 de

2256 2060 2516 2126 Davide
2572 2061 2851 2145 legimus
2913 2063 3231 2128 insaniam
3294 2063 3665 2140 simulante,
3724 2065 3884 2130 satis
3926 2077 4196 2149 apparet

2256 2147 2531 2229 speciale
2591 2146 2912 2232 quoddam
2976 2149 3173 2215 fuisse
3229 2148 3666 2233 privilegium.
3769 2152 3866 2217 Ac
3923 2152 4194 2234 proinde

2258 2233 2500 2297 nemini
2527 2232 2722 2300 licere
2756 2233 3103 2299 stultitiam
3140 2244 3253 2299 aut
3286 2234 3609 2300 insaniam
3644 2236 3725 2301 ad
3763 2235 3938 2301 illius
3973 2257 4191 2302 exem·

2256 2315 2439 2401 plum
2490 2318 2824 2385 simulare.
2913 2319 3358 2401 Quamobrem
3415 2319 3619 2386 vero?
3707 2319 3960 2403 Nempe
4012 2320 4196 2388 Deus

2259 2402 2456 2469 verbo
2514 2425 2631 2471 suo
2684 2424 2804 2470 nos
2860 2403 3048 2471 docet
3101 2404 3257 2489 quid
3300 2406 3510 2489 liceat,
3567 2412 3634 2472 et
3676 2406 3973 2492 regulam
4020 2409 4195 2474 vitae

2258 2491 2578 2573 proponit,
2624 2511 2666 2554 a
2707 2510 2837 2573 qua
2877 2500 3122 2556 temere
3169 2513 3301 2555 non
3341 2501 3442 2557 est
3484 2490 3939 2558 recedendum.
3990 2494 4192 2560 Davi-

2256 2574 2404 2640 dem
2441 2596 2596 2641 vero
2619 2575 2804 2642 Deus
2845 2575 3062 2659 potuit
3103 2597 3143 2641 a
3186 2597 3255 2641 re
3347 2576 3414 2642 la
3455 2578 3745 2661 generali
3788 2576 4186 2661 dispensare.

2259 2657 2598 2726 Summam
2635 2661 2807 2726 enim
2855 2672 3237 2744 potestatem
3328 2684 3442 2729 eus
3485 2663 3552 2728 in
3596 2683 3702 2729 res
3744 2684 3970 2730 omnes
4013 2685 4193 2731 crea-

2256 2754 2357 2811 tas
2399 2746 2670 2813 obtinet.
2759 2747 3199 2829 Quamobrem
3244 2749 3611 2832 quicunque
3653 2769 3841 2816 casus
3881 2748 4192 2831 incidant,

2256 2830 2619 2898 cavendum
2675 2853 3086 2917 summopere
3143 2854 3226 2898 ns
3270 2841 3511 2899 temere
3557 2854 3978 2919 quaecunque
4022 2837 4188 2901 ratio

2257 2916 2361 2983 vel
2420 2917 2621 2984 libido
2680 2917 3041 3001 dictaverit,
3094 2918 3174 2983 ad
3233 2920 3591 3003 periculum
3652 2918 3911 3003 aliquod
3956 2923 4188 2988 mortis

2257 3003 2621 3082 vitandum,
2681 3023 3058 3088 sequamur:
3118 3005 3177 3070 si
3232 3005 3489 3089 quidem
3546 3003 3732 3071 Deus
3790 3024 3927 3084 nos,
3984 3027 4183 3090 quum

2255 3088 2377 3173 ipsi
2408 3088 2702 3189 placebit,
2737 3100 2964 3156 contra
2997 3091 3289 3155 omnium
3326 3110 3504 3174 spem
3545 3100 3610 3155 ει
3642 3092 4189 3174 exspectationem

2255 3182 2428 3241 tueri
2480 3176 2749 3259 poterit:
2802 3175 2859 3242 si
2916 3176 3175 3259 quidem
3232 3177 3300 3240 in
3357 3196 3554 3240 manu
3601 3187 3666 3242 et
3709 3184 4029 3260 potestate
4068 3199 4190 3245 sua

2254 3261 2541 3328 rationes
2607 3262 2806 3327 habet
2870 3262 3057 3327 nobis
3123 3262 3376 3345 ignotas
3439 3283 3592 3328 suos
3657 3262 3939 3329 tutandi.
4050 3263 4185 3329 Nos

2254 3355 2470 3412 autem
2513 3357 2771 3430 oportet
2812 3348 3112 3413 omnibus
3154 3368 3319 3430 quae
3366 3347 3564 3414 verbo
3586 3346 3714 3413 Dei
3756 3347 4187 3431 prohibentur

2251 3430 2600 3499 abstinere.
2704 3433 3010 3515 Denique
3068 3431 3523 3499 admirandum
3583 3453 3746 3519 opus
3798 3434 3925 3499 Dei
3980 3455 4183 3520 agno·

2249 3536 2505 3584 scamus
2550 3517 2826 3584 Davidis
2880 3540 2961 3584 ex
3006 3518 3517 3585 Philistaeorum
3573 3527 3896 3604 potestate
3950 3518 4183 3587 libera·

2249 3604 2530 3684 tionem,
2610 3617 2676 3669 et
2751 3605 3016 3670 interim
3080 3604 3594 3687 contemplemur
3658 3605 3764 3671 hic
3827 3605 4001 3690 quod
4064 3629 4185 3674 nos

2250 3688 2494 3755 Paulus
2542 3689 2747 3766 docet,
2793 3710 3045 3773 nempe,
3079 3690 3205 3755 Dei
3248 3690 3592 3755 stultitiam
3638 3690 3833 3774 longe
3876 3713 4183 3776 superare

2246 3794 2506 3840 omnem
2548 3773 2780 3841 mundi
2821 3796 2895 3841 sa
2942 3775 3225 3841 ientiam.
3340 3775 3623 3841 Paulum
3678 3774 3941 3860 quidem
4003 3790 4181 3845 certe

2246 3859 2425 3944 loqui
2458 3869 2706 3926 certum
2743 3868 2846 3927 est
2924 3881 2961 3926 ε
2996 3860 3321 3945 evangelii
3363 3861 3860 3961 praedicatione,
3904 3873 3969 3928 et
4011 3866 4174 3931 eius·

2246 3944 2394 4011 dem
2448 3945 2896 4029 simplicitate:
2957 3967 3103 4011 nam
3166 3947 3277 4029 qui
3323 3947 3568 4012 viribus
3611 3947 3858 4032 ingenii
3902 3949 4173 4016 humani

2245 4029 2608 4098 doctrinam
2642 4031 3085 4117 evangelicam
3124 4031 3341 4098 volent
3376 4031 3715 4116 speculari,
3761 4046 3828 4098 et
3867 4032 3950 4098 ad
3995 4057 4173 4101 man-

2246 4115 2470 4183 datum
2551 4118 2652 4183 sui
2729 4119 2797 4183 in
2844 4118 2974 4183 enii
3038 4117 3215 4182 illam
3282 4117 3681 4201 expendere,
3761 4128 4009 4185 certum
4078 4132 4176 4186 est

2244 4203 2490 4269 risuros
2548 4213 2615 4267 ει
2672 4203 2811 4268 ludi
2855 4204 2953 4268 rio
3008 4202 3343 4269 habituros
3400 4225 3817 4288 quaecunque
3874 4205 4057 4272 nobis
4097 4207 4168 4272 in

2243 4287 2583 4373 evangelio
2627 4287 3115 4371 praedicantur:
3173 4298 3331 4372 puta
3364 4289 3492 4354 Dei
3536 4288 3744 4354 filium
3792 4292 4169 4372 apparuisse

2241 4375 2312 4439 in
2366 4374 2563 4440 terris
2618 4381 2951 4458 assumpta
3008 4374 3298 4441 humana
3353 4386 3605 4454 natura,
3661 4382 3727 4439 et
3783 4395 3900 4460 pro
3941 4379 4169 4444 mundi

2241 4460 2523 4544 peccatis
2581 4479 2841 4544 passum
2902 4480 3061 4526 esse.
3163 4460 3535 4527 Absurdum
3594 4461 3766 4524 enim
3825 4464 3892 4524 et
3932 4463 4170 4529 rationi

2241 4566 2616 4631 repugnans
2637 4544 2915 4624 videtur,
2954 4566 3104 4611 eum
3129 4545 3239 4629 qui
3278 4547 3413 4613 vita
3446 4556 3563 4626 est,
3598 4566 3739 4610 sese
3774 4547 3852 4611 ad
3893 4562 4164 4614 mortem

2240 4632 2646 4717 exposuisse:
2712 4650 2861 4697 eum
2922 4632 3035 4716 qui
3098 4632 3413 4697 bonorum
3478 4631 3768 4695 omnium
3836 4633 3983 4697 fons
4046 4648 4162 4711 est,

2240 4736 2589 4802 pauperem
2623 4737 2740 4800 pro
2784 4716 2967 4783 nobis
3010 4736 3151 4784 esse
3192 4717 3466 4783 factum:
3513 4715 3671 4782 haec
3712 4717 3974 4801 inquam
4017 4740 4166 4787 sen·

2238 4804 2418 4871 sibus
2474 4803 2782 4868 humanis
2838 4802 3031 4886 plane
3085 4801 3363 4867 absurda
3419 4800 3748 4878 videntur,
3804 4811 3872 4867 ει
3924 4807 4162 4871 rationi

2236 4888 2594 4957 contraria:
2667 4908 2863 4971 quam
2927 4887 3011 4954 ob
3079 4907 3337 4953 causam
3400 4885 3647 4953 Paulus
3705 4889 3889 4966 dicit,
3946 4890 4162 4957 Deum

2237 4974 2544 5058 quoniam
2597 4973 2884 5039 mundus
2943 4972 3106 5038 nihil
3168 4972 3503 5055 proficeret
3545 4973 3615 5036 in
3658 4972 3786 5037 Dei
3828 4975 4165 5059 sapientia,

2239 5059 2526 5126 voluisse
2583 5078 2702 5143 per
2757 5058 3104 5126 stultitiam
3163 5058 3659 5142 praedicationis
3701 5059 3913 5126 salvos
3955 5062 4167 5132 facere

2238 5143 2575 5210 credentes
2620 5141 2793 5211 Sane
2839 5165 3036 5228 quum
3066 5144 3317 5209 coelum
3361 5151 3429 5208 et
3470 5155 3710 5209 terram
3748 5155 3816 5210 et
3837 5167 4165 5230 quaecun-

2236 5250 2363 5314 que
2398 5231 2461 5296 in
2504 5230 2665 5313 ipsis
2697 5240 2851 5296 sunt
2892 5229 3115 5295 divina
3150 5247 3348 5313 opera
3388 5228 3925 5313 contemplamur,
3993 5256 4173 5322 mag.
