5059 6059
234 328 305 396 57
1506 329 1608 396 IN
1650 329 1706 397 1.
1749 329 1930 398 LIB.
1975 329 2375 398 SAMUEL.
2419 330 2621 398 GAP.
2665 329 2857 397 XIV.
4087 327 4173 395 58

234 521 458 597 debent,
515 528 593 586 ut
651 539 783 584 non
827 519 916 586 sit
957 521 1236 606 amplius
1280 520 1396 589 illa
1438 522 1910 591 revelationum
1954 541 2134 589 nova

233 607 420 696 gratia
491 605 900 689 requirenda,
972 606 1052 673 de
1116 627 1245 692 qua
1310 609 1419 675 hic
1477 610 1751 695 agimus.
1839 609 2009 675 Nam
2074 609 2130 674 si

233 713 395 763 sacra
446 691 686 774 scripta
742 692 1175 772 consulamus,
1241 695 1400 761 satis
1442 695 1512 760 in
1557 695 1639 762 iis
1683 695 2131 761 instructionis

229 778 468 846 habebit
509 776 782 861 quisque
825 778 980 860 quid
1024 779 1191 846 facto
1235 780 1358 847 sibi
1401 781 1489 848 sit
1530 800 1696 865 opus
1736 781 1807 846 in
1851 802 1972 847 sua
2013 801 2132 846 vo·

228 864 474 934 catione.
561 862 650 928 Et
717 861 1030 929 hactenus
1087 863 1262 932 dicta
1317 867 1444 933 ista
1498 878 1693 932 sunto
1754 865 1833 932 de
1892 867 2132 934 veteris

225 951 381 1017 illius
421 947 638 1033 populi
671 968 712 1012 a
747 958 974 1015 nostra
1004 950 1378 1017 conditione
1410 951 1797 1018 differentia.
1853 951 2130 1017 Interim

224 1045 293 1102 ut
329 1034 612 1120 quotidie
654 1054 777 1099 nos
811 1033 938 1100 Dei
973 1035 1250 1120 imperio
1282 1038 1682 1117 submittere,
1726 1048 1791 1105 et
1824 1039 1892 1104 in
1928 1039 2134 1122 ipsius

223 1121 587 1205 obsequium
655 1120 866 1205 magis
937 1123 1279 1206 magisque
1334 1143 1723 1208 componere
1782 1124 2132 1205 discamus,

219 1209 280 1273 in
323 1204 619 1272 omnibus
664 1207 908 1271 nostris
950 1208 1236 1275 consiliis
1271 1219 1337 1274 et
1369 1210 1670 1293 operibus
1704 1209 2130 1294 suscipiendis

217 1293 416 1360 Deum
513 1300 669 1356 ante
764 1292 983 1357 omnia
1066 1295 1534 1361 consulendum
1621 1295 2129 1362 meminerimus.

217 1378 424 1461 Quare
481 1377 554 1441 in
614 1376 842 1461 primis
885 1379 1264 1464 usurpanda
1306 1379 1490 1447 nobis
1534 1382 1760 1466 gravis
1803 1382 1917 1447 illa
1957 1379 2130 1447 Iere-

216 1464 374 1529 miae
416 1462 772 1547 prophetae
815 1463 1213 1531 exhortatio:
1275 1467 1559 1550 primum
1604 1476 1681 1532 ut
1725 1468 1938 1533 Deum
1985 1487 2129 1551 pre-

211 1570 422 1617 cemur
478 1568 564 1614 ne
622 1569 741 1613 nos
788 1551 1124 1633 permittat
1166 1551 1408 1635 aliquid
1453 1552 1576 1636 ipsi
1622 1574 1756 1619 non
1792 1562 2129 1636 acceptum

209 1637 557 1718 suscipere:
615 1633 851 1700 deinde
907 1646 986 1700 ut
1024 1638 1219 1703 rebus
1265 1639 1505 1704 nostris
1547 1647 1615 1704 et
1657 1638 1945 1706 consiliis
1987 1637 2130 1704 feli-

203 1741 334 1788 cem
390 1728 460 1786 et
523 1719 786 1786 beatum
858 1722 1110 1787 exitum
1182 1724 1512 1791 concedat.
1601 1727 1825 1825 Atque
1892 1722 2133 1791 idcirco

203 1806 519 1892 propheta
557 1807 840 1890 primum
875 1805 1034 1874 facit
1066 1809 1202 1875 oris
1236 1807 1508 1875 Domini
1543 1819 1959 1888 mentionem,
2004 1829 2133 1892 quo

202 1891 461 1957 nomine
539 1891 668 1958 Dei
744 1893 1024 1959 verbum
1105 1893 1436 1982 designat:
1524 1894 1758 1962 deinde
1830 1895 2130 1979 spiritum

205 1977 438 2055 adiicit,
506 1985 584 2042 ut
647 1976 994 2044 admoneat
1053 1981 1248 2045 etiam
1312 1990 1614 2066 oportere
1678 1982 1895 2049 Deum
1963 1990 2037 2046 ut
2096 2000 2136 2045 a

207 2063 385 2129 nobis
428 2063 707 2129 verbum
752 2065 891 2130 eius
934 2064 1241 2132 audiatur
1282 2068 1346 2131 vi
1392 2067 1494 2134 sui
1537 2068 1808 2151 spiritus
1841 2088 2036 2153 agere
2069 2072 2138 2131 et

201 2149 469 2232 operari.
562 2149 793 2232 Neque
859 2150 1035 2215 enim
1078 2152 1403 2218 sufficeret
1447 2172 1569 2218 nos
1608 2153 1805 2219 verbo
1847 2153 1976 2219 Dei
2020 2150 2135 2217 do·

202 2235 329 2300 ceri
372 2234 534 2319 quid
582 2234 907 2319 agendum
951 2237 1136 2313 foret,
1185 2239 1309 2304 nisi
1353 2238 1549 2304 etiam
1593 2240 1675 2305 ab
1718 2237 1945 2305 eodem
1991 2237 2137 2303 illu-

197 2320 430 2386 minati
490 2318 809 2388 iudicium
855 2330 921 2386 et
963 2324 1281 2390 rationem
1328 2325 1767 2408 acciperemus
1811 2323 1893 2390 ad
1937 2323 2135 2408 probe

198 2403 697 2507 intelligendam
735 2406 1098 2473 doctrinam
1133 2429 1329 2493 quam
1366 2410 1506 2493 ipse
1541 2410 1875 2494 proponit:
1921 2429 2137 2475 suam-

195 2512 319 2574 que
364 2500 685 2558 virtutem
730 2506 1061 2559 exsereret
1117 2494 1197 2561 ad
1254 2496 1502 2561 exitum
1558 2516 1785 2561 eorum
1845 2516 2011 2582 quae
2054 2492 2135 2558 ab

193 2575 329 2660 ipso
374 2586 842 2662 exspectamus
884 2579 1368 2646 fortunandum.
1455 2581 1564 2647 Ex
1598 2581 1830 2666 quibus
1865 2586 2136 2666 apparet

193 2662 366 2728 unde
411 2665 534 2730 fiat
585 2672 657 2728 ut
691 2664 1065 2748 saepissime
1098 2666 1753 2749 prudentissimorum
1796 2669 2133 2733 hominum

191 2750 467 2815 consilia
530 2759 598 2814 et
655 2749 1021 2816 molitiones
1064 2760 1445 2818 evertantur
1488 2755 1658 2818 iusto
1705 2754 1827 2818 Dei
1871 2752 2132 2831 iudicio,

193 2834 357 2918 quod
410 2834 699 2900 multum
753 2836 819 2900 in
888 2856 957 2902 se
1022 2838 1408 2904 temeritatis
1472 2837 1757 2904 habeant
1822 2850 1889 2903 et
1952 2858 2132 2904 arro-

185 2921 501 3004 gantiae:
542 2919 1059 3005 quandoquidem
1086 2923 1252 3006 quod
1276 2925 1691 3008 praecipuum
1715 2934 1874 3006 erat,
1898 2944 2134 3008 nempe

185 3004 262 3069 ad
311 3005 547 3072 Deum
609 3007 908 3089 precibus
949 3011 1316 3109 confugere,
1359 3010 1817 3094 neglexerunt.
1908 3010 2133 3092 Quare

183 3113 268 3157 ne
312 3092 390 3156 in
436 3092 815 3158 istiusmodi
859 3114 1100 3176 poenas
1141 3093 1523 3172 incidamus,
1593 3094 1675 3161 ad
1721 3097 1935 3162 Deum
1979 3106 2133 3161 ante

189 3178 411 3243 omnia
479 3178 954 3263 confugiamus.
1014 3180 1205 3263 eique
1251 3201 1371 3246 nos
1425 3189 1597 3248 totos
1655 3181 1998 3248 dedamus:
2057 3199 2134 3246 ao

185 3264 237 3327 si
297 3263 480 3330 forte
541 3265 908 3330 temeritate
964 3265 1186 3349 aliqua
1228 3274 1563 3351 peccatum
1606 3288 1646 3333 a
1686 3269 1874 3334 nobis
1916 3266 2136 3347 fuerit,

183 3350 425 3414 saltem
492 3349 812 3415 admoniti
871 3352 1358 3435 resipiscamus:
1428 3351 1827 3437 Saulemque
1885 3354 2007 3420 hac
2062 3351 2135 3416 in

180 3444 375 3519 parte
442 3435 645 3501 nobis
702 3435 1005 3521 exemplo
1063 3448 1485 3521 praeeuntem
1526 3439 1876 3505 imitemur.
1965 3438 2136 3504 Nam

180 3522 302 3585 etsi
376 3540 787 3606 magnopere
851 3522 920 3586 in
985 3544 1062 3588 eo
1123 3523 1599 3607 vituperandus
1657 3534 1773 3602 est,
1838 3524 2010 3609 quod
2056 3522 2137 3590 de

177 3606 671 3691 persequendis
757 3607 1049 3674 hostibus
1112 3610 1483 3676 inconsulto
1547 3610 1833 3677 Domino
1897 3610 2137 3677 delibe-

175 3692 374 3769 ravit,
428 3692 796 3777 singularis
839 3701 1059 3758 tamen
1105 3695 1459 3761 modestiae
1502 3695 1571 3760 iu
1616 3716 1771 3781 rege
1806 3716 2137 3764 commen-

176 3774 423 3844 dabilis
474 3777 789 3863 deinceps
830 3780 1203 3862 exemplum
1247 3780 1575 3865 praebuit:
1634 3781 1746 3865 qui
1801 3803 1920 3848 rex
1986 3782 2140 3849 licet

173 3872 411 3928 tamen
509 3864 891 3930 admonenti
968 3865 1286 3933 sacerdoti
1357 3868 1579 3933 statim
1645 3866 2136 3952 obtemperavit.

173 3947 284 4014 Ex
354 3970 502 4033 quo
575 3960 863 4033 apparet,
931 3951 990 4015 si
1055 3972 1186 4035 qua
1251 3953 1521 4018 levitate
1577 3962 1644 4018 et
1698 3953 2138 4019 inconstantia

171 4035 520 4117 peccavit,
584 4057 713 4100 non
766 4045 987 4102 tamen
1042 4039 1465 4121 pervicaciter
1506 4040 1574 4104 in
1619 4048 1881 4124 peccato
1925 4059 2140 4123 perse-

169 4141 483 4188 verasse.
582 4119 1020 4202 Quamobrem
1077 4125 1133 4189 si
1191 4145 1306 4190 nos
1350 4124 1525 4190 conti
1572 4126 1693 4191 erit
1738 4143 1870 4190 non
1914 4146 1990 4191 eo
2032 4145 2140 4189 us-

170 4226 299 4354 Ἐιο
347 4226 607 4291 sapere
643 4216 715 4272 ut
748 4207 924 4273 unde
958 4218 1330 4292 oportuerat
1363 4231 1490 4276 exo
1571 4211 1836 4288 iremur,
1901 4230 2142 4295 nempe

238 4313 322 4356 eo
401 4292 738 4359 honorem
794 4293 1097 4361 daremus
1151 4316 1342 4379 quem
1389 4295 1661 4362 verbum
1706 4297 1911 4380 ipsius
1955 4315 2143 4380 prae-

170 4378 440 4457 seribit,
496 4377 691 4462 eique
723 4400 844 4444 nos
888 4390 1056 4447 totos
1098 4381 1502 4449 traderemus
1546 4404 1621 4448 ac
1664 4383 1868 4466 ipsius
1909 4383 2144 4466 spiritu

170 4485 294 4529 nos
366 4464 536 4549 regi
604 4465 1159 4549 permitteremus:
1228 4468 1460 4533 saltem
1519 4468 1576 4533 ei
1634 4468 1702 4531 in
1762 4468 2143 4533 memoriam

170 4551 474 4628 venerit,
546 4560 657 4614 aut
702 4550 781 4615 ab
828 4551 954 4616 alio
997 4553 1225 4636 quovis
1268 4551 1731 4619 admoneamur
1775 4553 1952 4618 illius
1996 4575 2143 4638 pec-

172 4636 326 4716 cati,
376 4657 480 4702 ne
533 4636 1008 4702 contumaciter
1050 4646 1118 4703 et
1162 4645 1544 4722 arroganter
1586 4659 1967 4724 pergamus:
2028 4639 2143 4705 sed

172 4721 453 4805 culpam
499 4730 948 4806 agnoscentes,
994 4723 1194 4788 veluti
1229 4725 1454 4806 positis
1489 4725 1819 4811 repagulis
1853 4747 1937 4791 ne
1970 4725 2144 4790 ultra

172 4807 568 4891 quidquam
639 4806 1094 4893 aggrediamur
1159 4809 1402 4874 malum
1466 4809 1639 4876 malo
1704 4812 2143 4877 cumulantes:

172 4893 288 4958 sed
337 4892 436 4959 ad
492 4891 724 4958 Saulis
749 4895 1136 4977 exemplum
1180 4894 1471 4961 modeste
1515 4918 1637 4962 nos
1680 4897 1992 4962 admoniti
2035 4918 2145 4982 ge-

172 5000 438 5046 ramus.
550 4976 866 5045 Videmus
930 4980 1104 5044 enim
1169 4979 1356 5046 illum
1426 5003 1464 5046 a
1527 4983 1858 5049 sacerdote
1921 4981 2145 5048 admo·

172 5068 424 5143 uitum,
479 5064 829 5129 levitatem
867 5066 1426 5150 temeritatemque
1461 5088 1648 5134 suam
1686 5078 2143 5154 agnoscentem

172 5154 231 5219 in
283 5172 373 5219 eo
419 5149 614 5235 quod
660 5149 739 5215 de
782 5150 925 5216 Deo
967 5151 1150 5235 prius
1203 5152 1567 5219 invocando
1624 5166 1690 5219 et
1747 5154 2144 5243 consulendq

172 5262 301 5307 uon
380 5236 776 5322 cogitasset,
843 5237 1240 5304 substitisse:
1316 5248 1380 5303 et
1444 5238 1724 5326 insignis
1789 5240 2144 5308 modestiae

2233 523 2570 608 exemplar
2611 523 2847 589 fuisse:
2889 521 3062 605 quod
3104 520 3350 588 imitari
3393 542 3516 588 nos
3560 520 3763 602 decet,
3806 541 3889 586 ne
3924 520 4171 586 malum

2233 607 2403 674 malo
2445 609 2853 676 cumulemus
2919 610 2973 673 si
3039 627 3161 673 nos
3220 608 3410 674 initio
3475 607 3824 693 contigerit
3888 628 3929 672 a
3990 615 4172 673 recta

2233 696 2344 760 via
2388 695 2743 760 aberrasse.

2404 780 2732 864 Deinceps
2769 780 3066 864 sequitur
3107 777 3509 846 sacerdotem
3554 778 4068 864 interrogantem
4096 797 4172 843 os

2235 865 2504 932 Domini
2562 887 2692 931 non
2750 866 3072 950 aoeepisse
3129 886 3233 931 res
3317 885 3510 931 nsum
3569 863 3674 930 die
3726 865 3860 930 illo.
3949 863 4173 930 Verba

2235 953 2494 1037 quidem
2551 961 2899 1019 contextus
2957 960 3148 1017 sunt:
3309 950 3472 1016 aleon
3515 949 3724 1016 Deum
3766 949 4170 1032 con-affuisse,

2235 1039 2348 1105 sed
2414 1041 2505 1103 ita
2559 1036 2989 1123 intelligenda
3042 1045 3121 1101 ut
3173 1035 3336 1103 Saul
3394 1036 3596 1103 totius
3642 1036 3862 1120 populi
3907 1037 4172 1102 nomine

2233 1123 2453 1190 Deum
2498 1123 2906 1190 consuluisse
2950 1123 3207 1189 dicatur
3246 1141 3365 1206 per
3408 1122 3830 1199 sacerdotem,
3875 1123 3983 1205 qui
4028 1128 4171 1187 erat

2234 1210 2562 1294 interpres
2605 1222 2672 1275 et
2713 1209 3166 1275 internuncius
3209 1206 3471 1273 divinae
3514 1206 3887 1286 voluntatis,
3954 1217 4022 1272 et
4064 1229 4171 1273 or·

2234 1316 2453 1380 ganon
2498 1318 2624 1381 quo
2658 1295 2841 1361 Deus
2876 1314 3064 1360 suam
3099 1293 3491 1359 sententiam
3571 1292 3911 1359 roferebat.
3996 1292 4168 1358 Nam

2234 1398 2310 1446 ut
2348 1403 2543 1467 saepe
2592 1380 2892 1457 diximus,
2939 1389 3080 1444 tum
3125 1376 3490 1445 sacerdotes
3561 1398 3747 1444 ocum
3793 1388 3860 1443 et
3893 1380 4170 1464 gradum

2234 1466 2509 1533 Domini
2545 1466 2754 1533 nostri
2786 1466 2940 1531 Iesu
2973 1463 3222 1530 Christi
3253 1464 3636 1530 obtinebant
3664 1464 3805 1530 eius
3826 1483 4169 1548 personam

2236 1553 2598 1637 figurantes
2634 1561 2700 1617 et
2735 1560 3319 1634 repraesentantes.
3368 1548 3933 1631 Quemadmodum
3969 1550 4175 1634 igitur

2235 1637 2429 1704 hodie
2488 1658 2719 1703 sumus
2776 1636 3031 1720 indigni
3089 1639 3200 1720 qui
3256 1634 3338 1701 ad
3384 1635 3601 1701 Deum
3645 1635 4044 1714 accedamus,
4104 1642 4174 1700 et

2237 1723 2594 1789 mediatore
2653 1721 2939 1788 Domino
2997 1732 3218 1788 nostro
3275 1721 3429 1787 Iesu
3472 1720 3738 1788 Christo
3781 1720 4170 1806 indigemus,

2235 1809 2421 1876 cuius
2487 1810 2751 1875 nomine
2793 1808 2939 1874 Deo
2998 1808 3170 1892 grati
3236 1808 3468 1873 simus:
3534 1806 3598 1872 id
3661 1807 3989 1873 veteribus
4044 1807 4172 1873 fuit

2238 1894 2639 1962 declaratum
2685 1896 2753 1960 in
2798 1894 3046 1960 umbris
3088 1892 3221 1959 illis
3265 1903 3331 1958 et
3374 1892 3620 1977 figuris,
3678 1904 3754 1958 ut
3799 1892 3881 1958 ad
3924 1892 4171 1958 media·

2238 1990 2443 2046 torem
2489 1980 2647 2046 olim
2692 1990 3051 2046 venturum
3091 1978 3287 2043 fidem
3332 1999 3517 2044 suam
3550 1979 3946 2044 attollerent.
4033 1978 4168 2043 De-

2238 2067 2434 2151 nique
2501 2068 2744 2133 veritas
2809 2086 3005 2150 quam
3073 2062 3264 2129 hodie
3334 2062 3704 2130 obtinemus
3784 2086 3903 2129 nos
3982 2064 4171 2130 docet

2238 2173 2441 2235 quare
2505 2153 2662 2218 olim
2723 2152 2886 2238 legis
2944 2158 3237 2235 tempore
3293 2147 3593 2216 sacerdos
3635 2148 3905 2215 indutus
3950 2151 4170 2215 tunica

2237 2238 2623 2306 sacerdotali
2689 2259 2906 2305 coram
2972 2237 3116 2302 Deo
3181 2257 3252 2301 se
3319 2235 3592 2302 sistebat
3669 2237 3867 2301 totius
3946 2236 4169 2319 populi

2237 2325 2505 2390 nomine
2564 2335 2637 2391 ut
2692 2345 2729 2389 a
2789 2325 2932 2389 Deo
2976 2341 3359 2406 responsum
3404 2322 3743 2405 acciperet.
3833 2321 4004 2386 Nam
4046 2319 4170 2386 hac

2238 2413 2492 2476 ratione
2563 2410 2860 2476 homines
2926 2428 3086 2474 suae
3146 2406 3554 2491 indignitatis
3617 2407 4169 2473 admonebantur:

2238 2496 2788 2581 quemadmodum
2846 2502 2914 2560 et
2970 2493 3167 2560 hodie
3225 2513 3450 2559 sumus
3492 2493 3746 2578 indigni
3791 2494 3901 2577 qui
3946 2511 4169 2559 coram

2239 2583 2525 2648 Domino
2563 2593 2788 2648 nostro
2832 2579 3100 2646 nomine
3143 2597 3655 2662 compareamus,
3700 2599 3839 2655 nos,
3876 2579 4169 2662 inquam,

2237 2677 2339 2736 tot
2382 2666 2677 2734 sordibus
2720 2674 2787 2732 et
2828 2666 3107 2751 peccatis
3151 2663 3413 2749 foedati,
3472 2673 3548 2729 ut
3603 2666 3835 2730 merito
3877 2665 4086 2729 simus
4130 2682 4173 2729 a

2237 2755 2362 2820 Dei
2428 2761 2782 2838 conspectu
2827 2749 3187 2835 repellendi
3231 2760 3453 2815 nostra
3496 2750 3859 2833 iniquitate.
3945 2749 4170 2830 Quare

2237 2860 2500 2906 necesse
2556 2849 2655 2906 est
2707 2835 3161 2904 intermedium
3221 2855 3365 2901 esse
3423 2835 3765 2902 Christum
3813 2836 4168 2901 Dominum

2239 2936 2556 3001 nostrum,
2603 2925 2711 3009 qui
2757 2924 3041 3009 gratiam
3084 2930 3153 2988 et
3193 2921 3480 2987 favorem
3521 2921 3692 3004 apud
3728 2922 3949 2986 Deum
3986 2919 4171 2985 nobis

2237 3011 2555 3078 conciliet.
2646 3011 2851 3076 Porro
2932 3008 3092 3075 Saul
3159 3007 3686 3073 animadvertens
3751 3004 3966 3071 Doum
4034 3024 4169 3069 non

2238 3097 2489 3164 dedisse
2554 3117 2953 3180 responsum,
3020 3092 3245 3160 statim
3301 3092 3516 3171 infert,
3580 3102 3915 3177 peccatum
3974 3092 4171 3156 fuisse

2238 3182 2322 3249 ab
2376 3182 2611 3267 aliquo,
2678 3204 2752 3248 ac
2810 3182 3175 3246 iuramento
3217 3177 3504 3244 affirmat
3544 3179 3932 3244 moriturum
3977 3177 4170 3242 illum

2235 3271 2609 3353 quicunque
2670 3265 2935 3333 tandem
3000 3265 3213 3345 fuerit,
3292 3264 3542 3330 etiamsi
3608 3261 4019 3330 Ionathanus
4083 3263 4173 3327 sit

2235 3355 2429 3421 filius.
2518 3353 2744 3435 Quare
2788 3360 2994 3419 sortes
3037 3351 3271 3418 coniici
3330 3349 3556 3417 iussit:
3617 3350 3963 3434 Deumque
4020 3367 4171 3433 pre·

2237 3451 2423 3507 catus
2469 3454 2586 3519 est,
2629 3449 2705 3506 ut
2745 3439 3078 3587 integrum
3113 3435 3387 3502 cederet.
3474 3435 3626 3501 Vox
3663 3434 3947 3502 hebraea
3980 3438 4172 3500 sonat

2239 3527 2734 3610 perfectionem:
2802 3545 2871 3591 se
2974 3522 3294 3608 accipitur
3346 3521 3657 3607 perfectio
3712 3522 3826 3588 illa
3882 3542 4002 3607 pro
4060 3520 4171 3584 de·

2240 3612 2596 3680 claratione
2661 3610 2872 3677 sontis
2937 3617 3112 3675 sorte
3175 3608 3378 3674 facta:
3446 3628 3648 3692 quum
3705 3608 4017 3673 nimirum
4073 3604 4173 3670 rei

2240 3700 2572 3783 quaesitae
2615 3704 2794 3762 sorte
2838 3696 3083 3761 veritas
3126 3692 3450 3760 elucescit.
3537 3692 3664 3759 Vel
3708 3694 4171 3777 perfectionem

2240 3783 2702 3868 intelligemus,
2739 3802 2941 3866 quum
2977 3780 3161 3846 Deus
3199 3780 3512 3862 cuiusque
3546 3779 3955 3862 iniquitatem
3992 3785 4172 3862 pate-

2239 3870 2411 3945 facit,
2470 3890 2554 3934 ne
2608 3870 2918 3934 innocens
2972 3867 3113 3931 luat
3154 3884 3397 3950 poenas
3454 3885 3575 3949 pro
3619 3876 3925 3932 nocente:
3979 3873 4045 3929 et
4089 3885 4175 3930 ne

2241 3956 2537 4021 insontes
2610 3955 3035 4020 involvantur
3091 3951 3378 4018 sontium
3438 3950 3789 4035 suppliciis.
3877 3951 4182 4033 Denique

2244 4039 2404 4108 Saul
2489 4040 2712 4105 Deum
2793 4054 3096 4123 precatur
3157 4047 3232 4102 ut
3298 4050 3510 4102 sortes
3574 4039 3899 4104 coniectas
3965 4045 4180 4121 regat:

2244 4127 2486 4212 quibus
2565 4126 2872 4191 coniectis
2930 4124 3069 4208 ipse
3127 4142 3273 4189 cum
3333 4123 3467 4188 filio
3524 4123 3894 4189 Ionathano
3952 4121 4182 4205 depre-

2243 4211 2587 4278 henditur:
2649 4210 3068 4296 quamobrem
3134 4209 3350 4274 sortiri
3410 4210 3585 4274 inter
3639 4232 3709 4277 se
3765 4220 3830 4274 et
3873 4207 4178 4273 Ionatha-

2246 4319 2404 4365 num
2469 4297 2682 4362 filium
2746 4298 2954 4375 iussit,
3035 4303 3110 4361 ut
3173 4295 3287 4378 qui
3354 4316 3592 4362 nocens
3661 4303 3760 4361 est
3815 4292 4178 4377 deprehen·

2245 4384 2467 4449 datur:
2516 4404 2592 4449 ac
2636 4382 3043 4449 Ionathanus
3089 4379 3535 4464 deprehensus
3581 4390 3701 4446 est.
3788 4380 4039 4462 Nempe
4082 4379 4179 4443 ita

2244 4470 2568 4555 patefacta
2627 4478 2726 4533 est
2787 4467 3007 4535 Saulis
3071 4468 3143 4531 in
3190 4467 3627 4532 exsecratione
3671 4464 3982 4550 populum
4031 4464 4180 4530 ads-

2245 4554 2593 4640 tringendo
2650 4553 3003 4633 temeritas,
3060 4551 3140 4618 de
3183 4573 3311 4636 qua
3354 4552 3657 4635 superius
3701 4552 3970 4636 egimus.
4039 4550 4177 4615 Ita-

2244 4663 2367 4725 que
2445 4639 2852 4706 Ionathanus
2944 4637 3215 4721 exeipit,
3307 4657 3389 4702 an
3485 4636 3640 4719 quia
3724 4636 4176 4701 tantummodo

2244 4728 2502 4813 gustavi
2571 4726 2985 4791 extremitate
3041 4723 3254 4789 baculi
3312 4743 3538 4806 parum
3602 4721 3815 4788 mellis
3869 4742 3989 4806 ego
4045 4744 4177 4787 mo-

2244 4811 2472 4878 rerer?
2563 4812 2653 4877 Et
2742 4811 3019 4895 populus
3097 4808 3358 4874 tandem
3424 4809 3933 4874 exsecrationem
3994 4808 4177 4874 illam

2247 4898 2660 4963 temerariam
2717 4896 2939 4963 Saulis
2996 4894 3364 4960 revocavit:
3440 4892 3631 4958 Dixit
3686 4894 3848 4959 enim
3894 4894 4180 4975 populus

2245 4985 2331 5051 ad
2367 4982 2641 5063 Saulem,
2685 5005 2769 5049 an
2815 4980 3206 5048 Ionathanus
3246 4983 3599 5057 moreretur,
3643 4979 3753 5062 qui
3794 4981 4180 5062 comparavit

2244 5070 2505 5137 saliatem
2560 5070 2721 5137 hanc
2776 5069 3120 5135 maximam
3177 5065 3247 5128 in
3303 5063 3595 5131 Israele?
3649 5064 3843 5130 absit:
3897 5070 3968 5130 ut
4022 5065 4177 5131 vivit

2247 5156 2496 5236 Iehova,
2550 5177 2635 5221 an
2689 5157 2906 5222 cadere
2962 5151 3134 5218 debet
3166 5149 3337 5215 ullus
3370 5171 3402 5214 e
3442 5150 3694 5233 capillis
3736 5151 3962 5233 capitis
4004 5152 4176 5217 eius:

2245 5242 2740 5325 quandoquidem
2799 5239 2934 5306 Deo
2989 5238 3142 5303 duce
3183 5240 3473 5318 operatus
3515 5242 3605 5303 est
3646 5236 3758 5303 hoc
3799 5236 4034 5303 hodie?
4087 5237 4183 5303 sie
