5059 6059
266 295 376 361 265

262 497 348 552 est
418 482 674 549 inscius.
762 480 938 563 Quid
1011 503 1167 568 ergo
1231 483 1407 549 aliud
1464 502 1615 547 eum
1690 481 1906 547 facere
1984 480 2154 547 velle

263 570 614 647 dixerimus,
637 588 831 651 quam
855 568 982 633 Dei
1004 566 1333 635 decretum
1355 567 1740 646 rescindere,
1761 577 1828 631 et
1839 566 2154 632 invictam

266 658 448 739 ipsius
487 654 888 720 voluntatem
934 654 1003 718 in
1045 654 1454 720 mendacium
1497 653 1797 718 vertere?
1843 652 1978 719 Sed
2013 652 2156 718 istis

263 742 490 806 artibus
531 739 831 822 sperabat
873 760 943 804 se
979 739 1120 804 Deo
1159 741 1350 805 etiam
1385 739 1594 804 invito
1626 759 1901 822 regnum
1936 745 2154 802 reten-

263 838 484 892 turum.
570 824 658 889 Et
699 823 853 906 quid
899 825 1160 890 tandem
1205 825 1368 890 lucri
1413 824 1583 902 fecit,
1630 824 1754 890 nisi
1797 822 1966 906 quod
2005 822 2153 887 hor·

264 911 510 977 rendam
588 923 653 974 et
729 909 1118 994 stupendam
1183 921 1456 974 mortem
1522 909 1592 973 in
1656 930 1726 974 se
1789 906 2154 974 derivavit?

263 996 512 1062 Saulem
557 995 771 1078 itaque
815 996 1112 1060 videmus
1153 995 1300 1060 istis
1340 995 1474 1060 suis
1517 992 1686 1059 dolis
1723 1005 1788 1057 et
1831 993 2019 1058 malis
2053 1013 2157 1059 ar·

263 1082 419 1147 tibus
471 1080 615 1145 Deo
679 1100 935 1161 semper
977 1080 1324 1145 restitisse:
1380 1092 1445 1144 et
1488 1100 1602 1162 pro
1650 1078 1890 1144 viribus
1934 1099 2157 1161 procu·

261 1187 422 1233 rasse
462 1176 536 1230 ut
580 1164 661 1230 ad
697 1164 1136 1230 Ionathanum
1172 1166 1377 1231 filium
1414 1177 1554 1247 post
1588 1185 1657 1229 se
1691 1164 1878 1247 regni
1914 1183 2156 1246 posses·

258 1254 487 1317 sionem
549 1251 1045 1316 transmitteret.
1132 1249 1264 1316 Sed
1324 1250 1566 1315 frustra
1622 1248 1766 1313 Deo
1809 1249 2155 1314 resistitur.

259 1338 585 1403 Patienter
632 1337 800 1402 ferre
845 1334 1119 1402 debebat
1161 1334 1490 1401 decretum
1535 1334 1664 1398 Dei
1706 1333 1875 1417 quod
1920 1336 2158 1398 immu-

259 1435 388 1487 tare
429 1442 561 1486 nou
605 1431 875 1505 poterat,
916 1428 984 1486 et
1025 1420 1545 1504 quandoquidem
1590 1419 1800 1486 officio
1844 1439 1973 1484 non
2018 1418 2162 1484 fue-

257 1521 352 1572 rat
411 1505 771 1582 defunctus,
841 1516 906 1571 et
970 1513 1232 1589 propter
1298 1506 1765 1570 contumaciam
1831 1525 2014 1569 suam
2081 1502 2161 1568 de

259 1614 445 1676 regno
504 1591 688 1657 deiici
744 1592 1015 1656 meritus
1072 1594 1300 1667 fuerat,
1366 1592 1444 1654 ad
1490 1590 1614 1654 Dei
1657 1589 2160 1655 misericordiam

258 1678 594 1761 confugere
630 1685 696 1741 et
726 1676 982 1741 divinae
1016 1676 1436 1760 castigatione
1470 1675 1754 1740 cervices
1783 1675 2163 1741 submittere

258 1762 541 1839 debebat,
586 1762 971 1845 veniamque
1015 1762 1378 1845 deprecari:
1427 1770 1503 1824 ut
1535 1780 1777 1843 poenae
1813 1761 1952 1824 miti
2042 1760 2161 1824 tio·

259 1869 400 1912 nem
459 1848 859 1930 impetraret.
947 1846 1079 1913 Sed
1135 1847 1287 1911 dum
1340 1845 1557 1909 odium
1601 1846 1912 1910 adversus
2021 1844 2158 1910 avi-

257 1932 395 1998 dem
437 1935 640 2014 fovet,
686 1943 749 1996 et
790 1930 1104 1997 adversus
1146 1933 1356 2014 ipsum
1401 1929 1649 1996 invidia
1682 1932 1981 2014 ringitur,
2027 1930 2159 1995 bel-

259 2018 512 2101 lumque
571 2018 859 2102 suscipit,
918 2017 1071 2098 quid
1127 2016 1303 2081 aliud
1360 2025 1700 2098 promovet
1753 2036 1945 2098 quam
1991 2014 2160 2097 quod

259 2103 494 2168 malum
563 2123 751 2167 suum
817 2102 1052 2184 auget?
1120 2102 1209 2167 Et
1265 2114 1484 2165 tamen
1525 2110 1660 2166 tam
1705 2101 1869 2167 altas
1911 2101 2162 2166 radices

258 2189 384 2271 egit
426 2189 497 2252 in
545 2189 747 2270 ipsius
789 2203 1048 2271 pectore
1082 2187 1390 2252 adversus
1427 2185 1739 2251 Davidem
1776 2187 1974 2252 semel
2010 2205 2160 2250 con·

257 2283 512 2355 ceptum
558 2273 796 2349 odium,
848 2283 921 2337 ut
963 2293 1292 2355 nunquam
1335 2272 1667 2354 exstingui
1709 2272 2009 2354 potuerit,
2051 2269 2162 2337 sed

258 2361 466 2442 potius
511 2360 579 2423 in
617 2357 752 2423 dies
787 2358 1119 2423 exarserit.
1205 2358 1383 2423 Hinc
1417 2357 1530 2422 illa
1564 2358 1905 2438 simulatio,
1943 2367 2009 2421 et
2044 2357 2162 2438 hy·

259 2444 540 2526 poci-isis,
586 2440 756 2525 quod
803 2442 1141 2519 Davidem,
1186 2463 1376 2525 quem
1418 2442 1645 2507 oderat
1686 2462 1843 2507 cane
1883 2443 2066 2524 peius
2101 2451 2165 2504 et

256 2549 480 2613 angue,
550 2541 771 2593 tamen
833 2527 1004 2610 apud
1068 2549 1138 2593 se
1203 2529 1480 2592 retineat
1541 2540 1612 2591 ut
1676 2528 1896 2592 favore
1951 2528 2164 2610 ipsum

257 2614 571 2697 conplecti
609 2612 922 2691 videatur,
959 2622 1025 2678 et
1059 2613 1239 2679 varia
1273 2612 1578 2678 mandata
1611 2612 1834 2696 magni
1855 2611 2167 2676 momenti

257 2699 378 2778 det,
437 2700 566 2765 etsi
625 2719 962 2781 nunquam
1019 2698 1214 2764 rectis
1256 2698 1454 2764 oculis
1495 2719 1643 2764 eum
1688 2697 2061 2780 inspexerit,
2128 2718 2167 2761 a

255 2805 379 2866 qua
436 2785 547 2849 die
608 2783 830 2850 laudes
887 2783 1035 2849 illas
1091 2783 1364 2849 Davidis
1420 2782 1668 2848 audivit
1709 2803 1750 2847 a
1791 2781 2168 2847 mulieribus

255 2868 634 2952 praedicari.
723 2869 948 2952 Neque
1032 2870 1205 2934 enim
1277 2869 1416 2934 eius
1482 2867 1836 2935 commodis
1899 2865 2167 2945 studuit,

255 2975 441 3038 quem
509 2955 710 3020 rectis
771 2955 976 3021 oculis
1041 2974 1171 3019 non
1241 2954 1421 3032 vidit,
1483 2954 1606 3019 etsi
1649 2953 1819 3018 domi
1863 2952 2163 3018 retinuit:

257 3040 361 3105 sed
417 3042 638 3124 potius
681 3043 819 3104 eius
862 3039 1133 3105 exitium
1178 3060 1296 3122 pro
1337 3039 1589 3105 viribus
1628 3040 1966 3121 quaesivit.
2054 3037 2164 3101 In·

260 3127 445 3191 terim
492 3146 655 3190 vero
698 3125 880 3191 Deus
921 3147 1069 3190 eum
1112 3123 1413 3201 cohibuit,
1470 3125 1971 3206 munificumque
2013 3143 2167 3204 erga

257 3232 399 3276 eum
444 3231 646 3295 quem
688 3210 911 3276 oderat
952 3231 1094 3276 esse
1137 3210 1243 3274 vel
1286 3210 1564 3274 invitum
1607 3211 1836 3293 coegit.
1923 3207 2162 3289 Quam-

253 3297 472 3363 obrem
537 3318 618 3362 ex
675 3297 804 3362 ista
860 3294 1081 3362 Saulis
1136 3294 1464 3379 hypocrisi
1529 3295 1850 3361 discamus
1921 3314 2164 3377 sapere,

255 3395 317 3446 et
357 3383 426 3447 in
474 3382 858 3447 memoriam
902 3402 1274 3446 revocemus
1317 3379 1559 3446 dictum
1604 3378 1763 3444 illud
1797 3378 2059 3445 Ioannis
2095 3379 2164 3443 in

256 3467 468 3550 priore
513 3486 635 3532 sna
676 3467 1001 3545 canonica,
1068 3486 1189 3531 nos
1251 3465 1396 3530 odio
1452 3463 1765 3530 habentes
1817 3466 2165 3547 proximos,

257 3573 388 3617 nou
445 3573 642 3636 posse
697 3553 837 3616 fieri
894 3551 1079 3635 regni
1135 3550 1425 3616 caelestis
1466 3549 1809 3616 haeredes:
1878 3548 2050 3632 quod
2103 3561 2169 3614 et

259 3636 340 3700 D.
395 3637 652 3703 Paulus
711 3636 915 3701 altera
973 3635 1372 3702 memorabili
1428 3636 1752 3702 sententia
1794 3636 2164 3699 confirmat:

259 3724 426 3787 Eum
495 3723 608 3806 qui
653 3722 918 3787 fratrem
962 3722 1099 3786 odit
1140 3743 1279 3787 esse
1322 3721 1726 3786 homicidam.
1812 3720 2002 3786 Licet
2043 3720 2168 3785 ita·

258 3827 378 3890 que
422 3808 799 3892 proximum
844 3829 969 3871 nou
1014 3807 1366 3871 afficiamus
1409 3806 1669 3884 iniuria,
1723 3826 1931 3889 neque
1973 3806 2168 3870 minis

259 3905 623 3959 terreamus
666 3901 974 3974 tanquam
1019 3891 1288 3956 iniurias
1331 3891 1544 3956 illatas
1586 3890 1808 3968 ulturi,
1851 3901 2068 3955 tamen
2110 3890 2168 3955 si

257 3989 516 4060 pectore
573 3978 789 4043 odium
832 3977 1225 4043 occultemus
1269 3987 1334 4041 et
1375 3977 1723 4052 foveamus,
1778 3977 1907 4040 iam
1952 3995 2166 4041 coram

259 4063 545 4129 Domino
609 4060 1020 4129 condemnati
1083 4082 1325 4136 sumus.
1391 4071 1457 4127 et
1514 4061 1713 4146 digna
1769 4081 2015 4126 merces
2069 4078 2170 4126 est

257 4150 498 4215 nostris
523 4149 713 4214 factis
749 4148 1195 4230 exspectanda.
1260 4145 1604 4213 Discamus
1641 4148 1839 4231 igitur
1873 4145 2169 4228 exemplo

257 4234 499 4311 Saulis,
560 4234 689 4316 qui,
747 4233 914 4315 quod
965 4232 1285 4298 Davidem
1328 4232 1589 4314 quidem
1633 4232 1872 4297 honore
1917 4232 2169 4296 afficere

260 4319 609 4395 videretur,
668 4331 733 4383 et
786 4319 1008 4383 favore
1063 4318 1399 4401 complecti
1457 4337 1802 4399 amaroque
1857 4338 1926 4382 se
1968 4315 2166 4380 simu-

257 4403 439 4480 laret,
492 4403 989 4485 hominibusque
1023 4404 1240 4467 fucum
1277 4404 1533 4481 faceret,
1577 4402 1794 4469 odium
1832 4411 2048 4466 tamen
2073 4402 2170 4465 in·

257 4501 360 4556 tus
406 4491 677 4564 foveret,
739 4511 778 4554 a
820 4489 962 4553 Deo
1003 4488 1468 4554 condemnatus
1522 4499 1622 4553 est
1665 4486 1953 4553 cordium
1998 4506 2174 4551 scru-

257 4585 503 4641 tatore:
550 4576 657 4642 cui
701 4574 887 4639 nulla
927 4595 1032 4639 res
1076 4583 1291 4639 creata
1332 4581 1545 4656 potest
1575 4573 1930 4654 imponere,
1974 4592 2175 4655 quan·

1497 293 1593 358 IN
1645 294 1691 358 1.
1741 294 1915 359 mss.
1962 291 2361 360 SAMUEL.
2406 293 2603 359 CAP.
2649 296 2910 360 xvm.

3650 255 3685 278 O

4040 298 4167 362 266

2777 485 3261 568 HOMILIA
3312 486 3572 568 LXVI
3586 489 3643 568 Ι.

2431 651 2530 716 10.
2599 652 2747 718 Post
2797 655 2962 719 diem
3017 661 3219 720 autem
3276 654 3552 730 alteram,
3618 656 3849 720 invasit
3900 657 4171 736 spiritus

2260 737 2384 804 Dei
2428 738 2633 803 malus
2678 738 2851 814 Saul,
2899 745 2952 804 et
2975 740 3379 821 prophetabat
3412 741 3481 805 iu
3514 742 3711 807 medio
3744 742 3961 806 domus
3994 763 4167 807 suae.

2258 822 2475 887 David
2534 828 2735 888 autem
2780 824 3084 906 psallebat
3122 846 3315 891 mauu
3354 847 3493 902 sua,
3548 828 3706 891 sicut
3740 847 3857 907 per
3896 827 4173 909 sinyulos

2258 909 2410 974 dies.
2505 909 2889 991 Tenebatque
2950 909 3111 976 Saul
3149 911 3436 976 lanceam
3526 913 3624 975 11.
3670 911 3756 976 Et
3797 914 3972 977 misit
4012 933 4170 981 eam.

2249 999 2487 1074 putans
2544 995 2706 1076 quod
2760 995 3050 1078 confiyere
3099 1002 3307 1078 posset
3348 996 3564 1063 David
3605 1017 3744 1063 cum
3781 998 4057 1077 pariete:
4115 1003 4172 1061 et

2259 1080 2587 1145 declinavit
2632 1080 2847 1144 David
2889 1103 2932 1146 a
2968 1083 3133 1163 facie
3171 1083 3306 1146 eius
3339 1084 3617 1148 secunde.
3656 1149 3663 1158 ,
3709 1083 3805 1146 12.
3848 1082 3935 1146 Ec
3967 1082 4172 1147 timuit

2267 1163 2428 1229 Saul
2469 1186 2511 1229 a
2550 1165 2712 1247 facie
2752 1164 2990 1246 David,
3048 1186 3115 1230 eo
3155 1167 3316 1249 quod
3358 1166 3669 1233 Dominus
3712 1173 3865 1232 esset
3905 1187 4046 1232 cum
4086 1188 4172 1247 60,

2262 1254 2317 1314 et
2363 1271 2403 1314 a
2444 1270 2512 1315 se
2552 1252 2912 1316 recessisset.
3002 1251 3101 1318 13.
3146 1253 3397 1318 Amavit
3437 1273 3578 1335 erqo
3619 1273 3757 1317 eum
3804 1252 3963 1318 Saul
4004 1273 4047 1316 a
4087 1272 4170 1327 se,

2263 1339 2319 1398 et
2370 1335 2513 1417 fecit
2570 1355 2709 1399 eum
2749 1336 3064 1400 tribunum
3105 1357 3295 1418 super
3334 1336 3502 1402 mille
3542 1340 3744 1403 viros:
3808 1344 3864 1401 et
3906 1339 4171 1420 effodie-

2263 1418 2446 1485 batur
2494 1425 2552 1483 ct
2608 1420 3074 1503 iuyrediebatur
3112 1422 3183 1486 in
3223 1428 3540 1502 conspectu
3591 1423 3831 1504 populi.
3919 1422 4022 1487 14.
4090 1423 4173 1486 Iu

2262 1504 2544 1572 omnibus
2585 1525 2818 1586 quoque
2858 1507 2983 1570 viis
3027 1508 3163 1572 suis
3203 1506 3422 1572 David
3455 1509 3797 1587 prudenter
3835 1509 4071 1590 afflabat,
4114 1514 4173 1571 et

2264 1588 2578 1654 Dominus
2634 1595 2767 1654 erat
2819 1611 2956 1656 cum
3010 1612 3094 1656 eo.
3185 1590 3286 1656 15.
3348 1591 3517 1658 Vidit
3559 1594 3767 1673 itaque
3810 1592 3969 1658 Saul
4010 1593 4173 1673 quod

2256 1675 2539 1754 prudens
2579 1680 2735 1740 esset
2771 1676 2984 1758 nimia,
3028 1683 3083 1740 et
3122 1679 3309 1758 coepit
3340 1697 3551 1742 cavere
3582 1697 3741 1743 eum.
3804 1678 3904 1743 16.
3957 1677 4175 1743 Omnis

2267 1766 2468 1824 autem
2535 1760 2743 1825 Israel
2796 1766 2849 1825 et
2905 1761 3076 1827 Iuda
3130 1763 3423 1845 diliyebat
3475 1762 3724 1829 David.-
3786 1765 3920 1845 ipse
3974 1767 4176 1828 autem

2262 1845 2686 1927 eqrediebatur
2725 1850 2781 1910 et
2820 1847 3280 1928 iuyrediebatur
3320 1852 3460 1913 ante
3500 1868 3616 1914 cos.

2434 2013 2920 2080 consideranda
2961 2016 3143 2083 nobis
3185 2016 3466 2083 occurrit
3504 2015 3884 2083 admiranda
3919 2017 4174 2082 viarum

2262 2099 2529 2165 Domini
2574 2101 2762 2179 ratio,
2804 2115 2871 2165 et
2909 2101 3145 2184 quibus
3188 2101 3395 2168 modis
3431 2123 3550 2168 sua
3583 2103 3847 2170 consilia
3880 2104 4175 2185 perficiat

2263 2195 2330 2249 et
2372 2184 2452 2250 ad
2497 2206 2687 2250 suum
2730 2187 2979 2252 exitum
3022 2187 3363 2269 perducat:
3406 2208 3599 2270 quam
3633 2187 3714 2253 ob
3748 2208 4009 2253 causam
4045 2186 4175 2250 Da-

2266 2270 2481 2336 videm
2549 2271 2753 2338 voluit
2815 2270 2987 2354 apud
3053 2270 3317 2339 Saulem
3385 2293 3664 2353 manere,
3718 2272 3872 2340 licet
3928 2293 4057 2337 non
4100 2293 4177 2335 ea

2267 2364 2438 2421 esset
2479 2377 2666 2421 mens
2708 2367 2773 2420 et
2817 2356 3119 2422 voluntas
3161 2358 3402 2424 Saulis.
3490 2356 3621 2424 Sed
3663 2360 3756 2423 ita
3796 2357 3962 2424 solet
3994 2357 4177 2421 Deus

2268 2440 2640 2507 hominibus
2698 2453 2953 2523 praeter
3007 2443 3293 2525 ipsorum
3349 2444 3612 2509 consilia
3653 2451 3717 2508 et
3760 2443 4178 2527 cogitationes

2269 2528 2384 2590 uti.
2470 2524 2746 2591 Interim
2792 2527 2998 2592 videri
3058 2535 3310 2610 poterat
3364 2526 3584 2593 David
3644 2530 3833 2611 longe
3875 2528 4179 2592 remotior

2269 2632 2456 2694 quam
2504 2612 2925 2694 propinquior
2967 2612 3121 2677 huic
3163 2614 3298 2695 fini,
3343 2612 3860 2696 quandoquidem
3907 2635 3947 2677 a
3983 2611 4179 2678 Saule

2269 2695 2471 2761 veluti
2513 2699 2811 2779 captivus
2854 2708 2965 2761 aut
3008 2698 3399 2782 mancipium
3435 2698 3755 2781 quoddam
3789 2697 4177 2763 habebatur:

2271 2803 2421 2845 nam
2475 2780 2600 2846 sibi
2658 2780 2994 2847 videbatur
3051 2781 3213 2849 Saul
3266 2783 3391 2848 Dei
3449 2785 3725 2867 gratiam
3782 2804 3968 2866 posse
4023 2803 4177 2865 quo-

2270 2865 2609 2931 dammodo
2673 2867 2921 2932 vincire
2985 2867 3041 2932 si
3107 2866 3277 2932 domi
3345 2869 3665 2935 Davidem
3722 2871 4051 2947 retineret,
4113 2878 4179 2930 et

2269 2953 2486 3016 omnia
2549 2951 2754 3034 ipsius
2795 2954 2963 3017 facta
3006 2953 3352 3035 diligenter
3394 2954 3778 3037 exploraret.
3865 2952 3999 3018 Sed
4041 2955 4173 3034 opi·

2270 3038 2462 3101 nione
2504 3057 2623 3101 sua
2664 3037 2922 3117 excidit,
2970 3049 3044 3103 ut
3083 3040 3249 3105 solet
3283 3040 3462 3105 Deus
3499 3038 3933 3122 improborum
3972 3037 4177 3101 homi·

2271 3142 2426 3185 num
2472 3122 2743 3188 consilia
2784 3123 3084 3207 frangere
3126 3133 3195 3189 et
3235 3126 3304 3189 in
3339 3126 3730 3190 contrarium
3765 3132 4176 3190 commutare.

2268 3207 2739 3273 Verumtamen
2795 3207 3132 3274 hominum
3191 3209 3423 3276 iudicio
3483 3208 3700 3275 David
3756 3207 4099 3276 videbatur
4140 3226 4180 3269 a

2269 3293 2588 3443 dignitate
2624 3293 2803 3376 regia
2837 3296 3319 3370 remotissimus,
3362 3307 3591 3360 contra
3620 3315 3798 3377 spem
3821 3293 3920 3357 illi
3940 3293 4179 3357 factam

2269 3398 2308 3442 a
2406 3378 2671 3443 amuele.
2733 3378 3061 3462 Deinceps
3102 3380 3411 3462 sequitur,
3453 3380 3750 3460 spiritum
3782 3378 3911 3444 Dei
3943 3378 4183 3442 malum

2268 3464 2578 3529 invasisse
2652 3462 2936 3529 Saulem:
3022 3485 3103 3529 ex
3169 3486 3296 3548 quo
3359 3476 3625 3548 apparet
3689 3485 3813 3529 non
3874 3463 4181 3529 continue

2271 3550 2467 3614 fuisse
2504 3549 2813 3615 afflictum
2853 3547 3135 3622 Saulem,
3180 3549 3291 3615 sed
3328 3571 3446 3633 per
3479 3549 3843 3626 intervalla,
3884 3550 4029 3614 Deo
4063 3547 4181 3611 ali·

2270 3634 2424 3717 quid
2492 3631 2572 3698 de
2629 3635 2797 3699 iusta
2853 3654 2970 3699 sua
3030 3635 3310 3700 vindicta
3364 3635 3735 3700 remittente
3792 3643 3861 3699 et
3902 3633 4183 3716 aliquam

2271 3720 2554 3802 quietem
2615 3718 2802 3783 Sauli
2859 3720 3267 3786 concedente.
3356 3718 3467 3786 Sic
3509 3719 3810 3787 videmus
3852 3719 4183 3802 improbos

2273 3803 2548 3870 subinde
2604 3802 2986 3887 quibusdam
3042 3806 3469 3870 conscientiae
3512 3804 3831 3870 morsibus
3874 3805 4182 3870 excitari:

2272 3898 2339 3954 et
2393 3890 2515 3954 Dei
2576 3890 3008 3972 praesentiam
3052 3888 3334 3970 horrere,
3391 3901 3457 3955 et
3498 3902 3674 3955 metu
3718 3892 4028 3956 attonitos
4069 3888 4184 3953 ob-

2272 3983 2676 4057 stupescere:
2733 3974 2964 4038 deinde
3020 3975 3162 4039 Deo
3204 3974 3445 4058 aliquid
3490 3978 3857 4041 remittente
3899 3986 3965 4040 et
4005 3975 4185 4057 quie-

2274 4070 2402 4124 tem
2469 4059 2751 4141 aliquam
2819 4058 3224 4139 concedente,
3287 4060 3369 4125 ad
3430 4062 3767 4143 ingenium
3824 4059 4054 4137 redire,
4120 4068 4189 4121 et

2274 4145 2397 4210 sibi
2439 4145 2893 4226 impunitatem
2937 4144 3307 4227 pollicentes
3363 4149 3566 4225 magis
3610 4167 3685 4212 ac
3728 4146 3938 4228 magis
3994 4142 4186 4208 indu-

2274 4231 2438 4294 rari:
2497 4229 2744 4313 sibique
2801 4230 3185 4312 persuadere
3243 4231 3495 4298 nullum
3556 4232 3833 4314 amplius
3875 4231 3945 4294 in
3988 4226 4184 4294 coelis

2277 4316 2491 4380 Deum
2557 4316 2739 4382 cuius
2791 4335 2988 4380 manu
3048 4326 3115 4380 et
3171 4317 3414 4382 virtute
3472 4336 3603 4381 non
3663 4326 3995 4400 urgentur.
4083 4312 4186 4375 Ita

2278 4398 2437 4466 Saul
2483 4420 2681 4483 quum
2718 4400 2888 4465 malo
2923 4400 3050 4466 Dei
3082 4402 3314 4483 spiritu
3348 4403 3721 4486 agitaretur.
3808 4399 3937 4465 Hic
3966 4411 4183 4463 autem

2275 4487 2345 4550 in
2412 4487 2785 4552 memoriam
2843 4485 3207 4552 revocanda
3263 4508 3426 4569 quae
3483 4497 3674 4551 antea
3728 4503 4187 4551 commemora·

2280 4573 2509 4649 vimus,
2585 4591 2814 4653 nempe
2887 4569 3061 4636 hunc
3117 4572 3416 4654 spiritum
3475 4572 3717 4635 malum
3788 4570 4003 4636 vocari
4059 4567 4186 4630 Dei

259 4660 605 4745 doquidem
660 4660 999 4726 hominum
1055 4658 1247 4724 corda
1303 4659 1369 4723 in
1425 4668 1739 4741 potestate
1782 4657 1995 4734 habet,
2050 4679 2180 4739 qua
2280 4656 2611 4739 spiritum:
2692 4656 3209 4739 quandoquidem
3294 4657 3477 4722 Deus
3539 4656 3696 4738 ipsis
3761 4655 4029 4719 diabolis
4095 4653 4187 4717 uti

259 4746 401 4829 ipsa
459 4747 895 4812 remotissima
937 4744 1148 4810 cordis
1191 4744 1549 4827 penetralia
1591 4744 1885 4824 rimatur,
1941 4755 2008 4808 et
2049 4763 2177 4807 non
2282 4741 2447 4806 solet
2481 4741 2796 4806 ministris
2829 4762 3094 4807 suorum
3128 4741 3533 4807 iudiciorum.
3612 4739 3805 4821 Quod
3840 4741 3966 4805 nisi
4006 4738 4189 4803 nobis

261 4833 512 4899 iudicat
554 4854 634 4898 ex
681 4852 897 4897 rerum
945 4842 1363 4895 externarum
1406 4828 1639 4913 specie.

428 4918 576 4983 Iam
624 4938 778 4983 vero
822 4917 1017 5000 agite,
1060 4920 1163 4981 etc.

2285 4848 2665 4909 persuasum
2710 4837 2893 4907 esset,
2937 4826 3147 4909 qualis
3189 4839 3429 4904 nostra,
3472 4846 3725 4909 quaeso,
3770 4827 3933 4891 foret
3974 4824 4191 4891 condi·

2285 4910 2424 4976 tio?
2513 4911 2681 4976 Nam
2735 4913 2789 4975 si
2846 4911 3100 4989 diaboli,
3165 4915 3274 4995 qui
3328 4922 3482 4976 sunt
3534 4911 3741 4975 instar
3796 4910 4190 4995 rugientium

2285 4996 2541 5061 leonum
2586 4996 2858 5079 praedae
2900 5017 3152 5080 semper
3182 4997 3588 5075 inhiantium,
3631 5018 3747 5080 pro
3780 4996 4043 5063 arbitrio
4075 4994 4193 5060 im-

2287 5092 2512 5165 petum
2568 5082 2635 5146 in
2694 5103 2813 5149 nos
2868 5082 3172 5160 facerent,
3235 5095 3481 5146 certum
3524 5093 3625 5146 est
3668 5101 3787 5148 nos
3828 5082 3958 5148 illis
4000 5082 4192 5148 resis-

2290 5167 2484 5233 tendo
2518 5167 2713 5251 longe
2745 5168 3041 5251 impares,
3076 5165 3636 5250 conditionemque
3670 5177 3961 5234 nostram
4000 5169 4192 5250 longe
