5059 6059
841 351 968 417 391

1020 541 1457 606 Transeamus
1515 538 1595 603 ad
1655 540 1966 606 historiae
2021 542 2493 626 expositionem
2555 540 2661 603 ubi
2727 539 2792 602 in
2843 570 2849 576 ·

848 628 1079 712 primis
1137 625 1298 690 illud
1363 626 1640 690 occurit:
1708 626 2105 692 sacerdotem
2175 626 2418 691 Davidi
2480 637 2548 689 et
2605 624 2794 689 sociis

850 714 1062 798 primo
1108 710 1629 795 quoddammodo
1667 733 2002 778 recusasse
2039 732 2243 796 panes
2275 712 2423 776 illos
2461 711 2634 789 dare,
2680 708 2797 775 sed

849 797 1084 875 deinde
1127 799 1542 878 concessisse,
1594 818 1669 864 ea
1714 797 2082 864 conditione
2127 808 2368 877 tamen,
2426 798 2685 877 utipse
2730 805 2797 860 et

848 883 1005 952 socii
1050 882 1198 968 pu'ri
1244 891 1478 949 essent.
1568 883 1970 949 Nominatim
2019 907 2172 950 vero
2212 883 2354 949 fieri
2391 883 2794 947 mentionem

848 970 1152 1037 videmus
1208 970 1288 1033 de
1336 969 1651 1034 munditie
1710 992 1750 1035 a
1795 969 2209 1050 mulieribus,
2268 967 2792 1053 quandoquidem

849 1053 1218 1122 sacerdotes
1262 1056 1388 1136 ipsi
1431 1076 1631 1138 quum
1677 1076 1797 1139 per
1837 1055 2014 1122 vices
2060 1077 2212 1122 suas
2255 1055 2382 1119 Dei
2428 1054 2636 1118 cultui
2682 1073 2794 1116 va-

849 1151 1081 1210 carent
1122 1142 1193 1205 in
1239 1140 1631 1222 sanctuario,
1679 1141 2001 1207 debebant
2046 1142 2125 1207 ab
2162 1141 2476 1205 uxoribus
2499 1140 2634 1204 suis
2659 1139 2800 1203 abs-

848 1229 1075 1292 tinere.
1167 1226 1440 1292 Minime
1482 1227 1549 1290 id
1595 1227 1858 1310 quidem
1918 1230 2103 1310 quasi
2149 1248 2279 1292 non
2330 1227 2580 1292 licitum
2625 1236 2798 1290 esset

851 1313 1375 1399 matrimonium:
1421 1331 1571 1377 nam
1617 1313 1785 1394 quod
1832 1314 2159 1396 apostolus
2205 1313 2398 1396 longo
2441 1322 2591 1395 post
2633 1324 2795 1374 tem-

850 1422 1008 1485 pore
1053 1398 1317 1481 scripsit
1357 1398 1777 1464 verissimum
1823 1411 1949 1477 est,
2011 1410 2076 1465 et
2124 1400 2304 1463 Deus
2350 1418 2482 1461 non
2529 1406 2630 1461 est
2672 1394 2795 1461 sibi

852 1484 1220 1552 contrarius
1277 1482 1388 1567 qui
1455 1504 1667 1567 neque
1725 1495 2030 1550 naturam
2109 1505 2319 1567 neque
2389 1482 2796 1548 voluntatem

854 1580 1085 1648 mutat,
1131 1581 1195 1635 et
1229 1571 1719 1635 matrimonium
1762 1571 1967 1636 voluit
2010 1571 2163 1635 inde
2200 1571 2280 1635 ab
2325 1569 2503 1632 omni
2539 1568 2797 1633 saeculo

855 1655 1154 1723 omnibus
1206 1655 1584 1721 hominibus
1640 1676 1780 1720 esse
1837 1677 2204 1722 commune.
2295 1653 2427 1721 Sed
2488 1657 2796 1738 quoniam

854 1741 1291 1809 sacerdotium
1334 1740 1496 1805 illud
1534 1742 1861 1807 leviticum
1901 1740 2379 1824 quodammodo
2418 1759 2799 1824 repraesen-

855 1829 1037 1893 tabat
1078 1827 1543 1911 perfectionem
1590 1849 1753 1909 quae
1799 1840 1898 1892 est
1940 1830 2007 1893 in
2048 1827 2335 1894 Domino
2379 1836 2605 1891 nostro
2650 1825 2800 1890 Iesu

859 1914 1121 1981 Christo
1165 1914 1317 1997 plus
1367 1934 1561 1995 quam
1609 1913 1924 1991 humana,
1986 1917 2114 1979 imo
2159 1914 2308 1996 plus
2365 1932 2561 1995 quam
2602 1929 2801 1992 ange-

857 2000 1003 2077 lica,
1039 1998 1278 2065 idcirco
1311 1998 1675 2064 sacerdotes
1697 2000 2106 2064 abstinebant
2143 1998 2224 2064 ab
2251 1996 2563 2064 uxoribus
2600 2016 2800 2079 quum

859 2107 978 2170 per
1020 2086 1193 2151 vices
1228 2084 1516 2149 Domino
1561 2105 1744 2150 sacra
1789 2085 2125 2150 faciebant.
2215 2083 2410 2164 Quod
2449 2103 2607 2165 ergo
2651 2081 2805 2146 hinc

859 2172 1154 2256 papistae
1198 2170 1439 2235 inferre
1485 2169 1862 2252 voluerunt,
1922 2192 2103 2235 mera
2147 2172 2268 2234 fuit
2316 2169 2694 2253 superstitio
2738 2176 2806 2231 et

860 2257 1135 2324 ridicula
1179 2256 1496 2339 quaedam
1549 2257 1845 2320 imitatio,
1935 2257 2184 2321 Dicunt
2230 2257 2402 2320 enim
2467 2253 2662 2319 hodie
2706 2275 2807 2318 sa-

862 2342 1179 2408 crificulos
1236 2362 1387 2406 suos
1445 2340 1736 2422 quotidie
1796 2342 2077 2407 officium
2137 2341 2353 2407 facere
2417 2341 2483 2405 in
2542 2338 2806 2405 Christo

863 2427 1225 2493 offerendo:
1273 2449 1346 2492 ac
1393 2427 1665 2510 proinde
1710 2439 2008 2510 oportere
2059 2429 2206 2492 illos
2251 2439 2566 2511 perpetuo
2613 2424 2806 2491 absti-

863 2536 1019 2578 nere
1063 2512 1520 2577 amulieribus.
1602 2511 1734 2577 Sed
1762 2516 2024 2578 obsecro
2068 2515 2211 2597 quis
2236 2514 2418 2578 iussit
2465 2512 2611 2576 illos
2647 2530 2805 2595 quo-

865 2598 1041 2680 tidie,
1090 2607 1161 2663 ut
1206 2599 1484 2673 faciunt,
1546 2598 1957 2664 sacrificare?
2046 2600 2212 2664 Nam
2260 2597 2574 2682 quidquid
2621 2618 2807 2681 prae-

865 2695 1099 2749 texunt
1134 2684 1450 2749 diabolica
1483 2683 1598 2747 illa
1625 2686 1859 2749 missae
1897 2684 2301 2769 blasphemia
2324 2686 2583 2768 nititur,
2619 2683 2808 2767 quasi

863 2772 1151 2852 ipsorum
1197 2770 1286 2834 sit
1322 2770 1604 2835 officium
1653 2771 1889 2835 offerre
1929 2772 2068 2835 Deo
2102 2770 2462 2834 Dominum
2513 2782 2807 2834 nostrum

862 2856 1080 2921 Iesum
1128 2855 1488 2920 Christum.
1579 2857 1786 2939 Atqui
1845 2856 2100 2921 nullum
2164 2855 2354 2921 hodie
2414 2856 2805 2921 sacrificium

860 2942 1037 3009 aliud
1097 2952 1197 3006 est
1255 2961 1371 3025 per
1429 2939 1603 3024 quod
1664 2942 1985 3024 possimus
2051 2941 2130 3007 ad
2194 2942 2408 3006 Deum
2482 2941 2806 3013 accedere,

861 3029 985 3094 nisi
1029 3028 1295 3094 unicum
1355 3025 1516 3091 illud
1568 3028 1874 3093 omnibus
1931 3027 2231 3093 fidelibus
2290 3047 2632 3092 commune
2677 3025 2808 3089 Do-

862 3114 1027 3179 mini
1106 3115 1308 3178 nostri
1377 3113 1576 3178 semel
1643 3115 1712 3177 in
1779 3134 1972 3179 cruce
2033 3113 2320 3178 oblatum
2394 3112 2804 3177 sacrificium.

862 3199 1119 3266 Deinde
1154 3212 1491 3284 pastorum
1530 3199 1816 3265 officium
1855 3210 1954 3264 est
1990 3200 2241 3265 animas
2288 3197 2430 3263 Deo
2467 3218 2584 3281 per
2607 3220 2805 3263 evan·

864 3286 1018 3371 gelii
1077 3285 1653 3368 praedicationem,
1723 3296 1799 3348 ut
1857 3284 2105 3349 Paulus
2171 3285 2484 3366 loquitur,
2552 3285 2806 3348 offerre.

864 3368 1349 3453 Quamobrem?
1422 3371 1662 3437 abusus
1720 3370 1831 3434 ille
1891 3372 2244 3454 papisticus
2302 3370 2459 3435 satis
2520 3380 2808 3453 apparet,

865 3470 932 3521 et
973 3458 1147 3522 ultro
1191 3456 1538 3533 evanescit,
1586 3456 1698 3521 sed
1744 3457 1870 3521 alia
1897 3459 2023 3520 fuit
2068 3456 2295 3539 legalis
2339 3454 2515 3520 illius
2538 3456 2810 3521 oblatio-

866 3543 970 3607 nis
1027 3544 1221 3620 ratio,
1288 3543 1354 3606 in
1417 3562 1544 3624 qua
1603 3544 1894 3626 oportuit
1953 3542 2413 3625 perfectionem
2478 3542 2809 3624 quandam

864 3628 1215 3712 plusquam
1261 3629 1617 3712 angelicam
1665 3628 1902 3694 ritibus
1947 3625 2333 3711 quibusdam
2374 3628 2670 3692 externis
2715 3649 2814 3692 re-

867 3715 1287 3796 praesentari,
1348 3722 1421 3778 ut
1465 3714 1776 3778 nimirum
1843 3724 2101 3780 veteres
2143 3713 2238 3777 illi
2297 3723 2516 3796 patres
2575 3735 2812 3798 cogno-

867 3808 1144 3881 scerent,
1189 3820 1336 3862 eum
1384 3801 1495 3881 qui
1535 3800 1852 3864 mundum
1888 3812 2029 3863 erat
2075 3800 2214 3863 Deo
2250 3799 2810 3878 reconciliaturus,

869 3905 1001 3948 non
1048 3904 1187 3949 esse
1233 3888 1408 3948 tanti
1444 3898 1702 3967 tamque
1739 3885 2116 3951 excellentis
2161 3886 2450 3949 muneris
2485 3906 2810 3969 capacem,

869 3971 998 4036 nisi
1043 3989 1302 4034 omnem
1353 3970 1707 4035 humanum
1765 3970 2243 4053 corruptionem
2305 3970 2648 4052 spoliaret,
2709 3974 2810 4035 ni-

868 4055 1098 4141 hilque
1133 4064 1463 4119 terrenum
1500 4065 1613 4119 aut
1647 4078 1991 4121 commune
2028 4077 2175 4120 cum
2214 4056 2480 4137 reliquis
2521 4056 2810 4135 haberet,

870 4141 984 4207 sed
1031 4142 1189 4224 ipsis
1233 4142 1427 4205 etiam
1475 4141 1695 4207 beatos
1719 4144 1985 4225 angelos
2031 4142 2349 4225 dignitate
2379 4150 2446 4206 et
2489 4141 2810 4207 excellen-

870 4228 962 4293 tia
999 4238 1064 4292 et
1108 4226 1538 4293 sanctimonia
1568 4225 1761 4310 longe
1805 4239 2160 4310 superaret.
2248 4226 2384 4291 Nos
2418 4227 2622 4310 igitur
2656 4228 2812 4294 hinc

869 4314 1095 4379 utilem
1134 4313 1495 4379 doctrinam
1521 4332 1841 4388 eruamus,
1879 4334 2113 4395 nempe
2137 4312 2498 4378 cavendum
2531 4334 2813 4379 summo·

869 4421 1055 4484 pere,
1120 4421 1200 4464 ne
1243 4401 1311 4462 in
1360 4399 1602 4463 abusus
1644 4397 1793 4463 illos
1838 4400 2183 4482 papisticos
2232 4397 2621 4476 incidamus,
2670 4402 2810 4483 qui-

869 4486 992 4552 bus
1036 4483 1399 4550 sacerdotes
1443 4505 1595 4549 suos
1640 4482 1824 4548 aiunt
1866 4505 1995 4549 non
2055 4495 2350 4567 oportere
2393 4485 2812 4551 matrimonio

869 4572 1093 4656 pollui,
1138 4593 1213 4636 ac
1257 4570 1530 4653 proinde
1574 4591 1657 4634 ne
1701 4581 2182 4636 sacrosanctum
2228 4570 2410 4634 illum
2458 4573 2635 4635 vitae
2678 4581 2810 4637 sta-

869 4667 1011 4721 tum
1050 4666 1542 4723 contemnamus
1586 4666 1898 4738 tanquam
1958 4654 2248 4720 sordium
2300 4668 2362 4719 et
2410 4656 2810 4723 macularum

868 4753 1236 4808 nostrarum
1281 4762 1573 4819 causam,
1635 4762 1824 4824 quem
1875 4740 2053 4807 Deus
2099 4751 2232 4806 tam
2279 4753 2579 4807 accurate
2623 4764 2810 4825 prae-

870 4830 1072 4911 cepit,
1125 4828 1283 4911 quin
1344 4828 1557 4910 potius
1611 4847 2040 4911 agnoscamus
2100 4828 2336 4891 vitium
2397 4828 2451 4891 si
2508 4829 2679 4910 quod
2740 4830 2809 4893 in

867 4915 1282 4980 matrimonio
1325 4925 1424 4980 est
1480 4934 1518 4978 a
1566 4913 1753 4978 nobis
1803 4934 1979 4979 esse:
2027 4923 2095 4978 et
2139 4912 2473 4977 hominum
2538 4916 2809 4980 istorum

865 4999 1334 5083 impudentiam
1407 5001 1833 5077 detestemur,
1902 5000 2012 5081 qui
2072 4998 2493 5081 subterfugiis
2553 5002 2688 5065 suis
2748 5014 2813 5066 et

867 5085 1071 5152 larvis
1120 5087 1408 5152 externis
1451 5086 1670 5150 Deum
1726 5085 1849 5150 sibi
1896 5095 2129 5168 putant
2187 5087 2562 5164 conciliare,
2624 5088 2808 5169 quasi

866 5171 948 5237 ad
995 5172 1118 5238 hoc
1160 5173 1371 5254 ipsum
1417 5171 1576 5236 satis
1617 5171 1898 5237 indonei.
1993 5170 2192 5253 Atqui
2239 5179 2485 5235 eertum
2534 5181 2634 5236 est
2677 5172 2811 5238 Do-

867 5259 1122 5323 minum
1162 5258 1373 5342 ipsum
1413 5270 1705 5322 nostrum
1742 5256 1959 5322 Iesum
2000 5254 2359 5334 Christum,
2405 5256 2464 5322 si
2499 5257 2654 5341 quid
2694 5259 2811 5324 hu-

2435 347 2844 415 HOMILIA
2894 350 3255 416 LXXVII.
4674 360 4759 422 392

2900 560 3134 604 manae
3176 539 3550 625 fragilitatis
3612 552 3681 605 et
3723 543 4158 625 corruptionis
4214 563 4445 625 passus
4490 557 4638 609 esset
4677 568 4766 611 nou

2900 627 3101 691 fuisse
3146 626 3441 691 futurum
3487 626 3797 692 idoneum
3854 627 3934 691 ad
3980 629 4354 693 mediatoris
4404 629 4686 705 officium,
4729 648 4773 697 et

2902 713 2981 775 ad
3028 714 3193 777 iram
3231 711 3357 777 Dei
3403 714 3610 796 patris
3653 713 4059 796 placandam,
4150 736 4224 780 ac
4284 714 4555 798 proinde
4584 718 4769 783 nullum

2902 797 3088 863 nobis
3133 819 3251 882 pcr
3293 799 3507 881 ipsum
3553 798 3633 863 ad
3672 798 3889 863 Deum
3936 799 4184 864 aditum
4230 801 4385 880 fore,
4428 820 4625 883 neque
4657 804 4773 868 fidu·

2901 884 3065 948 ciam
3111 882 3551 948 exauditionis
3594 903 3858 966 precum
3918 896 4307 951 nostrarum.
4398 886 4773 967 Quamobrem

2902 988 3335 1051 agnoscamus
3392 971 3460 1034 in
3516 970 3702 1035 nobis
3763 991 3903 1036 esse
3956 972 4356 1037 confusionis
4418 983 4488 1036 et
4546 973 4775 1037 humilia-

2903 1054 3099 1121 tionis
3142 1075 3360 1121 coram
3412 1055 3555 1120 Deo
3614 1056 4013 1121 occasionem
4035 1108 4050 1135 ,
4110 1058 4225 1125 sed
4280 1059 4346 1122 in
4407 1058 4655 1123 Christo
4699 1082 4779 1124 nos

2904 1140 3146 1207 habere
3187 1161 3495 1225 magnam
3550 1141 3827 1206 fiduciae
3891 1144 4265 1223 materiam,
4323 1142 4778 1227 quandoquidem

2901 1227 3117 1291 omnis
3170 1228 3479 1311 perfectio
3538 1240 3603 1292 et
3662 1228 3975 1299 sanctitas
4029 1229 4097 1293 in
4153 1230 4292 1311 ipso
4350 1230 4505 1309 fuit,
4560 1232 4696 1295 adeo
4736 1242 4785 1294 nt

2902 1313 3408 1395 quotiescunque
3455 1311 3534 1377 ad
3563 1313 3773 1379 Deum
3820 1313 4026 1397 ipsius
4071 1317 4334 1379 nomine
4369 1317 4781 1393 accesserimus,

2903 1400 3074 1483 grati
3118 1399 3240 1482 ipsi
3290 1401 3489 1463 futuri
3533 1400 3758 1479 simus,
3803 1401 4047 1466 virtute
4089 1402 4400 1466 nimirum
4448 1401 4619 1467 illius
4660 1403 4788 1485 puri-

2906 1483 3058 1549 tatis
3117 1494 3184 1550 et
3242 1485 3609 1569 sanctitatis
3669 1505 3800 1568 qua
3861 1485 3964 1551 vel
4024 1485 4108 1552 ab
4176 1488 4313 1570 ipso
4373 1488 4600 1552 matris
4656 1498 4789 1552 utero

2906 1590 3109 1653 purus
3153 1579 3270 1634 est.

3076 1654 3399 1738 Sequitur
3454 1656 3853 1722 sacerdotem
3913 1655 4155 1722 Davidi
4212 1678 4456 1741 panem
4517 1657 4794 1725 tradidisse

2907 1750 2974 1805 et
3018 1740 3342 1806 Davidem
3388 1742 3469 1807 ab
3515 1743 3653 1825 ipso
3698 1741 4040 1826 accepisse·
4130 1743 4257 1810 Ubi
4318 1745 4603 1827 primum
4658 1765 4795 1828 quse-

2908 1826 3184 1892 rendum
3230 1826 3320 1891 sit
3354 1825 3739 1892 sacerdosne
3782 1831 4150 1910 peccaverit
4185 1828 4433 1895 Davidi
4474 1850 4663 1913 panes
4690 1831 4798 1895 illos

2909 1912 3209 1979 tradens:
3255 1932 3338 1976 an
3385 1912 3581 1977 etiam
3622 1911 3839 1978 David
3887 1914 4144 1979 eosdem
4190 1915 4538 1999 recipiens,
4582 1936 4795 1997 quorum

2909 2018 3100 2064 usum
3145 2018 3400 2064 sacrum
3459 2019 3599 2064 esse
3661 2020 3790 2063 non
3836 1999 4197 2084 ignorabat.
4293 2001 4554 2065 Verum
4597 2018 4799 2066 tantum

2908 2083 3094 2150 abest
3157 2094 3234 2149 ut
3297 2084 3650 2150 sacerdotis
3714 2086 3961 2149 factum
4029 2086 4207 2152 istud
4285 2085 4799 2152 condemnandum

2907 2168 3232 2248 videatur,
3287 2178 3363 2234 ut
3418 2171 3624 2251 ipsius
3684 2189 3796 2235 ore
3841 2170 3968 2235 Dei
4030 2173 4447 2255 approbetur.
4556 2172 4651 2238 Ac
4697 2194 4803 2256 pro·

2909 2253 3060 2321 inde
3102 2256 3157 2321 si
3203 2253 3504 2321 sacerdos
3551 2277 3680 2321 non
3716 2254 4255 2324 condemnandus
4296 2270 4417 2336 est,
4469 2279 4673 2341 neque
4711 2260 4803 2322 m

2907 2341 3021 2407 vid
3064 2342 3261 2406 etiam
3321 2341 3541 2424 lapsus
3585 2342 3708 2407 hac
3752 2343 3822 2406 in
3867 2352 4054 2424 parte
4097 2344 4224 2409 dici
4283 2354 4538 2426 potest:
4592 2343 4693 2408 sed
4726 2365 4805 2426 po·

2910 2429 3040 2493 tius
3096 2429 3432 2504 innocens,
3479 2448 3671 2511 quem
3732 2429 3789 2491 si
3846 2429 3998 2511 quid
4059 2441 4204 2494 crat
4260 2431 4518 2512 peccati
4566 2431 4806 2495 sacerdos

2910 2513 3229 2597 potuisset
3272 2513 3641 2579 admonere.
3720 2513 3927 2578 Datos
3970 2515 3988 2577 i
4040 2514 4173 2579 itur
4209 2536 4414 2598 panes
4453 2515 4669 2580 David
4706 2516 4806 2580 sinc

2911 2598 3105 2682 culpa
3145 2607 3214 2665 et
3254 2600 3505 2684 accepit
3538 2609 3604 2665 et
3639 2601 3927 2664 retinuit.
4056 2602 4076 2665 i
4123 2604 4266 2683 quis
4309 2611 4536 2665 autem
4584 2602 4811 2685 excipiat

2912 2684 3308 2751 sacerdotem
3372 2686 3647 2751 Davidis
3701 2687 4072 2768 importuna
4130 2689 4451 2769 petitione
4502 2688 4692 2753 fuisse
4738 2708 4803 2750 co-

2913 2783 3163 2836 actum:
3227 2772 3498 2836 dicimus
3542 2772 3793 2839 nullam
3841 2772 3946 2836 hic
3991 2793 4302 2855 apparere
4354 2775 4604 2838 factam
4650 2793 4810 2836 sacer-

2915 2857 3044 2919 doti
3093 2879 3130 2919 a
3177 2856 3432 2922 Davide
3474 2857 3632 2933 vim,
3690 2856 3803 2922 sed
3862 2858 4064 2923 solam
4114 2858 4211 2922 illi
4255 2880 4447 2923 suam
4497 2861 4811 2941 expositam

2912 2942 3387 3007 necessitatem.
3479 2942 3662 3008 Haec
3706 2943 3910 3026 igitur
3953 2944 4126 3007 inter
4182 2965 4251 3009 se
4295 2945 4659 3010 coniuncta
4690 2960 4813 3009 suut

2912 3027 3331 3093 Sacerdotem
3379 3027 3434 3092 si
3471 3028 3713 3092 Davidi
3763 3027 3915 3093 dare
3960 3049 4162 3112 panes
4206 3032 4679 3113 propositionis
4714 3032 4814 3092 sine

2912 3126 3175 3196 peccato
3240 3113 3473 3196 potuit,
3549 3113 3871 3179 Davidem
3945 3116 4142 3180 etiam
4210 3116 4440 3181 itidem
4517 3119 4603 3181 ab
4660 3117 4817 3199 ipsius

2911 3218 3111 3263 manu
3159 3199 3300 3263 sine
3344 3210 3606 3282 peccato
3663 3202 3949 3284 potuisse
4006 3202 4309 3285 recipere.
4389 3202 4539 3267 Sed
4596 3203 4815 3284 ipsemet

2911 3284 3236 3350 Dominus
3294 3296 3516 3351 noster
3574 3285 3760 3351 Iesus
3806 3286 4114 3352 Christus
4175 3288 4349 3352 hanc
4412 3290 4817 3372 quaestionem

2915 3371 2995 3435 12
3039 3392 3177 3452 cap.
3223 3371 3416 3438 Matt.
3463 3371 3660 3436 solvit
3703 3394 3900 3456 quum
3948 3373 4158 3455 ipsius
4201 3371 4576 3456 discipulos
4618 3375 4817 3438 scribae

2911 3458 3486 3539 reprehenderent,
3545 3456 3716 3539 quod
3780 3457 3882 3521 die
3926 3459 4226 3524 sabbathi
4271 3472 4701 3525 transeuntes
4736 3477 4816 3541 per

2911 3554 3054 3607 sata
3098 3544 3406 3607 frumenti
3452 3543 3663 3624 spicas
3707 3544 4064 3608 evellerent
4120 3556 4184 3609 et
4242 3544 4323 3609 ad
4382 3543 4817 3610 comedendum

2910 3628 3216 3695 manibus
3261 3628 3406 3694 illas
3465 3631 3791 3694 fricarent.
3881 3628 4021 3693 Nae
4080 3632 4250 3695 fame
4308 3644 4587 3697 coaetos
4641 3630 4818 3695 facim

2912 3716 2976 3779 id
3024 3714 3369 3797 discipulos
3416 3736 3673 3780 necesse
3717 3726 3837 3794 est,
3897 3717 4009 3798 qui
4057 3736 4185 3780 non
4234 3726 4311 3780 ut
4355 3718 4627 3798 profani
4670 3716 4825 3780 homi-

2915 3823 3049 3877 nes,
3117 3810 3190 3865 ut
3257 3801 3565 3867 luxoriosi
3615 3810 3730 3865 aut
3795 3801 4118 3866 ambitiosi
4186 3803 4323 3867 suis
4392 3804 4819 3887 cupiditatibus

2913 3888 3272 3968 agebantur
3337 3888 3717 3965 transversi,
3799 3898 3910 3951 aut
3982 3886 4060 3950 ad
4129 3889 4507 3970 explendas
4576 3888 4823 3955 libidines

2915 3972 3121 4038 multa
3182 3974 3615 4054 patiebantur.
3733 3971 3864 4039 Sed
3946 3974 4025 4037 ab
4092 3975 4401 4039 omnibus
4474 3976 4629 4040 istis
4690 3974 4821 4037 vitiis

2914 4059 3295 4124 alienissimi
3335 4058 3720 4141 magistrum
3759 4081 3947 4123 suum
3980 4059 4453 4140 sequebantur,
4498 4064 4614 4145 qui
4640 4080 4822 4143 magno

2913 4143 3134 4209 labore
3195 4156 3261 4207 et
3319 4164 3478 4209 cura
3536 4145 3868 4227 regionem
3916 4144 4091 4208 illam
4140 4147 4572 4229 peragrabat,
4634 4158 4701 4211 ut
4738 4142 4821 4209 Dei

2916 4232 3118 4313 patris
3180 4251 3451 4312 regnum
3513 4242 3945 4312 promoveret,
4014 4232 4427 4314 miserosque
4506 4244 4823 4318 peccatores

2914 4318 2993 4380 ad
3043 4319 3218 4381 viam
3265 4316 3493 4380 salutis
3556 4325 3910 4381 revocaret.
3999 4316 4230 4397 Itaque
4290 4317 4613 4402 discipuli
4668 4319 4823 4401 ipsius

2914 4422 3064 4467 cum
3113 4402 3478 4466 bumilitate
3523 4412 3588 4465 et
3630 4400 3997 4466 obedientia
4044 4401 4186 4466 Deo
4230 4406 4619 4471 servientes
4658 4405 4818 4486 ipsum

2914 4491 3188 4571 sequuti,
3249 4488 3484 4575 famem
3532 4488 3809 4570 aliquam
3858 4489 4027 4570 passi
4074 4501 4230 4553 sunt
4280 4488 4583 4574 ideoque
4628 4508 4821 4554 transr-

2915 4586 3108 4639 untes
3150 4594 3266 4655 per
3307 4583 3447 4638 sata
3491 4573 3702 4656 spicas
3747 4573 3991 4656 aliquot
4033 4573 4316 4639 evellere
4362 4588 4737 4660 coeperunt,
4780 4588 4822 4633 a

2916 4659 3213 4725 manibus
3258 4668 3469 4724 terere
3529 4671 3601 4723 ut
3665 4658 3883 4742 aliquo
3927 4680 3998 4725 se
4058 4658 4483 4727 sustinerent
4544 4664 4817 4728 alimento.

2914 4745 3180 4811 Scribas
3224 4766 3381 4810 vero
3426 4756 3731 4828 tanquam
3779 4746 3989 4810 severi
4037 4745 4282 4812 iudices
4327 4746 4501 4814 illos
4547 4760 4814 4815 accusant.

2913 4847 2977 4895 et
3042 4842 3156 4896 tan
3201 4851 3352 4895 uam
3421 4831 3647 4895 violati
3714 4830 4012 4896 sabbathi
4079 4852 4225 4895 reos
4294 4832 4593 4899 Domini
4658 4829 4813 4899 nostri

2913 4917 3065 4982 Iesu
3122 4916 3170 4980 C
3224 4916 3360 4982 risti
3419 4915 3766 4999 discipulos
3821 4916 4106 4982 faciunt:
4166 4939 4302 4982 non
4362 4922 4639 5002 quidem
4680 4917 4817 4982 dimi·

2913 5002 3215 5085 pulorum
3284 5013 3533 5066 tantum
3607 5002 3882 5068 dedecus
3952 5014 4404 5084 procuranteS,
4481 5005 4598 5072 sed
4661 5020 4815 5085 mage

2913 5086 3268 5153 Dominum
3308 5100 3374 5153 et
3409 5089 3795 5171 magistrum
3834 5088 4131 5154 sabbathi
4170 5090 4575 5158 violatorem
4612 5108 4673 5156 et
4710 5110 4813 5154 con-

2913 5183 3295 5257 temptorem
3343 5173 3670 5239 declarare
3705 5176 4059 5257 cupientes.
4140 5175 4300 5240 Istis
4340 5198 4516 5243 vero
4554 5177 4813 5244 Dominus

2914 5272 3135 5325 noster
3185 5260 3370 5325 Iesus
3415 5259 3721 5326 Christus
3766 5260 4126 5344 respondit:
4193 5261 4351 5327 Non
4406 5262 4665 5350 legistis
4701 5258 4807 5344 quid
