5059 6059
281 330 392 399 365

277 513 734 586 calamitatibus
778 513 1260 582 exercendum?
1325 515 1564 580 Istisne
1607 524 1824 580 autem
1871 524 2188 598 perpetuo

275 599 698 689 parcendum?
765 600 849 666 In
893 619 1054 684 quas
1097 599 1486 683 plerumque
1531 620 1719 667 voces
1761 600 2188 682 erumpimus,

275 687 430 774 quod
469 706 603 751 non
646 686 867 752 veniat
911 686 1096 752 nobis
1137 687 1211 751 in
1244 700 1531 752 mentem
1567 705 1645 750 ea
1680 705 1848 768 quae
1892 683 1999 750 hic
2042 682 2192 751 doc-

274 780 434 842 trina
493 772 883 847 continetur,
966 791 1202 854 nempe
1276 770 1495 836 Deum
1561 772 1805 838 nostris
1874 770 2191 847 hostibus,

275 860 620 946 quicunque
664 856 927 924 tandem
972 856 1067 921 illi
1115 859 1266 933 sint,
1329 858 1420 921 uti
1468 856 1547 922 ad
1595 878 1783 923 suam
1832 856 2190 922 vindictam

274 943 707 1018 exercendam,
752 954 821 1008 et
863 940 1123 1025 quidem
1160 956 1233 1007 ut
1267 943 1480 1027 magis
1515 964 1590 1009 ac
1634 945 1843 1027 magis
1891 943 2192 1007 humilie-

273 1053 423 1099 mur.
506 1029 677 1095 Nam
736 1031 793 1093 si
852 1029 1118 1112 propria
1173 1049 1368 1093 manu
1419 1030 1740 1110 castigare
1797 1049 1916 1095 nos
1959 1029 2189 1112 digna-

272 1130 457 1193 retur,
565 1124 797 1180 aterna
858 1115 975 1178 illa
1037 1114 1206 1180 foret
1267 1114 1625 1198 castigatio.
1719 1114 1949 1198 Neque
2013 1115 2187 1177 enim

269 1212 440 1289 pater
558 1200 689 1265 ium
734 1200 1064 1284 castigans
1119 1200 1264 1266 eius
1306 1200 1731 1284 ignominiam
1791 1211 1857 1265 et
1913 1198 2189 1265 dedecus

308 1286 524 1354 uaerit.
629 1286 863 1369 Itaque
931 1286 1111 1351 Deus
1179 1286 1471 1352 hostibus
1535 1307 1656 1352 nos
1721 1285 2058 1370 affligendi
2121 1292 2189 1351 et

306 1373 478 1440 urius
541 1370 892 1437 exercendi
963 1371 1207 1436 faciens
1282 1379 1688 1455 potestatem,
1766 1371 1902 1437 illis
1981 1371 2190 1437 utitur

268 1476 563 1542 tauquam
609 1456 833 1540 flagris
893 1468 961 1521 et
1018 1457 1356 1522 securibus
1414 1457 1649 1541 quibus
1693 1477 1811 1522 nos
1855 1466 1927 1522 ut
1971 1458 2188 1523 iustus

266 1545 448 1611 iudex
491 1542 900 1608 contundunt
954 1552 1020 1607 et
1064 1562 1305 1626 poenas
1346 1544 1617 1609 meritas
1674 1554 1989 1627 reposcat.
2076 1540 2187 1607 Id-

267 1634 422 1698 circo
467 1649 588 1694 nos
632 1627 820 1694 decet
860 1628 982 1694 sub
1025 1628 1232 1712 ipsius
1292 1648 1559 1695 manum
1604 1630 1814 1713 magis
1860 1650 1936 1694 ac
1978 1630 2189 1712 magis

266 1716 456 1795 deiici,
498 1726 568 1780 et
599 1724 1012 1797 peccatorum
1057 1734 1253 1778 sensu
1298 1716 1392 1779 sic
1427 1716 1596 1782 affici
1642 1724 1719 1779 ut
1763 1713 2008 1798 pudore
2052 1716 2185 1779 suf·

263 1803 378 1868 fusi
419 1799 501 1866 ab
542 1799 678 1864 illis
721 1799 1106 1864 resiliamus.

419 1887 698 1953 Praeter
759 1907 837 1950 su
921 1886 1098 1950 riora
1141 1884 1249 1952 hio
1295 1884 1479 1951 nobis
1523 1885 1952 1967 expendenda
1993 1884 2185 1950 Iona—

265 1973 434 2038 thani
477 1971 644 2037 fides
683 1982 752 2037 et
791 1992 832 2036 o
877 1971 1122 2055 ligatio,
1180 1978 1249 2036 et
1305 1971 1420 2037 illa
1474 1973 1734 2054 quidem
1780 1971 2183 2038 admiranda.

263 2058 468 2125 Saulis
532 2058 710 2122 enim
777 2058 950 2141 regis
1014 2065 1157 2123 erat
1217 2056 1419 2137 filius,
1485 2078 1763 2141 quorum
1821 2078 2059 2123 nomen
2120 2067 2186 2122 et

261 2144 559 2210 familiam
626 2163 819 2207 nemo
884 2153 1022 2208 tum
1091 2141 1351 2208 abolere
1406 2143 1749 2226 cogitabat,
1816 2144 1946 2209 nisi
2011 2141 2184 2207 forte

262 2229 510 2306 inimici,
572 2226 891 2294 adversus
933 2248 1095 2310 quos
1139 2240 1277 2294 tum
1320 2228 1560 2295 bellum
1605 2231 1890 2314 gerebat,
1951 2248 2185 2311 nempe

261 2315 609 2381 Philistasi.
707 2314 876 2378 Nam
936 2314 1008 2377 in
1072 2315 1380 2380 universo
1435 2315 1672 2398 populo
1726 2314 1981 2380 nullum
2019 2313 2181 2380 Saul

260 2401 521 2467 habebat
560 2398 914 2477 aemulum,
960 2399 1175 2465 nullas
1219 2400 1511 2483 privatas
1554 2400 1949 2477 inimicitias,
1996 2399 2183 2465 nulla

256 2488 406 2567 odia,
448 2488 613 2571 quin
659 2484 846 2551 facile
888 2504 1194 2550 coronam
1240 2495 1308 2550 et
1348 2498 1677 2570 sceptrum
1724 2487 1978 2568 regium
2025 2487 2179 2551 reti-

256 2585 447 2639 neret.
549 2570 1025 2636 Verumtamen
1089 2570 1260 2635 ultro
1315 2570 1725 2638 Ionatbanus
1781 2571 2023 2637 Davidi
2083 2593 2183 2636 re·

260 2661 422 2743 gium
486 2669 821 2740 sceptrum
890 2657 1119 2723 defert.
1226 2656 1401 2737 Quid
1482 2658 1575 2722 ita
1640 2657 1844 2723 vero?
1937 2658 2182 2740 Nempe

260 2766 465 2829 regem
505 2745 645 2809 fore
680 2742 1000 2807 Davidem
1045 2744 1355 2826 agnoscit,
1400 2743 1522 2808 etsi
1567 2756 1709 2809 tum
1747 2743 1935 2808 valde
1979 2744 2182 2810 afflic-

258 2846 382 2896 tum
447 2843 515 2897 et
574 2829 778 2896 variis
832 2829 1136 2893 fluctibus
1197 2829 1532 2912 agitatum,
1599 2828 1760 2894 adeo
1824 2840 1896 2894 ut
1956 2850 2038 2894 ne
2097 2827 2180 2893 ad

255 2928 650 2983 momentum
706 2913 971 2997 quidem
1032 2934 1304 2997 usquam
1363 2924 1548 2979 tutus
1607 2915 1958 2993 videretur,
2020 2917 2179 2998 quin

257 3002 324 3067 de
367 3005 500 3068 vita
543 2999 1047 3085 periclitaretur,
1106 3009 1181 3064 ut
1224 2999 1531 3084 deinceps
1589 2999 1970 3067 videbimus.
2051 2999 2183 3066 Da-

259 3089 453 3153 videm
498 3108 661 3170 ergo
705 3086 859 3152 licet
904 3086 1265 3169 profugum,
1319 3096 1385 3151 et
1430 3084 1617 3153 Sauli
1660 3107 1927 3152 exosum
1974 3095 2043 3152 et
2083 3087 2181 3152 in-

256 3174 495 3250 festum,
533 3173 951 3238 Ionatbanus
988 3192 1208 3255 regem
1246 3175 1538 3255 agnoscit
1572 3182 1641 3238 et
1674 3174 1936 3239 fatetur.
2001 3172 2178 3253 Quid

255 3262 348 3339 ita,
392 3259 520 3326 nisi
566 3256 744 3343 quod
789 3258 1050 3322 divinas
1111 3258 1575 3340 promissiones
1617 3258 1930 3337 intuetur,
1988 3270 2056 3323 et
2100 3258 2181 3324 de

254 3346 496 3412 illarum
565 3341 962 3410 certitudine
1027 3364 1378 3426 persuasus
1454 3364 1560 3409 res
1625 3345 1989 3410 invisibiles
2053 3345 2177 3410 sibi

256 3443 390 3498 ante
443 3431 668 3498 oculos
734 3430 1039 3513 proponit
1137 3442 1201 3494 et
1256 3429 1778 3513 contemplatur?
1866 3429 1982 3497 Sic
2044 3431 2174 3496 No-

256 3519 470 3583 achum
512 3515 814 3583 videmus
850 3514 1167 3580 diluvium
1201 3514 1499 3581 futurum
1535 3517 1754 3582 animo
1788 3518 2177 3600 concepisse,

257 3617 312 3666 et
352 3603 624 3686 reliquis
667 3601 860 3685 genio
902 3600 1415 3686 indulgentibus,
1459 3610 1528 3666 et
1562 3601 2006 3685 voluptatibus
2040 3605 2176 3668 suis

255 3710 496 3771 operam
541 3685 854 3754 dantibus
898 3687 1093 3751 auxie
1135 3700 1205 3750 et
1246 3688 1521 3753 sollicite
1565 3708 1783 3752 arcam
1831 3690 2061 3771 viginti
2108 3698 2177 3753 et

255 3784 498 3840 centum
567 3792 893 3838 annorum
959 3774 1171 3855 spatio
1234 3775 1570 3838 struxisse.
1684 3771 2172 3853 Quamobrem?

253 3860 593 3942 Apostolus
640 3861 780 3943 ipse
819 3858 1137 3923 rationem
1184 3858 1387 3936 docet,
1434 3880 1667 3940 nempe
1702 3860 1944 3924 vidisse
1989 3859 2175 3925 illum

254 3947 364 4009 fide
402 3947 578 4029 quod
627 3943 917 4009 nondum
963 3944 1274 4021 exstabat,
1331 3952 1399 4008 et
1440 3943 1520 4009 de
1563 3944 1690 4009 Dei
1746 3945 2174 4027 promissione

253 4033 431 4099 fuisse
481 4050 890 4115 persuasum.
994 4029 1177 4095 Idem
1237 4050 1309 4095 er
1453 4030 1638 4095 nobis
1693 4029 1800 4094 hic
1857 4032 1939 4095 de
1985 4030 2174 4096 Iona-

251 4117 434 4184 thano
477 4116 915 4193 sentiendum,
973 4117 1080 4199 qui
1128 4116 1284 4181 licet
1310 4050 1606 4181 {gaddis
1663 4128 1904 4182 statum
1950 4118 2175 4182 videat

252 4212 390 4271 tunc
431 4203 877 4270 miserrimum
924 4214 990 4266 et
1032 4200 1559 4279 abiectissimum,
1606 4221 1738 4266 non
1786 4201 2023 4268 desinit
2070 4214 2171 4268 ta·

253 4310 385 4355 men
425 4290 614 4356 illum
681 4301 754 4352 ut
795 4308 1017 4372 regem
1061 4308 1411 4372 agnoscere
1455 4298 1523 4351 et
1565 4307 1712 4353 cum
1760 4287 1872 4353 illo
1914 4289 2170 4371 pacisci.

259 4373 486 4461 Nempe
527 4376 615 4443 ad
660 4374 866 4458 ipsius
905 4393 1098 4439 aures
1142 4384 1415 4438 venerat
1449 4372 1578 4438 Dei
1613 4374 1960 4456 promissio
1995 4376 2171 4441 facta

262 4461 510 4528 Davidi:
593 4475 662 4526 et
743 4468 1017 4526 noverat
1082 4459 1647 4524 comminationem
1715 4457 1982 4525 Domini
2061 4461 2170 4525 ad·

260 4567 466 4614 versus
523 4546 795 4614 Saulem
856 4554 1108 4628 patrem
1166 4564 1284 4627 per
1326 4542 1655 4610 Samuelis
1710 4545 2165 4621 ministerium,

257 4631 376 4698 fore
438 4634 752 4699 nimirum
822 4643 896 4697 ut
963 4631 1144 4696 Deus
1207 4631 1409 4695 alium
1473 4650 1911 4696 successorem
1983 4630 2166 4698 Sauli

261 4731 575 4799 quaereret
652 4717 887 4802 populo
967 4735 1089 4783 suo
1169 4715 1693 4801 praeficiendum.
1781 4715 1968 4797 Quas
2031 4719 2163 4783 Do·

265 4805 401 4869 mini
441 4807 658 4870 minas
701 4801 1109 4869 Ionathanus
1151 4802 1245 4868 sic
1287 4803 1558 4885 excepit,
1603 4813 1680 4867 ut
1726 4802 1806 4866 de
1845 4801 1972 4868 Dei
2015 4825 2161 4888 pro·

263 4891 544 4956 missione
600 4889 843 4956 Davidi
906 4890 1077 4955 facta
1129 4890 1368 4954 certior
1430 4888 1656 4969 factus,
1722 4908 1852 4953 uon
1912 4887 2170 4957 dubitet

265 4976 402 5056 quin
452 4978 539 5043 sit
605 4975 789 5041 illam
846 4973 1029 5041 Deus
1087 4976 1509 5057 perfecturus,
1574 4973 1732 5041 licet
1787 4983 1946 5043 tunc
2002 4988 2170 5043 tem-

265 5062 418 5142 poris
479 5062 820 5129 bominum
874 5061 1114 5127 iudicio
1179 5059 1396 5126 David
1457 5071 1627 5127 esset
1679 5061 1763 5127 ab
1819 5080 1898 5127 ea
1960 5082 2171 5129 remo-

267 5146 530 5216 tissimus
572 5158 644 5213 et
688 5147 1145 5213 alienissimus.
1223 5145 1374 5228 Qua
1417 5147 1487 5211 in
1532 5167 1603 5212 re
1647 5145 1990 5213 Ionatbani
2033 5149 2171 5214 vir-

268 5244 359 5296 tus
394 5246 489 5301 est
526 5234 818 5300 maxime
858 5233 1222 5316 conspicua,
1267 5232 1785 5317 quandoquidem
1831 5234 1911 5299 ad
1956 5235 2169 5319 ipsum

1587 326 1686 391 IN
1732 326 1785 392 1.
1833 324 2015 391 LIB.
2059 324 2463 394 SAMUEL.
2511 324 2712 393 CAP.
2756 326 2914 393 XX.

4096 330 4225 396 366

2291 515 2473 598 regia
2532 516 2854 581 successio
2914 516 3294 599 pertinebat.
3384 515 3553 582 Nam
3608 516 3767 599 quid
3827 517 3907 583 de
3967 518 4222 585 Davide

2292 599 2414 665 sibi
2460 610 2716 682 poterat
2756 600 3091 684 polliceri?
3168 601 3404 668 Nonne
3460 603 3639 689 regia
3698 603 3981 687 dignitas
4025 623 4220 687 quam

2293 686 2386 750 iili
2433 693 2757 767 procurat,
2814 707 2962 751 cum
3008 688 3213 770 ipsius
3258 688 3649 753 detrimento
3693 690 4039 755 coniuncta
4083 701 4223 756 erat

2291 771 2373 835 ad
2435 791 2625 853 quem
2684 774 3007 837 successio
3062 772 3437 855 spectabat?
3524 773 3694 839 Nam
3756 774 4054 841 homines
4098 777 4222 841 sci·

2295 877 2441 921 mus
2497 858 2636 922 suis
2693 858 3049 923 commodis
3093 857 3371 935 studere,
3432 869 3499 924 et
3542 858 3965 925 vehementer
4007 861 4221 946 indig-

2293 943 2438 1006 nari
2489 942 2546 1007 si
2601 943 2755 1025 quid
2816 945 2976 1026 ipsis
3034 959 3432 1027 proponatur
3477 946 3858 1011 damnosum
3912 956 3980 1011 et
4023 945 4221 1011 detri-

2291 1040 2696 1093 mentosum:
2755 1040 2820 1093 et
2875 1028 3060 1094 nulla
3114 1038 3246 1095 tam
3305 1046 3483 1096 arcta
3527 1051 3668 1096 esse
3711 1032 4036 1098 amicitiae
4079 1034 4224 1096 vin-

2291 1115 2456 1190 cula,
2524 1134 2690 1196 quae
2745 1135 2874 1179 non
2938 1115 3124 1181 facile
3183 1116 3591 1197 abrumpant,
3646 1117 3703 1181 si
3757 1116 4221 1184 detrimentum

2291 1197 2559 1265 adferat.
2648 1199 2897 1265 Verum
2946 1200 3353 1267 Ionathanus
3408 1200 3614 1268 credit
3657 1202 3824 1286 quod
3870 1214 4064 1269 antea
4107 1225 4221 1268 au-

2291 1284 2476 1362 divit,
2543 1285 2760 1350 Deum
2821 1286 2993 1351 velle
3051 1285 3377 1352 Davidem
3437 1308 3733 1372 regnare,
3800 1300 3868 1352 et
3938 1289 4022 1353 ab
4080 1291 4220 1372 ipso

2289 1370 2490 1436 fuisse
2546 1370 2958 1454 designatum
3018 1381 3084 1437 et
3136 1373 3411 1438 electum
3466 1394 3687 1457 regem
3746 1373 3975 1439 Israeli
4033 1396 4219 1459 prae-

2288 1456 2658 1522 ficiendum.
2741 1457 3003 1521 Patrem
3051 1478 3239 1523 suum
3286 1479 3483 1540 seque
3528 1460 3723 1523 etiam
3770 1459 3994 1524 divino
4039 1481 4223 1526 man-

2289 1541 2439 1607 dato
2476 1542 2663 1606 novit
2697 1541 2777 1607 de
2812 1545 2992 1625 regia
3028 1543 3347 1627 dignitate
3382 1545 3834 1626 deiiciendum,
3878 1555 3943 1611 et
3977 1545 4223 1611 Davidi

2288 1626 2779 1695 subiiciendum.
2889 1628 3065 1695 Hinc
3131 1626 3554 1694 admonemur
3617 1631 3813 1695 fidem
3884 1652 4010 1698 non
4077 1653 4221 1698 esse

2290 1725 2551 1779 tantum
2595 1712 2676 1778 de
2719 1713 2800 1779 iis
2845 1733 3013 1796 quae
3058 1713 3240 1780 nobis
3284 1727 3473 1800 grata
3516 1725 3583 1781 et
3627 1717 3814 1782 utilia
3856 1725 4044 1782 sunt:
4104 1717 4218 1783 sed

2288 1800 2484 1864 etiam
2544 1798 2625 1863 de
2683 1798 2996 1877 adversis,
3056 1800 3210 1883 quia
3265 1801 3340 1865 fit
3398 1810 3474 1866 ut
3526 1803 3579 1866 si
3628 1802 3808 1868 Deus
3865 1822 3986 1868 nos
4028 1822 4220 1886 saepe

2286 1895 2515 1951 contra
2547 1885 3099 1967 exspectationem
3140 1894 3206 1951 et
3237 1886 3605 1969 opinionem
3648 1888 3966 1973 excipiat:
4012 1899 4078 1953 et
4121 1891 4221 1953 in-

2286 1971 2507 2035 cidant
2550 1991 2770 2036 rerum
2809 1973 3200 2038 mutationes
3236 1972 3547 2050 difficiles,
3585 1982 3651 2038 et
3694 1975 3934 2040 nostris
3976 1974 4224 2040 affecti·

2289 2058 2407 2122 bus
2452 2066 2915 2139 repugnantes,
2974 2058 3299 2141 patienter
3351 2068 3571 2123 tamen
3629 2059 3929 2124 ferendas
3973 2071 4037 2125 et
4082 2081 4222 2125 am·

2287 2141 2659 2225 plectendas
2718 2143 3020 2208 sciamus.
3117 2143 3371 2210 Idcirco
3414 2143 3766 2210 Ionathani
3829 2145 4218 2211 laudabilior

2285 2229 2500 2293 virtus
2545 2241 2836 2311 apparet,
2881 2248 3008 2311 quo
3052 2230 3265 2315 magis
3307 2228 3555 2313 placide
3590 2231 3913 2313 acquievit
3950 2231 4221 2297 Domini

2285 2314 2543 2379 decreto
2599 2313 2681 2377 de
2724 2313 2974 2378 familia
3016 2312 3237 2380 Saulis
3280 2315 3658 2394 deiicienda,
3722 2327 3789 2381 et
3833 2315 3913 2381 de
3957 2316 4217 2382 Davide

2284 2398 2662 2482 attollendo,
2706 2409 2771 2464 et
2813 2399 2883 2463 in
2919 2401 3163 2483 regiam
3203 2401 3585 2485 dignitatem
3621 2400 3977 2467 evehendo.
4040 2403 4223 2467 Rara

2284 2505 2440 2550 saue
2484 2484 2677 2551 fides:
2738 2504 2887 2549 rara
2929 2486 2997 2549 in
3045 2487 3239 2553 terris
3297 2487 3529 2553 virtus.
3619 2487 3786 2552 Nam
3846 2487 4221 2553 incredibile

2286 2570 2618 2635 videretur
2661 2569 2989 2636 Davidem
3035 2592 3073 2635 a
3117 2571 3481 2637 Iouatbauo
3525 2573 3620 2638 sic
3663 2573 4095 2658 redamatum‚
4140 2586 4215 2637 ut

2282 2655 2364 2721 ad
2411 2657 2661 2740 regium
2692 2667 3019 2740 sceptrum
3051 2656 3206 2722 olim
3243 2658 3693 2740 occupandum
3725 2657 3808 2724 ab
3851 2659 3991 2741 ipso
4033 2660 4219 2724 iuva·

2282 2758 2479 2808 retur.
2568 2741 2710 2809 Cur
2767 2763 2897 2807 non
2957 2743 3129 2807 enim
3178 2742 3507 2808 hominem
3569 2766 3606 2810 e
3663 2744 3832 2810 vivis
3871 2746 4222 2823 auferebat,

2280 2849 2471 2911 quem
2531 2827 2602 2892 in
2661 2847 2780 2892 sua
2839 2839 3155 2912 potestate
3216 2829 3537 2895 babebat?
3627 2829 4219 2895 verumenimvero

2280 2927 2507 2980 contra
2559 2913 2841 2979 libenter
2899 2934 2969 2979 se
3026 2914 3152 2996 ipsi
3206 2935 3353 2979 cum
3397 2915 3577 2980 omni
3622 2913 3943 2981 modestia
3986 2926 4052 2979 et
4095 2913 4221 2980 hu-

2281 2999 2559 3065 militate
2614 2999 2890 3065 subiicit.
2997 2999 3173 3065 Hinc
3240 3000 3445 3085 igitur
3507 3000 3834 3066 discamus
3894 3000 4076 3065 nulla
4144 3021 4217 3066 re

2278 3106 2401 3151 nos
2453 3084 2755 3167 impediri
2815 3084 3052 3151 debere
3107 3086 3461 3168 quominus
3519 3086 3646 3150 Dei
3691 3085 3968 3151 verbum
4026 3086 4221 3170 plena

2281 3184 2347 3237 et
2400 3169 2767 3236 indubitata
2825 3170 2954 3235 fide
3009 3172 3417 3255 recipiamus,
3472 3185 3538 3237 et
3605 3173 3676 3236 in
3728 3192 3804 3236 eo
3849 3171 4220 3254 gloriemur,

2282 3258 2431 3323 licet
2489 3277 2620 3322 non
2679 3257 2822 3322 sine
2867 3255 3259 3322 detrimento
3314 3266 3544 3322 nostro
3586 3257 3846 3341 impleri
3893 3276 4079 3340 posse
4121 3258 4218 3323 vi·

2280 3341 2530 3408 deatur.
2640 3342 2815 3407 Nam
2878 3341 3019 3408 fere
3077 3364 3305 3410 sumus
3366 3342 3686 3409 honorum
3746 3341 4086 3422 avidiores,
4151 3350 4218 3408 et

2279 3429 2553 3495 nimium
2592 3427 2867 3505 delicati,
2913 3438 2979 3493 et
3014 3427 3142 3493 Dei
3178 3449 3444 3494 manum
3480 3429 3651 3493 ferre
3685 3448 3814 3494 non
3850 3448 4213 3514 possumus,

2277 3514 2405 3580 nisi
2464 3521 2788 3597 quatenus
2842 3515 3085 3580 nostris
3142 3514 3607 3598 cupiditatibus
3664 3512 3846 3580 indul
3934 3523 3993 3579 t:
4059 3514 4214 3582 hinc

2275 3600 2390 3666 illa
2429 3602 2499 3665 in
2544 3599 2734 3665 nobis
2777 3600 3097 3666 naturalis
3139 3600 3584 3677 incredulitas,
3630 3600 3785 3667 hinc
3829 3620 3867 3665 o
3913 3621 4209 3667 murmu-

2275 3686 2564 3752 rationes
2600 3683 2913 3751 adversus
2942 3685 3175 3767 Deum,
3211 3686 3397 3752 cuius
3433 3687 3865 3769 praesentiam
3904 3689 3977 3750 in
4012 3687 4214 3753 verbo

2274 3772 2478 3855 ipsius
2522 3770 2949 3855 contemplari
3006 3791 3134 3837 non
3192 3770 3557 3837 didicimus.
3646 3771 4090 3852 Quamobrem
4138 3782 4212 3839 ut

2274 3869 2452 3924 certa
2491 3857 2625 3924 fide
2670 3856 3132 3939 promissiones
3194 3856 3453 3923 divinas
3498 3858 3902 3940 recipiamus,
3963 3870 4031 3923 et
4071 3859 4213 3924 sine

2273 3943 2711 4028 repugnantia
2775 3942 3119 4008 veritatem
3186 3943 3327 4009 eius
3389 3943 3884 4026 amplectamur,
3949 3965 4208 4009 omnem

2273 4030 2713 4113 arrogantiam
2762 4038 2830 4093 et
2882 4029 2963 4093 de
3013 4028 3197 4095 nobis
3252 4029 3619 4112 opinionem
3681 4029 3962 4096 abiicere
4004 4029 4209 4094 disca-

2273 4134 2454 4181 mus:
2516 4116 2599 4181 ad
2644 4114 3027 4197 patientiam
3070 4134 3189 4181 nos
3245 4133 3700 4180 exerceamus:
3760 4116 4000 4181 nostris
4042 4135 4212 4181 com-

2271 4201 2478 4267 modis
2534 4198 2797 4266 studere
2854 4199 3260 4266 desinamus:
3320 4200 3593 4283 Deoque
3655 4220 3782 4266 nos
3836 4212 4001 4267 totos
4056 4221 4208 4285 per·

2272 4289 2629 4367 mittamus,
2673 4296 2739 4352 et
2780 4285 3141 4352 secundum
3186 4286 3394 4370 ipsius
3452 4286 3856 4351 voluntatem
3904 4306 4024 4350 nos
4068 4286 4206 4369 regi

2268 4374 2579 4452 feramus,
2636 4372 2797 4437 adeo
2841 4380 2915 4438 ut
2957 4371 3109 4436 licet
3152 4373 3352 4437 variis
3413 4390 3833 4438 exerceamur
3875 4372 4205 4437 calamita·

2269 4461 2461 4538 tibus,
2504 4466 2858 4541 nostraque
2899 4456 3267 4524 obedientia
3314 4459 3517 4524 variis
3560 4457 3768 4523 modis
3811 4457 4205 4539 exploretur,

2272 4567 2353 4610 ne
2397 4553 2618 4610 tamen
2676 4543 2813 4609 indi
2910 4565 3117 4624 emur,
3175 4565 3386 4627 neque
3445 4543 3644 4609 variis
3702 4542 4204 4627 cogitationibus

2271 4650 2579 4709 uramur:
2633 4650 2803 4712 quan
2852 4629 3150 4712 oquidem
3221 4652 3339 4695 nos
3403 4650 3480 4694 ea
3536 4626 3905 4694 conditione
3961 4629 4030 4693 in
4085 4627 4208 4695 hoc

2269 4716 2516 4784 mundo
2558 4715 2903 4782 collocatos
2947 4735 3091 4780 esse
3136 4736 3175 4781 a
3216 4715 3520 4788 Domino,
3575 4722 3648 4776 ut
3691 4712 3837 4778 istis
3879 4712 4204 4780 calamita·

2271 4806 2445 4872 tibus
2486 4820 2927 4875 exerceamur,
2970 4801 3138 4867 scire
3180 4801 3512 4879 debemus,
3557 4811 3620 4863 et
3661 4796 3928 4864 Domini
3973 4800 4205 4865 volun·

2271 4891 2390 4957 tati
2434 4887 2858 4971 acquiescere.

2444 4979 2667 5057 Atque
2721 4973 2802 5038 de
2860 4972 3009 5038 istis
3052 4974 3213 5038 satis
3297 4992 3419 5036 uae
3463 4969 3770 5053 deinceps
3811 4970 4026 5037 adhuc
4069 4971 4208 5055 plu·

2274 5064 2457 5130 ribus
2501 5068 2698 5124 erunt
2748 5057 3154 5142 explicanda.
3243 4993 3430 5138 Quae
3487 5075 3643 5120 vero
3702 5054 3781 5123 de
3836 5054 4206 5124 Ionatbano

2274 5149 2576 5224 diximus,
2637 5156 2956 5229 apparent
3014 5164 3097 5208 ex
3154 5142 3371 5208 verbis
3417 5140 3584 5206 illis:
3651 5141 3740 5207 Β
3778 5143 4092 5210 dimittam
4132 5148 4207 5225 te,

2274 5241 2330 5302 et
2383 5232 2589 5298 vadas
2643 5231 2714 5295 in
2762 5250 2936 5312 pace,
2996 5235 3051 5294 et
3104 5230 3188 5295 sit
3230 5228 3548 5295 Dominus
3602 5233 3813 5310 tecnon,
3868 5230 4029 5297 sim
4080 5229 4211 5312 fuit
