5059 6059
721 317 851 384 667

727 531 799 576 se
858 507 943 574 ad
997 505 1259 571 fortiter
1314 502 1756 571 dimicandum
1798 503 2103 580 excitare,
2150 507 2217 567 et
2259 500 2344 567 ad
2387 500 2665 567 auxilia-

725 616 836 662 res
881 593 1097 678 copias
1139 588 1555 674 excipiendas
1599 611 2007 675 praeparare.
2088 587 2314 670 Quare
2351 585 2664 653 Iabenses

726 680 1082 768 prudentes
1133 676 1415 757 fuerunt,
1471 697 1673 760 quum
1731 676 2052 744 auxilium
2094 685 2428 758 speratum
2474 672 2668 739 dissi·-

728 766 1056 835 mulantes
1140 763 1287 829 dolo
1347 761 1578 828 dicunt
1642 784 1713 830 se
1777 765 1850 829 in
1915 762 2205 828 hostium
2277 768 2665 844 potestatem

727 861 1060 931 venturos,
1095 862 1165 916 et
1198 848 1531 916 oculorum
1571 849 1983 916 effossionem
2020 867 2344 933 passurae,
2378 856 2445 911 et
2465 844 2671 929 quod-

727 958 985 1025 cunque
1040 935 1341 1003 hostibus
1397 933 1728 1001 videbitur
1784 957 1853 1003 se
1911 934 2175 1000 laturos.
2264 932 2492 1014 Quare
2531 952 2665 996 non

726 1046 872 1093 esse
928 1022 1106 1089 hunc
1162 1021 1295 1087 illis
1353 1019 1574 1087 dolum
1632 1022 1794 1088 vitio
1840 1020 2064 1086 datum
2110 1039 2454 1104 possumus
2498 1015 2669 1082 iudi-

725 1132 895 1190 care,
953 1106 1130 1192 quod
1184 1128 1316 1173 non
1361 1105 1553 1173 modo
1604 1107 1775 1191 quod
1820 1109 2111 1174 sciebant
2154 1105 2669 1183 dissimularunt,

725 1196 842 1265 sed
885 1192 1290 1262 contrarium
1335 1212 1604 1279 prorsus
1648 1193 2058 1273 simularunt,
2123 1191 2296 1275 quod
2340 1193 2476 1255 suis
2526 1189 2671 1254 hos·

726 1282 904 1350 tibus
967 1301 1110 1348 sese
1173 1281 1244 1343 in
1307 1278 1619 1363 praedam
1683 1277 1840 1345 dare
1903 1300 2035 1344 non
2102 1289 2525 1343 tenerentur:
2603 1285 2671 1341 et

728 1369 916 1436 nulla
971 1372 1145 1433 esset
1196 1377 1431 1430 mutua
1487 1383 1637 1430 cum
1697 1364 1830 1430 illis
1872 1363 2394 1443 communicatio,
2458 1380 2671 1445 neque

726 1462 1099 1524 contractus
1139 1450 1314 1516 ullus
1356 1452 1427 1515 in
1471 1471 1598 1534 quo
1640 1449 1792 1517 data
1831 1452 2138 1534 utrinque
2175 1447 2339 1516 fides
2383 1447 2634 1515 fuisset.

895 1539 1044 1606 Iam
1087 1558 1244 1604 vero
1288 1535 1480 1622 agite,
1525 1542 1630 1602 etc.

1221 1797 1312 1884 H
1317 1794 1724 1879 OMILIA
1767 1791 2170 1876 XXXIX.

904 1969 1006 2034 11.
1052 1967 1145 2033 Et
1183 1969 1420 2051 factum
1461 1970 1567 2045 est,
1624 1984 1816 2047 quum
1859 1964 1997 2030 dies
2034 1964 2353 2030 crastinus
2394 1962 2673 2043 venisset,

726 2055 1046 2123 constituit
1092 2053 1254 2120 Saul
1302 2051 1609 2136 populum
1663 2052 1733 2115 in
1791 2054 1918 2116 tres
1958 2054 2197 2130 partes,
2254 2055 2312 2116 et
2350 2050 2676 2133 inqressus

729 2147 819 2209 est
874 2141 1087 2207 media
1142 2144 1353 2206 castra
1425 2138 1499 2203 in
1563 2137 1792 2220 viqilia
1855 2136 2184 2219 matutina,
2250 2141 2307 2201 et
2358 2136 2674 2217 percussit

729 2230 1006 2294 Ammon
1046 2245 1245 2308 usque
1298 2225 1452 2290 dum
1493 2222 1884 2289 incalesceret
1947 2221 2081 2286 dies
2094 2247 2113 2286 .·
2170 2220 2401 2304 reliqui
2465 2224 2673 2286 autem

728 2312 1010 2397 dispersi
1065 2316 1230 2388 sunt,
1289 2311 1383 2376 ita
1448 2314 1517 2374 ut
1557 2328 1682 2373 non
1732 2307 2229 2390 relinquerentur
2287 2308 2359 2373 in
2401 2307 2496 2372 eis
2549 2307 2674 2372 duo

718 2400 992 2481 pariter.
1084 2397 1185 2462 12.
1232 2394 1322 2461 Et
1364 2397 1458 2461 ait
1485 2393 1768 2478 populus
1807 2394 1895 2459 ad
1938 2392 2316 2459 Samuelem.-
2385 2392 2546 2473 Quis
2586 2396 2676 2457 est

730 2486 851 2550 iste
891 2484 1006 2565 qui
1048 2483 1247 2548 dixit.-
1305 2479 1468 2546 Saul
1507 2499 1661 2545 num
1700 2479 1984 2563 remeabit
2015 2498 2209 2559 super
2249 2498 2364 2544 nos
2378 2477 2414 2542 ἓ
2505 2476 2673 2542 Date

730 2570 923 2645 viros,
985 2572 1042 2633 et
1092 2566 1535 2648 interficiemus
1591 2583 1708 2631 eos,
1812 2565 1914 2631 13.
1971 2561 2059 2630 Et
2118 2566 2214 2629 ait
2269 2562 2458 2629 Saul.-
2526 2563 2676 2628 Nou

730 2655 1035 2722 occidetur
1076 2654 1411 2735 quisquam
1452 2653 1526 2718 iu
1557 2652 1661 2717 die
1692 2650 1825 2732 hae,
1858 2651 2012 2733 quia
2044 2649 2226 2716 hodie
2262 2651 2412 2733 feeit
2441 2648 2671 2715 Domi-

731 2760 860 2806 nus
914 2740 1179 2806 salutem
1220 2740 1290 2803 in
1334 2739 1565 2805 Israel.
1656 2736 1756 2801 14.
1814 2736 1996 2803 Dixit
2034 2741 2240 2801 autem
2288 2735 2547 2801 Samuel
2589 2735 2675 2801 ad

717 2826 1061 2908 populum:
1120 2822 1351 2905 Venite,
1396 2829 1454 2889 et
1495 2842 1711 2889 eamus
1753 2822 1826 2887 in
1874 2821 2169 2905 Galyala,
2214 2826 2272 2885 et
2312 2823 2674 2886 innovemus

729 2911 824 2977 ibi
864 2931 1138 2997 requum.
1231 2909 1329 2975 15.
1386 2909 1477 2974 Et
1502 2908 1793 2990 perrexit
1834 2908 2037 2973 omnis
2072 2907 2352 2989 populus
2393 2907 2466 2971 in
2516 2905 2671 2972 Gaz-

723 2998 896 3082 yala,
952 3003 1009 3062 et
1058 2997 1333 3080 fecerunt
1387 2996 1483 3061 ibi
1536 3014 1745 3077 reyem
1801 2991 1963 3058 Saul
2019 3013 2228 3058 coram
2269 2991 2547 3059 Domino
2604 2992 2677 3056 iu

737 3083 1036 3168 Galyala,
1109 3087 1166 3147 et
1220 3081 1692 3147 immolaverunt
1746 3078 1840 3144 ibi
1894 3079 2179 3144 victimas
2223 3078 2532 3160 pacificas
2586 3097 2678 3143 co-

729 3190 870 3235 ram
909 3168 1206 3236 Domino.
1276 3167 1364 3233 Et
1405 3167 1673 3234 laetatus
1714 3170 1802 3231 est
1843 3164 1934 3230 ibi
1979 3163 2159 3245 Saul,
2204 3171 2261 3231 et
2301 3165 2508 3231 cuncti
2551 3163 2678 3229 viri

732 3254 940 3322 Israel
982 3254 1195 3320 nimia

903 3420 1470 3492 Considerandum
1514 3421 1624 3487 hic
1664 3422 1736 3487 in
1781 3421 2014 3505 primis
2057 3421 2340 3487 occurrit
2375 3419 2678 3486 divinum

731 3510 1052 3580 auxilium
1116 3531 1243 3594 quo
1307 3507 1621 3575 Iabenses
1686 3506 1933 3574 obsessi
1997 3508 2207 3573 iuvati
2274 3516 2463 3572 sunt:
2546 3526 2676 3589 quo

730 3598 951 3682 palam
992 3596 1149 3663 fecit
1189 3594 1374 3660 Deus
1419 3614 1549 3659 non
1591 3593 1857 3659 inanem
1900 3593 2103 3659 fuisse
2148 3614 2355 3672 suam,
2421 3593 2503 3658 de
2548 3614 2677 3675 qua

731 3683 1034 3768 superius
1070 3682 1345 3765 egimus,
1386 3679 1908 3763 promissionem:
1946 3700 2182 3762 nempe
2216 3701 2287 3745 se
2317 3677 2400 3744 ad
2425 3678 2674 3763 regiam

733 3769 1124 3853 dignitatem
1167 3765 1434 3832 Saulem
1493 3773 1838 3833 vocantem
1888 3766 2200 3851 ipsorum,
2261 3764 2414 3831 licet
2458 3764 2593 3830 indi
2646 3800 2674 3816 -

732 3875 989 3930 norum,
1057 3852 1370 3918 misereri.
1456 3851 1590 3918 Hic
1645 3852 1848 3937 igitur
1912 3853 2198 3936 primum
2263 3851 2586 3917 observan
2635 3872 2675 3916 a

730 3948 837 4007 est
878 3938 1413 4005 Ammonitarum
1468 3947 1742 4021 strages,
1801 3948 1868 4002 et
1910 3937 2237 4003 exercitus
2282 3936 2670 4021 profligatio.

730 4025 991 4093 Deinde
1049 4024 1453 4090 confirmatio
1500 4022 1739 4103 Saulis,
1799 4032 1867 4089 et
1922 4023 2159 4106 prioris
2208 4023 2551 4088 seditionis
2606 4032 2674 4087 et

731 4112 1056 4179 tumultus
1089 4107 1406 4191 ἀμνηστία.
1468 4110 1707 4187 Tertio,
1750 4107 2080 4176 Samuelis
2125 4108 2380 4191 publiea
2426 4119 2674 4191 protes-

731 4199 897 4264 tatio
953 4216 1113 4262 suae
1170 4195 1581 4261 innocentiae
1640 4195 1952 4278 quamdiu
2008 4194 2477 4277 rempublicam
2524 4214 2670 4277 ges-

729 4287 850 4364 sit;
909 4290 978 4349 et
1018 4283 1398 4348 intercessio
1442 4300 1569 4364 qua
1607 4302 1676 4345 se
1720 4279 2302 4346 administrationis
2347 4280 2671 4344 rationem

727 4369 999 4437 reddere
1041 4377 1342 4453 paratum
1386 4367 1602 4451 palam
1646 4374 1946 4432 testatur.
2017 4365 2210 4448 Quod
2255 4365 2338 4431 ad
2384 4367 2671 4449 primum

728 4457 984 4536 attinet,
1044 4452 1211 4520 Saul
1269 4452 1507 4518 dicitur
1566 4453 1925 4519 exercitum
1983 4473 2177 4517 suum
2239 4452 2307 4517 in
2368 4453 2496 4515 tria
2556 4473 2667 4537 ag-

728 4544 911 4609 mina
966 4539 1294 4607 divisisse:
1356 4558 1530 4615 nam,
1602 4547 1675 4603 ut
1718 4538 2022 4619 vidimus,
2081 4538 2439 4622 collegerat
2481 4558 2668 4603 exer-

729 4630 934 4695 citum
994 4634 1097 4691 ter
1157 4635 1419 4691 centum
1478 4623 1753 4708 triginta
1809 4623 1990 4688 mille
2044 4624 2408 4704 hominum,
2469 4633 2545 4688 ut
2585 4646 2669 4689 ex

729 4714 864 4779 illis
943 4709 1216 4778 totidem
1291 4730 1564 4794 magnos
1648 4711 1970 4775 exercitus
2049 4709 2238 4777 facile
2303 4711 2669 4776 conficeret.

730 4800 879 4865 Etsi
933 4819 1091 4864 vero
1134 4805 1319 4863 tanta
1361 4798 1567 4862 fretus
1611 4794 2051 4872 multitudine,
2106 4806 2328 4861 tamen
2388 4817 2472 4860 ex
2517 4799 2670 4860 rati-

728 4907 854 4951 one
918 4884 1149 4950 bellica
1213 4883 1308 4950 sic
1374 4882 1601 4948 divisit
1652 4882 2032 4962 exercitum,
2101 4891 2175 4946 ut
2236 4881 2671 4964 undequaque

732 4971 963 5037 cinctis
1007 4968 1300 5036 hostibus
1342 4967 1528 5033 nulla
1570 4990 1719 5052 spes
1764 4968 1959 5053 fugae
2000 4968 2160 5050 ipsis
2204 4967 2490 5033 daretur.
2538 4967 2669 5032 Ne-

731 5077 859 5140 que
911 5056 1087 5121 enim
1143 5062 1403 5120 tantum
1443 5075 1553 5121 ecs
1595 5056 1665 5119 in
1711 5055 1930 5139 fugam
1978 5054 2133 5119 dare
2175 5056 2435 5137 cogitat,
2496 5053 2668 5136 quod

729 5141 921 5209 facile
957 5142 1317 5208 recollectis
1353 5140 1556 5224 copiis
1590 5139 1836 5206 bellum
1872 5139 2382 5224 redintegraturi
2418 5149 2665 5205 essent:

730 5227 846 5294 sed
901 5227 1103 5294 semel
1161 5248 1272 5294 eos
1329 5226 1670 5309 debellare,
1730 5249 1816 5294 ne
1873 5228 2157 5312 amplius
2215 5240 2398 5292 trans
2443 5223 2668 5291 Iorda-

2309 311 2729 380 HOMILIA
2769 311 3107 379 XXXIX.

4591 314 4714 380 668

2770 522 2923 568 nem
3001 501 3365 568 incolentes
3438 501 3778 570 Israelitas
3855 500 4030 569 bello
4113 508 4384 587 possent
4470 501 4722 568 adoriri

2770 587 2992 653 fractis
3035 588 3305 655 viribus.
3374 588 3464 653 Et
3507 599 3845 673 praeterea
3887 587 4128 655 dicitur
4172 587 4337 657 Saul
4379 589 4454 656 in
4495 596 4727 654 matu·

2770 673 2913 739 tina
2977 674 3205 759 vigilia
3277 674 3567 741 hostium
3633 673 3903 741 adorttm
3966 683 4205 753 castra,
4283 684 4351 742 et
4413 675 4729 742 incautos

2769 758 3112 826 invasisse.
3196 760 3450 843 Nempe
3502 761 3715 827 securi
3769 770 3979 841 erant,
4036 768 4106 827 et
4162 760 4569 828 deditionem
4618 760 4734 826 Ia-

2772 844 3071 911 bensium
3148 856 3603 930 exspectantes
3660 844 3785 912 sibi
3862 847 4207 914 victoriam
4287 846 4732 932 gratulaban-

2772 940 2899 995 tur.
2990 932 3071 996 In
3136 954 3262 1017 quo
3321 932 3627 998 videmus
3702 932 3962 1016 impleri
4027 932 4201 1017 quod
4256 953 4453 1017 saepe
4518 931 4734 998 Deus

2770 1017 2841 1081 in
2896 1019 3097 1082 sacris
3153 1018 3516 1102 praedicari
3560 1016 3790 1094 voluit,
3850 1018 3989 1085 fore
4032 1019 4346 1086 nimirum
4390 1027 4469 1086 ut
4508 1039 4737 1102 quum

2772 1103 2957 1185 impii
3012 1103 3312 1168 homines
3371 1113 3514 1168 tuta
3554 1105 3776 1170 omnia
3817 1106 3943 1172 sibi
3985 1106 4366 1188 pollicentes
4404 1104 4741 1183 dixerint,

2773 1208 2904 1270 pax
2960 1201 3028 1254 et
3084 1192 3419 1270 securitas,
3486 1198 3645 1255 tunc
3698 1190 4085 1274 repentinus
4138 1192 4233 1257 eis
4297 1192 4745 1275 superveniat

2774 1274 3100 1341 interitus.
3188 1274 3404 1359 Atque
3461 1276 3626 1341 haec
3688 1274 3969 1360 insignis
4024 1276 4245 1343 clades
4298 1277 4747 1343 Ammonita-

2774 1380 2924 1425 rum
2968 1361 3110 1435 fuit.
3166 1373 3241 1427 ut
3298 1382 3381 1427 ne
3425 1359 3551 1426 duo
3596 1360 3861 1445 quidem
3905 1363 4105 1429 simul
4148 1362 4743 1447 relinquerentur:

2774 1460 2842 1510 et
2906 1446 3001 1511 ita
3064 1458 3372 1512 testatum
3434 1446 3622 1513 Deus
3687 1447 3894 1513 voluit
3953 1469 4026 1515 se
4084 1449 4309 1533 populi
4371 1450 4496 1529 sui,
4573 1448 4749 1515 licet

2776 1552 3022 1614 poenas
3087 1542 3154 1598 et
3218 1533 3491 1598 exitium
3561 1533 3920 1616 promeriti,
3983 1534 4156 1601 velle
4220 1531 4497 1602 foederis
4569 1534 4747 1600 olim

2774 1639 2924 1683 cum
2970 1617 3349 1685 Abrabamc
3391 1619 3710 1684 contracti
3752 1640 4109 1687 memorem
4153 1622 4466 1689 misereri.
4552 1621 4751 1688 Nam

2776 1703 2933 1787 quid
2989 1716 3137 1769 erat
3188 1706 3256 1770 in
3319 1704 3558 1788 populo
3601 1703 3774 1788 quod
3820 1706 4036 1772 Deum
4083 1706 4168 1773 ad
4210 1706 4753 1775 misericordiam

2777 1789 3201 1872 provocaret?
3293 1791 3477 1856 Deus
3534 1791 3758 1874 itaque
3800 1790 3957 1859 licet
3999 1790 4221 1859 Saulis
4426 1815 4550 1860 um
4608 1815 4755 1859 non

2776 1875 3181 1958 approbaret,
3241 1886 3462 1941 tamen
3520 1877 3684 1941 illud
3732 1898 3863 1944 non
3906 1877 4103 1945 modo
4148 1889 4296 1964 pert
4371 1882 4440 1958 ·t,
4496 1880 4643 1947 sed
4688 1881 4753 1945 ei

2776 1962 2972 2025 etiam
3010 1960 3360 2042 benedixit,
3406 1983 3482 2029 ac
3526 1983 3873 2048 prosperos
3906 1985 4247 2032 successus
4281 1964 4479 2031 dedit.
4526 1965 4752 2033 Unde

2777 2058 3045 2130 apparet
3104 2048 3322 2113 Deum
3384 2069 3574 2132 saepe
3632 2052 3872 2117 nostris
3928 2050 4239 2130 consiliis,
4295 2053 4448 2117 licet
4503 2052 4752 2130 malis,

2778 2132 2935 2197 dare
2975 2133 3176 2200 bonos
3220 2153 3575 2213 successus,
3637 2155 3771 2200 non
3819 2136 4080 2220 quidem
4124 2136 4269 2203 ideo
4312 2145 4389 2203 ut
4428 2136 4755 2205 habenas

2777 2216 2860 2285 ad
2907 2218 3121 2284 Deum
3169 2220 3559 2285 tentandum
3605 2221 3850 2288 nostris
3892 2223 4358 2306 cupiditatibus
4399 2222 4755 2303 laxemus,

2776 2316 2843 2369 ct
2885 2304 3186 2370 securius
3225 2326 3519 2389 agamus,
3575 2307 3746 2390 quod
3794 2308 3900 2375 hic
3944 2309 4183 2392 populo
4226 2308 4507 2393 legimus
4555 2312 4755 2396 prio-

2777 2410 2916 2455 rem
2985 2393 3183 2456 vitam
3249 2392 3692 2457 inordinatam
3756 2394 3827 2458 in
3911 2393 4154 2461 bonum
4220 2395 4534 2462 cessisse:
4631 2395 4755 2463 sed

2781 2477 2997 2559 potius
3055 2486 3129 2541 ut
3184 2476 3511 2544 discamus
3554 2477 3774 2544 Deum
3833 2500 4030 2564 saepe
4074 2481 4461 2548 clementius
4502 2483 4753 2549 nobis-

2780 2581 2926 2627 cum
2967 2582 3183 2646 agere,
3219 2574 3286 2628 et
3315 2562 3470 2628 licet
3507 2565 3789 2646 peccatis
3827 2566 4070 2632 nostris
4101 2566 4243 2634 irae
4277 2566 4484 2650 ipsius
4503 2567 4751 2636 locum

2779 2646 3146 2724 fecerimus,
3187 2660 3403 2714 tamen
3429 2649 3678 2714 felicem
3702 2651 3956 2717 exitum
3983 2652 4222 2720 nostris
4242 2653 4533 2720 consiliis
4554 2655 4752 2735 dare,

2780 2753 2945 2817 quae
2990 2744 3209 2799 tamen
3262 2735 3540 2801 exitium
3594 2736 3881 2820 alioqum
3932 2738 4121 2805 nobis
4190 2748 4363 2806 esset
4420 2739 4751 2807 allatura.

2779 2818 3077 2901 Quorum
3124 2817 3446 2887 donorum
3488 2822 3774 2906 cognitio
3818 2824 4011 2890 debet
4053 2845 4176 2890 nos
4210 2824 4292 2891 ad
4338 2824 4753 2893 modestiam

2779 2919 2847 2971 et
2903 2904 3339 2971 humilitatem
3397 2926 3807 2991 componere,
3863 2931 3949 2975 nc
3992 2909 4386 2993 gloriemur:
4440 2911 4567 2978 sed
4638 2933 4754 2996 po-

2781 2993 2914 3057 tius
2958 3012 3107 3057 cum
3152 2992 3331 3056 omni
3378 2992 3698 3059 modestia
3740 3008 3807 3060 et
3842 2994 4212 3062 humilitate
4255 3019 4291 3065 c
4423 3018 4754 3065 necamus

2779 3077 2997 3142 Deum
3061 3088 3352 3143 nostram
3397 3079 3718 3145 malitiam
3762 3102 3882 3147 sua
3933 3081 4340 3148 inaestimab‘
4376 3084 4389 3097 '
4438 3082 4753 3151 bonitate

2780 3174 3260 3246 superaturum.
3347 3162 3569 3248 Atque
3628 3166 3789 3231 haec
3845 3166 4144 3235 doctrina
4207 3177 4312 3234 est
4373 3168 4751 3253 diligenter

2781 3248 3208 3329 observanda,
3262 3250 3434 3333 quod
3493 3272 3685 3335 saepe
3731 3251 3917 3319 Deus
3972 3274 4094 3319 nos
4135 3254 4205 3319 in
4252 3255 4540 3338 peccatis
4592 3278 4751 3322 nos-

2783 3337 2902 3401 tris
2960 3335 3169 3401 altum
3213 3346 3566 3403 stertentes
3611 3337 4162 3418 animadvertens,
4223 3341 4365 3406 eius
4409 3341 4753 3423 patientia

2780 3433 2847 3487 et
2888 3420 3236 3487 tolerantia
3279 3421 3623 3488 abutentes
3667 3425 3838 3507 quod
3884 3445 4016 3490 non
4061 3425 4286 3491 statim
4330 3426 4400 3492 in
4438 3425 4563 3491 illa
4604 3432 4752 3493 ani·

2781 3506 3237 3590 madverterit,
3293 3509 3449 3592 quin
3499 3510 3694 3575 etiam
3741 3510 3910 3592 quod
3953 3511 4071 3578 illa
4115 3521 4379 3578 nostrae
4419 3513 4749 3580 utilitatis

2779 3592 2961 3660 velut
3024 3594 3272 3659 occasio
3337 3603 3404 3660 et
3468 3615 3665 3661 causa
3730 3597 3995 3676 fuerint,
4061 3596 4176 3664 sed
4242 3617 4359 3681 per
4422 3599 4745 3667 accidens

2779 3677 2951 3762 quod
2993 3678 3089 3743 ita
3130 3678 3276 3744 Dec
3322 3681 3533 3746 visum
3579 3681 3797 3759 fuerit,
3846 3682 4048 3764 Deus,
4094 3684 4382 3767 inquam,
4429 3696 4746 3752 nostrum

2778 3764 3136 3832 socordiam
3183 3765 3481 3844 intuitus,
3544 3787 3663 3832 nos
3706 3768 3876 3833 serio
3919 3770 4186 3848 excitat,
4233 3788 4309 3836 ac
4354 3768 4552 3835 docet
4603 3793 4745 3838 non

2775 3853 2868 3917 ita
2910 3851 3470 3934 interpretandam
3516 3852 3656 3917 eius
3698 3854 4101 3936 patientiam,
4159 3855 4349 3939 quasi
4392 3877 4615 3939 quum
4662 3859 4745 3923 ad

2776 3948 3039 4020 tempus
3095 3957 3214 4002 nos
3268 3937 3611 4003 induratos
3678 3940 3747 4003 in
3816 3941 4100 4022 peccatis
4165 3940 4579 4026 toleraverit,
4654 3945 4743 4009 sit

2775 4044 3034 4107 semper
3114 4022 3532 4088 toleraturus.
3646 4024 3869 4106 Quare
3939 4026 4080 4092 Deo
4158 4038 4386 4093 nostra
4452 4030 4741 4096 consilia

2774 4109 3196 4185 secundante,
3242 4129 3325 4173 ne
3370 4110 3600 4175 virtuti
3644 4122 3712 4175 et
3752 4110 4114 4178 industriae
4158 4121 4420 4179 nostrae
4464 4113 4737 4181 felicem

2774 4215 3146 4261 successum
3223 4193 3614 4261 tribuamus:
3697 4216 3774 4262 ac
3838 4197 3991 4263 licet
4061 4198 4342 4264 eundem
4408 4199 4735 4283 spiritum

2775 4279 2967 4346 nobis
3023 4300 3213 4363 quem
3275 4301 3451 4347 nunc
3496 4279 3680 4349 Sauli
3751 4282 4092 4367 largiatur,
4149 4292 4374 4351 tamen
4415 4286 4488 4350 in
4534 4288 4733 4353 nobis

2773 4387 3033 4448 semper
3075 4364 3317 4447 aliquid
3361 4367 3576 4433 inesse
3612 4369 3768 4434 mali
3805 4370 4122 4446 norimus,
4165 4392 4292 4455 quo
4337 4371 4525 4437 nobis
4558 4372 4731 4456 ipsis

2775 4453 3049 4518 exitium
3106 4471 3530 4531 accersamus,
3599 4455 3728 4520 nisi
3792 4456 3933 4538 ipse
3996 4455 4161 4522 velit
4222 4457 4541 4522 misereri.
4640 4459 4731 4523 Et

2775 4541 2947 4606 hanc
3006 4537 3370 4603 doctrinam
3431 4541 3673 4605 nostris
3717 4542 4046 4607 mentibus
4097 4541 4296 4609 altius
4337 4543 4725 4627 infigamus,

2773 4637 2845 4691 ut
2910 4626 2982 4688 in
3046 4624 3280 4689 timore
3345 4632 3413 4689 et
3474 4626 3910 4694 sollicitudine
3990 4648 4250 4711 semper
4324 4627 4445 4694 sub
4515 4630 4726 4712 ipsius

2773 4710 3096 4794 praesidio
3143 4709 3572 4777 ambulemus.

2947 4794 3257 4878 Sequitur
3314 4808 3459 4879 post
3512 4799 3869 4878 victoriam,
3927 4819 4318 4866 concursum
4375 4799 4627 4867 factum
4681 4821 4722 4866 a

2772 4880 2961 4966 plebe
3017 4880 3099 4946 ad
3160 4881 3553 4960 Samuelem,
3623 4896 3897 4968 rogante
3952 4896 4025 4950 ut
4088 4885 4385 4951 seditiosi
4448 4887 4547 4951 illi
4609 4888 4719 4971 qui

2777 4967 3044 5036 Saulem
3123 4970 3412 5051 recipere
3491 4982 3872 5035 recusarent
3937 4970 4064 5037 sibi
4131 4974 4571 5049 traderentur,
4650 4982 4727 5039 nt

2773 5075 3015 5138 poenas
3072 5056 3301 5136 capitis
3358 5054 3609 5135 darent,
3662 5055 3929 5121 Saulem
3991 5069 4211 5123 autem
4256 5059 4593 5135 restitisse,
4655 5068 4721 5123 et

2774 5139 3195 5225 impedivisse
3240 5162 3322 5205 ne
3366 5138 3431 5204 id
3478 5142 3903 5226 contingeret,
3950 5144 4054 5208 his
4102 5144 4350 5210 verbis:
4399 5144 4544 5210 Non
4586 5164 4719 5211 esse

2772 5228 2875 5294 die
2932 5226 3042 5293 illo
3098 5247 3471 5309 quemquam
3536 5230 3723 5295 morti
3781 5229 4168 5310 tradendum,
4235 5249 4361 5312 quo
4404 5229 4583 5296 Deus
4644 5230 4713 5295 is
