5059 6059
810 314 942 380 435

811 502 1235 572 condemnari
1270 504 1450 569 Deus
1495 503 1724 569 voluit.
1789 504 1959 569 Nam
2005 526 2045 569 a
2091 503 2296 571 Saule
2338 505 2502 572 iussi
2548 505 2760 571 faeere

812 591 1133 674 impetum
1156 589 1226 652 in
1249 588 1632 670 sacerdotes,
1657 599 1726 654 et
1746 588 1894 654 illos
1915 589 2302 666 interficere,
2338 601 2761 658 recusarunt:

816 684 884 742 et
962 681 1056 740 ita
1117 675 1292 740 solus
1358 673 1625 759 Doegus
1691 675 2044 741 Idumaeus
2108 677 2422 743 inventus
2486 687 2587 743 est
2652 676 2763 760 qui

814 759 1140 827 mandatis
1194 760 1337 826 eius
1395 769 1894 845 optemperaret,
1955 760 2150 828 homo
2207 763 2492 845 perfidus
2535 773 2601 828 et
2644 764 2761 827 im·

814 846 979 932 pius,
1027 857 1093 911 et
1137 846 1218 914 ab
1259 845 1712 913 Israelitarum
1758 847 2032 914 ecelesia
2076 847 2530 915 alienissimus.

986 930 1118 999 Sed
1155 933 1524 999 accuratius
1560 933 1719 999 haec
1764 933 1832 997 in
1878 932 2285 1017 singulorum
2331 934 2765 1018 explicatione

815 1017 1390 1099 considerabimus,
1451 1039 1526 1085 ac
1569 1022 1857 1103 primum
1903 1031 2274 1097 occurrunt,
2333 1018 2604 1086 Saulem
2651 1019 2763 1086 ad-

815 1125 1083 1173 vocasse
1160 1103 1547 1182 sacerdotes,
1626 1105 1735 1188 qui
1818 1106 2027 1172 vocati
2109 1107 2333 1172 statim
2413 1105 2765 1172 adfuerunt

815 1212 1091 1257 numero
1127 1190 1414 1274 quinque
1451 1203 1516 1255 et
1559 1192 1904 1275 octoginta.
1971 1190 2115 1258 Nae
2158 1193 2378 1259 miseri
2425 1212 2763 1275 nunquam

814 1276 1126 1360 suspicati
1186 1287 1407 1341 essent
1450 1285 1703 1342 tantam
1747 1279 1885 1342 fore
1929 1275 2154 1344 Saulis
2197 1280 2269 1343 in
2312 1280 2490 1362 ipsos
2534 1280 2762 1343 crude·

814 1363 1090 1429 litatem.
1197 1362 1367 1427 Nam
1443 1364 1565 1428 etsi
1647 1371 1961 1446 tanquam
2039 1363 2410 1447 perduelles
2479 1363 2763 1430 accusati

814 1449 1093 1515 fuissent
1127 1458 1193 1513 et
1236 1448 1396 1513 falso
1441 1448 1726 1531 quidem,
1772 1446 1944 1532 quod
1965 1448 2290 1516 Davidem
2334 1470 2375 1515 a
2419 1470 2575 1534 rege
2617 1470 2764 1532 pro-

816 1535 1045 1620 fugum
1080 1534 1505 1618 excepissent,
1550 1545 1615 1598 et
1650 1535 2036 1617 proditionis
2079 1537 2318 1603 conscii
2362 1536 2767 1614 viderentur,

817 1620 1175 1705 legitimam
1223 1631 1442 1685 tamen
1490 1619 1819 1686 habebant
1860 1622 2366 1702 excusationem,
2425 1643 2554 1704 qua
2599 1621 2768 1687 tueri

817 1727 889 1773 se
933 1716 1234 1789 poterant
1277 1705 1334 1770 si
1378 1726 1510 1770 non
1551 1706 1832 1772 furiosus
1875 1706 2103 1772 fuisset
2145 1708 2329 1773 Saul:
2395 1707 2567 1772 Nam
2611 1726 2770 1772 vere

817 1801 1121 1876 poterant
1190 1790 1438 1871 dicere,
1508 1801 1639 1856 tam
1705 1791 2211 1859 Achimelechus
2275 1814 2470 1876 quam
2536 1792 2768 1875 reliqui

816 1876 1203 1949 sacerdotes,
1249 1898 1319 1941 se
1353 1877 1620 1962 ignaros
1654 1875 1851 1962 fugae
1870 1878 2147 1945 Davidis
2182 1898 2221 1942 a
2255 1900 2426 1963 rege,
2473 1878 2770 1961 quando-

817 1961 1082 2047 quidem
1141 1963 1388 2027 nemini
1447 1984 1566 2027 rex
1623 1963 2004 2030 indicasset:
2076 1977 2144 2029 et
2203 1985 2335 2030 non
2392 1979 2565 2030 esset
2623 1985 2770 2049 pro-

816 2048 1182 2129 mulgatum
1227 2069 1313 2113 ne
1356 2048 1502 2131 quis
1532 2047 1859 2115 Davidem
1905 2059 2019 2114 aut
2061 2050 2288 2116 favore
2333 2051 2550 2133 aliquo
2592 2070 2770 2117 com-

817 2133 1234 2286 glecteretur,
1278 2143 1396 2200 aut
1429 2156 1502 2200 re
1539 2133 1674 2200 ulla
1717 2136 2005 2200 iuvaret:
2053 2137 2224 2218 quod
2267 2136 2413 2201 odio
2435 2134 2769 2201 Davidem

878 2219 987 2285 aul
1047 2218 1364 2287 hactenus
1420 2219 1674 2286 occulto
1733 2242 1815 2285 ex
1872 2242 2054 2286 mera
2109 2220 2494 2287 crudelitate
2552 2241 2771 2305 prose-

824 2317 1076 2389 quutus
1112 2316 1301 2374 esset.
1359 2305 1594 2389 Itaque
1627 2304 1994 2373 sacerdotes
2029 2306 2124 2372 illi
2169 2309 2409 2373 iustam
2455 2305 2771 2372 habentes

827 2391 1337 2468 excusationem,
1402 2412 1744 2475 nunquam
1813 2393 2127 2475 suspicati
2191 2404 2433 2471 essent,
2503 2391 2767 2460 Saulem

827 2486 964 2542 tam
1002 2476 1350 2543 crudeliter
1383 2478 1454 2542 in
1496 2477 1674 2561 ipsos
1716 2478 2133 2558 saeviturum,
2177 2491 2253 2543 ut
2296 2500 2522 2544 omnes
2567 2479 2769 2544 inter-

825 2562 935 2628 fici
991 2561 1263 2642 iuberet,
1321 2562 1741 2646 quamobrem
1804 2564 2012 2630 vocati
2071 2573 2256 2631 tanto
2299 2585 2573 2631 numero
2616 2585 2767 2631 con·

826 2656 1173 2714 venerunt.
1261 2648 1506 2715 Gravis
1563 2657 1783 2715 autem
1842 2651 1968 2715 fuit
2019 2651 2361 2728 accusatio,
2416 2672 2619 2735 quum
2677 2650 2771 2715 ait

825 2732 973 2799 illos
1009 2732 1322 2800 adversus
1356 2754 1579 2819 regem
1622 2755 1770 2802 cum
1813 2736 1950 2801 filio
1992 2736 2124 2803 Isai
2167 2737 2612 2820 conspirasse:
2654 2734 2768 2801 sed

826 2818 1280 2885 Achimelechi
1312 2840 1622 2903 responso
1657 2821 1795 2905 regi
1840 2822 2245 2889 satisfactum
2288 2822 2597 2905 oportuit,
2642 2841 2770 2907 quo

827 2904 989 2971 satis
1011 2905 1152 2989 regi
1175 2925 1245 2971 se
1269 2902 1349 2970 de
1371 2904 1839 2972 coniurationis
1862 2908 2267 2974 accusatione
2306 2917 2769 2993 purgaverant.

828 2987 1009 3072 Quin
1067 2991 1264 3056 etiam
1320 2991 1374 3057 si
1436 2991 1608 3075 quod
1662 2992 1769 3058 hic
1813 2992 2061 3059 crimen
2106 2994 2448 3078 punitione
2492 2993 2767 3078 dignum

823 3075 1075 3156 fuisset,
1119 3076 1296 3142 solus
1330 3076 1754 3144 Achimeleeh
1796 3078 1974 3144 illius
2020 3100 2163 3145 esse
2207 3100 2357 3146 reus
2405 3079 2767 3147 videbatur.

827 3161 999 3230 Nam
1050 3161 1190 3246 ipse
1228 3161 1476 3230 Davidi
1535 3184 1736 3246 panes
1783 3163 1931 3230 illos
1975 3164 2437 3249 propositionis
2480 3164 2769 3243 dederat,

823 3259 895 3315 et
958 3249 1016 3315 ei
1083 3248 1371 3333 gladium
1440 3249 1739 3316 Goliathi
1810 3249 2186 3318 tradiderat.
2294 3252 2770 3317 Verumtamen

823 3333 1333 3401 Achimelechus
1375 3355 1562 3400 suam
1608 3335 2049 3403 innocentiam
2095 3337 2255 3402 satis
2298 3358 2610 3420 responso
2654 3357 2773 3403 suo

823 3422 1149 3504 patefacit,
1196 3420 1366 3502 quod
1402 3420 1731 3488 Davidem
1776 3420 1859 3488 ad
1905 3423 2087 3507 regia
2128 3444 2212 3487 ne
2297 3423 2389 3489 tia
2432 3423 2773 3490 dimissum

825 3504 1276 3588 arbitraretur,
1318 3515 1385 3571 et
1420 3505 1526 3573 his
1569 3507 1789 3573 verbis
1832 3508 2170 3592 exprimit:
2347 3510 2491 3592 quis
2531 3509 2606 3576 in
2645 3528 2773 3575 om·

826 3590 1014 3658 nibus
1065 3592 1267 3659 servis
1315 3593 1490 3676 reqis
1529 3594 1691 3659 sicut
1730 3592 1954 3660 David
1990 3592 2219 3679 fidelia
2260 3599 2320 3663 et
2355 3616 2549 3678 ρεπεν
2586 3595 2774 3679 reqis,

826 3681 886 3744 et
930 3696 1202 3761 per-qens
1252 3677 1340 3743 ad
1397 3677 1735 3761 imperium
1776 3682 1974 3760 tumn,
2031 3685 2091 3745 et
2125 3680 2440 3765 gloriosus
2482 3682 2556 3747 in
2592 3681 2776 3747 donno

823 3761 989 3830 tua?
1079 3761 1257 3828 Num
1311 3762 1491 3830 hodie
1548 3765 1716 3848 coepi
1746 3785 1870 3846 pro
1912 3786 1980 3832 eo
2019 3767 2333 3832 consulere
2374 3765 2773 3832 Dominum?

822 3847 1016 3917 Absit
1055 3846 1164 3915 hoe
1204 3870 1248 3914 a
1288 3868 1407 3914 me.
1514 3850 1659 3934 Ego
1702 3850 1905 3935 igitur
1968 3872 2085 3934 pro
2128 3851 2386 3918 Davide
2430 3851 2777 3918 consulens

829 3935 1073 4014 Deum,
1138 3942 1205 3998 et
1268 3955 1493 4018 preces
1557 3956 1675 4018 pro
1739 3937 1881 4018 ipso
1936 3935 2198 4016 faciens,
2266 3937 2637 4004 existimavi
2693 3936 2777 4002 ad

829 4018 1110 4089 salutem
1170 4019 1393 4103 populi
1450 4020 1719 4088 missum
1775 4042 1816 4086 a
1872 4044 1907 4086 r
1992 4042 2060 4089 e:
2121 4044 2324 4106 quare
2380 4024 2593 4090 fausta
2651 4024 2775 4107 ipsi

825 4106 1049 4173 omnia
1082 4115 1389 4188 precatus
1426 4127 1592 4173 sum.
1657 4107 1801 4173 Nae
1837 4128 1957 4175 ver
1999 4105 2058 4174 is
2090 4108 2236 4174 istis
2280 4108 2384 4176 vel
2427 4108 2779 4177 furiosissi-

828 4213 1011 4261 mum
1036 4190 1308 4258 Saulem
1353 4200 1734 4274 oportuerat
1772 4193 2037 4278 placari.
2106 4191 2238 4261 Sed
2284 4193 2534 4260 nullam
2577 4214 2777 4261 excu-

829 4277 1155 4345 sationem
1214 4276 1535 4343 admittit:
1593 4298 1728 4343 non
1781 4279 2037 4345 ratione
2080 4279 2235 4355 ulla,
2297 4301 2510 4364 neque
2555 4281 2778 4364 aequi·

833 4371 970 4430 tate
1024 4362 1303 4443 ducitur,
1364 4364 1580 4429 furore
1637 4372 2151 4449 praeoccupatus
2208 4386 2402 4433 aures
2460 4364 2777 4433 adversus

827 4452 1118 4517 rationes
1161 4469 1390 4515 omnes
1431 4449 1711 4516 obturat.
1800 4450 2023 4531 Quare
2065 4451 2310 4535 inquit:
2393 4451 2605 4520 Morte
2645 4473 2776 4519 mo·

830 4536 1025 4603 rieris
1087 4534 1495 4617 Achimelech,
1560 4540 1649 4616 tu,
1716 4541 1771 4601 et
1832 4538 2038 4602 omnis
2101 4537 2327 4604 domus
2376 4540 2598 4620 patris
2659 4540 2774 4606 tui.

830 4621 1011 4688 Hinc
1067 4621 1273 4705 igitur
1328 4633 1599 4706 apparet
1645 4619 1911 4689 Saulem
1969 4624 2185 4689 furore
2228 4634 2295 4689 et
2336 4623 2596 4690 insania
2639 4644 2776 4691 cor·

832 4718 1110 4790 reptum,
1169 4715 1235 4773 et
1292 4729 1331 4772 a
1376 4706 1547 4772 malo
1592 4706 1827 4790 spiritu
1874 4707 2226 4790 impulsum
2274 4710 2501 4775 fuisse:
2550 4730 2776 4793 quem-

833 4793 1185 4858 admodum
1244 4793 1374 4859 iam
1420 4804 1571 4858 ante
1614 4815 1808 4876 saepe
1853 4793 2138 4860 vidimus
2181 4795 2483 4878 spiritum
2530 4796 2775 4861 malum

835 4899 873 4943 a
933 4880 1217 4944 Domino
1276 4880 1662 4958 immissum,
1722 4899 1763 4944 a
1817 4900 1944 4963 quo
2001 4880 2378 4962 vexabatur,
2437 4890 2505 4946 et
2555 4883 2777 4947 furore

924 4965 1226 5043 itabatur,
1282 4965 1376 5031 sic
1435 4977 1511 5030 ut
1554 4967 1622 5029 in
1668 4965 1960 5030 omnium
2005 4977 2451 5050 contemptum
2497 4969 2774 5034 veniret.

835 4985 1016 5114 ffinc
1057 5050 1260 5134 igitur
1303 5049 1781 5117 horrendorum
1806 5052 1927 5117 Dei
1971 5049 2353 5118 iudiciorum
2403 5054 2773 5138 exemplum

838 5134 1172 5216 habemus,
1237 5158 1318 5200 ex
1388 5159 1512 5221 quo
1578 5147 1848 5221 apparet
1913 5137 2210 5203 homines
2276 5160 2315 5204 a
2373 5138 2518 5205 Deo
2576 5140 2776 5206 semel

837 5220 1182 5287 derelictos
1240 5221 1312 5286 in
1357 5222 1495 5288 dies
1533 5224 1920 5307 praecipites
1966 5245 2156 5289 ruere
2200 5225 2266 5290 in
2311 5225 2618 5309 graviora
2663 5228 2778 5291 fla-

2421 314 2831 382 HOMILIA
2876 315 3210 382 LXXXI.
4636 319 4733 384 436

2865 503 3045 589 gitia,
3100 516 3168 570 et
3190 513 3522 587 tanquam
3565 525 3686 588 per
3727 502 3972 588 gradus
4013 504 4083 568 in
4128 501 4513 587 profundam
4552 505 4740 571 infero-

2865 611 3011 656 rum
3068 590 3371 673 abyssum
3417 589 3723 673 demergi.
3810 590 3953 655 Nae
3995 600 4191 655 antea
4234 588 4401 655 Saul
4443 588 4744 659 horruisset

2864 685 3115 741 tantam
3195 676 3537 741 hominum
3615 676 4104 741 multitudinem
4169 676 4314 741 sine
4373 675 4543 741 iusta
4597 697 4743 743 cauta

2867 759 3221 827 trucidare:
3260 770 3330 828 et
3361 781 3499 826 non
3533 762 3675 827 ausi
3709 762 3990 828 fuissent
4024 761 4570 845 impudentissimi
4597 763 4747 829 etism

2865 848 3183 925 homines,
3241 853 3311 913 et
3363 847 3729 913 sacerdotes
3785 846 3933 913 odio
3993 855 4479 929 prosequenoes,
4530 856 4652 912 tum
4696 871 4748 916 os

2867 934 3186 999 adversus
3218 934 3397 1017 ipsos
3433 935 3703 1015 aperire,
3740 933 3891 999 lieet
3928 933 4167 999 millies
4201 934 4496 1017 ipsorum
4530 945 4748 999 mertem

2865 1029 3306 1103 exoptassent.
3362 1018 3841 1084 Verumtamen
3879 1018 4100 1085 nullus
4134 1019 4265 1084 iam
4299 1033 4592 1101 superest
4610 1019 4749 1085 Sauli

2868 1114 2936 1171 et
2979 1105 3299 1170 ministris
3342 1105 3781 1171 excusationis
3822 1112 4222 1187 praetextus,
4276 1102 4751 1187 quandoquidem

2868 1191 3315 1258 Achimelechi
3379 1210 3770 1274 responsum
3835 1193 3995 1256 satis
4060 1210 4385 1272 superque
4453 1191 4754 1255 testabatur

2866 1277 3275 1344 sacerdotum
3358 1275 3821 1342 innocentiam.
3930 1276 4153 1357 Quum
4241 1296 4399 1359 ergo
4486 1273 4639 1340 Saul
4704 1297 4755 1341 ee

2867 1363 3133 1428 devenit
3166 1362 3421 1442 suroris,
3467 1372 3739 1445 apparet
3775 1383 3854 1427 ex
3893 1383 3971 1427 eo
4008 1361 4316 1444 reprobos
4360 1380 4499 1425 non
4542 1375 4759 1444 repente

2866 1448 3011 1515 fieri
3053 1449 3463 1531 turpissimos
3503 1462 3572 1513 et
3611 1447 4175 1532 flagitiosissimos:
4233 1445 4348 1512 sed
4393 1445 4757 1530 pedetentim,

2867 1545 3067 1619 prout
3110 1532 3316 1599 aDeo
3355 1534 3691 1610 recedunt,
3736 1533 3807 1597 in
3852 1533 4089 1599 diaboli
4133 1542 4527 1616 potestatem
4570 1533 4759 1611 venire,

2870 1620 3072 1685 donec
3132 1619 3396 1685 tandem
3456 1620 3529 1683 in
3588 1621 3778 1685 bruta
3821 1618 4183 1684 animantia
4218 1630 4286 1683 et
4328 1629 4624 1683 monstra
4656 1620 4766 1683 her·

2871 1705 3261 1771 rendissima
3285 1704 3706 1789 degenerent.
3773 1705 4016 1770 Procul
4043 1704 4240 1769 dubio
4263 1715 4500 1770 contra
4523 1715 4769 1769 naturam

2874 1791 3034 1859 Saul
3070 1793 3138 1857 in
3174 1801 3272 1857 tot
3317 1789 3685 1858 sacerdotes
3728 1791 3981 1867 saeviit,
4025 1802 4094 1856 et
4134 1790 4284 1856 illos
4319 1790 4590 1872 quidem
4626 1792 4771 1855 inne-

2871 1888 3116 1944 eentes.
3199 1878 3368 1943 Nam
3430 1896 3627 1960 quam
3686 1877 4089 1942 occasionem
4142 1875 4210 1940 in
4262 1878 4448 1959 ipsos
4490 1875 4771 1941 saeviendi

2871 1963 3169 2038 habebat,
3213 1983 3414 2046 quare
3450 1964 3520 2027 in
3558 1964 3735 2045 ipsos
3765 1972 4107 2044 tantopere
4142 1961 4660 2043 excandesceret,
4694 1961 4773 2042 qni

2872 2051 3047 2134 regis
3091 2050 3353 2133 negotia
3395 2067 3784 2132 promovere
3827 2047 4321 2135 cogitaverant?
4393 2047 4540 2112 Nae
4582 2048 4631 2112 si
4668 2047 4773 2129 quis

2872 2157 2959 2200 ex
3016 2135 3214 2215 regiis
3257 2133 3648 2199 satellitibus
3691 2154 3914 2218 regem
3961 2134 4262 2200 incautus
4306 2133 4526 2212 feriat,
4578 2145 4775 2199 certum

2872 2230 2973 2286 est
3031 2220 3222 2286 facile
3281 2220 3379 2285 illi
3437 2218 3695 2303 culpam
3758 2218 4273 2297 condonandam,
4331 2219 4704 2303 praesertim
4736 2219 4776 2283 si

2874 2307 3014 2390 regi
3080 2305 3356 2372 studens
3419 2306 3766 2388 inservire,
3834 2318 4094 2387 praeter
4159 2304 4576 2370 voluntatem
4635 2304 4775 2369 illum

2873 2392 3159 2458 laeserit.
3246 2389 3357 2458 Sic
3400 2391 3908 2457 Achimelechus
3965 2399 4244 2456 testatur
4288 2412 4363 2457 se
4411 2392 4590 2475 regis
4627 2412 4777 2473 nego-

2876 2478 3115 2543 tiorum
3176 2497 3376 2544 causa
3436 2476 3588 2542 boni
3646 2476 3890 2543 subditi
3936 2488 4153 2558 partes
4197 2475 4483 2561 implere
4526 2476 4776 2554 voluisse,

2875 2562 3198 2631 Davidem
3237 2574 3303 2629 et
3345 2562 3620 2645 panibus
3662 2573 3729 2628 et
3770 2562 4041 2629 consilio
4082 2562 4396 2628 iuvando.
4465 2562 4626 2629 Saul
4662 2581 4777 2628 vero

2875 2658 3122 2730 contra,
3165 2649 3439 2715 rationis
3482 2649 3801 2714 terminos
3847 2648 4272 2726 transsiliens,
4331 2649 4506 2713 satis
4550 2646 4777 2714 ostendit

2875 2756 2947 2802 se
2990 2745 3059 2801 et
3100 2735 3229 2800 Dei
3272 2747 3341 2800 et
3381 2735 3595 2802 omnis
3639 2733 4065 2799 humanitatis
4108 2732 4414 2800 oblitum.
4496 2735 4653 2799 Nam
4688 2753 4778 2816 qua

2876 2820 3139 2886 tandem
3201 2823 3453 2886 ratione
3508 2821 3577 2885 in
3640 2818 3725 2886 85
3768 2818 4153 2899 sacerdotes,
4214 2833 4282 2884 et
4322 2819 4601 2903 quidem
4638 2821 4778 2884 inno-

2874 2917 3099 2973 eentes
3151 2904 3408 2973 saevit?
3497 2905 4027 2971 Abominandum
4081 2925 4241 2971 sane
4298 2919 4371 2971 et
4434 2905 4779 2972 horrendum

2875 2992 3128 3058 facinus
3163 2992 3246 3058 ad
3280 2993 3466 3058 cuius
3503 2993 3944 3058 narrationem
3990 3012 4188 3057 sensu
4231 2991 4462 3076 aliquo
4508 2991 4780 3076 praeditos

2875 3077 3149 3144 horrore
3190 3087 3502 3161 oporteat.

3045 3162 3277 3229 Altera
3375 3160 3784 3229 observanda
3868 3170 4211 3246 praeterea
4308 3161 4779 3234 eironmsmtis.

2876 3270 3129 3333 nempe,
3170 3270 3399 3314 omnes
3445 3248 3590 3314 illos
3634 3260 3922 3333 gestasse
3965 3247 4197 3332 ephod,
4242 3248 4425 3332 quod
4472 3248 4600 3315 fuit
4634 3268 4780 3314 erns-

2875 3346 3173 3401 mentum
3201 3335 3622 3401 sacerdotale.
3689 3333 3857 3400 Fuit
3878 3334 4145 3417 quidem
4184 3335 4438 3400 summi
4480 3334 4779 3402 sacerdotis

2877 3418 3668 3589 sexdeffifflt‘gghsszd
3681 3419 3974 3571 fss'ssssffi
3995 3419 4211 3589 ⁰335:
4240 3419 4781 3589 {ffiffl’m‘fflffiffi

2877 3602 3080 3659 tatem
3125 3601 3391 3676 possent
3432 3592 3795 3675 pervenire.
3872 3591 4185 3674 Papistae
4227 3590 4415 3658 istud
4459 3591 4779 3676 exemplum

2875 3677 3149 3745 ridicule
3219 3685 3378 3744 sunt
3432 3677 3670 3743 imitati
3688 3727 3704 3758 ,
3777 3688 4089 3760 tanquam
4146 3676 4406 3744 simiae.
4513 3678 4673 3745 Nam
4714 3675 4781 3741 illi

2877 3765 3093 3831 adhuc
3173 3762 3302 3828 tale
3366 3763 3629 3847 aliquod
3699 3772 4163 3829 ornamentum
4228 3775 4555 3847 tanquam
4617 3759 4779 3848 ephod

2877 3851 3184 3918 retinent.
3252 3847 3386 3915 Sed
3431 3849 3522 3914 ita
3548 3848 3815 3915 Domini
3859 3850 4072 3914 nostri
4116 3849 4270 3915 Iesu
4319 3848 4580 3915 Christi
4620 3847 4781 3934 gna}

2877 3936 3208 4020 sepelitur,
3266 3955 3472 4018 quum
3531 3935 3799 4001 umbrae
3842 3933 4084 4018 legales
4126 3945 4567 4002 revocantur:
4609 3948 4666 4001 et
4698 3952 4780 4017 pro

2879 4021 3258 4107 evangelica
3291 4020 3709 4104 simplicitate
3751 4019 4144 4085 Iudaeorum
4191 4020 4366 4086 ritus
4413 4021 4563 4088 sine
4599 4018 4781 4087 funda·

2880 4119 3099 4175 mento
3143 4109 3530 4172 retinentur.
3598 4107 3806 4172 Porro
3849 4105 4064 4190 ephod
4107 4106 4274 4171 illud
4320 4106 4407 4172 de
4454 4127 4584 4190 quo
4624 4106 4779 4189 loqui·

2881 4214 3047 4270 mur,
3107 4203 3563 4258 ornamentam
3619 4193 3746 4258 fuit
3804 4190 4222 4271 sacerdotale,
4281 4190 4365 4257 ad
4416 4192 4779 4260 sacerdotem

2880 4279 3267 4363 dignitatem
3327 4275 3933 4344 demonstrandam:
3993 4298 4268 4360 quorum
4331 4278 4626 4346 officium
4676 4283 4779 4343 ent

2879 4366 3044 4431 iram
3088 4364 3216 4429 Dei
3261 4362 3582 4462 adversus
3625 4363 3940 4447 populum
3988 4363 4269 4464 placare,
4312 4376 4382 4429 et
4429 4386 4551 4464 pro
4592 4357 4776 4448 populo

2879 4451 3053 4603 ‘1²:3²ss
3077 4451 3341 4603 3233.
3373 4448 4202 4618 ¹33¹÷3335122223¹53ssz⁰
4210 4447 4358 4601 03?
4362 4459 4777 4602 mffss’minffi

2879 4635 3095 4688 autem
3154 4620 3263 4687 hic
3323 4621 3400 4684 fit
3443 4620 3655 4704 ephod
3699 4620 3964 4703 mentiO,
4024 4619 4108 4685 ad
4153 4618 4382 4688 Saulis
4426 4621 4776 4707 amplifiean·

2879 4708 3029 4774 dam
3083 4706 3534 4773 crudelitatem
3589 4717 3656 4772 et
3711 4707 4132 4788 impietatem,
4190 4727 4390 4789 quem
4454 4728 4585 4772 non
4636 4722 4773 4770 esen

2877 4797 3067 4880 signa
3119 4794 3548 4874 retinuerunt,
3604 4813 3771 4876 quae
3813 4791 3997 4858 Deus
4042 4800 4355 4875 tanquam
4404 4794 4597 4877 signa
4634 4788 4773 4873 asyla

2878 4882 3160 4965 propria,
3205 4879 3439 4963 quibus
3474 4878 3840 4945 sacerdotes
3876 4878 4004 4944 tuti
4038 4889 4277 4960 essent,
4314 4878 4604 4944 dederat.
4642 4876 4770 4941 Nam

2879 4977 3131 5033 eertum
3203 4977 3303 5030 est
3355 4964 3469 5029 illa
3525 4964 3654 5030 Dei
3709 4964 3899 5047 signa
3959 4967 4111 5029 data
4163 4964 4612 5030 sacerdotibus
4664 4959 4771 5045 plus

2879 5053 3185 5137 ponderis
3222 5050 3459 5117 habere
3494 5051 3796 5116 debuisse
3829 5071 4021 5132 quam
4066 5050 4398 5133 quaelibet
4440 5071 4653 5134 regum
4688 5053 4771 5111 aut

2881 5139 3249 5224 principum
3296 5136 3580 5230 insignia
3625 5136 3726 5201 vel
3788 5144 4151 5213 stemmata,
4221 5156 4392 5220 quae
4438 5137 4522 5201 ad
4564 5132 4767 5230 asylum

2883 5237 2950 5291 et
3006 5227 3420 5291 securitatem
3477 5224 3672 5290 certis
3730 5220 3887 5288 loeis
3946 5221 4324 5306 affiguntur.
4418 5223 4600 5288 Deus
4632 5236 4761 5288 emm

4904 1029 4910 1162 1
