5059 6059
279 301 388 369 133
1569 295 1668 364 IN
1707 296 1763 365 1.
1809 294 1989 366 LIB.
2036 293 2438 363 SAMUEL.
2481 295 2680 364 CAP.
2724 298 2878 367 XV.
4088 306 4216 375 134

272 512 385 575 qua
433 507 547 554 sua
602 487 869 553 consilia
927 485 1007 552 ad
1063 488 1316 554 exitum
1378 486 1723 571 perducat,
1793 487 2032 552 uostris
2100 507 2179 553 ea

269 579 404 644 licet
443 570 640 640 oculis
683 594 816 638 non
851 583 1199 658 appareat:
1242 583 1308 639 et
1344 593 1476 638 non
1510 571 1773 638 aliunde
1815 572 2175 656 potentiam

269 682 462 745 neque
504 673 691 723 extra
733 680 807 724 se
852 660 1296 744 quaesiturum
1354 679 1482 742 qua
1537 677 1721 724 suam
1772 657 2175 724 voluntatem

265 745 556 833 perficiat.
642 744 856 810 Tanta
900 745 1075 811 enim
1120 755 1218 811 est·
1261 746 1488 810 innata
1543 744 1730 811 nobis
1774 744 2042 824 malitia,
2103 754 2178 809 ut

263 833 571 899 infinitam
618 831 743 896 Dei
788 830 1144 914 potentiam
1188 851 1521 914 nunquam
1557 850 2004 915 agnoscamus,
2051 831 2176 896 nisi

260 921 518 1003 ipsemet
559 915 780 982 oculos
835 916 1019 982 nobis
1074 917 1345 1000 aperiat,
1410 927 1477 982 et
1533 914 1835 999 disponat
1888 926 2173 981 mentem

258 1013 572 1072 nostram:
615 1003 837 1086 itaque
881 1022 1213 1085 nunquam
1256 1002 1614 1068 dixerimus
1649 1023 1733 1066 ex
1776 1000 1962 1067 nobis
1995 1002 2176 1084 ipsis,

259 1092 460 1158 Deum
503 1107 691 1171 posse
735 1107 901 1171 quae
959 1089 1145 1154 nobis
1202 1086 1440 1170 desunt
1497 1088 1842 1170 perficere:
1900 1087 2012 1153 sed
2058 1108 2172 1153 ex·

254 1189 430 1243 terna
473 1172 689 1239 media
732 1183 991 1240 tantum
1048 1175 1394 1249 intuemur,
1453 1185 1520 1240 et
1572 1194 1736 1257 quae
1795 1173 2173 1240 verisimilia

253 1262 450 1346 magis
486 1270 807 1342 apparent
838 1267 1184 1327 sectamur.
1242 1259 1474 1344 Itaque
1508 1278 1933 1342 quaecunque
1968 1259 2173 1326 oculis

249 1347 490 1415 obiecta
532 1345 779 1411 fuerint
821 1347 915 1413 sic
959 1345 1530 1429 apprehendimus,
1566 1355 1642 1410 ut
1676 1365 1932 1411 summa
1965 1345 2174 1429 aegri·

250 1432 465 1499 tudine
504 1431 946 1509 conficiamur,
981 1431 1111 1496 nisi
1146 1441 1296 1498 ante
1338 1431 1558 1498 oculos
1582 1430 1793 1498 media
1826 1431 2172 1515 conspicua

246 1520 376 1586 sint
438 1516 678 1600 quibus
748 1517 962 1584 Deum
1027 1517 1274 1585 auxilio
1339 1515 1523 1585 nobis
1597 1517 1736 1583 fore
1800 1536 2171 1600 speremus:

245 1603 474 1688 quibus
516 1602 574 1669 si
618 1602 866 1685 privari
910 1623 1029 1669 nos
1074 1605 1440 1689 contigerit,
1501 1611 1638 1668 tum
1686 1605 1872 1687 quasi
1914 1601 2169 1669 concla-

243 1699 487 1755 matum
544 1697 739 1766 esset,
799 1689 869 1754 iu
925 1688 1442 1772 desperationem
1498 1690 1765 1754 ruimus.
1855 1686 2030 1770 Quid
2076 1687 2170 1752 ita

239 1773 432 1843 vero?
515 1773 771 1858 Nempe
818 1796 945 1840 non
992 1777 1405 1859 agnoscimus
1446 1772 2169 1858 incomprehensibilem

241 1882 380 1927 esse
424 1859 557 1925 Dei
604 1860 994 1943 potentiam:
1062 1881 1229 1945 quae
1269 1873 1488 1926 tamen
1534 1861 1735 1926 variis
1779 1860 1986 1926 modis
2029 1880 2170 1925 sese

237 1944 407 2030 apud
451 1945 755 2012 homines
799 1967 882 2011 ex
925 1948 1245 2014 immensa
1275 1947 1479 2031 ipsius
1516 1945 1804 2012 bonitate
1827 1946 2167 2029 patefacit:

237 2032 353 2099 etsi
422 2031 621 2099 facile
700 2031 892 2098 rebus
969 2031 1272 2099 omuibus
1335 2033 1570 2100 creatis
1646 2052 1866 2099 carere
1947 2030 2166 2116 possit.

233 2117 705 2201 Quamobrem,
751 2138 949 2201 quum
994 2118 1217 2183 variae
1252 2117 1401 2183 illae
1439 2138 1654 2183 rerum
1688 2118 2166 2195 conversiones,

231 2204 473 2287 quibus
518 2203 736 2269 instar
776 2203 1212 2287 procellarum
1272 2203 1557 2269 mundus
1611 2204 1735 2270 iste
1779 2204 2166 2281 concutitur,

227 2290 426 2356 fidem
505 2299 807 2355 nostram
887 2289 1138 2356 soleant
1215 2289 1665 2356 vehementius
1742 2309 2168 2367 commovere,

227 2375 386 2442 adeo
442 2384 526 2441 ut
584 2374 665 2441 de
722 2371 867 2441 Deo
923 2385 990 2441 et
1046 2375 1188 2442 eius
1255 2374 1695 2459 providentia,
1769 2374 2170 2440 mundumne

226 2461 671 2538 administret,
732 2460 1123 2539 dubitemus,
1182 2463 1249 2527 in
1306 2470 1591 2527 mentem
1638 2460 2003 2527 revocanda
2041 2460 2167 2527 ista

224 2546 568 2614 sententia
611 2555 732 2629 est,
777 2546 992 2612 Deum
1038 2547 1198 2614 satis
1238 2548 1311 2613 in
1355 2569 1425 2612 se
1487 2546 1722 2612 virium
1781 2544 2041 2628 habere,
2097 2557 2167 2611 et

224 2653 352 2699 non
398 2653 577 2716 opus
619 2636 679 2696 ei
725 2653 867 2698 esse
912 2642 987 2699 ut
1044 2654 1156 2698 eas
1196 2631 1461 2699 aliunde
1511 2642 1845 2698 mutuetur
1889 2631 1971 2698 ad
2013 2653 2162 2700 suo·

217 2740 367 2785 rum
439 2718 949 2802 protectionem:
1027 2740 1104 2785 ac
1166 2739 1422 2801 semper
1488 2738 1780 2784 veracem
1848 2739 2020 2784 esse:
2098 2728 2167 2784 et

217 2804 501 2889 proinde
560 2803 765 2869 semel
821 2805 1151 2888 inceptum
1221 2825 1387 2888 opus
1454 2805 1887 2888 perfecturum
1907 2854 1924 2884 ,
1991 2802 2164 2888 quod

212 2910 364 2956 cum
413 2889 719 2974 potentia
759 2890 1237 2968 inaestimabili,
1299 2890 1539 2956 veritas
1582 2898 1649 2955 et
1691 2886 1968 2956 fidelitas
2009 2909 2160 2954 con·

212 2977 440 3043 iuncta
487 2976 649 3041 sint.
741 2975 878 3042 Sed
921 2977 1043 3042 etsi
1090 2976 1423 3043 decretum
1468 2976 1669 3059 ipsius
1712 2986 1777 3040 et
1819 2975 2160 3042 consilium

209 3063 298 3127 sit
331 3060 541 3128 nobis
585 3062 1267 3145 incomprehensibile:
1314 3072 1631 3146 quatenus
1674 3071 1893 3127 tamen
1929 3060 2162 3146 quibus

208 3147 607 3233 indigemus
650 3168 721 3213 se
765 3146 1069 3213 daturum
1113 3147 1457 3231 promittit,
1501 3147 1571 3212 in
1615 3145 1740 3213 hac
1771 3147 1979 3231 ipsius
2014 3167 2160 3229 pro·

205 3235 539 3301 missione
600 3233 1212 3317 conquiescendum.
1299 3231 1521 3315 Quare
1576 3253 1779 3315 quum
1836 3233 1964 3299 Dei
2015 3254 2158 3298 ver·

203 3320 362 3385 bum
413 3319 714 3386 fideliter
757 3330 824 3385 et
878 3339 1043 3404 pure
1100 3320 1286 3386 nobis
1343 3319 1775 3404 praedicatur,
1836 3319 2032 3384 etiam
2078 3317 2160 3385 ad

202 3425 394 3471 suam
468 3405 951 3489 perfectionem
1017 3417 1367 3472 venturum
1436 3404 1598 3470 illud
1676 3404 2158 3483 concludamus,

207 3491 363 3556 licet
411 3511 499 3557 ea
549 3490 1022 3575 impedimenta
1080 3512 1223 3557 sese
1279 3490 1574 3565 offerant,
1632 3511 1718 3555 ex
1762 3491 1994 3574 quibus
2038 3491 2155 3556 hu·

201 3597 403 3643 mana
451 3577 637 3642 ratio
680 3576 1081 3660 impossibile
1115 3577 1182 3643 id
1220 3597 1361 3643 esse
1397 3577 1660 3642 iudicet:
1697 3585 1841 3642 tum
1878 3579 1931 3642 si
1969 3577 2159 3643 malis

197 3662 681 3746 opprimimur,
727 3662 828 3731 vel
874 3662 1103 3729 saltem
1148 3663 1363 3747 aliqua
1391 3663 1768 3729 confusione
1801 3662 2158 3742 obruimur,

195 3748 278 3812 ad
327 3748 566 3833 ipsius
615 3749 991 3831 potentiam,
1051 3769 1218 3831 quae
1276 3748 1455 3813 nulla
1499 3749 1749 3814 ratione
1795 3748 1998 3813 minui
2043 3768 2155 3831 po-

193 3843 345 3914 test,
397 3835 891 3917 confugiamus,
954 3842 1020 3900 et
1077 3836 1146 3899 in
1204 3833 1315 3899 illo
1374 3854 1507 3899 uno
1564 3855 1743 3916 spem
1788 3853 2046 3899 omnem
2091 3844 2157 3899 et

191 3920 530 3986 fiduciam
595 3928 893 3985 nostram
950 3919 1354 3986 collocemus.
1443 3918 1663 4002 Quare
1705 3941 1903 4004 quum
1950 3919 2157 3985 variis

189 4004 599 4074 istiusmodi
663 4026 883 4072 rerum
946 4004 1542 4090 perturbationibus
1605 4006 1959 4090 agitamur,
2033 4005 2156 4071 hac

187 4092 558 4158 sententia
602 4102 915 4176 tanquam
958 4093 1186 4177 clypeo
1227 4101 1542 4175 tegamur,
1588 4092 1799 4156 Deum
1837 4111 1967 4156 non
2005 4112 2154 4175 poe·

187 4180 436 4256 nitere,
489 4176 569 4242 id
622 4187 725 4243 est
768 4178 1167 4262 propositum
1212 4198 1327 4243 seu
1384 4177 1774 4241 sententiam
1820 4197 2157 4260 nunquam

183 4276 490 4331 mutare.
575 4262 919 4330 Caeterum
958 4271 1305 4346 antequam
1345 4261 1424 4326 de
1448 4262 1572 4328 Dei
1608 4260 1865 4329 decreto
1909 4263 2155 4346 aliquid

185 4371 588 4433 speremus,
634 4349 1080 4433 cognoscenda
1123 4348 1327 4432 ipsius
1371 4356 1470 4413 est
1515 4348 1844 4414 voluntas:
1902 4355 1977 4413 ut
2016 4368 2156 4415 cer-

184 4447 336 4502 tum
377 4435 857 4502 testimonium
893 4435 1246 4501 habeamus
1281 4453 1507 4499 eorum
1543 4434 1613 4498 iu
1651 4433 1884 4517 quibus
1918 4432 2157 4500 fiducia

184 4520 606 4589 collocanda
646 4531 765 4586 est.
850 4519 1024 4585 Nam
1067 4522 1121 4585 si
1180 4516 1336 4602 quid
1394 4519 1518 4602 ipsi
1565 4519 1750 4585 nobis
1793 4518 1963 4584 ultro
2007 4540 2152 4604 pro·

180 4610 659 4683 mitteremus,
706 4615 945 4671 temere
990 4605 1119 4672 huc
1160 4605 1315 4670 illuc
1358 4604 1859 4688 impelleremur,
1910 4615 1977 4670 et
2019 4606 2158 4672 sola

179 4694 589 4777 pertinacia
631 4691 1012 4772 niteremur,
1048 4701 1116 4756 et
1149 4692 1379 4757 inanes
1415 4699 1685 4756 conatus
1721 4701 1955 4757 essent.
2024 4690 2157 4759 Sed

177 4781 234 4848 si
287 4780 377 4847 de
431 4778 585 4845 Dei
631 4777 964 4844 voluntate
1009 4777 1312 4843 certiores
1358 4777 1509 4841 facti
1554 4776 1887 4855 fuerimus,
1933 4798 2155 4861 quem·

177 4865 578 4933 admodum
624 4862 703 4929 de
746 4863 977 4930 salutis
1012 4871 1312 4928 aeternae
1346 4862 1740 4929 certitudine
1773 4863 1932 4929 satis
1967 4865 2158 4931 firma

179 4949 607 5018 testimonia
649 4949 890 5033 passim
935 4949 1250 5015 habemus
1291 4949 1360 5012 in
1408 4949 1626 5028 sacris,
1663 4950 2030 5015 necessario
2074 4950 2156 5016 ad

173 5038 415 5121 ipsum
516 5037 595 5100 in
669 5034 1103 5102 conscientiae
1182 5032 1538 5101 terroribus
1618 5033 2154 5120 confugiendum:

176 5118 752 5207 quandoquidem
809 5143 877 5188 se
935 5130 1070 5186 tam
1131 5120 1487 5206 benignum
1545 5129 1613 5186 et
1675 5121 2155 5189 misericordem

171 5230 344 5296 erga
396 5229 542 5276 nos
596 5204 897 5287 declarat,
941 5215 1014 5272 ut
1050 5226 1167 5273 nos
1200 5206 1268 5272 in
1305 5207 1603 5292 gratiam,
1647 5206 2157 5292 quotiescunque

2277 494 2543 569 peccata
2583 486 2725 553 sine
2768 487 2930 567 fuco,
2998 489 3108 555 sed
3169 511 3319 557 cum
3367 513 3520 559 vera
3561 495 3965 579 poenitentia
4006 501 4213 566 confl-

2277 569 2594 652 tebimur,
2660 573 2917 639 veniam
2964 595 3047 640 ue
3117 573 3606 661 deprecabimur
3671 601 3790 665 per
3846 582 4212 654 Dominum

2275 667 2579 756 nostrum
2623 655 2844 725 Iesum
2890 660 2943 726 C
2998 661 3249 743 ristum,
3293 665 3482 731 cuius
3523 664 3839 733 inviolata
3864 676 3982 739 ,est
4024 670 4207 752 fides,

2277 743 2567 825 recipiat.
2691 744 2945 811 Deinde
3010 747 3080 812 in
3146 749 3340 816 rebus
3412 748 3814 818 difficillimis
3894 754 3976 821 ad
4062 757 4208 824 eius

2274 829 2594 893 auxilium
2654 832 3184 914 concurrendum,
3246 844 3320 900 ut
3373 834 3594 902 valida
3646 859 3768 904 sua
3824 859 4025 906 manu
4085 863 4207 911 nos

2273 914 2669 1014 adiuvem-‚et
2713 926 3043 1002 protegat:
3091 917 3270 1003 qnod
3314 922 3580 988 omnino
3624 922 3836 1004 faciet,
3882 926 3939 991 si
3980 947 4202 995 coram

2272 1019 2415 1083 ipso
2474 1001 2854 1068 deuciamur
2909 1015 2975 1069 et
3028 1004 3469 1072 humiliemur.
3558 1007 3774 1093 Atque
3832 1012 3955 1077 hae
4016 1014 4207 1081 nobis

2273 1086 2733 1185 promissiones
2777 1088 2857 1155 de
2899 1089 3039 1156 vita
3073 1106 3341 1158 aeterna
3372 1094 3570 1159 flunt:
3616 1096 3850 1178 quibus
3886 1096 4046 1165 adeo
4082 1120 4215 1167 nos

2274 1183 2398 1236 niti
2444 1192 2563 1255 par
2606 1183 2723 1254 est,
2784 1188 2854 1240 ut
2916 1173 3070 1240 licet
3126 1176 3379 1243 coelum
3422 1191 3632 1245 terrae
3679 1181 3934 1248 misceri
3980 1182 4207 1252 videa-

2273 1267 2404 1337 tur,
2448 1258 2874 1326 nihilominus
2918 1273 3135 1328 tamen
3172 1263 3240 1328 in
3278 1264 3480 1347 ipsius
3515 1265 3802 1333 bonitate
3840 1289 4143 1352 speremu

2274 1342 2447 1442 quod
2516 1365 2847 1427 nunquam
2924 1366 3068 1412 eam
3133 1352 3479 1432 poeniteat.
3571 1349 3764 1433 Quod
3832 1364 4049 1421 autem
4117 1378 4155 1422 a

2272 1440 2453 1494 vitae
2493 1432 2854 1513 praesentis
2897 1441 3141 1499 statum
3185 1435 3438 1514 attinet,
3504 1437 3698 1502 etiam
3743 1440 4207 1522 promissiones

2272 1513 2528 1581 divinas
2574 1515 2886 1584 habemus
2926 1517 3147 1585 Deum
3189 1522 3395 1586 nostri
3442 1522 3884 1606 miserturum,
3943 1536 4009 1592 et
4053 1547 4206 1612 pro-

2272 1608 2599 1666 tecturum
2645 1602 2960 1670 adversus
3002 1612 3101 1670 tot
3133 1607 3423 1690 pericula
3458 1629 3540 1674 ne
3576 1609 3798 1677 inillis
3833 1632 4199 1694 pereamus.

2272 1683 2501 1785 Neque
2546 1697 2765 1754 tamen
2812 1711 2889 1754 ea
2943 1691 3127 1757 nobis
3183 1693 3622 1776 tranquillitas
3681 1705 3749 1762 et
3801 1696 4007 1763 otium
4050 1720 4200 1782 pro·

2271 1772 2574 1851 mittitur,
2604 1775 2760 1856 quin
2786 1776 2984 1841 variis
3007 1776 3213 1844 modis
3251 1798 3671 1846 exerceamur
3704 1794 3772 1847 et
3793 1781 4201 1867 affligamur:

2269 1856 2383 1923 sed
2443 1878 2717 1941 quorum
2776 1871 2991 1927 tamen
3050 1863 3208 1930 felix
3268 1864 3485 1931 exitus
3527 1865 3615 1930 sit
3656 1868 3946 1935 futurus:
4009 1868 4201 1937 modo

2268 1942 2337 2008 in
2373 1944 2690 2027 patientia
2723 1943 3033 2036 divinum„
3055 1948 3371 2015 auxilium
3396 1953 3886 2033 praestolemur,
3922 1975 4204 2040 eumque

2270 2029 2671 2113 supplicibus
2738 2035 2907 2098 votis
2971 2042 3036 2099 et
3113 2056 3244 2102 non
3308 2036 3458 2102 ficto
3524 2037 3719 2103 corde
3783 2040 4199 2109 invocemus:

2270 2135 2484 2198 neque
2542 2113 2911 2185 dubitemus
2955 2119 3116 2202 quin
3178 2141 3360 2187 suam
3406 2123 3476 2187 in
3519 2143 3791 2207 corpora
3834 2136 3898 2190 et
3943 2127 4201 2195 animas

2268 2214 2526 2267 nostras
2605 2203 3114 2271 misericordiam
3201 2206 3525 2274 extendat.
3641 2208 4057 2296 Quapropter
4137 2212 4199 2280 si

2268 2287 2506 2353 animis
2578 2290 2817 2354 nostris
2886 2291 3344 2373 promissiones
3408 2295 3612 2378 ipsius
3680 2296 3877 2363 altius
3945 2297 4197 2364 infixae

2269 2372 2549 2449 fuerint,
2623 2383 2688 2439 et
2766 2373 2964 2442 huius
3041 2379 3437 2459 sententiae,
3510 2379 3729 2447 Deum
3804 2403 3937 2447 non

2268 2460 2636 2542 poenitere,
2706 2462 3227 2545 meminerimus,
3299 2467 3657 2532 necessario
3731 2467 4197 2537 concludemus

2269 2564 2389 2612 nos
2432 2565 2547 2629 spe
2591 2556 2813 2613 nostra
2853 2569 3192 2632 nunquam
3234 2549 3536 2618 excidere
3590 2571 3815 2635 posse:
3873 2553 4199 2637 siquidem

2266 2630 2335 2696 in
2381 2630 2600 2696 Deum
2647 2632 2828 2698 nulla
2869 2632 3042 2701 cadit
3085 2656 3372 2720 unquam
3420 2638 3710 2704 mutatio.
3776 2638 3877 2705 Ac
3918 2638 4195 2725 proinde

2268 2715 2419 2784 licet
2461 2738 2576 2783 sus
2623 2717 2829 2801 deque
2872 2720 3093 2785 omnia
3134 2730 3490 2804 vertantur,
3548 2730 3616 2789 et
3675 2732 3847 2791 totus
3906 2723 4194 2792 mundus

2267 2801 2612 2869 adversum
2658 2825 2778 2869 nos
2821 2807 3162 2889 conspiret,
3198 2815 3265 2873 et
3297 2806 3512 2893 abyssi
3548 2807 3630 2873 ad
3663 2830 3781 2876 nos
3825 2809 4199 2895 deglutien—

2267 2885 2384 2954 dos
2428 2898 2689 2972 apertae
2738 2888 3099 2972 videantur,
3160 2900 3226 2957 et
3270 2913 3421 2959 cum
3480 2894 3702 2960 inferis
3747 2895 3913 2962 coeli
3955 2895 4191 2962 adver·

2265 2995 2409 3040 sum
2463 2993 2583 3039 nos
2643 2977 3031 3060 conspirent,
3096 2996 3555 3063 cognoscamus
3616 2989 3835 3046 tamen
3894 2989 3959 3047 et
4013 2989 4192 3048 certo

2265 3060 2561 3144 persuasi
2605 3060 2809 3127 simus
2853 3083 3075 3128 veram
3119 3064 3255 3128 fore
3313 3084 3567 3149 semper
3624 3065 3818 3131 istam
3863 3066 4192 3134 Samuelis

2264 3146 2674 3224 sententiam,
2721 3168 2955 3232 nempe
2999 3147 3171 3232 quod
3206 3147 3424 3215 Deum
3467 3171 3800 3235 nunquam
3841 3152 4189 3236 poeniteat,

2266 3240 2329 3297 et
2390 3252 2507 3297 nos
2562 3230 2644 3296 ad
2704 3232 2917 3317 ipsum
2975 3235 3436 3320 confugientes,
3497 3237 3812 3303 auxilium
3869 3238 3939 3302 in
3996 3238 4197 3304 rebus

2263 3317 2562 3401 augustis
2619 3317 2700 3383 ab
2757 3319 2780 3383 i
2827 3339 2899 3384 so
2957 3330 3354 3403 accepturos.
3441 3320 3692 3388 Contra
3749 3344 3901 3389 vero
3956 3333 4199 3390 contu-

2261 3423 2476 3471 maces
2519 3413 2587 3469 et
2630 3403 2780 3471 rebe
2811 3404 2903 3471 les
2968 3406 3129 3471 iram
3193 3407 3398 3490 ipsius
3457 3419 3523 3473 et
3567 3408 3866 3474 ultimum
3913 3410 4188 3476 exitium

2260 3490 2325 3553 in
2372 3491 2588 3572 capita
2630 3509 2751 3555 sua
2791 3489 3233 3559 derivaturos:
3294 3493 3840 3577 quemadmodum
3887 3494 4043 3560 illud
4092 3503 4197 3562 est

2259 3574 2328 3639 iu
2374 3574 2579 3641 Saule
2635 3577 3073 3661 conspicuum,
3135 3578 3248 3662 qui
3310 3596 3425 3661 pro
3480 3600 3556 3645 eo
3600 3580 3768 3663 quod
3814 3579 3935 3646 sibi
3980 3601 4019 3646 a
4064 3579 4187 3648 Sa-

2258 3661 2473 3727 muele
2516 3661 2750 3727 factam
2796 3664 3366 3746 reprehensionem
3413 3665 3636 3730 debuit
3670 3667 3888 3731 animo
3935 3667 4192 3751 resipis-

2257 3747 2442 3814 cendi
2489 3745 2849 3826 admittere,
2897 3771 3028 3813 non
3072 3759 3289 3815 tamen
3334 3748 3583 3816 destitit
3616 3760 3880 3835 peccata
3908 3752 4193 3835 peccatis

2258 3832 2610 3909 cumulare,
2658 3831 2860 3900 donec
2903 3835 2984 3899 ad
3030 3834 3385 3918 impietatis
3430 3837 3760 3921 fastigium
3805 3836 4084 3919 devenit,
4119 3847 4187 3904 et

2258 3919 2326 3983 in
2372 3916 2889 4000 desperationem
2933 3920 3179 3986 incidit.

2428 4001 2616 4085 Quae
2674 4015 3038 4088 sequuntur
3093 4007 3306 4087 verba,
3363 4027 3488 4073 non
3542 4027 3672 4075 esse
3733 4008 4050 4075 hominum
4113 4014 4185 4075 ut

2257 4094 2405 4173 aqut
2450 4090 2915 4174 poenitentiam,
2977 4090 3120 4157 ideo
3178 4093 3429 4158 adiecta
3485 4102 3657 4170 sunt,
3719 4094 3892 4178 quod
3950 4116 4027 4160 ea
4085 4103 4195 4158 est

2259 4196 2442 4240 mens
2488 4173 2827 4240 hominum
2890 4186 2961 4241 ut
3004 4175 3222 4243 Deum
3279 4178 3373 4243 illi
3434 4180 3916 4257 transforment,
3978 4190 4044 4244 et
4099 4179 4181 4245 ad

2258 4281 2451 4326 suum
2491 4258 2828 4326 modulum
2867 4270 2934 4326 et
2968 4274 3226 4345 captum
3265 4262 3709 4332 dimetiantur.
3764 4266 3995 4347 Itaque
4033 4266 4193 4332 licet.

2258 4345 2465 4429 prima
2508 4344 2723 4411 fronte
2767 4347 2981 4413 videri
3024 4349 3231 4433 possit
3272 4350 3398 4415 ista
3440 4352 3765 4417 sententia
3798 4352 4019 4415 minus
4057 4350 4185 4420 Dei

2260 4432 2584 4498 maiestati
2650 4434 3085 4515 conveniens,
3166 4434 3382 4501 Deum
3451 4437 3711 4501 mentiri
3776 4455 3906 4500 non
3974 4456 4197 4519 posse,

2260 4537 2468 4601 neque
2524 4516 2671 4584 duci
2726 4519 3143 4602 poenitentia,
3202 4520 3722 4606 quandoquidem
3768 4519 3983 4586 Deum
4043 4542 4189 4587 esse

2260 4622 2557 4670 veracem
2617 4624 2808 4669 nemo
2866 4605 3147 4672 dubitat:
3216 4617 3433 4673 tamen
3501 4607 3742 4672 usitata
3805 4607 4183 4689 scripturae,

2258 4689 2429 4774 quod
2475 4710 2555 4754 ea
2596 4689 2682 4754 sit
2727 4690 3072 4757 hominum
3117 4693 3520 4775 impatientia
3562 4692 3616 4757 si
3661 4699 3934 4758 externa
3969 4691 4193 4759 media

2258 4797 2390 4841 non
2447 4785 2821 4859 appareant,
2877 4786 2991 4843 aut
3043 4777 3363 4858 deficiant,
3423 4789 3499 4842 ut
3553 4775 3633 4843 de
3676 4776 3819 4842 Deo
3864 4776 4189 4846 diffidant.

2258 4858 2485 4928 Veluti
2548 4861 2603 4925 si
2663 4862 2805 4944 quis
2862 4883 2996 4927 non
3059 4864 3259 4929 habet
3324 4862 3672 4945 repositam
3731 4883 4056 4928 annonam
4102 4885 4191 4932 ex

2258 4946 2460 5015 animi
2504 4947 2847 5029 sententia,
2906 4950 3138 5014 famem
3199 4949 3484 5023 timebit:
3544 4948 3598 5013 si
3658 4947 3826 5032 quod
3884 4949 4191 5015 imminet

2258 5032 2642 5120 periculum,
2686 5043 2956 5118 repente
2991 5037 3247 5101 animus
3281 5032 3593 5112 concidet,
3630 5054 3711 5098 ex
3750 5033 3983 5117 quibus
4021 5034 4189 5101 satis

2257 5127 2528 5204 apparet
2585 5117 2799 5186 Deum
2859 5120 3000 5186 fieri
3054 5118 3429 5186 hominibus
3485 5118 3781 5186 similem.
3870 5118 4191 5201 Quando-

2260 5203 2520 5290 quidem
2564 5206 2737 5271 enim
2781 5205 3122 5290 promissis
3166 5205 3372 5289 ipsius
3414 5204 3614 5272 fidere
3658 5227 3785 5272 non
3822 5226 4203 5292 possumus,
