5059 6059
299 287 428 354 585

300 474 592 542 tionibus
635 484 913 541 tutatus.
959 474 1397 542 Memorabile
1438 497 1636 560 porro
1681 476 1926 540 factum
1973 473 2257 539 Davidis

301 560 427 626 hoo
470 561 611 627 loco
654 570 1053 639 recensetur,
1099 562 1215 643 qui
1259 576 1598 644 assumpto
1643 580 1864 627 secum
1909 557 2138 624 Abisai
2184 560 2257 622 in

299 662 517 714 castra
542 646 765 714 Saulis
788 646 1161 713 descendit:
1208 658 1272 712 et
1308 645 1471 712 alios
1506 646 1770 728 quidem
1818 656 2016 709 antea
2038 642 2256 710 David

297 745 588 818 rogarat,
649 732 765 798 sed
825 753 896 798 se
957 731 1264 798 comitem
1311 733 1543 798 Abisai
1600 731 1779 796 solus
1834 728 2074 796 obtulit
2130 748 2256 812 quo

297 828 649 883 contentus
685 819 753 882 in
801 831 1019 884 castra
1060 819 1269 882 venit.
1313 815 1448 883 Sed
1497 817 1699 882 nimia
1741 818 1872 881 ista
1915 816 2256 880 temeritas

297 907 581 970 fortasse
640 905 881 969 merito
939 900 1297 983 videbitur,
1351 906 1421 968 in
1474 901 1767 968 medium
1815 901 2100 967 hostium
2148 920 2260 984 ag·-

297 1010 454 1054 men
513 990 694 1055 solus
739 1009 1193 1073 perrumpere:
1254 990 1426 1071 quod
1474 1008 1604 1054 non
1649 1008 1839 1071 posse
1881 985 2028 1051 fieri
2072 986 2257 1051 vide·

299 1078 516 1151 batur,
560 1076 717 1158 quin
770 1088 886 1140 aut
931 1084 1166 1141 euntes
1207 1083 1327 1140 aut
1367 1075 1747 1140 recedentes
1791 1094 1830 1138 a
1875 1070 2257 1138 custodibus

297 1161 984 1243 deprehenderentur,
1045 1167 1115 1225 et
1171 1179 1314 1225 sese
1374 1173 1691 1243 tanquam
1734 1179 1893 1240 aper
1935 1159 2005 1222 in
2050 1177 2256 1221 vena·

299 1249 526 1313 bulum
590 1247 983 1330 praecipites
1044 1246 1112 1309 in
1158 1244 1443 1311 hostium
1492 1264 1731 1310 manus
1775 1244 2028 1309 darent.
2118 1240 2254 1307 Sed

294 1344 455 1400 ante
513 1334 766 1398 dictum
828 1342 931 1398 est
974 1329 1308 1399 Davidem
1353 1332 1644 1396 exivisse
1688 1332 2135 1413 exploratum:
2181 1348 2257 1393 ae

295 1418 572 1500 proinde
595 1421 869 1483 minime
893 1414 1163 1482 dubium
1210 1428 1311 1481 est
1354 1418 1513 1499 quin
1565 1416 1850 1481 hostium
1889 1414 2251 1479 socordiam

289 1517 362 1569 et
419 1504 837 1570 securitatem
900 1522 1128 1568 secure
1188 1501 1652 1567 dormientium
1714 1501 1900 1583 quasi
1959 1499 2138 1564 domi
2182 1500 2251 1563 in

291 1591 484 1655 sectis
537 1591 829 1655 iacerent
884 1587 1412 1671 deprehenderit.
1503 1586 1731 1668 Quare
1775 1605 1974 1670 quum
2020 1604 2254 1649 somno

287 1676 586 1760 sepultos
608 1673 1097 1757 animadvertit,
1135 1673 1577 1756 praesentiore
1599 1674 1819 1737 animo
1853 1673 1923 1736 in
1960 1671 2252 1753 ipsorum

297 1775 506 1826 „astra
544 1761 748 1827 venit.
805 1760 1277 1842 Praeterquam
1315 1758 1486 1841 quod
1525 1759 1797 1828 minime
1833 1756 2105 1822 dubium
2153 1766 2256 1822 est

303 1850 450 1929 ,uin
510 1846 742 1911 divino
803 1847 1126 1927 impulsus
1198 1846 1288 1909 sit
1345 1845 1612 1927 spiritu:
1698 1840 2249 1925 quemadmodum

295 1937 352 1995 'u
430 1931 735 1997 omnibus
802 1931 947 1995 istis
1006 1930 1451 2013 peculiaribus
1504 1931 1694 1995 factis
1753 1926 1882 1993 Dei
1941 1927 2249 2009 spiritum

329 2028 628 2100 peratum
677 2019 877 2081 fuisse
921 2015 1319 2082 credendum
1365 2024 1487 2096 est,
1544 2026 1618 2079 ut
1661 2035 1782 2096 per
1823 2011 2051 2078 fideles
2094 2032 2253 2078 suos

305 2123 521 2168 nervos
577 2124 657 2168 ea
710 2113 1092 2186 praestaret,
1152 2121 1318 2183 quae
1362 2100 1562 2165 nullis
1604 2099 1948 2164 hominum
1995 2096 2253 2163 viribus

291 2189 522 2255 “erfici
583 2190 979 2272 potuissent.
1071 2187 1290 2252 David
1350 2187 1575 2271 igitur,
1636 2185 1760 2250 etsi
1802 2185 1912 2249 vir
1955 2184 2143 2248 fortis
2185 2196 2252 2248 et

293 2276 775 2358 ‘sagnaminuffi
836 2292 1174 2355 nunquam
1234 2293 1306 2339 se
1350 2274 1416 2336 in
1465 2287 1598 2336 tam
1645 2285 1945 2354 apertum
1989 2270 2249 2352 pericu-

317 2381 434 2425 um
480 2362 882 2432 coniecisset,
922 2359 1047 2423 nisi
1086 2356 1215 2422 Dei
1261 2358 1470 2440 ipsius
1513 2356 1719 2424 veluti
1766 2375 1969 2420 manu
2015 2354 2252 2421 ductus

293 2449 543 2511 ·nisset.
637 2442 771 2512 Sed
816 2443 1003 2509 Deus
1062 2444 1187 2509 hoc
1247 2444 1583 2527 negotium
1625 2441 1751 2509 hac
1793 2443 2051 2506 ratione
2094 2459 2247 2522 pro-

311 2532 521 2610 novit,
563 2544 640 2596 ut
670 2530 954 2596 Davidis
997 2530 1348 2613 integritas
1393 2541 1460 2594 et
1502 2528 1881 2593 innocentia
1923 2526 2250 2609 insignior

305 2626 485 2690 sset,
546 2627 612 2682 et
671 2615 951 2698 singulis
1009 2625 1369 2698 perspecta,
1428 2611 1594 2680 Saul
1654 2625 1872 2679 autem
1933 2612 2248 2677 confusus

319 2702 646 2779 scederet,
692 2713 759 2767 et
803 2701 1048 2766 Davidi
1093 2702 1326 2766 saltem
1372 2700 1454 2765 ad
1498 2710 1761 2782 tempus
1803 2699 2090 2780 quietem
2126 2696 2245 2761 ali-

329 2809 487 2853 nam
534 2788 741 2853 daret.
785 2787 1018 2869 Neque
1056 2790 1232 2852 enim
1258 2784 1528 2852 Saulem
1553 2783 1742 2849 Deus
1787 2793 1930 2848 tum
1971 2782 2248 2865 perdere

329 2872 569 2952 olebat,
628 2893 840 2955 neque
901 2872 1147 2938 maiore
1205 2873 1274 2938 vi
1330 2871 1554 2953 aliqua
1607 2870 1862 2953 fugare,
1919 2868 2034 2934 sed
2094 2889 2243 2935 cum

327 2963 506 3042 .iquo
574 2958 893 3025 dedecore
953 2958 1218 3023 domum
1277 2977 1622 3036 revocare:
1692 2954 2242 3037 quemadmodum

341 3045 644 3128 ›ntigisse
667 3045 985 3109 videmus.
1031 3041 1256 3108 David
1283 3044 1489 3126 igitur
1525 3041 1750 3107 salvus
1785 3052 1854 3105 et
1888 3039 2245 3107 incolumis

331 3130 515 3205 ‚asit,
561 3130 718 3195 licet
750 3131 822 3194 in
864 3129 1157 3194 medium
1203 3150 1440 3210 agmen
1489 3128 1775 3192 bostium
1821 3127 2130 3203 venisset,
2175 3136 2244 3190 et

349 3231 602 3298 nquam
656 3216 946 3299 caligans
1007 3219 1077 3279 in
1132 3234 1465 3280 summum
1512 3213 1864 3278 discrimen
1907 3231 1980 3276 se
2020 3211 2239 3278 conie-

349 3315 501 3379 θεοῖ,
545 3299 693 3366 Deo
727 3302 943 3383 ipsum
990 3299 1379 3365 admirando
1423 3311 1490 3364 et
1533 3318 1774 3364 arcano
1815 3297 2092 3363 consilio
2135 3318 2241 3362 re·

365 3401 498 3461 nte,
558 3399 633 3452 ut
674 3387 882 3469 ipsius
926 3386 1303 3451 innocentia
1345 3406 1483 3450 non
1530 3385 1744 3449 dubiis
1788 3382 1996 3467 signis
2035 3382 2244 3448 omni-

355 3499 404 3537 .s
463 3474 924 3555 innotesceret,
982 3481 1051 3536 et
1095 3469 1259 3537 Saul
1325 3470 1480 3537 licet
1536 3472 1761 3535 furore
1819 3477 2131 3535 aestuans
2172 3478 2243 3533 et

361 3558 678 3641 nguinem
739 3559 1003 3628 sitiens,
1070 3556 1340 3622 domum
1395 3555 1610 3621 redire
1668 3575 1818 3621 cum
1879 3554 2242 3637 ignominia

365 3657 663 3726 geretur:
729 3643 904 3726 quod
965 3644 1382 3709 innocentem
1447 3641 1781 3706 bominem
1831 3660 2092 3706 summa
2136 3641 2240 3703 in·

387 3731 454 3794 ia
502 3741 1020 3812 persequeretur,
1075 3730 1242 3809 quod
1303 3729 1518 3809 ipsum
1573 3728 1888 3791 fatentem
1933 3725 2242 3807 deinceps

381 3816 651 3879 liemus.
694 3813 875 3879 Hinc
898 3815 1102 3897 igitur
1138 3813 1484 3885 discamus,
1529 3810 1748 3875 Deum
1790 3810 2242 3876 laborantibus

391 3925 422 3964 s
443 3899 788 3966 consilium
812 3901 1250 3982 suppeditare,
1297 3912 1364 3962 et
1402 3899 1599 3963 rebus
1636 3895 2046 3962 difficillimis
2091 3917 2238 3962 suc-

385 4006 567 4063 ·rere,
625 3984 838 4049 modis
893 3984 1317 4061 admirandis,
1381 3985 1497 4066 qui
1557 4001 1893 4065 nunquam
1936 3983 2008 4045 in
2054 4001 2238 4045 men-

397 4109 410 4134 .
461 4071 692 4136 venire
734 4072 1139 4153 potuissent:
1183 4068 1360 4135 unde
1404 4069 1617 4134 maius
1659 4066 1970 4151 precandi
2015 4065 2239 4132 Deum

411 4158 570 4221 lium
596 4158 666 4220 in
711 4154 900 4221 nobis
925 4156 1119 4220 debet
1146 4155 1441 4231 excitari,
1468 4174 1587 4219 nos
1610 4167 1686 4219 ut
1707 4168 1896 4237 regat
1916 4167 1985 4217 et
2026 4161 2242 4235 prote-

436 4241 723 4325 singulis
766 4241 1139 4307 momentis.
1199 4241 1368 4306 Nam
1415 4260 1607 4322 saepe
1649 4240 1729 4304 fit
1771 4250 1846 4302 ut
1888 4237 2042 4304 licet
2083 4257 2237 4304 acu-

407 4367 418 4389 .
499 4347 770 4392 cernere
829 4339 899 4391 et
952 4325 1314 4410 prudenter
1371 4345 1568 4411 agere
1623 4324 1813 4389 nobis
1869 4323 2236 4401 videamur,

421 4434 503 4480 en
558 4414 675 4477 vix
735 4433 903 4496 quae
962 4425 1118 4476 ante
1161 4413 1359 4495 pedes
1402 4423 1557 4477 sunt
1613 4409 2108 4494 conspiciamus,
2169 4418 2239 4472 et

419 4509 684 4563 smente
702 4498 993 4563 rationes
1024 4497 1524 4581 providerimus,
1560 4507 1894 4561 momento
1928 4495 2235 4559 effluant:

423 4585 574 4649 )eus
632 4604 754 4649 nos
815 4582 1290 4648 admirabiliter
1348 4603 1430 4647 ex
1474 4583 1693 4647 medio
1736 4601 1955 4647 rerum
2007 4580 2237 4646 discri-

423 4692 458 4732 e
517 4681 804 4748 revocet,
861 4680 928 4732 et
971 4669 1250 4733 afflictos
1291 4668 1524 4750 erigat.
1611 4665 1718 4732 Ad
1764 4669 1984 4750 ipsum
2026 4665 2238 4749 igitur

427 4757 632 4838 'agere
670 4766 985 4837 perpetuo
1030 4756 1542 4830 meminerimus,
1589 4766 1662 4818 ut
1697 4774 1829 4817 non
1874 4751 2086 4816 solum
2132 4751 2236 4815 iu-

441 4862 529 4904 1m
576 4841 764 4905 nobis
809 4843 920 4903 det
964 4838 1045 4903 ad
1091 4860 1172 4903 ea
1213 4838 1665 4923 cognoscenda
1706 4857 1876 4920 quae
1919 4835 2001 4900 ad
2046 4857 2233 4901 men-

463 4938 580 4991 aut
621 4944 873 4989 annum
918 4924 1092 4988 facto
1135 4934 1293 4990 sunt
1334 4944 1532 5006 opus:
1593 4923 1707 4988 sed
1754 4935 1952 5006 prout
1997 4922 2081 4986 ad
2125 4942 2230 4987 ar·

466 5010 734 5095 negotia
790 5008 1137 5075 tractanda
1193 5031 1315 5076 nos
1379 5008 1665 5090 vocabit,
1723 5010 1972 5074 exitum
2032 5008 2230 5071 etiam

439 5097 649 5172 faciat,
709 5116 960 5177 suaque
1013 5114 1215 5159 manu
1277 5107 1479 5178 regat,
1534 5103 1602 5159 et
1645 5095 1750 5159 vel
1795 5097 1862 5159 in
1909 5092 2081 5159 hanc
2125 5094 2231 5159 vel

439 5183 591 5246 llam
650 5192 906 5265 partem
961 5180 1176 5257 ducat,
1235 5196 1431 5263 prout
1472 5178 1783 5264 expedire
1826 5179 2230 5262 cognoverit.

1584 286 1682 352 IN
1728 285 1785 353 1.
1834 285 2013 352 12113.
2062 284 2465 352 SAMUEL.
2511 284 2709 351 CAP.
2755 285 3023 352 XXVI.

4187 290 4317 355 586

2360 473 2585 538 David
2629 494 2790 538 sane
2835 473 3122 540 bostium
3168 484 3384 541 castra
3424 478 3795 560 explorans,
3858 498 3990 545 non
4036 478 4319 546 babebat

2358 555 2431 621 in
2491 560 2717 624 animo
2768 560 2836 623 in
2899 559 3188 626 medium
3247 563 3538 646 ipsorum
3596 583 3839 647 agmen
3887 565 4142 630 venire:
4200 567 4314 631 sed

2362 643 2547 740 Deus
2584 643 2708 711 hoc
2750 645 2880 728 ipsi
2923 646 3267 712 consilium
3314 649 3674 732 suggessit:
3720 662 3786 713 et
3829 648 4166 716 audaciam
4215 653 4315 717 in·

2361 725 2546 809 didit,
2605 730 2721 796 ubi
2779 731 3064 796 hostium
3123 734 3490 799 socordiam
3548 746 3616 798 et
3660 735 4129 819 negligentiam
4174 738 4316 802 ani-

2359 815 2840 882 madvertisset.
2884 816 3336 901 Repentinum
3361 820 3565 903 igitur
3588 820 3710 884 fuit
3730 820 3907 885 istud
3933 822 4313 887 consilium:

2358 920 2558 999 quam
2615 902 2697 966 ob
2754 922 2915 981 rem,
2970 916 3044 968 ut
3088 915 3245 969 ante
3288 903 3446 983 dixi,
3504 926 3631 970 non
3680 905 4109 971 dubitandum
4152 909 4313 989 quin

2359 1005 2416 1083 si
2473 986 2739 1069 quando
2792 989 3146 1073 contigerit
3200 1009 3323 1055 nos
3379 992 3451 1056 in
3496 992 3774 1056 summis
3816 990 4316 1058 difficultatibus

2357 1091 2585 1155 mopes
2644 1073 2897 1138 consilii
2974 1077 3383 1140 consternari
3447 1076 3700 1153 animo,
3772 1075 3959 1143 Deus
4021 1079 4313 1156 adiuvet,

2359 1168 2427 1221 et
2477 1158 2549 1221 in
2608 1158 2804 1224 rebus
2860 1158 3130 1225 incertis
3186 1161 3540 1227 consilium
3598 1163 3990 1246 suppeditet,
4047 1179 4112 1228 et
4157 1165 4312 1247 quid

2358 1242 2518 1306 utile
2562 1244 2651 1308 sit
2693 1244 3131 1310 demonstret:
3193 1246 3356 1312 adeo
3399 1247 3662 1330 quidem
3707 1261 3781 1312 ut
3824 1258 4086 1332 praeter
4128 1270 4315 1332 spem

2358 1315 2426 1392 οἱ
2478 1329 2851 1428 opinionem
2911 1331 3203 1397 rationes
3259 1344 3589 1417 suggerat,
3650 1334 3885 1415 quibus
3943 1355 4025 1399 ex
4070 1335 4316 1401 nostris

2357 1423 2686 1497 angustus
2728 1436 3163 1500 emergamus.

2528 1499 2743 1565 Porro
2799 1504 3125 1583 sequitur,
3187 1504 3411 1569 Abisai
3472 1503 3674 1569 fuisse
3731 1512 4028 1569 autorem
4087 1503 4312 1572 David

2355 1583 2797 1651 interficiendi
2841 1585 3130 1666 Saulem,
3187 1608 3317 1654 non
3379 1588 3641 1672 quidem
3685 1609 3889 1655 manu
3924 1592 4134 1673 ipsius
4173 1590 4316 1657 Da-

2359 1672 2528 1735 vidis
2586 1671 2702 1736 sed
2761 1692 2881 1736 sua
2933 1693 3133 1755 opera
3190 1695 3384 1756 quam
3442 1675 3636 1742 offert
3693 1674 3797 1740 his
3855 1676 4103 1741 verbis:
4155 1675 4314 1742 Con-

2355 1756 2541 1821 dusit
2560 1754 2742 1821 Deus
2760 1758 3090 1825 inimicum
3124 1765 3302 1825 tuum
3325 1760 3507 1826 hodie
3549 1762 3622 1826 in
3653 1780 3888 1827 manus
3927 1765 4107 1827 tuas.-
4145 1781 4313 1828 nunc

2354 1862 2500 1925 erqo
2526 1842 2891 1924 perfodiam
2935 1863 3075 1909 eum
3118 1844 3335 1912 lancea
3377 1849 3447 1911 in
3491 1853 3659 1912 terra
3699 1848 3906 1924 semel,
3948 1852 4006 1912 et
4046 1849 4311 1913 seeundo

2355 1947 2517 2009 opus
2557 1948 2685 1994 non
2728 1930 2877 1994 erit:
2929 1930 3165 2013 quibus
3208 1932 3429 1997 verbis
3474 1932 3719 1997 lethale
3762 1931 4005 1998 vulnus
4049 1953 4122 1999 se
4165 1933 4310 1999 illa-

2355 2022 2577 2078 turum
2603 2012 2966 2113 pollicetur,
3003 2037 3087 2081 ex
3132 2036 3262 2099 quo
3286 2017 3450 2082 Saul
3497 2038 3832 2101 nunquam
3868 2018 4127 2085 evadat.
4172 2017 4311 2086 Sed

2352 2097 2577 2164 David
2637 2098 2870 2165 iisdem
2937 2101 3157 2168 verbis
3202 2103 3433 2168 Abisai
3489 2116 3765 2182 coercet,
3823 2102 4061 2186 quibus
4113 2116 4310 2169 antea

2353 2204 2509 2250 suos
2531 2185 2776 2253 milites
2811 2186 2894 2252 ad
2940 2208 3163 2254 necem
3191 2189 3414 2254 Saulis
3458 2191 3670 2270 ipsum
3716 2188 4060 2254 hortantes
4104 2210 4306 2271 quum

2353 2272 2424 2334 in
2492 2271 2876 2354 speluncam
2944 2274 3235 2338 venisset
3289 2273 3735 2339 deterruerat:
3797 2274 3901 2340 Ne
3959 2275 4053 2339 int
4217 2276 4229 2289 ⁶

2351 2375 2526 2420 eum:
2582 2357 2729 2438 quis
2783 2358 2951 2423 enirn
3006 2359 3284 2425 extendet
3334 2379 3596 2426 manum
3637 2379 3825 2425 suam
3866 2359 3939 2424 in
3986 2359 4309 2426 Christum

2356 2439 2650 2518 Domini,
2700 2449 2759 2508 et
2811 2444 3105 2510 innocens
3151 2446 3319 2510 erit?
3415 2444 3675 2512 Deinde
3733 2445 4107 2510 iuramento
4164 2466 4305 2511 rem

2349 2530 2729 2593 confirmat:
2800 2528 2975 2595 Vivit
3015 2529 3355 2608 Dominus,
3411 2532 3565 2615 quia
3620 2532 3755 2597 nisi
3795 2530 4129 2597 Dominus·
4151 2553 4307 2613 per·

2348 2614 2620 2712 ‹fusse-fit
2675 2634 2838 2693 eum,
2895 2619 3009 2680 ant
3064 2616 3201 2680 dies
3243 2618 3383 2682 eius·
3424 2618 3673 2693 venerit,
3718 2622 3777 2682 et
3815 2616 4148 2699 moriatur,
4191 2621 4307 2682 aut

2348 2719 2421 2763 m
2472 2699 2798 2781 praelium
2854 2700 3221 2766 descendens
3265 2703 3570 2784 perierit,
3626 2702 3951 2787 propitius
4001 2703 4091 2767 sit
4143 2703 4305 2767 mihi

2349 2782 2704 2869 Dominus,
2756 2806 2837 2852 ne
2891 2786 3219 2852 extendam
3273 2806 3537 2852 mam
3595 2808 3800 2854 meam
3854 2787 3926 2851 in
3980 2786 4301 2853 christum

2348 2868 2643 2935 Domini.
2731 2870 3015 2938 Davidis
3068 2872 3453 2955 patientiam
3496 2874 3892 2947 intueamur,
3952 2892 4145 2953 quem
4193 2894 4304 2938 ne-

2346 2975 2527 3020 cesse
2550 2970 2650 3020 est
2684 2977 2827 3022 sese
2870 2956 2955 3022 ad
2975 2956 3106 3021 Dei
3151 2958 3534 3040 obsequium
3580 2967 3793 3022 totum
3839 2958 4301 3039 composuisse,

2347 3062 2554 3123 quum
2613 3043 2754 3108 suis
2807 3043 3152 3108 affectibus
3209 3045 3304 3109 ita
3363 3044 3687 3110 dominari
3746 3051 3980 3125 potest.
4068 3041 4301 3125 Neque

2345 3127 2526 3190 enim
2572 3138 2828 3194 tantum
2876 3129 2959 3193 de
3002 3130 3375 3213 praeteritis
3420 3127 3676 3194 iniuriis
3720 3127 4108 3193 ulciscendis
4149 3150 4302 3213 age-

2345 3212 2556 3293 batur,
2606 3213 2722 3279 sed
2777 3213 2862 3280 de
2918 3216 3251 3296 praesenti
3310 3215 3619 3300 periculo,
3679 3213 3853 3297 quod
3910 3215 4123 3279 instar
4167 3215 4303 3281 avi·

2342 3298 2528 3362 culae
2588 3300 2876 3365 incertus
2933 3309 3304 3383 vagaretur,
3361 3309 3432 3366 et
3486 3301 3555 3365 in
3601 3300 3909 3384 laqueum
3956 3299 4301 3367 conclusus

2343 3381 2700 3452 videretur.
2788 3385 2881 3450 Et
2930 3385 3088 3450 licet
3144 3399 3343 3452 antea
3401 3397 3679 3453 conatus
3735 3399 3908 3450 esset
3963 3405 4080 3450 cor
4122 3383 4300 3451 illius

2339 3469 2626 3551 flectere,
2669 3484 2738 3535 et
2769 3472 3047 3554 ipsemet
3081 3468 3247 3538 Saul
3292 3470 3553 3554 eulpam
3597 3471 3990 3555 agnovisset,
4033 3471 4299 3537 flectere

2340 3568 2569 3620 tamen
2623 3577 2759 3622 non
2819 3558 3051 3639 potuit,
3110 3558 3266 3640 quin
3325 3567 3710 3641 perpetuum
3755 3554 3980 3621 odium
4025 3556 4301 3635 foveret,

2339 3651 2410 3703 et
2473 3641 3035 3708 irreconciliabilis
3099 3657 3291 3709 esset.
3387 3641 3693 3725 Denique
3758 3640 3910 3708 licet
3968 3640 4295 3708 Davidem

2341 3735 2571 3792 tantus
2605 3728 2802 3792 timor
2836 3740 2902 3793 et
2943 3728 3315 3795 reverentia
3356 3726 3791 3794 continuisset
3832 3731 3902 3792 in
3946 3726 4183 3807 officio,
4227 3737 4297 3792 et

2341 3832 2382 3875 a
2436 3810 2732 3879 vindicta
2774 3812 3096 3879 sumenda
3139 3813 3222 3879 de
3266 3824 3367 3880 tot
3409 3814 3669 3879 iniuriis
3709 3813 3952 3896 quibus
3996 3813 4212 3878 fuerat
4255 3835 4297 3881 a

2343 3892 2546 3962 Saule
2589 3898 2921 3964 immerito
2964 3900 3270 3965 affectus:
3328 3908 3555 3964 tamen
3598 3901 3773 3963 iusta
3814 3899 3908 3962 illi
3955 3897 4300 3964 videbatur

2340 3982 2562 4048 oblata
2618 3984 2931 4048 caedendi
2975 3984 3246 4050 Saulem
3304 3985 3590 4060 occasio,
3651 3985 3823 4068 quod
3885 4003 4016 4048 non
4075 3999 4298 4064 posset

2342 4068 2549 4151 ipsius
2572 4073 2752 4135 furor
2790 4070 3056 4154 placari,
3099 4080 3166 4134 et
3198 4069 3450 4136 nullam
3474 4068 3717 4134 Davidi
3762 4069 4042 4152 quietem
4090 4066 4296 4148 daret,

2342 4174 2429 4217 ne
2463 4154 2548 4220 ad
2591 4165 2996 4221 momentum
3042 4156 3327 4238 quidem,
3370 4155 3534 4220 adeo
3580 4171 3656 4221 ut
3698 4156 3932 4219 merito
3975 4152 4099 4217 sibi
4140 4171 4296 4217 con·

2339 4240 2558 4305 sulere
2594 4249 2807 4306 morte
2831 4239 3052 4306 Saulis
3095 4242 3389 4325 potuisse
3432 4240 3765 4305 videatur:
3811 4249 3879 4302 et
3919 4236 4123 4302 semel
4161 4249 4295 4302 tam

2341 4325 2648 4391 infestum
2709 4325 2964 4391 hostem
3025 4349 3062 4391 e
3105 4327 3321 4392 medio
3366 4327 3598 4392 tollere
3641 4345 3838 4408 quam
3886 4325 4076 4388 toties
4118 4324 4293 4407 peri-

2339 4410 2575 4476 clitari.
2621 4412 2872 4477 Iustam
2895 4413 3113 4494 itaque
3135 4412 3478 4478 hominum
3523 4411 3834 4495 opinione
3869 4428 4132 4474 oausam
4175 4407 4294 4473 ha-

2340 4495 2535 4562 bebat
2593 4497 2716 4562 sibi
2777 4500 3099 4579 rebusque
3144 4499 3283 4564 suis
3339 4507 3553 4564 morte
3597 4494 3821 4560 Saulis
3875 4493 4294 4578 consulendi:

2338 4591 2407 4647 et
2464 4603 2592 4648 non
2656 4581 2923 4649 dubium
2985 4593 3087 4649 est
3144 4585 3303 4667 quin
3361 4581 3584 4667 gravis
3642 4581 3923 4645 tentatio
3970 4580 4293 4645 Davidem

2338 4666 2669 4735 afflixerit.
2715 4668 2887 4734 Nam
2934 4668 3044 4734 ubi
3089 4671 3416 4751 speciosae
3460 4664 3783 4750 quaedam
3827 4676 4148 4750 apparent
4187 4684 4295 4728 ra-

2338 4754 2570 4834 tiones,
2630 4762 2825 4838 prout
2878 4754 3181 4820 homines
3226 4752 3307 4817 ad
3351 4752 3474 4819 sibi
3518 4750 3923 4819 adulandum
3969 4749 4297 4832 proclives

2337 4848 2513 4915 sunt,
2574 4850 2971 4923 sperantque
3012 4862 3082 4905 se
3124 4859 3337 4904 coram
3384 4839 3530 4902 Deo
3572 4849 3639 4901 et
3683 4835 4066 4906 hominibus
4105 4835 4298 4899 inno-

2335 4937 2560 4990 centes
2597 4925 2895 4991 habitum
2936 4927 3037 5001 iri,
3083 4944 3451 5006 manusque
3488 4923 3677 4988 facile
3722 4929 4094 4999 abluturos,
4132 4918 4307 4981 nibil

2333 5029 2472 5073 non
2505 5010 2630 5076 sibi
2675 5011 3091 5093 permittunt,
3135 5019 3204 5073 et
3244 5010 3447 5073 animi
3490 5009 3988 5093 cupiditatibus
4030 5001 4318 5065 hssbetfflss

2333 5093 2586 5161 laxant.
2632 5094 2768 5161 Sed
2812 5095 3216 5161 contrarium
3263 5098 3336 5159 in
3377 5092 3642 5159 Davide
3688 5112 3920 5190 ”Obie
3962 5082 4332 5173 exemvxssss

2335 5182 2750 5263 proponitur,
2811 5182 2923 5264 qui
2982 5200 3195 5263 neque
3250 5181 3761 5266 tentationibug
3832 5192 4013 5296 &¹3⁸⁹
4049 5180 4352 5242 mvffiffl·
