5059 6059
815 328 942 393 467

817 517 1006 583 valde
1046 516 1331 583 callidus.
1414 513 1517 579 23.
1567 513 1986 590 Considerate,
2031 518 2086 579 et
2128 513 2326 580 videte
2369 514 2581 578 omnia
2624 512 2768 578 lati-

815 603 965 669 bula
1007 604 1160 681 eius,
1217 602 1290 667 iu
1341 600 1570 682 quibus
1623 599 2059 665 absconditur.-
2112 605 2167 664 et
2236 600 2626 666 revertimini
2685 600 2771 665 ad

813 709 912 754 me
956 689 1039 753 ad
1079 709 1210 752 rem
1244 692 1488 763 certam,
1533 690 1603 750 ut
1630 687 1864 752 vadam
1897 685 2211 752 vobiscum
2232 711 2253 752 .·
2295 686 2459 768 quod
2490 685 2554 751 si
2582 685 2769 750 etiam

813 776 890 840 in
932 779 1163 838 terram
1206 793 1274 838 se
1315 772 1709 851 obstruxerit,
1755 772 2197 854 perscruta-bor
2238 792 2379 839 eum
2420 772 2492 836 in
2532 771 2769 837 cunctis

813 859 1100 925 millibus
1144 859 1336 924 Iuda.
1383 857 1487 923 24.
1534 858 1625 921 At
1666 856 1766 922 itli
1807 864 2126 942 surqentes
2158 858 2447 925 abierunt
2489 856 2561 921 in
2599 856 2767 937 Ziph

815 951 955 1011 ante
999 944 1159 1010 Saul
1172 970 1191 1010 .·
1235 943 1455 1009 David
1497 948 1705 1008 autem
1748 949 1806 1007 et
1846 945 1974 1008 viri
2017 946 2158 1010 eius
2197 950 2376 1009 erant
2418 945 2490 1009 in
2532 943 2766 1007 deserto

815 1030 1034 1105 Maon,
1081 1031 1151 1093 in
1202 1029 1647 1110 campestribus
1688 1030 1775 1094 ad
1818 1031 2070 1095 dextam
2118 1030 2413 1096 Iesimon.
2482 1027 2586 1093 25.
2636 1027 2767 1093 Ivit

815 1137 960 1201 erqo
987 1115 1149 1182 Saul
1186 1122 1241 1181 et
1277 1117 1430 1180 socii
1454 1117 1593 1180 eius
1614 1116 1699 1180 ad
1733 1117 2154 1196 quaerendum
2187 1137 2363 1181 eum:
2406 1120 2462 1179 et
2503 1114 2763 1179 nuncia-

811 1209 945 1269 tum
999 1208 1090 1267 est
1147 1202 1410 1277 Davidi,
1469 1201 1801 1282 statimque
1863 1201 2172 1267 deseendit
2228 1203 2315 1268 ad
2376 1200 2652 1283 Petram,
2710 1204 2764 1264 et

814 1289 1184 1355 versabatur
1247 1288 1316 1353 in
1381 1287 1613 1352 deserto
1681 1286 1903 1352 Maon.
1998 1288 2173 1368 Quod
2237 1307 2428 1369 quum
2485 1286 2763 1350 audisset

820 1375 999 1454 Saul,
1033 1377 1452 1456 persequutus
1485 1378 1577 1437 est
1613 1372 1833 1438 David
1876 1375 1947 1438 in
1988 1374 2221 1439 deserto
2263 1372 2480 1437 Maon.
2526 1371 2630 1436 26.
2677 1371 2765 1436 Et

816 1460 953 1526 ibat
977 1459 1138 1526 Saul
1178 1460 1264 1524 ad
1305 1459 1474 1524 latus
1508 1459 1737 1525 montis
1781 1479 1859 1522 ex
1894 1464 2073 1542 parte
2097 1480 2247 1534 una,
2294 1458 2514 1524 David
2558 1463 2763 1523 autem

817 1552 874 1612 et
929 1548 1057 1610 viri
1109 1547 1244 1611 eius
1279 1549 1460 1610 erant
1517 1545 1589 1609 in
1630 1545 1821 1609 latere
1877 1546 2104 1612 montis
2167 1567 2242 1610 ex
2291 1549 2478 1627 parte
2531 1544 2763 1609 altera.-

803 1652 1007 1715 porro
1028 1631 1246 1696 Darid
1287 1630 1653 1712 desperabat
1693 1650 1758 1694 se
1787 1651 1975 1712 posse
2010 1632 2265 1697 evadere
2299 1652 2340 1696 a
2380 1629 2545 1711 facie
2571 1629 2734 1696 Saul
2745 1653 2763 1694 .·

817 1720 1029 1799 itaque
1074 1716 1237 1783 Saul
1278 1722 1335 1782 et
1375 1717 1504 1781 viri
1547 1719 1683 1780 eius
1727 1717 1796 1781 in
1839 1717 2088 1781 modum
2143 1737 2401 1783 coronae
2442 1715 2763 1799 cinqebant

817 1803 1058 1884 David,
1103 1808 1160 1868 et
1201 1804 1372 1869 viros
1405 1803 1562 1885 eius,
1607 1807 1676 1866 ut
1717 1808 2003 1887 caperent
2043 1823 2160 1869 eos.
2209 1802 2314 1867 27.
2361 1801 2448 1865 Et
2489 1803 2762 1866 nuncius

813 1890 980 1954 venit
1022 1890 1108 1954 ad
1155 1887 1335 1968 Saul,
1395 1889 1623 1964 dicens,
1686 1887 1952 1954 Festina
1990 1893 2045 1952 et
2098 1889 2270 1953 veni:
2326 1890 2624 1969 quoniam
2666 1888 2762 1952 iu-

812 1975 1116 2058 fuderunt
1170 1995 1238 2039 se
1297 1972 1653 2040 Philistum
1710 1994 1902 2056 super
1952 1979 2204 2039 terram.
2293 1973 2394 2039 28.
2445 1974 2762 2039 Reversus

816 2065 906 2127 est
948 2081 1087 2143 erqo
1129 2059 1289 2124 Saul
1330 2061 1632 2126 desistens
1663 2061 1962 2140 persequi
1987 2059 2226 2138 David,
2273 2066 2328 2126 et
2358 2061 2649 2141 perrexit
2692 2060 2763 2123 in

814 2167 1136 2213 occursum
1160 2145 1662 2211 Philistiuorum.
1706 2144 1973 2227 Propter
2006 2145 2116 2212 hoc
2157 2150 2520 2212 vocaverunt
2564 2145 2760 2210 locum

811 2231 998 2298 illum
1043 2232 1298 2297 Petram
1340 2232 1735 2297 dividentem.

987 2404 1201 2469 Prout
1242 2425 1363 2469 nos
1410 2403 1612 2469 variis
1643 2403 1828 2467 Deus
1864 2415 2121 2470 exercet
2166 2401 2648 2470 calamitatibus
2695 2409 2764 2468 et

819 2489 1316 2569 afflictionibus,
1388 2489 1702 2555 adversus
1767 2488 2025 2555 easdem
2093 2489 2454 2555 remedium
2514 2488 2759 2554 adfert:

817 2578 1020 2641 immo
1064 2576 1258 2641 etiam
1305 2576 1662 2657 praevenit,
1710 2594 1792 2638 ne
1834 2575 2132 2641 incautos
2175 2596 2432 2641 summa
2480 2575 2761 2639 necessi-

817 2674 920 2728 tas
967 2662 1326 2746 opprimat:
1384 2681 1586 2743 quare
1640 2662 1733 2726 sic
1776 2659 1963 2726 malis
2009 2662 2252 2727 nostris
2310 2661 2629 2744 providet,
2687 2670 2762 2726 ut

817 2759 972 2814 ante
1011 2751 1215 2815 ictum
1260 2749 1619 2812 sentiamus
1654 2747 1870 2829 ipsum
1915 2747 2122 2813 nostri
2153 2747 2492 2813 misertum
2538 2747 2758 2813 fuisse.

817 2832 1386 2916 Quemadmodum
1432 2831 1713 2899 medicos
1737 2832 2040 2898 videmus
2077 2841 2487 2917 aegrotorum
2535 2852 2761 2898 curam

816 2919 1166 3004 habentes,
1226 2918 1611 3004 praevidere
1669 2940 1795 3002 quo
1850 2927 2142 3002 tempore
2202 2919 2399 2984 febris
2455 2918 2759 3002 periodus

813 3008 903 3074 sit
962 3007 1272 3084 reditura,
1332 3015 1400 3071 et
1465 3006 1838 3088 praecipere
1896 3014 1968 3069 ut
2026 3025 2103 3069 ea
2167 3003 2330 3070 hora
2386 3004 2569 3069 cibus
2628 3004 2759 3070 illis

811 3092 1219 3177 praebeatur,
1268 3090 1439 3174 quod
1487 3092 1799 3173 postridie
1826 3090 1911 3156 sit
1957 3090 2086 3156 illis
2130 3088 2573 3155 ieiunandum.
2623 3092 2759 3154 Aut

811 3176 1360 3262 quemadmodum
1398 3187 1586 3261 pater
1626 3177 1860 3260 aliquis
1894 3176 2106 3242 filium
2146 3198 2419 3260 peregre
2443 3176 2761 3257 profectu-

811 3285 960 3330 rum
1005 3284 1138 3328 non
1198 3264 1359 3330 sinit
1416 3262 1596 3327 abire
1655 3262 2115 3330 discalceatum
2162 3274 2230 3328 et
2273 3283 2586 3327 vacuum:
2644 3260 2757 3326 sed

811 3352 938 3435 ipsi
983 3348 1062 3415 de
1107 3349 1304 3414 rebus
1341 3350 1725 3417 necessariis
1770 3351 2104 3433 providet:
2154 3349 2254 3414 vel
2304 3349 2497 3415 sicuti
2542 3349 2759 3431 Impe-

810 3448 991 3502 rator
1050 3435 1442 3521 praevidens
1500 3437 1799 3501 futurum
1856 3456 2002 3500 cum
2064 3433 2362 3501 hostibus
2419 3436 2760 3518 praelium,

811 3523 992 3589 iubet
1036 3522 1277 3588 milites
1300 3541 1570 3605 corpora
1605 3541 1854 3601 curare,
1900 3532 1968 3587 et
1995 3521 2358 3587 necessaria
2387 3519 2755 3605 providere.

811 3610 963 3675 Non
1011 3609 1220 3687 aliter,
1264 3609 1555 3692 inquam,
1603 3607 1790 3672 Deus
1813 3616 2156 3691 paternam
2180 3605 2260 3671 de
2305 3607 2488 3672 nobis
2531 3627 2758 3672 curam

813 3696 1008 3780 gerit,
1055 3715 1177 3759 nos
1220 3696 1587 3772 comitatur,
1636 3702 1703 3759 et
1745 3695 1813 3758 in
1860 3692 2226 3759 clientelam
2272 3713 2456 3758 suam
2502 3691 2757 3775 recipit,

816 3781 1192 3862 nostrisque
1236 3780 1542 3845 omnibus
1588 3779 1871 3845 miseriis
1917 3779 2235 3860 medetur,
2294 3787 2361 3844 et
2403 3787 2595 3862 prout
2640 3798 2754 3843 va·

820 3866 939 3930 riis
983 3873 1049 3929 et
1093 3865 1366 3931 diversis
1410 3866 1868 3932 afflictionibus
1913 3874 2195 3941 exercet,
2250 3864 2573 3929 adversus
2615 3885 2756 3929 eas-

821 3950 969 4016 dem
1026 3952 1409 4018 necessariis
1468 3952 1771 4017 remediis
1830 3951 2059 4017 munit.
2150 3950 2370 4014 Huius
2424 3948 2758 4016 doctrinae

818 4057 1129 4119 praesens
1174 4036 1446 4102 historia
1488 4037 1683 4102 fidem
1728 4037 1902 4116 facit,
1945 4037 2013 4101 in
2055 4057 2183 4119 qua
2214 4034 2487 4118 Ziphaei
2531 4034 2757 4100 dicun—

821 4132 931 4187 tur
988 4123 1069 4187 ad
1117 4120 1388 4189 Saulem
1436 4122 1761 4188 Davidem
1821 4122 2139 4206 prodituri
2197 4122 2478 4188 venisse.
2568 4120 2758 4202 Quae

819 4230 977 4274 sane
1031 4208 1253 4292 gravis
1310 4207 1553 4274 Davidi
1608 4210 1818 4291 potuit
1877 4210 2148 4274 tentatio
2207 4208 2619 4290 contingere,
2694 4213 2762 4272 et

820 4295 961 4360 eius
1005 4294 1295 4359 animum
1355 4292 1829 4378 quodammodo
1886 4295 2289 4370 labefactare,
2346 4293 2531 4376 quasi
2578 4294 2760 4359 Deus

818 4381 1004 4446 illum
1042 4400 1155 4463 spe
1190 4401 1312 4446 sua
1347 4382 1805 4445 frustraretur:
1851 4380 1963 4446 sed
2010 4381 2162 4448 huic
2200 4379 2553 4444 tentationi
2576 4379 2760 4445 Deus

819 4465 1139 4549 occurrit,
1206 4468 1565 4549 praemisso
1631 4466 1711 4529 ad
1774 4463 2098 4531 Davidem
2165 4463 2567 4543 Ionathano,
2647 4465 2757 4547 qui

819 4553 1136 4620 afflictum
1196 4553 1663 4627 consolaretur,
1725 4559 2032 4634 ratasque
2088 4552 2211 4636 ipsi
2274 4552 2551 4617 factaret
2609 4570 2758 4634 pro-

818 4638 1166 4705 missiones
1191 4636 1269 4703 de
1293 4659 1497 4722 regno
1534 4637 1658 4720 ipsi
1700 4659 1814 4720 per
1838 4638 2214 4705 Samuelem
2238 4637 2461 4703 factas.
2510 4635 2758 4718 Quam-

821 4726 1044 4791 obrem
1102 4723 1590 4790 observandum
1636 4724 1850 4789 Deum
1912 4723 2295 4808 praevidere
2339 4723 2763 4788 necessitates

820 4820 1109 4889 nostras,
1169 4831 1382 4894 neque
1439 4819 1818 4892 exspectare
1876 4811 2082 4876 donec
2138 4811 2209 4875 in
2251 4829 2377 4886 ,eas
2423 4809 2761 4892 angustias

823 4895 1247 4964 deveniamus
1301 4909 1377 4962 ut
1435 4896 1772 4979 deplorata
1813 4895 1993 4963 salus
2057 4896 2388 4975 videatur,
2438 4894 2556 4961 sed
2617 4901 2761 4959 tan·

822 4999 1022 5067 quam
1079 4981 1627 5066 alexipharmacis
1687 5002 1806 5048 nos
1865 4983 2312 5068 praemunire,
2387 4979 2467 5045 de
2522 4980 2762 5064 quibus

824 5089 912 5135 ne
953 5067 1459 5151 cogitaverimus
1504 5065 1786 5150 quidem,
1831 5079 1897 5134 et
1939 5089 2102 5151 quae
2146 5069 2217 5133 in
2261 5066 2762 5134 admirationem

826 5155 1102 5239 rapiant.
1148 5154 1263 5221 Sic
1298 5155 1502 5239 igitur
1527 5154 1708 5219 Deus
1747 5171 2221 5237 nonnunquam
2253 5173 2373 5219 nos
2409 5151 2761 5217 admodum

822 5240 1106 5325 benigne
1131 5248 1386 5321 tractat,
1431 5248 1497 5305 et
1518 5240 1902 5307 munificum
1944 5261 2014 5306 se
2047 5242 2233 5308 nobis
2256 5237 2544 5319 exhibet,
2589 5236 2764 5321 quod

2389 322 2801 390 HOMILIA
2848 320 3246 389 LXXXIV.

4638 331 4729 397 468

2874 510 3069 594 paulo
3127 520 3275 594 post
3326 533 3452 596 non
3500 512 3747 595 absque
3791 533 3990 578 causa
4046 513 4288 578 factum
4349 519 4738 604 cognoscimus,

2874 594 2987 663 sed
3031 596 3249 661 Deum
3297 619 3415 664 noa
3457 598 3602 663 istis
3646 597 3829 664 velut
3882 598 4186 664 amuletis
4242 600 4543 670 adversus
4579 607 4737 673 immi-

2874 695 3105 748 nentes
3151 684 3555 749 calamitates
3600 703 3954 767 paeparare
4000 684 4302 752 voluisse.
4371 688 4548 754 Istud
4586 692 4737 775 igitur

2872 768 3352 834 observandum
3410 791 3492 835 ex
3547 790 3621 835 eo
3680 770 3854 853 quod
3898 769 4339 837 Ionathanum
4386 774 4652 842 videmus
4684 779 4745 845 ad

2871 853 3199 920 Davidem
3244 856 3521 936 venisse,
3581 867 3648 920 et
3690 857 3904 939 ipsum
3952 858 4355 924 consolatum
4403 862 4602 941 fuisse,
4638 862 4745 930 Deo

2873 940 3063 1005 istam
3090 938 3508 1006 benedicente
3545 942 4043 1025 profectionem:
4088 944 4259 1025 quod
4286 945 4591 1012 Davidem
4610 970 4745 1032 opor·

2871 1036 3039 1089 teret
3072 1025 3482 1109 gravioribus
3518 1048 3715 1110 quam
3752 1038 3945 1093 antea
3984 1031 4454 1097 tentationibus
4484 1038 4747 1101 exerceri:

2868 1112 3061 1176 sicuti
3120 1111 3443 1195 Ziphaeos
3514 1113 3598 1179 ad
3657 1111 3924 1180 Saulem
3985 1115 4246 1181 venisse
4312 1118 4442 1183 iam
4507 1120 4747 1186 videmus

2869 1197 3085 1279 ipsum
3133 1198 3521 1280 prodituros.
3610 1199 3904 1283 Insignis
3948 1211 4167 1265 autem
4212 1203 4489 1269 istorum
4532 1205 4646 1270 fuit
4678 1207 4750 1271 in·

2867 1283 3219 1367 gratitudo,
3307 1284 3480 1349 Nam
3539 1286 3663 1352 etsi
3707 1284 3930 1350 David
3992 1308 4121 1351 non
4182 1287 4359 1371 ipsos
4420 1291 4753 1358 liberaverat

2867 1369 3199 1434 obsidione
3259 1382 3332 1434 ut
3390 1370 3741 1449 Oeilenses‚
3802 1381 4024 1437 tamen
4081 1372 4162 1437 ad
4232 1383 4440 1440 totam
4498 1376 4753 1444 Iudaeam

2867 1452 3252 1521 beneficium
3292 1455 3455 1521 illud
3503 1457 3890 1540 pertinebat,
3938 1478 4014 1522 ac
4050 1460 4322 1542 proinde
4362 1460 4443 1525 ad
4469 1462 4753 1545 ziphaeos,

2867 1540 2980 1623 qui
3025 1561 3177 1623 pars
3222 1554 3414 1606 erant
3456 1543 3684 1625 populi
3728 1543 3998 1609 Iudaici.
4090 1545 4189 1610 Ac
4234 1568 4365 1609 non
4423 1543 4627 1613 semel'
4652 1557 4754 1614 tan·

2867 1635 3007 1690 tum
3052 1626 3273 1691 David
3320 1631 3500 1693 venit
3545 1631 3611 1692 in
3650 1639 3957 1711 apertum
3995 1631 4225 1696 mortis
4265 1632 4628 1712 discrimen,
4674 1636 4757 1699 scd

2864 1711 3144 1777 subinde
3192 1712 3394 1778 vitam
3441 1718 3745 1797 exposuit
3804 1716 4112 1797 periculis
4156 1717 4234 1781 ad
4286 1719 4512 1803 populi
4555 1741 4760 1785 conscr-

2869 1799 3219 1864 vationem.
3270 1797 3400 1865 Sed
3427 1800 3608 1865 illum
3634 1801 3921 1884 oportuit
3946 1802 4287 1867 hominum
4316 1817 4455 1869 tam
4482 1806 4759 1889 ingratum

2865 1885 2935 1947 in
2994 1903 3065 1949 se
3107 1884 3399 1949 animum
3460 1887 3762 1968 experiri,
3824 1896 3892 1951 et
3948 1909 4096 1953 cum
4160 1890 4516 1955 multorum
4559 1893 4759 1956 malitia

2865 1965 3227 2049 colluctari,
3286 1980 3362 2036 ut
3405 1971 3485 2037 ad
3533 1972 3749 2037 Deum
3797 1973 4006 2038 solum
4053 1995 4404 2060 assurgere
4450 1988 4517 2043 et
4556 1978 4621 2042 in
4658 1980 4761 2060 ipso

2866 2055 3001 2120 solo
3037 2076 3219 2138 spem
3257 2076 3442 2122 suam
3480 2057 3796 2124 collocare
3820 2057 4117 2135 disceret,
4155 2071 4353 2145 atque
4376 2084 4453 2127 se
4489 2064 4566 2128 ad
4602 2065 4760 2146 ipsius

2866 2140 3270 2206 voluntatem
3317 2163 3727 2226 componere,
3787 2145 3939 2209 licet
3996 2146 4239 2211 multae
4284 2148 4419 2231 ipsi
4482 2149 4561 2214 ab
4602 2150 4763 2214 homi·

2865 2225 3056 2292 nibus
3101 2249 3336 2294 causae
3380 2229 3845 2312 desperationis
3883 2230 4295 2297 offerrentur.
4344 2233 4616 2315 Quanta
4646 2255 4759 2300 vero

2869 2311 3088 2378 Saulis
3131 2313 3240 2379 hic
3283 2335 3353 2379 se
3397 2316 3701 2398 patefacit
3744 2316 4106 2399 hypocrisis
4128 2317 4463 2402 ziphaeos
4501 2322 4594 2386 sic
4631 2323 4759 2388 exci-

2865 2399 3123 2481 pientis,
3183 2409 3258 2465 ut
3303 2410 3615 2484 tanquam
3671 2401 4200 2485 religiosissimus
4245 2405 4378 2472 Dei
4420 2427 4649 2472 nomen
4686 2408 4762 2472 ob-

2867 2484 3112 2564 tendat,
3156 2497 3223 2550 et
3268 2498 3576 2570 tanquam
3615 2507 3654 2551 a
3690 2486 3832 2552 Deo
3877 2488 4235 2556 benedictis
4269 2490 4446 2556 bene
4494 2502 4761 2576 precetur.

2868 2569 2984 2635 Vel
3031 2572 3466 2655 precationem
3527 2572 3815 2638 dicemus
3872 2595 4014 2640 esse
4071 2595 4198 2657 qua
4257 2577 4576 2660 Ziphaeis
4616 2581 4764 2661 perfi-

2867 2656 3047 2721 diose
3090 2656 3413 2724 Davidem
3474 2660 3540 2724 in
3585 2680 3821 2725 manus
3868 2680 4018 2725 suas
4061 2662 4320 2729 tradere
4370 2664 4763 2749 cogitantibus

2867 2742 3205 2820 adulatur,
3277 2743 3407 2809 Dei
3469 2765 3705 2811 nomen
3768 2746 3837 2809 in
3894 2766 4141 2811 vanum
4203 2769 4574 2833 usurpans:
4635 2749 4762 2832 qued

2865 2828 3183 2894 nimirum
3246 2830 3567 2914 frequenti
3620 2832 4025 2913 experientia
4065 2835 4557 2917 comprobatur.
4636 2836 4765 2901 Nam

2864 2915 3250 3065 plerumque
3291 2916 3516 2982 videas
3561 2939 3669 2984 eos
3713 2917 3828 3000 qui
3864 2917 3993 2982 Dei
4038 2919 4290 2984 nullum
4342 2923 4645 2988 timorem
4683 2922 4765 2986 ha·

2909 3012 3053 3078 ent,
3113 3002 3492 3084 frequenter
3546 3004 3614 3068 in
3674 3025 3784 3068 ore
3844 3017 4083 3069 nomen
4139 3006 4347 3087 ipsius
4415 3009 4677 3072 habere:
4723 3021 4767 3070 ct

2865 3094 3173 3170 tanquam
3219 3087 3524 3171 clypeum
3562 3088 3873 3168 obiicere,
3939 3089 4291 3174 multisque
4340 3094 4560 3160 modis
4602 3094 4767 3178 profa-

2864 3193 3043 3238 nare.
3137 3173 3252 3239 Sic
3297 3173 3475 3239 fures
3511 3185 3623 3240 aut
3667 3176 3954 3241 latrones
3999 3175 4079 3242 de
4115 3177 4195 3241 iis
4238 3198 4416 3260 quae
4454 3191 4766 3263 rapuerunt

2864 3268 2928 3322 et
2983 3259 3281 3343 praedati
3335 3268 3511 3339 sunt,
3571 3260 3717 3326 Deo
3776 3262 4022 3345 gratias
4082 3282 4297 3346 agere,
4364 3268 4557 3350 quasi
4610 3285 4767 3330 manu

2860 3344 3070 3427 ipsius
3116 3346 3422 3429 praedam
3468 3359 3689 3413 essent
3731 3348 4134 3432 consequuti,
4194 3370 4329 3414 non
4397 3352 4547 3417 sine
4589 3361 4767 3418 contu·

2862 3431 3058 3496 melia
3102 3439 3170 3495 et
3211 3431 3666 3515 profanatione
3710 3434 3954 3500 solent:
4015 3455 4227 3517 neque
4273 3435 4417 3501 ulla
4464 3438 4662 3503 maior
4694 3437 4767 3500 in-

2864 3517 3015 3582 ferri
3052 3516 3193 3581 Deo
3240 3526 3454 3599 potest
3498 3520 3767 3586 iniuria:
3816 3529 3882 3584 et
3925 3519 4208 3602 insignis
4254 3531 4366 3587 est
4413 3523 4766 3607 blasphemia

2863 3602 3076 3667 Deum
3124 3602 3339 3668 facere
3397 3605 3793 3688 flagitiorum
3838 3616 3904 3671 et
3943 3606 4324 3688 rapinarum
4379 3610 4644 3675 socium.
4700 3610 4765 3672 At

2862 3710 3053 3754 nemo
3101 3688 3309 3754 nescit
3355 3710 3548 3772 quam
3596 3692 3790 3756 multi
3836 3692 4024 3757 malis
4064 3692 4315 3758 artibus
4362 3693 4693 3773 ditescant,
4725 3703 4771 3757 et

2859 3776 3164 3859 ingentes
3209 3795 3364 3858 opes
3409 3777 3836 3857 accumulent,
3896 3789 3963 3842 et
4022 3787 4241 3843 tamen
4287 3780 4374 3844 ad
4424 3782 4638 3846 Deum
4678 3781 4770 3843 ista

2862 3861 3168 3926 referant.
3216 3862 3432 3945 Reges
3472 3883 3546 3927 ac
3580 3864 3907 3946 principes
3943 3865 4053 3945 qui
4091 3865 4458 3932 ambitione
4496 3878 4563 3933 et
4605 3868 4768 3931 hono·

2860 3967 3011 4012 rum
3057 3947 3264 4011 nimia
3298 3946 3671 4030 cupiditate,
3718 3958 3783 4015 et
3827 3949 4105 4015 avaritia
4140 3951 4514 4034 flagrantes
4548 3950 4768 4035 sangui·

2862 4054 3010 4098 nem
3059 4032 3422 4099 humanum
3478 4034 3809 4119 fuderunt,
3868 4045 3931 4099 et
3992 4035 4168 4101 hunc
4211 4048 4279 4100 et
4334 4038 4532 4104 illum
4578 4034 4767 4123 spolia·

2862 4128 3020 4185 runt
3041 4131 3105 4183 et
3141 4120 3398 4184 iniuriis
3421 4120 3800 4205 affecerunt,
3847 4120 3973 4185 Dei
4000 4129 4215 4186 tamen
4246 4125 4525 4189 nomine
4554 4141 4766 4205 semper

2864 4205 3249 4289 gloriantur,
3298 4215 3365 4270 et
3408 4227 3478 4271 se
3521 4225 3637 4289 per
3682 4206 3804 4273 Dei
3851 4207 4125 4288 gratiam
4167 4229 4456 4291 regnare
4505 4211 4765 4295 profiten-

2864 4301 2991 4357 tur.
3039 4289 3230 4371 Quod
3279 4292 3507 4356 vitium
3554 4293 3856 4358 omnibus
3901 4293 4177 4358 saeculis
4219 4295 4594 4362 invaluisse
4626 4294 4766 4362 vids-

2864 4397 3042 4442 mus:
3091 4386 3541 4442 verumtamen
3579 4378 3924 4462 diligenter
3959 4389 4063 4443 est
4101 4379 4285 4445 nobis
4319 4381 4765 4448 observandum

2866 4463 3022 4546 quid
3067 4462 3212 4547 lege
3255 4485 3371 4528 sua
3416 4463 3600 4529 Deus
3645 4465 3801 4530 olim
3844 4466 4173 4547 professus
4215 4466 4322 4542 sit,
4372 4489 4628 4552 nempe,
4666 4485 4765 4530 non

2864 4569 3211 4633 passurum
3258 4559 3332 4613 ut
3375 4570 3563 4615 suum
3613 4571 3849 4616 nomen
3896 4572 3936 4616 a
3970 4572 4293 4634 quoquam
4334 4554 4684 4637 accipiatur
4715 4550 4763 4614 in

2870 4656 3134 4701 vanum.
3180 4633 3620 4715 Quamobrem
3659 4657 4071 4719 summopere
4104 4637 4502 4718 cavendum,
4548 4662 4627 4705 ne
4657 4655 4767 4704 cnm

2867 4719 3286 4787 simulatione
3351 4729 3416 4786 et
3482 4720 3812 4805 hypocrisi
3876 4721 4020 4787 Deo
4077 4723 4325 4806 gratias
4389 4722 4473 4790 de
4533 4722 4766 4806 accepti&

2867 4807 3056 4872 bonis
3114 4826 3417 4891 agamus:
3477 4816 3545 4872 et
3615 4829 3698 4873 ne
3753 4808 3880 4874 Dei
3946 4828 4185 4873 nomen
4252 4818 4509 4878 temere
4572 4809 4765 4877 nostris

2867 4893 3133 4977 flagitiis
3178 4892 3473 4978 tegendis
3516 4914 3931 4960 assumanus.

3041 4979 3391 5046 Caeterum
3418 4980 3683 5063 quantis
3720 5001 3870 5047 cum
3909 4980 4403 5049 difficultatibus
4430 4982 4641 5050 David
4670 4979 4765 5048 slis

2868 5085 2949 5130 ex
2994 5075 3186 5148 parte
3235 5065 3521 5131 luctatus
3576 5066 3682 5145 sit,
3739 5082 3807 5132 et
3859 5067 3929 5131 in
3988 5077 4268 5150 quantas
4318 5070 4655 5154 angustias
4691 5087 4762 5132 re-

2871 5149 3120 5232 dactus,
3166 5172 3366 5234 quum
3412 5149 3701 5235 undique
3746 5174 3785 5218 a
3831 5151 4032 5220 Saule
4067 5164 4515 5238 premeretur,
4559 5165 4649 5220 est
4684 5174 4761 5219 cx·

2868 5235 3308 5321 pendendum.
3392 5238 3650 5305 Dicitur
3685 5238 3905 5324 itaque
3949 5238 4112 5307 Saul
4158 5262 4290 5306 non
4328 5243 4555 5309 statim
4588 5259 4763 5307 accur·
