5059 6059
815 345 945 416 555

816 549 893 606 ut
958 539 1258 605 resistere
1328 558 1726 622 nequeamus
1790 534 2032 601 nostris
2105 534 2397 617 ipsorum
2470 533 2744 612 viribus,

817 634 1034 692 tamen
1076 644 1280 707 quum
1323 645 1441 709 pro
1485 623 1671 689 nobis
1713 621 1933 686 Deum
1993 619 2266 704 vigilare
2323 619 2623 696 sciamus,
2682 630 2749 685 et

817 719 1074 777 scutum
1119 705 1310 775 nobis
1351 730 1493 775 esse
1537 729 1612 776 ac
1656 707 2092 773 certissimum
2140 705 2405 786 vallum,
2446 705 2560 788 qui
2604 705 2747 771 ani·

816 817 958 862 mas
1002 796 1073 860 in
1116 795 1426 861 fasciculo
1466 793 1841 861 viventium
1884 792 2118 876 ligatas
2163 799 2382 857 servet
2439 799 2746 873 tanquam

816 901 1109 966 gemmas
1153 880 1669 964 pretiosissimas,
1713 878 2089 944 certissimis
2122 877 2265 943 istis
2301 876 2449 941 fulti
2484 876 2748 941 rationi-

818 968 937 1034 bus
980 966 1461 1047 concludamus,
1521 987 1625 1032 res
1680 965 1843 1031 istas
1900 973 2153 1030 creatas
2213 961 2519 1027 mortales
2578 961 2749 1027 nihil

815 1053 1129 1120 adversus
1171 1052 1389 1117 Deum
1437 1074 1638 1133 posse,
1700 1072 1775 1117 ac
1836 1047 2109 1132 proinde
2166 1068 2287 1112 nec
2330 1057 2560 1114 contra
2604 1068 2744 1126 nos,

815 1140 1088 1222 ideoque
1133 1139 1456 1221 praesenti
1499 1137 1717 1203 animo
1752 1135 2157 1202 vocationem
2186 1142 2476 1199 nostram
2520 1152 2748 1216 sequa-

815 1246 985 1302 mur,
1028 1223 1248 1289 Deum
1309 1223 1598 1307 persuasi
1655 1232 1956 1305 coeptum
2012 1220 2078 1285 in
2137 1220 2323 1284 nobis
2380 1240 2546 1303 opus
2601 1239 2746 1302 per·

813 1311 1156 1378 fecturum.
1257 1310 1399 1376 Nae
1448 1308 1641 1375 valde
1711 1307 1815 1372 his
1874 1304 2271 1386 temporibus
2347 1304 2531 1369 nobis
2590 1302 2748 1369 haec

816 1396 1111 1461 doctrina
1176 1395 1536 1461 necessaria
1595 1403 1727 1469 est,
1787 1391 2022 1475 quibus
2076 1391 2451 1474 experimur
2504 1399 2748 1471 quanto

814 1483 1035 1548 furore
1060 1481 1351 1546 veritatis
1392 1481 1614 1546 hostes
1637 1477 1717 1543 ad
1727 1499 1954 1544 versus
1996 1497 2118 1542 nos
2140 1477 2487 1559 insurgant
2507 1475 2744 1539 vitam-

816 1589 943 1652 que
988 1579 1275 1631 nostram
1321 1565 1403 1631 ad
1448 1575 1724 1631 mortem
1767 1572 2100 1647 quaerant,
2160 1573 2229 1626 et
2269 1561 2414 1626 dira
2455 1581 2748 1644 quaeque

815 1653 1225 1720 minitentur.
1322 1651 1500 1732 Quid
1561 1671 1714 1716 vero
1770 1648 1959 1714 nobis
2018 1646 2273 1713 miseris
2332 1648 2549 1726 fieret,
2625 1645 2746 1711 nisi

814 1758 1126 1825 praesens
1190 1737 1368 1803 istud
1432 1735 1794 1802 remedium
1855 1733 2234 1809 offerretur,
2316 1752 2552 1813 nempe
2617 1730 2748 1796 Dei

812 1823 1141 1909 potentia,
1200 1822 1283 1888 ad
1341 1844 1538 1907 quam
1591 1819 2043 1904 confugientes
2108 1818 2350 1883 scimus
2407 1837 2747 1901 nunquam

813 1911 1143 1977 desertum
1186 1908 1290 1985 iri,
1335 1908 1654 1992 siquidem
1691 1926 1959 1972 suorum
1983 1904 2167 1969 Deus
2212 1923 2549 1986 nunquam
2593 1902 2751 1968 obli-

811 1993 1127 2062 viscitur?
1189 1993 1372 2059 Licet
1425 1995 1648 2076 itaque
1693 1992 1832 2057 vita
1877 1999 2100 2056 nostra
2160 2010 2360 2072 parvo
2415 1997 2748 2053 momento

808 2081 1110 2148 videatur
1152 2077 1541 2146 auferenda:
1601 2100 1684 2144 ne
1743 2090 1962 2142 tamen
2022 2073 2394 2141 dubitemus
2452 2074 2614 2157 quin
2657 2073 2746 2138 sit

809 2167 1158 2249 tutissima,
1202 2165 1389 2232 cuius
1434 2164 1622 2230 Deus
1665 2162 1941 2228 tutelam
1984 2162 2299 2243 suscepit:
2355 2180 2486 2243 quo
2546 2159 2748 2224 fretos

812 2252 1058 2319 auxilio
1101 2261 1352 2317 certum
1411 2263 1508 2317 est
1554 2270 1675 2316 nos
1720 2254 2096 2315 constanter
2148 2245 2464 2312 adversus
2521 2265 2746 2315 omnes

809 2339 1116 2404 inimicos
1157 2349 1416 2402 nostros
1468 2344 1835 2403 certaturos
1893 2345 1961 2398 et
2016 2329 2246 2397 iisdem
2300 2330 2743 2409 insultaturos,

812 2426 1114 2507 viresque
1171 2431 1239 2487 et
1284 2421 1641 2504 potentiam
1700 2421 1993 2505 ipsorum
2050 2416 2330 2482 ludibrio
2385 2415 2743 2482 habituros.

810 2510 984 2576 Nam
1029 2506 1186 2592 quid
1230 2507 1407 2573 aliud
1450 2518 1604 2574 sunt
1648 2526 1843 2589 quam
1886 2504 2377 2585 homunciones,
2423 2503 2532 2584 qui
2578 2500 2742 2565 nihil

813 2604 1123 2682 possunt,
1187 2592 1730 2676 quemadmodum
1794 2599 1861 2656 et
1922 2589 2050 2655 alio
2128 2586 2412 2671 quodam
2492 2586 2742 2670 psalmo

863 2680 1133 2764 ropheta
1189 2679 1314 2743 ait:
1385 2678 1669 2744 Domine
1727 2677 1827 2742 fac
1883 2683 2111 2759 gentes
2168 2673 2380 2739 sciant
2435 2672 2746 2756 quoniam

812 2703 1114 2832 {omines
1157 2776 1334 2841 sunt,
1377 2763 1443 2828 id
1489 2774 1606 2842 est,
1653 2771 1835 2827 tuam
1882 2780 2110 2826 exsere
2152 2761 2491 2839 virtutem,
2535 2767 2604 2823 et
2645 2758 2746 2823 in·

811 2852 1064 2919 saniam
1105 2858 1394 2934 ipsorum
1429 2848 1693 2933 detege:
1738 2849 1837 2915 fac
1880 2844 2256 2929 intelligant
2293 2865 2364 2910 se
2396 2844 2746 2910 adversum

809 2958 937 3016 me,
995 2957 1188 3020 quem
1231 2935 1303 2999 in
1349 2935 1619 3001 tutelam
1669 2945 1853 2999 tuam
1908 2930 2273 3013 suscepisti,
2330 2929 2747 3013 insurgentes

810 3023 1010 3108 longe
1074 3022 1377 3105 opinione
1443 3042 1564 3086 sua
1628 3020 1782 3085 falli.
1873 3017 2014 3083 Nae
2079 3015 2138 3082 si
2197 3015 2435 3081 animis
2503 3015 2747 3081 nostris

812 3109 1008 3175 altius
1051 3106 1231 3173 istud
1277 3107 1552 3172 infixum
1611 3104 1829 3181 fuerit,
1883 3111 2421 3187 quantaecunque
2465 3110 2744 3184 tempes-

813 3201 984 3261 tates
1038 3193 1335 3258 oriantur
1353 3240 1369 3268 ,
1429 3191 1861 3256 nihilominus
1916 3187 2340 3271 imperterriti
2400 3207 2748 3272 pergemus

810 3282 880 3346 in
925 3279 1283 3355 vocatione,
1341 3278 1410 3342 in
1454 3277 1599 3341 Deo
1658 3275 2186 3359 conquiescentes
2243 3281 2551 3356 tanquam
2610 3291 2748 3337 cer·

813 3366 1069 3432 tissimo
1110 3363 1456 3448 praesidio,
1514 3371 1583 3427 et
1625 3383 1775 3427 eum
1819 3361 2216 3440 invocantes,
2273 3360 2367 3425 sic
2419 3372 2493 3424 ut
2549 3357 2748 3423 nullis

813 3451 1073 3519 casibus
1097 3500 1112 3527 ‚
1191 3450 1560 3532 quicunque
1624 3446 1976 3513 inciderint
1999 3496 2016 3524 ,
2098 3455 2456 3511 teneamur.
2572 3442 2747 3510 Sane

814 3539 1041 3614 fateor,
1103 3557 1229 3600 non
1289 3544 1591 3619 oportere
1649 3554 1770 3598 nos
1830 3541 2137 3615 tanquam
2197 3531 2467 3615 ignavos
2527 3528 2747 3595 obstu-

812 3642 1079 3706 pescere
1122 3634 1186 3686 et
1245 3630 1553 3703 tanquam
1598 3617 1894 3702 stupidos
1938 3617 2264 3682 desidere:
2322 3614 2517 3680 bruta
2571 3615 2749 3679 enim

814 3706 1165 3790 stupiditas
1230 3706 1423 3771 foret:
1505 3704 1622 3771 sed
1685 3715 1903 3769 tamen
1970 3703 2064 3769 sic
2125 3702 2379 3767 moveri
2442 3700 2748 3784 periculis

816 3790 1317 3858 imminentibus
1360 3792 1462 3856 aio
1509 3811 1627 3856 nos
1671 3799 1989 3872 oportere,
2045 3799 2123 3853 ut
2180 3795 2359 3854 certo
2415 3787 2489 3851 in
2532 3787 2750 3851 animo

818 3887 1200 3956 statuamus,
1244 3876 1459 3941 Deum
1499 3897 1684 3959 posse
1729 3873 2092 3941 remedium
2112 3872 2418 3940 omnibus
2446 3891 2750 3955 praesen-

819 3964 1148 4030 tissimum
1190 3961 1478 4027 adferre:
1520 3981 1802 4043 eumque
1846 3960 2142 4043 precibus
2187 3957 2467 4025 assiduis
2511 3957 2751 4025 sollici-

820 4061 1056 4131 temus,
1102 4046 1620 4131 quandoquidem
1664 4047 1905 4113 scimus
1947 4046 2164 4128 ipsum
2208 4064 2444 4110 causae
2487 4059 2753 4108 nostrae

815 4137 953 4201 fore
1010 4134 1416 4199 defensorem
1433 4182 1449 4210 ‚
1508 4154 1672 4215 quae
1729 4133 1933 4216 ipsius
1990 4129 2352 4198 certissima
2412 4127 2752 4194 voluntate

818 4222 1086 4287 nititur:
1158 4228 1655 4301 nostrarumque
1712 4238 1977 4301 precum
2037 4217 2318 4282 fructum
2385 4224 2752 4298 opportuno

819 4316 1109 4390 tempore
1153 4304 1644 4387 praestolemur.

985 4392 1281 4476 Pergens
1300 4388 1566 4475 Abigail
1612 4388 1874 4454 adiicit:
1928 4387 2134 4471 Quum
2165 4385 2482 4453 Dominus
2523 4387 2752 4452 consti-

817 4471 2755 4557 meritteducemsuperlsrael,nonerittibihocin

819 4563 1217 4648 offensionem
1230 4611 1247 4643 ,
1324 4561 1488 4645 quod
1579 4559 1876 4643 effuderis
1950 4559 2321 4643 sanquinem
2403 4557 2752 4624 innoxium.

820 4649 1039 4731 Quam
1086 4647 1318 4730 plenae
1360 4645 1718 4731 singularis
1760 4643 2093 4710 doctrinae
2133 4643 2355 4711 voces!
2414 4644 2589 4710 Nam
2632 4644 2751 4711 etsi

820 4733 1148 4800 Davidem
1210 4731 1476 4818 Abigail
1542 4731 1993 4815 alloquebatur
2015 4780 2031 4808 ,
2109 4751 2502 4813 causamque
2566 4749 2751 4796 suam

820 4819 995 4903 apud
1060 4820 1275 4901 ipsum
1343 4818 1611 4900 agebat:
1681 4829 1901 4882 tamen
1966 4836 2052 4880 ex
2106 4814 2385 4881 Davidis
2444 4836 2753 4898 responso

822 4904 1159 4990 apparebit
1221 4903 1402 4969 illam
1471 4903 1594 4968 Dei
1675 4903 1948 4985 spiritus
2028 4901 2316 4985 impulsu
2392 4899 2748 4983 loquutam.

825 4990 1216 5057 Generalem
1280 4991 1499 5073 itaque
1573 4987 1934 5055 doctrinam
2018 4987 2137 5053 boc
2215 4987 2352 5051 loeo
2433 4988 2751 5070 proponit,

825 5096 1080 5159 nempe,
1121 5093 1256 5142 ‘eos
1310 5076 1423 5159 qui
1480 5072 1741 5158 aliquod
1796 5073 2052 5139 facinus
2112 5070 2552 5148 admiserunt,
2627 5073 2749 5138 etsi

822 5160 1334 5228 misericordiam
1378 5183 1416 5225 a
1453 5161 1737 5226 Domino
1781 5166 2280 5240 consequantur,
2326 5156 2748 5224 nihilominus

820 5261 1041 5313 tamen
1097 5247 1529 5313 conscientiae
1586 5244 1873 5312 stimulis
1923 5244 2149 5329 pungi,
2209 5252 2276 5308 et
2341 5254 2748 5327 peccatorum

2478 344 2889 413 HOMILIA
2940 344 3127 411 XCI.
4604 349 4679 416 556

2851 532 3165 600 memoria
3222 531 3580 599 sollicitari.
3668 531 3784 600 Sic
3828 531 4197 615 Abigailem
4247 529 4524 597 videmus
4562 554 4681 617 pm-

2849 638 3214 704 supponere
3253 617 3579 682 Davidem
3624 630 4180 700 consequuturum
4227 638 4266 681 a
4291 616 4548 683 Domino
4578 640 4683 703 quae

2849 706 2916 771 in
2960 702 3298 789 promissis
3325 701 3625 784 babebat,
3673 723 4026 787 regemque
4047 702 4318 768 Israelis
4361 704 4689 773 constitutum

2851 792 2964 856 iri:
3010 802 3078 855 et
3124 800 3342 854 tamen
3389 789 3640 854 interea
3682 788 3838 853 dicit
3863 809 4033 865 eum,
4077 789 4135 852 si
4179 786 4352 872 quod
4377 788 4586 856 facinus
4617 793 4690 857 sd·

2852 877 3129 952 miserit,
3190 874 3495 958 deinceps
3552 874 3703 940 facti
3762 874 4160 958 poenitentia
4222 873 4481 939 ductum
4526 876 4612 955 iri,
4650 891 4693 943 et

2851 963 2943 1026 ita
2988 982 3211 1046 pacem
3257 972 3325 1024 et
3370 959 3919 1042 tranquillitatem
4025 981 4176 1025 uam
4220 961 4349 1043 ipsi
4394 958 4550 1025 Deus
4591 982 4693 1028 eon·

2848 1046 3152 1126 cedebat,
3236 1045 3691 1129 perturbatum
3772 1046 3873 1111 iri.
4039 1045 4099 1111 ic
4180 1045 4404 1128 itaque
4469 1044 4694 1114 docemur

2850 1135 3200 1217 perfectam
3243 1142 3531 1196 nostram
3578 1131 4049 1197 beatitudinem
4109 1139 4176 1196 et
4224 1130 4573 1196 felicitatem
4605 1153 4698 1199 esse

2850 1218 3312 1284 conscientiam
3361 1227 3622 1295 rectam,
3679 1216 3930 1282 nullius
3984 1216 4109 1282 sibi
4168 1215 4466 1281 facinoris
4515 1230 4605 1282 aut
4634 1220 4700 1283 in·

2849 1305 3059 1369 iuriae
3116 1304 3414 1387 cuiquam
3472 1302 3697 1367 illatae
3739 1302 4089 1378 consciam,
4146 1301 4262 1368 sed
4319 1322 4434 1366 sua
4480 1322 4541 1367 se
4585 1304 4703 1369 inte·

2851 1394 3088 1475 gritate
3131 1400 3200 1454 et
3241 1388 3617 1454 sinceritate
3660 1386 3833 1471 apud
3879 1388 4096 1453 Deum
4142 1398 4207 1452 et
4251 1388 4534 1452 homines
4570 1403 4701 1454 tuen·

2852 1487 3003 1541 tem.
3093 1474 3239 1541 Etsi
3282 1474 3494 1539 fateor
3552 1474 3849 1538 homines
3909 1473 4393 1557 integerrimos,
4447 1474 4496 1536 si
4547 1494 4705 1539 coram

2852 1562 2991 1627 Deo
3036 1562 3210 1626 vitae
3267 1581 3424 1626 suae
3491 1559 3807 1624 rationem
3866 1558 4141 1624 reddere
4203 1568 4529 1642 cogantur,
4580 1559 4705 1625 millo

2851 1659 3257 1731 peccatorum
3302 1666 3447 1711 reos
3490 1646 3660 1709 foro:
3707 1666 3783 1711 ac
3828 1643 4103 1728 proinde
4148 1642 4230 1708 ad
4273 1645 4477 1728 ipsius
4515 1645 4703 1710 miseri·

2850 1733 3135 1799 cordiam
3190 1732 3348 1815 ipsis
3404 1750 3548 1797 esse
3604 1730 4131 1814 confugiendum,
4189 1739 4255 1795 et
4314 1751 4459 1795 cum
4513 1728 4709 1796 Davids

2850 1816 3336 1903 agnoscendum
3393 1816 3595 1882 solam
3657 1815 3941 1881 bominis
3997 1815 4343 1881 christiani
4403 1814 4706 1881 felicitatem

2850 1926 2990 1971 esse
3034 1905 3310 1987 positam
3355 1903 3424 1967 in
3450 1902 3676 1967 divina
3709 1901 4080 1982 clementia,
4125 1920 4252 1984 qua
4272 1909 4531 1985 peccata
4551 1913 4712 1967 unsa-s

2848 1989 3265 2074 sepeliuntur,
3323 1999 3389 2053 et
3430 1987 3742 2053 oblivioni
3786 1986 4137 2052 traduntur
4196 2008 4277 2052 ne
4333 1987 4404 2051 in
4460 1987 4710 2051 rationem

2849 2076 3129 2159 amplius
3187 2094 3405 2141 coram
3459 2073 3601 2156 ipso
3657 2074 3943 2139 veniant.
4050 2072 4302 2138 Verum
4377 2072 4457 2137 de
4504 2072 4716 2156 integri·

2849 2171 2982 2226 tate
3027 2160 3355 2244 loquimur
3404 2181 3482 2224 ea
3525 2179 3655 2242 qua
3713 2160 3885 2224 inter
3941 2158 4239 2224 homines
4296 2178 4714 2236 conversamur,

2848 2247 3094 2312 nemini
3148 2245 3445 2311 volentes
3502 2244 3815 2310 iniuriam
3874 2245 4208 2320 facientes,
4262 2263 4478 2327 neque
4527 2244 4717 2307 malum

2848 2333 3019 2398 malo
3043 2341 3408 2415 pensantes,
3440 2351 3653 2413 neque
3681 2330 3962 2395 inimicis
3991 2350 4108 2411 pro
4137 2330 4390 2395 meritis
4419 2327 4718 2410 rependen-

2848 2429 2966 2495 tes,
2990 2430 3105 2482 aut
3129 2415 3463 2482 fraudibus
3488 2426 3556 2480 et
3591 2416 3838 2498 rapinis
3865 2414 4111 2497 aliquid
4140 2421 4620 2498 extorquentes:
4642 2412 4720 2479 sed

2849 2505 3067 2587 potius
3112 2502 3281 2568 bono
3326 2502 3570 2567 malum
3594 2508 4110 2584 compensantes.
4178 2502 4371 2567 Tunc
4407 2520 4557 2568 sane
4592 2501 4721 2582 quie-

2850 2603 2983 2653 tam
3029 2599 3094 2654 et
3136 2587 3557 2670 tranquillam
3604 2588 3812 2651 vitam
3872 2606 4162 2672 agemus,
4221 2598 4289 2652 et
4344 2586 4587 2669 amplae
4634 2584 4721 2649 lae·

2851 2676 3036 2739 titiae
3080 2673 3356 2739 materia
3399 2672 3586 2738 nobis
3628 2671 3958 2752 offeretur,
4016 2692 4236 2755 quum,
4298 2673 4415 2738 vel
4458 2674 4590 2754 ipso
4625 2670 4727 2734 Deo

2851 2769 3037 2837 teste,
3085 2759 3273 2825 nobis
3320 2758 3486 2824 bene
3531 2758 3776 2824 conscii
3822 2756 4157 2839 fuerimus,
4208 2758 4427 2825 officio
4472 2778 4581 2822 nos
4614 2776 4724 2840 erga

2851 2846 3222 2929 proximum
3267 2845 3639 2910 satisfacere
3685 2843 3974 2909 voluisse
4017 2843 4088 2908 in
4133 2846 4313 2909 omni
4376 2843 4729 2926 simplicitate

2851 2941 2919 2997 et
2963 2952 3170 3013 neque
3213 2930 3472 2994 iniuriis
3511 2950 3718 3012 neque
3754 2928 4094 2995 fraudibus
4131 2931 4472 3013 proximos
4504 2929 4725 2992 laesisse.

2851 3017 3102 3083 Contra
3145 3022 3396 3081 certum
3441 3025 3558 3093 est,
3602 3014 3897 3080 conscios
3941 3014 4066 3080 sibi
4089 3013 4493 3081 iniuriarum
4532 3023 4593 3079 et
4626 3034 4732 3078 con·

2852 3102 3293 3180 tumeliarum,
3354 3101 3728 3184 rapinarum
3776 3111 3842 3164 et
3899 3099 4167 3180 fraudis,
4225 3101 4389 3167 licet
4448 3100 4624 3165 rebus
4661 3118 4729 3161 se-

2851 3186 3082 3255 cundis
3128 3195 3418 3266 utantur,
3461 3185 3895 3253 conscientiae
3940 3194 4160 3251 tamen
4205 3186 4499 3252 stimulis
4538 3203 4731 3267 semper

2850 3274 3092 3358 urgeri,
3139 3283 3213 3339 ut
3252 3273 3322 3338 in
3350 3291 3609 3337 summa
3650 3292 3870 3338 rerum
3916 3270 4326 3338 abundantia
4371 3270 4731 3337 nibilominus

2850 3359 3119 3424 tristitia
3203 3366 3268 3423 et
3355 3377 3649 3422 moerore
3732 3357 4235 3440 praeteritorum
4341 3357 4733 3423 conficiantur.

2850 3443 3291 3527 Quamobrem
3338 3442 3664 3508 discamus
3707 3461 3864 3526 erga
3887 3442 4218 3525 proximos
4257 3443 4361 3508 ita
4383 3463 4504 3508 nos
4542 3460 4732 3525 gerere,

2849 3551 2934 3594 ne
2989 3531 3135 3613 quis
3190 3528 3271 3593 de
3328 3528 3518 3593 nobis
3572 3527 4012 3612 conquerendi
4070 3529 4484 3594 occasionem
4538 3525 4733 3596 habent

2849 3615 3015 3699 quod
3063 3613 3455 3681 contumelia
3498 3613 3602 3679 vel
3645 3612 3907 3678 iniuriis
3950 3612 4136 3678 illum
4183 3614 4612 3680 affecerimus.
4678 3610 4731 3675 In

2849 3701 3082 3786 primis
3127 3710 3349 3765 autem
3382 3700 3461 3765 ab
3493 3700 3670 3766 omni
3714 3699 4029 3766 violentia
4050 3699 4526 3776 abstineamus,
4554 3707 4613 3762 et
4634 3715 4734 3761 esn-

2850 3787 3116 3872 guinem
3162 3786 3501 3851 bominum
3538 3783 3873 3850 effundere
3907 3805 4298 3851 caveamus:
4349 3794 4427 3851 ut
4467 3795 4666 3869 pacata
4694 3791 4737 3844 st

2852 3871 3207 3955 tranquilla
3266 3869 3694 3948 conscientia,
3775 3869 3899 3935 Dei
3965 3869 4155 3936 donis
4230 3872 4373 3948 uti,
4450 3870 4571 3936 frui
4637 3866 4734 3931 sine

2851 3957 3283 4024 conscientiae
3339 3975 3580 4033 morsu,
3640 3965 3707 4019 et
3764 3958 3906 4021 sine
3964 3955 4103 4021 ulla
4161 3955 4618 4040 inquietudine
4668 3947 4735 4016 vel

2854 4041 3319 4128 impedimento
3365 4043 3707 4125 possimus.
3794 4041 3936 4107 Ista
3978 4040 4180 4124 igitur
4240 4040 4585 4107 retinenda
4631 4049 4737 4103 sunt

2853 4152 2937 4195 ex
2982 4128 3198 4195 verbis
3232 4127 3360 4193 illis
3382 4126 3729 4211 Abigailis,
3772 4126 4007 4210 quibus
4053 4127 4462 4194 nominatim
4480 4123 4735 4192 Davidm

2856 4215 3177 4293 admonet,
3235 4214 3327 4277 uti
3381 4211 3461 4277 ab
3504 4213 3748 4278 iniuria
3788 4224 3856 4276 et
3895 4212 4239 4295 sanguinis
4304 4214 4613 4279 effusione
4654 4206 4732 4274 sibi

2854 4310 3101 4379 caveat,
3161 4307 3229 4365 ut
3273 4320 3475 4382 quum
3520 4297 3603 4362 ad
3647 4299 3896 4382 regiam
3953 4297 4354 4382 dignitatem
4412 4292 4734 4383 pervenerit.

2854 4385 3054 4451 nullis
3106 4385 3539 4451 conscientiae
3596 4384 3876 4449 stimulis
3936 4395 4304 4467 prematur,
4367 4397 4619 4468 propter
4656 4378 4733 4443 hn-

2855 4492 3123 4537 manum
3167 4471 3555 4552 sanguinem
3598 4470 3897 4534 effusum.
3963 4469 4173 4534 Porro
4194 4491 4411 4554 quum
4433 4469 4513 4537 de
4533 4470 4731 4535 humum

2854 4557 3197 4641 sanguinis
3250 4556 3565 4621 effusione
3614 4554 3720 4622 hic
3779 4563 4015 4639 agatur
4031 4605 4047 4634 ,
4106 4553 4571 4628 observemus,
4619 4546 4731 4635 qnod

2853 4641 3401 4727 quemadmodum
3469 4639 3694 4706 Abelis
3772 4640 4042 4723 sanguis
4120 4641 4458 4708 adversus
4530 4641 4727 4705 fram

2854 4728 3211 4796 vindictam
3258 4748 3296 4792 a
3342 4725 3629 4792 Domino
3675 4726 4081 4810 efflagitavit,
4143 4726 4245 4793 sic
4306 4729 4508 4794 etiam
4546 4727 4659 4791 fore
4687 4727 4729 4783 ul

2854 4815 2911 4881 si
2951 4814 3201 4897 aliquos
3243 4812 3485 4877 iniuria
3528 4811 3955 4890 affecerimus,
4016 4811 4129 4894 qui
4191 4822 4427 4878 tamen
4480 4832 4597 4877 non
4628 4826 4727 4874 ouu-

2853 4910 3240 4983 querantur,
3302 4896 3404 4965 vel
3465 4899 3657 4962 etiam
3712 4898 3881 4963 caesi
3929 4897 4181 4962 fuerint
4200 4947 4218 4980 ,
4282 4920 4467 4964 mors
4514 4899 4729 4981 ipsorum

2853 4996 2919 5051 et
2960 4984 3231 5068 sanguis
3274 4982 3673 5048 sufficienter
3716 4982 3889 5065 apud
3932 4982 4153 5048 Deum
4200 4985 4641 5058 vociferentur.
4676 4971 4725 5040 ⁸³

2854 5093 2971 5136 nos
3015 5069 3410 5137 accusandos
3474 5077 3541 5133 et
3583 5068 4068 5134 convincendos
4110 5087 4349 5136 coram
4394 5069 4547 5148 Deo,
4583 5075 4637 5132 et
4662 5061 4725 5129 in-

2854 5155 3260 5222 excusabiles
3318 5117 3701 5220 reddendos.
3801 5152 4255 5236 Quamobrem
4320 5158 4465 5222 istis
4528 5151 4725 5218 habens

2853 5241 3143 5308 fiaenari
3183 5239 3577 5324 cupiditates
3599 5247 3859 5306 nostras
3879 5249 4155 5325 oportet,
4190 5249 4277 5307 ut
4314 5243 4490 5310 inter
4508 5236 4721 5306 homines
