5059 6059
330 278 440 344 177

1611 274 1712 339 ΙΝ
1757 274 1811 340 1.
1855 274 2039 341 LIB.
2082 272 2485 342 SAMUEL.
2530 274 2730 344 GAP.
2774 275 2968 343 XVI.

4161 278 4286 349 178

324 475 386 533 ct
422 462 920 549 negligentiores
962 462 1032 528 in
1090 463 1232 546 ipso
1292 461 1656 529 invocando
1711 464 1968 530 fiamus.
2055 463 2236 549 Ergo
2338 464 2586 530 malum
2667 461 2942 531 Saulem
3017 486 3102 530 ex
3191 464 3386 533 'tare:
3474 485 3641 550 quae
3728 465 3896 532 duae
3972 466 4282 550 loquendi

320 553 462 620 licet
502 549 789 633 persuasi
824 549 1032 616 simus
1067 548 1197 614 Dei
1233 547 1536 630 spiritum
1574 570 1715 615 esse
1751 549 1937 615 nobis
1981 560 2233 616 certum

321 639 542 724 pignus
582 633 1017 718 perficiendae
1057 636 1128 699 in
1172 633 1361 699 nobis
1405 636 1577 700 vitae
1621 646 1944 716 aeternae,
2011 645 2232 702 tamen

320 720 679 790 ardentibus
735 720 1037 803 precibus
1094 719 1444 804 petendum
1502 740 1542 786 a
1586 721 1891 799 Domine,
1951 730 2027 786 ut
2083 742 2232 787 eum

318 811 380 876 in
430 806 609 873 nobis
665 808 1022 890 continuet,
1088 819 1156 871 et
1209 826 1293 871 nc
1359 826 1647 889 unquam
1713 807 1985 873 auferat.
2099 804 2233 876 Sed

318 903 620 979 quatenus
685 892 953 976 spiritus
1019 891 1101 957 de
1165 890 1351 956 donis
1410 890 1913 975 particularibus
1972 891 2229 971 dicitur,

314 1000 468 1064 quae
518 978 597 1044 ad
658 979 947 1044 muneris
1009 977 1285 1044 alicuius
1349 976 1751 1043 functionem
1816 979 1884 1043 in
1944 979 2227 1063 aliquem

315 1066 740 1145 conferuntur,
796 1083 986 1148 posse
1038 1062 1456 1130 abutentibus
1514 1063 1712 1128 adimi
1772 1064 2074 1149 sciamus,
2120 1065 2227 1130 vel

310 1152 397 1217 ita
448 1150 725 1234 sepeliri,
784 1161 860 1215 ut
913 1147 1096 1214 nulla
1148 1150 1237 1213 sit
1294 1149 1557 1216 virtutis
1613 1149 1864 1232 reliqua
1922 1150 2225 1217 scintilla.

310 1241 517 1321 Atque
561 1236 671 1301 hic
712 1246 815 1301 est
859 1234 1204 1301 verborum
1246 1234 1544 1312 istorum,
1603 1236 1904 1317 spiritum
1953 1236 2081 1302 Dei
2125 1257 2230 1302 re-

306 1323 562 1389 cessisse
607 1342 647 1386 a
689 1319 909 1402 Saule,
952 1321 1277 1404 genuinus
1319 1341 1570 1387 sensus.
1640 1319 1819 1388 Sane
1854 1322 2229 1405 quotidiana

306 1408 706 1492 experientia
750 1407 939 1473 docet
985 1408 1136 1474 hinc
1178 1406 1324 1471 fieri
1380 1418 1454 1472 ut.
1510 1408 1899 1474 astutissimi
1943 1419 2011 1472 et
2051 1407 2229 1474 calli-

305 1494 541 1560 dissimi
601 1493 844 1577 quique
909 1492 1503 1577 deprehendantur,
1569 1502 1637 1557 ει
1699 1492 2000 1558 omnibus
2064 1495 2229 1559 fiant

302 1578 816 1662 contemptibiles
884 1588 951 1644 ει
1013 1577 1304 1658 ridiculi;
1371 1576 1541 1662 quod
1599 1577 1807 1643 multa
1862 1591 2106 1644 temere
2162 1590 2231 1644 et

299 1664 1064 1748 inconsiderategerant,
1109 1684 1277 1747 quae
1321 1664 1431 1729 vix
1477 1664 1848 1729 stultissimi
1895 1663 2101 1732 habiti
2147 1666 2229 1730 ab

297 1750 668 1816 hominibus
727 1751 1033 1830 fecerint,
1097 1750 1240 1816 Deo
1307 1751 1398 1816 sic
1462 1749 1722 1814 illorum
1790 1752 2227 1835 arrogantiam

299 1845 741 1920 persequente,
800 1846 880 1900 ut
920 1834 1396 1901 inconsiderate
1450 1846 1517 1900 et
1560 1846 1805 1900 temere
1848 1837 2068 1902 omnia
2112 1837 2229 1903 ad-

294 1922 691 1988 ministrent.
778 1920 956 2003 Quid
1013 1922 1110 1986 ita
1165 1920 1360 1987 vero?
1451 1918 1641 2002 Quod
1688 1922 2000 1986 nimirum
2047 1923 2229 1987 Deus

293 2008 451 2091 ipsis
494 2009 805 2090 spiritum
848 2017 1150 2072 sanctum
1185 2026 1377 2071 suum
1416 2006 1759 2071 ademerit:
1808 2009 2226 2090 quemadmo-

292 2093 442 2158 dum
482 2095 683 2160 etiam
709 2091 1035 2158 Dominus
1078 2090 1250 2174 apud
1288 2092 1527 2158 Isaiam
1573 2090 1747 2169 dicit,
1792 2113 1863 2157 se
1903 2093 2228 2177 sapientes

292 2178 361 2244 in
405 2179 612 2246 oculis
657 2180 795 2246 suis
840 2178 1299 2261 depressarum
1344 2190 1410 2244 et
1453 2177 1941 2255 infatuaturum,
1988 2190 2054 2243 et
2095 2193 2229 2243 stu-

291 2285 447 2347 pore
505 2284 968 2349 percussurum
1029 2277 1097 2329 et
1155 2264 1631 2330 inebriaturum
1689 2261 1926 2341 furore,
1981 2277 2056 2329 ut
2097 2264 2230 2330 sint

286 2351 496 2417 instar
540 2351 850 2417 ferarum.
940 2349 1149 2415 Cuius
1191 2370 1346 2434 ergo
1393 2369 1590 2414 manu
1634 2349 1777 2413 fieri
1821 2350 1949 2415 ista
1993 2350 2232 2415 dixeri-

285 2457 451 2517 mus,
497 2437 629 2502 nisi
654 2436 780 2500 Dei
824 2434 1124 2513 vindicis,
1170 2445 1238 2500 et
1278 2435 1581 2519 spiritum
1627 2453 1817 2499 suum
1863 2433 2227 2502 subducen-

284 2522 386 2602 tis,
431 2533 509 2589 ιιι
553 2543 595 2587 a
631 2521 833 2588 Saule
877 2523 1120 2586 factum
1164 2529 1284 2604 est,
1331 2532 1593 2604 propter
1637 2520 2223 2604 iugratitudinem?

285 2605 447 2674 Saul
492 2606 761 2691 quidem
805 2628 964 2672 sane
1009 2607 1324 2689 reprobus
1370 2607 1582 2673 factus
1624 2606 1837 2688 gratia
1879 2606 2006 2671 Dei
2050 2610 2223 2672 exci-

282 2693 396 2774 dit,
437 2694 558 2760 sed
606 2703 676 2759 et
718 2694 788 2757 in
833 2693 980 2759 aliis
1022 2692 1196 2758 idem
1240 2694 1439 2758 etiam
1483 2691 1822 2776 contingit,
1860 2693 2222 2758 cuiusmodi

281 2779 664 2864 exemplum
706 2778 925 2845 David
971 2780 1113 2862 ipse
1156 2779 1224 2844 in
1268 2799 1410 2845 sese
1455 2775 1760 2854 ostendit,
1802 2778 1911 2860 qui
1958 2777 2224 2843 Psalmo

277 2865 355 2930 51
418 2864 871 2949 conqueritur,
928 2865 1117 2947 quasi
1174 2866 1258 2931 sit
1301 2886 1339 2928 a
1382 2864 1528 2928 Deo
1585 2863 1782 2946 plane
1835 2863 2115 2929 reiectus
2158 2876 2226 2928 et

279 2951 691 3035 reprobatus,
735 2972 811 3016 ac
855 2951 1124 3034 proinde
1170 2959 1472 3034 precatur
1517 2948 1755 3025 Deum,
1802 2961 1876 3014 ut
1920 2950 2044 3033 ipsi
2089 2950 2223 3015 lae·

279 3037 493 3102 titiam
556 3036 739 3101 illam
800 3036 1032 3101 salutis
1078 3057 1272 3119 quam
1317 3035 1472 3101 olim
1535 3033 1856 3100 habuerat
1900 3037 2221 3115 restituat,

277 3131 344 3187 ει
394 3124 648 3207 spiritu
712 3121 1033 3187 libertatis
1088 3122 1341 3188 induat.
1444 3121 1615 3186 Tum
1680 3121 1855 3185 enim
1922 3121 2092 3204 apud
2151 3142 2221 3187 se

274 3208 499 3275 David
546 3208 958 3291 expendebat
1001 3208 1212 3292 qualis
1254 3208 1483 3273 fuisset
1525 3206 1834 3288 quamdiu
1894 3206 2221 3273 horrendo

271 3293 381 3360 illo
444 3306 720 3377 peccato
773 3292 1087 3360 adversus
1130 3293 1358 3360 Uriam
1418 3292 1717 3369 admisso,
1783 3303 1853 3358 ει
1906 3293 2221 3359 adulterio

272 3400 422 3446 cum
469 3377 832 3458 Bersabee,
892 3378 1095 3445 veluti
1156 3391 1425 3445 veterno
1482 3378 1765 3460 quodam
1824 3378 2096 3446 obrutus
2154 3388 2223 3443 ει

269 3466 662 3550 consopitus
715 3467 944 3541 fuerat,
1004 3487 1238 3548 nempe
1281 3464 1409 3529 Dei
1468 3463 1658 3529 donis
1712 3476 1778 3530 ει
1819 3467 2033 3548 gratia
2074 3486 2221 3548 spo-

269 3551 493 3632 liatus,
557 3564 629 3617 et
681 3553 969 3617 omnium
1036 3551 1331 3616 dedecori
1374 3551 1730 3635 expositus,
1786 3563 1864 3615 ut
1906 3573 2037 3616 non
2084 3572 2219 3615 am·

268 3637 443 3720 plius
491 3636 614 3703 illo
660 3637 863 3703 libero
903 3638 1135 3720 spiritu
1181 3657 1373 3719 quem
1412 3650 1566 3702 ante
1602 3649 1939 3718 acceperat
1974 3639 2219 3701 fruere·

268 3737 410 3789 tur:
474 3743 637 3788 eum
695 3724 900 3808 igitur
943 3724 1065 3788 sibi
1112 3721 1294 3787 reddi
1339 3722 1618 3805 supplex
1663 3743 1701 3787 a
1743 3721 2028 3787 Domino
2070 3744 2217 3806 pos·

267 3810 458 3875 tulat.
535 3807 765 3889 Quare
809 3829 1009 3892 quum
1046 3808 1371 3874 Davidem
1417 3817 1674 3872 tantum
1720 3818 1785 3872 ει
1829 3808 2025 3872 talem
2070 3830 2216 3891 pro-

263 3895 551 3978 phetam
602 3895 696 3961 sic
739 3894 914 3979 loqui
958 3894 1278 3971 audimus,
1335 3892 1527 3978 quale
1572 3903 1863 3958 nostrum
1908 3902 2217 3976 putamus

256 4001 402 4047 esse
447 3981 770 4059 officium,
826 3992 896 4047 et
950 3991 1199 4063 quanta
1236 4000 1394 4046 cura
1436 3990 1504 4045 et
1546 3978 1982 4045 sollicitudine
2027 3980 2217 4045 nobis

255 4067 328 4130 in
373 4079 620 4133 nostra
663 4067 1001 4135 vocatione
1044 4063 1528 4140 ambulandum,
1578 4066 1919 4147 Deumque
1955 4065 2216 4131 assidue

133 4167 136 4174 ·
256 4151 738 4233 invocandum,
799 4163 874 4219 ut
931 4173 1054 4218 nos
1111 4153 1180 4216 in
1237 4151 1374 4218 dies
1417 4151 1553 4217 suis
1598 4152 1787 4216 donis
1832 4162 2106 4216 exornet
2150 4163 2214 4216 et

253 4237 324 4302 in
372 4239 737 4305 vocatione
771 4239 1131 4317 confirmet,
1166 4237 1478 4320 verbique
1513 4238 1616 4303 sui
1655 4238 1896 4302 virtute
1932 4238 2214 4318 roboret,

256 4323 475 4389 donec
524 4324 840 4389 ultimum
889 4326 1060 4389 vitae
1105 4336 1366 4389 nostrae
1410 4324 1609 4388 finem
1654 4322 2114 4406 attigerimus?

431 4410 539 4477 Et
601 4409 681 4475 de
739 4411 886 4476 istis
942 4408 1294 4486 hactenus:
1362 4429 1530 4492 quae
1595 4429 1786 4491 porro
1850 4419 2213 4492 sequuntur

255 4495 591 4577 quiddam
639 4496 888 4563 habent
930 4494 1350 4571 difficultatis,
1409 4506 1475 4559 et
1517 4494 1989 4576 quodammodo
2033 4496 2209 4559 inso-

253 4579 474 4647 lentia
523 4580 739 4647 videri
782 4593 1076 4665 possunt,
1121 4600 1375 4664 nempe,
1429 4591 1499 4644 et
1553 4580 1909 4663 mquabat
1955 4579 2212 4646 Saulem

250 4668 541 4748 spiritus
587 4688 854 4750 nequam
895 4689 939 4733 α
979 4666 1283 4734 Domino:
1348 4664 1635 4747 Quinam
1692 4667 1868 4730 enim
1914 4677 2130 4749 potest
2171 4686 2211 4730 a

251 4750 567 4819 Domino
628 4753 946 4837 proficisci
1003 4753 1276 4836 spiritns
1338 4750 1666 4836 nequam?
1752 4750 1970 4816 Deum
2031 4753 2206 4817 enim

252 4840 511 4905 scimus
579 4840 791 4904 omnis
849 4838 1001 4904 boni
1060 4840 1321 4915 fontem,
1383 4853 1450 4902 et
1504 4839 1750 4903 nullam
1809 4837 1874 4902 in
1921 4837 2208 4903 Domino

252 4944 402 4990 esse
449 4924 912 4990 confusionem
958 4945 1168 5007 neque
1209 4924 1642 5008 iniquitatem.
1731 4924 1955 5004 Quare
1998 4925 2209 4990 malus

249 5010 548 5092 spiritus
597 5010 764 5077 nihil
807 5031 847 5074 a
888 5011 1219 5078 contrario
1275 5011 1444 5076 bono
1508 5010 1741 5093 spiritu
1788 5007 1931 5074 Deo
1976 5019 2207 5093 potest,

250 5095 431 5177 quod
500 5099 750 5162 astutia
807 5117 926 5163 sua
984 5103 1199 5162 vertat
1255 5096 1323 5160 in
1388 5094 1656 5175 malum,
1722 5095 2030 5179 accipere.
2118 5096 2211 5161 Et

249 5191 492 5248 tamen
544 5193 774 5265 postea
816 5185 991 5249 servi
1038 5179 1259 5248 Saulis
1319 5180 1547 5248 dicunt
1589 5182 1892 5266 spiritum
1941 5182 2208 5249 Domini

472 5284 705 5341 Calvio&
733 5299 921 5354 opera.
996 5285 1113 5341 Vol.
1146 5285 1341 5340 XXX.

2337 549 2609 649 phrases
2653 550 3005 617 insolentes
3049 551 3118 616 vi
3167 563 3360 616 entur
3402 559 3471 616 et
3514 551 3967 637 blasphemae,
4024 553 4281 637 sibique

2334 637 2495 719 ipsis
2552 635 2953 715 contrariae,
3029 656 3235 719 quum
3310 658 3440 703 uno
3501 636 3641 703 loco
3697 637 3952 704 dicatur
4006 640 4278 722 spiritus

2333 722 2551 787 malus
2594 744 2634 789 a
2670 724 2989 788 Domino:
3034 722 3162 786 alio
3210 743 3386 800 vero,
3432 723 3702 806 spiritus
3747 723 3961 790 malus
3981 723 4279 792 Domini.

2333 804 2468 873 Sed
2529 808 2717 874 nulla
2773 808 2840 872 in
2900 808 3044 872 istis
3099 805 3523 892 blasphemia,
3591 808 3772 874 nulla
3835 813 4274 894 repugnantia

2333 914 2476 959 esse
2519 903 2969 979 cognoscetur,
3018 892 3075 958 si
3120 893 3778 961 animadverterimus
3820 916 3987 977 quae
4030 897 4121 962 sit.
4139 896 4277 963 Do·

2332 979 2495 1045 mini
2538 980 2830 1064 potentia
2873 979 2944 1044 in
2990 977 3283 1046 diabolos
3339 991 3405 1045 et
3448 981 3515 1045 in
3562 1001 3787 1047 omnes
3831 982 4121 1063 ipsorum
4164 1004 4273 1049 co·

2331 1074 2546 1142 natus,
2594 1086 2670 1133 ac
2714 1063 2960 1130 rabiem
3004 1076 3074 1130 et
3116 1065 3403 1131 furorem
3448 1068 3760 1149 ipsorum.
3848 1066 3990 1132 Nae
4032 1067 4088 1132 si
4124 1068 4274 1136 Deo

2330 1150 2424 1216 sic
2481 1151 2781 1218 inimicos
2841 1161 2908 1216 et
2965 1150 3361 1219 reluctantes
3421 1150 3712 1219 diabolos
3778 1152 4269 1234 arbitraremur,

2333 1245 2406 1301 ut
2451 1258 2580 1302 non
2626 1243 2955 1304 coerceret
2996 1236 3142 1301 illos
3200 1257 3319 1302 suo
3378 1237 3667 1321 imperio,
3726 1258 4051 1304 summam
4110 1240 4272 1322 ipsis

2331 1320 2843 1389 dominationem
2886 1333 2952 1387 et
2994 1321 3341 1405 imperium
3387 1323 3920 1405 adscriberemus,
3980 1334 4048 1390 ει
4095 1325 4272 1408 quod

2330 1407 2455 1472 Dei
2502 1409 2702 1474 unius
2744 1408 3081 1492 proprium
3126 1421 3227 1473 εει
3282 1408 3735 1487 tribueremus,
3792 1431 3923 1474 non
3981 1413 4126 1477 sine
4169 1412 4270 1477 in·

2330 1494 2513 1576 genti
2559 1505 2626 1560 et
2670 1492 3054 1560 detestanda
3112 1494 3544 1577 blasphemia.
3631 1493 3855 1576 Quare
3910 1496 4269 1562 tenendum

2330 1589 2428 1644 est·
2485 1577 2774 1646 diabolos
2834 1580 2928 1644 ita
2973 1578 3116 1644 Deo
3173 1580 3494 1646 subiectos
3537 1601 3699 1661 esse,
3757 1591 3831 1645 ιιι
3870 1581 4016 1648 εἰιιε
4058 1581 4272 1667 ipsius

2331 1666 2654 1747 permissu
2699 1665 2866 1730 nihil
2911 1685 3175 1731 movere
3217 1667 3505 1749 possint:
3551 1678 3618 1731 et
3660 1665 3812 1731 licet
3856 1666 4110 1733 malitia
4150 1690 4275 1734 sua

2329 1760 2398 1815 ει
2442 1751 2601 1817 vitio
2648 1750 2983 1834 depravati
3028 1751 3448 1835 corruptique
3506 1752 3660 1831 sint,
3719 1763 3939 1816 tamen
3985 1752 4128 1820 Deo
4173 1754 4273 1818 in·

2330 1836 2601 1917 servire,
2659 1858 2935 1920 quorum
2992 1857 3189 1920 opera
3247 1858 3363 1919 pro
3419 1859 3577 1903 suae
3640 1837 3997 1904 voluntatis
4041 1848 4271 1906 utatur

2330 1921 2627 2007 arbitrio,
2686 1933 2763 1988 ut
2821 1921 2990 1988 nihil
3046 1925 3264 1987 conari
3309 1924 3453 1988 sine
3496 1924 3703 2006 ipsius
3748 1924 4073 2005 permissu
4116 1946 4273 2011 pos-

2329 2007 2480 2074 sint.
2548 2007 2649 2073 Ac
2682 2008 2834 2074 licet
2871 2008 3131 2091 proprio
3175 2010 3395 2074 furore
3438 2023 3664 2074 contra
3690 2010 3810 2074 Dei
3857 2009 4269 2079 voluntatem

2330 2091 2652 2172 ferantur,
2698 2095 2966 2177 eiusque
3010 2093 3285 2177 gloriam
3330 2096 3678 2161 obscurare
3722 2095 4035 2175 nitantur,
4079 2098 4271 2165 iusti·

2332 2178 2619 2262 tiamque
2663 2199 3078 2261 corrumpere
3121 2192 3188 2244 et
3230 2181 3494 2246 inanem
3530 2179 3837 2247 reddero:
3882 2203 4016 2247 non
4049 2192 4269 2250 tamen

2330 2263 2736 2331 voluntatem
2795 2265 3104 2348 perficere
3163 2286 3371 2348 posse,
3415 2287 3629 2349 neque
3688 2268 3884 2332 etiam
3943 2290 4084 2334 sese
4127 2290 4267 2336 mo·

2332 2371 2502 2428 vere,
2541 2352 2665 2416 nisi
2703 2361 3020 2434 quantum
3059 2362 3124 2415 et
3158 2364 3482 2433 quatenus
3515 2353 3648 2417 illis
3683 2352 3913 2418 divina
3947 2357 4273 2436 permittit

2329 2437 2639 2518 potentia.
2729 2435 3149 2519 Quapropter
3195 2435 3544 2520 diligenter
3602 2448 3703 2504 εει
3762 2439 3926 2504 haec
3970 2438 4270 2507 doctrina

2334 2520 2710 2588 meditanda
2753 2535 2817 2588 et
2863 2523 3097 2589 animis
3145 2524 3386 2589 nostris
3422 2522 3772 2608 infigenda,
3810 2524 3952 2590 sine
3990 2546 4119 2608 qua
4139 2525 4269 2593 Dei

2332 2607 2639 2673 maiestas
2684 2619 2752 2673 ct
2793 2608 3005 2693 gloria
3046 2630 3173 2673 non
3219 2608 3628 2674 subsisteret:
3690 2630 3921 2693 nempe
3980 2610 4269 2679 diabolos

2332 2712 2474 2757 esse
2517 2693 2612 2757 ita
2634 2694 2925 2760 Domino
2969 2692 3283 2771 subditos,
3327 2706 3403 2760 ut
3444 2694 3550 2760 vel
3596 2696 3842 2762 invitos
3884 2696 4010 2779 ipsi
4055 2699 4267 2765 inser·

2332 2778 2475 2843 vire
2519 2787 2834 2863 oporteat,
2894 2789 2962 2844 et
3014 2780 3167 2846 licet
3210 2779 3627 2860 reluctantes,
3686 2781 3826 2847 eius
3882 2791 4103 2848 tamen
4147 2804 4267 2849 vo-

2329 2862 2651 2929 luntatem
2698 2876 2764 2930 et
2806 2864 3138 2933 decretum
3185 2868 3513 2951 perficere.
3601 2867 3702 2932 Ao
3745 2888 3905 2933 sane
3948 2866 4264 2951 quidquid

2329 2947 2571 3015 diaboli
2614 2950 2962 3018 adversum
3022 2971 3142 3016 nos
3190 2953 3528 3034 potestatis
3572 2952 3818 3017 habent
3860 2952 3931 3016 in
3977 2975 4052 3018 eo
4095 2957 4264 3037 posi·

2330 3046 2467 3100 tum
2535 3048 2638 3102 est
2700 3047 2774 3102 ιιι
2838 3059 2957 3102 nos
3021 3036 3310 3105 cladibus
3375 3037 3602 3103 multis
3665 3038 4020 3122 flagellent,
4089 3039 4263 3108 unde

2326 3142 2752 3206 quaecunque
2807 3122 3085 3189 adversa
3141 3123 3447 3206 patimur,
3506 3123 3766 3208 flagella
3809 3125 4261 3192 nominantur.

2327 3211 2437 3273 An
2477 3228 2633 3273 vero
2657 3208 3059 3274 diabolorum
3096 3230 3174 3274 ea
3210 3221 3309 3273 est
3342 3219 3647 3292 potestas,
3696 3218 3769 3274 ut
3803 3230 3921 3275 nos
3945 3221 4261 3292 tanquam

2324 3314 2477 3359 suas
2536 3307 2867 3361 creaturas
2926 3308 2990 3360 et
3043 3294 3167 3361 sibi
3211 3294 3507 3361 subditos
3549 3293 3870 3377 puniant?
3955 3295 4261 3363 Profecto

2325 3380 2564 3444 misera
2627 3378 2982 3462 hominum,
3047 3381 3102 3446 si
3162 3401 3232 3446 se
3286 3402 3393 3446 res
3449 3381 3543 3444 ita
3608 3379 3905 3459 haberet,
3972 3382 4259 3450 conditio

2324 3476 2513 3530 esset.
2604 3463 2747 3532 Scri
2799 3477 2950 3530 tura
3012 3466 3220 3550 igitur
3286 3485 3440 3533 voce
3504 3465 3621 3530 illa
3677 3466 3945 3548 spiritus
4002 3468 4159 3534 mali
4216 3491 4261 3535 a

2322 3548 2627 3630 Domino,
2676 3573 2756 3617 ve
2830 3552 3115 3628 Domini,
3163 3553 3388 3631 utitur,
3433 3561 3505 3615 ut
3548 3551 3849 3617 ostendat
3874 3553 4090 3618 Deum
4124 3554 4261 3620 illis

2321 3647 2635 3719 tanquam
2679 3636 2956 3721 flagellis
2995 3638 3088 3702 uti
3125 3637 3205 3702 ad
3244 3648 3618 3703 nostrarum
3662 3641 4258 3722 transgressionum

2322 3723 2797 3789 coercitionem.
2899 3721 3123 3803 Quare
3181 3745 3382 3806 quum
3444 3743 3483 3786 a
3548 3722 3820 3789 diabolis
3878 3724 4257 3809 affligimur,

2321 3830 2406 3873 ne
2449 3809 2900 3874 existimemus
2947 3809 3214 3873 Domini
3273 3830 3543 3875 manum
3599 3831 3728 3874 non
3775 3830 3917 3875 esse
3961 3814 4256 3893 superio·

2321 3914 2492 3972 rem:
2559 3893 2671 3959 sed
2737 3896 3015 3960 sciamus
3081 3895 3299 3978 potius
3365 3893 3650 3961 diabolos
3713 3914 3855 3962 esse
3932 3905 4251 3980 tanquam

2321 3978 2592 4063 flagella,
2651 3979 2888 4064 quibus
2928 3979 3009 4045 ad
3057 4002 3176 4045 nos
3222 3979 3546 4045 feriendos
3591 3979 3774 4047 Deus
3819 3982 4046 4050 utitur.
4136 3982 4252 4051 Sic

2318 4086 2475 4149 ergo
2512 4066 2751 4131 dicitur
2786 4086 2824 4129 a
2850 4067 3135 4132 Domino
3179 4067 3376 4132 fuisse
3420 4066 3689 4148 spiritus
3732 4067 3843 4133 ille
3886 4067 4097 4134 malus
4133 4070 4250 4151 qui

2319 4150 2588 4216 Saulem
2634 4152 3014 4236 exagitavit,
3070 4162 3138 4217 ει
3182 4161 3424 4234 postea,
3481 4151 3680 4217 fuisse
3724 4154 3991 4236 spiritus
4034 4153 4251 4220 malus

2317 4235 2621 4302 Domini:
2689 4259 2821 4302 non
2867 4236 3037 4320 quod
3083 4259 3124 4302 a
3169 4240 3308 4303 Deo
3352 4238 3597 4302 malum
3657 4237 4074 4320 processerit:
4132 4239 4248 4305 sed

2315 4322 2487 4405 quod
2532 4322 2790 4403 diaboli,
2830 4344 3014 4388 suam
3063 4324 3211 4389 licet
3254 4323 3326 4387 in
3371 4345 3441 4388 se
3487 4322 3802 4389 malitiam
3848 4324 4247 4403 contineant,

2313 4409 2505 4474 inviti
2552 4420 2769 4473 tamen
2815 4420 2948 4474 tam
2995 4410 3191 4475 arctis
3249 4409 3521 4475 habenis
3565 4429 3603 4473 a
3650 4407 3792 4473 Deo
3846 4419 4248 4492 coercentur,

2313 4505 2389 4559 ut
2430 4494 2557 4577 ipsi
2602 4495 2980 4572 inserviant,
3039 4506 3104 4560 et
3147 4496 3303 4578 ipsis
3349 4493 3431 4560 ad
3478 4494 3775 4559 homines
3819 4493 4244 4579 flagellandos

2313 4592 2378 4644 ει
2435 4579 2848 4663 castigandos
2907 4589 3148 4648 utatur.
3237 4579 3412 4648 Sane
3471 4601 3670 4664 quum
3717 4580 3798 4642 de
3846 4579 3985 4644 Deo
4029 4581 4246 4662 qualis

2311 4667 2380 4730 in
2424 4686 2495 4730 sc
2540 4679 2642 4731 est
2684 4665 3028 4748 loquimur,
3065 4666 3400 4733 sciendum
3438 4677 3538 4730 est
3574 4664 3762 4728 illum
3800 4664 4010 4729 solum
4048 4686 4245 4731 suum

2308 4752 2378 4816 in
2436 4772 2506 4816 se
2565 4751 2868 4835 spiritum
2929 4752 3187 4833 habere,
3244 4750 3783 4835 quemadmodum
3844 4749 4093 4817 Paulus
4150 4753 4247 4816 ait

2313 4837 2369 4903 1.
2418 4836 2713 4903 Corinth.
2762 4837 2843 4903 12
2904 4838 3219 4903 donorum
3285 4838 3408 4902 Dei
3467 4857 3607 4901 esse
3668 4837 4068 4914 varietatem,
4125 4836 4243 4904 sed

2312 4944 2514 4988 unum
2573 4934 2639 4988 et
2703 4923 2981 4990 eundem
3047 4924 3368 5007 spiritum,
3431 4921 3819 4987 efficientem
3886 4923 4106 4986 omnia
4168 4923 4243 4989 in

2309 5007 2632 5075 omnibus.
2720 5008 2854 5077 Scd
2900 5030 3099 5093 quum
3146 5010 3226 5076 de
3271 5007 3440 5074 malo
3490 5008 3743 5091 spiritu,
3806 5005 4095 5072 diabolos
4137 5007 4241 5073 in-

2310 5094 2682 5179 telligamus
2727 5107 2964 5161 natura
3006 5116 3123 5161 sua
3176 5105 3532 5178 corruptos,
3595 5094 3703 5176 qui
3764 5100 3982 5157 tamen
4027 5112 4069 5156 a
4109 5091 4245 5160 Do·

2312 5180 2493 5246 mino
2551 5183 2926 5262 mittuntur,
2987 5182 3066 5247 ad
3128 5202 3238 5248 eos
3297 5202 3455 5265 quos
3515 5177 3795 5244 voluerit
3837 5177 4245 5265 affligendos,
