5059 6059
311 242 422 311 501

1577 242 1675 309 IN
1722 243 1778 307 1.
1825 240 2005 307 LIB.
2050 226 2452 312 sAMUEL.
2498 244 2694 312 OAP.
2740 246 3001 312 xxm

4161 253 4293 320 502

309 433 578 502 officium
633 452 777 498 esse
835 430 1022 498 docet
1081 430 1163 497 de
1220 431 1463 500 iniuste
1522 431 1712 499 factis
1767 431 2115 516 inquirere,
2172 439 2241 497 et
2343 432 2425 499 de
2468 434 2630 518 ipsis
2691 435 3246 519 triumphantibus
3301 445 3370 503 et
3425 457 3607 521 spem
3668 439 3960 523 ipsorum
4021 462 4153 525 qua
4211 442 4283 509 in

310 540 418 603 pro
457 518 708 585 meritis
750 518 984 601 cuique
1028 516 1411 596 retribuere,
1456 517 1643 602 quasi
1704 516 1910 584 dicat:
1952 515 2238 584 Domine

309 606 480 672 Dens
521 624 745 671 coram
803 612 871 669 te
931 610 1132 670 testor
1177 624 1282 669 me
1342 604 1524 670 nullo
1566 603 1733 682 odio,
1795 613 1910 669 aut
1950 603 2236 673 malevo-

307 693 498 759 lentia
540 689 808 757 Saulem
854 690 1172 774 persequi,
1231 692 1438 774 gratis
1492 687 1658 756 mihi
1714 690 1959 756 factum
2017 690 2235 758 inimi-

306 799 443 845 cum
484 784 550 842 et
592 796 699 842 me
743 782 911 842 testa
953 775 1225 859 lutoque
1269 775 1352 842 ad
1395 789 1675 841 mortem
1711 785 2233 859 persequentem.

306 866 392 930 rl'e
431 864 648 946 itaque
695 863 876 928 Deus
921 882 1035 927 oro
1081 882 1167 926 ne
1210 862 1514 945 permitte
1568 862 1770 927 istum
1814 861 1985 945 quod
2031 861 2237 930 dietat

303 950 416 1034 ipsi
458 948 708 1014 malitia
742 948 1029 1030 exsequi,
1075 947 1189 1013 sed
1213 957 1280 1013 te
1315 948 1440 1032 ipsi
1477 967 1559 1031 op
1606 968 1746 1028 one,
1793 948 2235 1032 virtutemque

304 1049 471 1101 tuam
528 1033 611 1100 ad
671 1055 775 1099 me
832 1054 1096 1100 servum
1158 1045 1349 1100 tuum
1405 1033 1561 1099 auxi
1588 1033 1653 1098 io
1714 1043 1829 1099 tno
1868 1033 2232 1114 iuvandum

301 1121 556 1205 explica.
617 1119 836 1186 David
881 1119 1084 1203 igitur
1127 1120 1560 1185 conscientiae
1606 1120 1978 1186 testimonio
2025 1121 2233 1186 fretus

299 1227 566 1290 suaeque
600 1226 836 1271 causae
874 1205 1129 1270 institia
1173 1215 1240 1271 et
1283 1206 1609 1289 aequitate
1652 1204 1872 1271 Deum
1907 1216 2112 1290 rogat,
2158 1214 2232 1273 nt

298 1314 419 1359 non
476 1289 740 1376 quidem
788 1289 1056 1358 Saulem
1102 1291 1415 1371 destruat,
1476 1291 1590 1357 sed
1650 1302 1869 1357 tamen
1916 1302 1991 1357 ut
2032 1312 2103 1358 se
2146 1313 2228 1358 ex

295 1380 488 1462 ipsius
533 1376 837 1443 manibus
878 1378 1132 1461 eripiat.
1179 1377 1324 1442 Hoc
1368 1377 1739 1462 exemplum
1785 1377 2120 1443 imitemur
2164 1388 2231 1445 et

294 1465 356 1530 iu
390 1464 513 1528 Dei
561 1483 796 1529 manus
839 1463 1113 1528 iniurias
1159 1462 1345 1528 nobis
1386 1463 1592 1529 factas
1637 1462 2025 1530 reiiciamus.
2070 1463 2224 1530 Non

291 1549 543 1634 quidem
601 1556 981 1632 expetentes
1048 1558 1122 1613 ut
1174 1548 1433 1633 fulgure
1492 1569 1609 1614 suo
1670 1547 1858 1615 Deus
1925 1549 2225 1617 inimicos

287 1645 534 1703 nostros
579 1634 662 1700 ad
707 1634 947 1701 inferos
992 1634 1228 1716 adigat,
1298 1634 1469 1718 quod
1514 1635 1807 1718 plerique
1864 1643 2083 1701 tamen
2129 1637 2224 1702 fa-

286 1722 480 1804 ciunt,
525 1720 801 1805 pulchre
836 1741 909 1786 se
930 1720 1142 1787 officio
1166 1719 1507 1787 defunctos
1543 1721 1996 1787 existimantes
2020 1742 2221 1805 quum

286 1807 566 1874 dixerint
601 1827 672 1872 se
716 1806 892 1872 nolle
935 1806 1181 1871 malum
1227 1806 1412 1871 malo‘
1445 1805 1801 1890 rependere
1846 1828 2059 1890 neque
2105 1830 2220 1875 no·

288 1915 425 1960 cere
457 1894 770 1960 iniuriam
817 1892 1097 1971 facienti,
1159 1890 1273 1957 sed
1320 1903 1539 1958 tamen
1589 1893 1746 1957 diris
1788 1892 1975 1959 illum
2022 1892 2220 1961 devo-

285 1989 454 2060 vent,
514 1978 865 2061 Deumque
910 1989 1259 2061 precantur
1301 1986 1374 2043 ιιι
1427 1978 1805 2059 confundat,
1859 1978 2219 2059 maledicat,

287 2075 350 2131 et
387 2067 456 2131 in
496 2074 751 2131 tartara
794 2063 1076 2142 deiiciat,
1136 2073 1211 2129 ut
1266 2062 1540 2129 fulmine
1584 2085 1701 2129 suo
1745 2066 2087 2148 percutiat,
2147 2076 2223 2132 ut

287 2150 562 2235 denique
620 2160 753 2216 tam
811 2170 1037 2216 severe
1096 2149 1449 2215 ulciscatur
1504 2161 1579 2215 ιιι
1641 2171 1728 2214 ex
1790 2150 1905 2215 illa
1967 2151 2221 2218 ultione

285 2257 590 2321 magnum
626 2235 936 2317 gandium
968 2235 1348 2319 percipiant,
1391 2255 1553 2319 quas
1584 2255 1775 2303 voces
1808 2236 2220 2320 blasphemas

284 2343 474 2405 quum
521 2323 957 2399 evomuerint,
1004 2319 1431 2387 nihilominus
1475 2331 1692 2387 tamen
1729 2343 1799 2386 se
1828 2321 2046 2388 Deum
2086 2345 2215 2390 non

283 2409 629 2475 offendisse
671 2408 793 2474 sibi
842 2406 1256 2490 persuadent.
1324 2404 1457 2474 Sed
1501 2409 1766 2474 obsecro
1810 2419 2031 2473 utrum
2080 2430 2214 2474 me·

282 2494 403 2561 lius
445 2501 570 2578 est,
618 2502 737 2559 ant
780 2494 1090 2559 ultionem
1146 2514 1263 2559 nos
1308 2493 1484 2577 ipsos
1542 2494 1772 2573 facere,
1831 2502 1945 2559 aut
1997 2494 2213 2562 Deum

283 2581 476 2645 animi
561 2581 768 2646 nostri
838 2577 1163 2644 vindictae
1229 2577 1444 2660 cupidi
1526 2579 1905 2645 ministrum
1985 2583 2214 2660 facere,

281 2666 618 2751 eidemque
676 2664 1066 2749 praecipere,
1133 2667 1318 2748 qnasi
1392 2685 1634 2747 pravae
1691 2678 1951 2730 nostrae
1992 2668 2215 2731 volun-

281 2752 429 2818 tatis
451 2761 856 2835 exsequntur
879 2762 1065 2830 esset,
1088 2762 1156 2816 et
1178 2751 1365 2833 quasi
1391 2753 1548 2815 sein
1583 2760 1869 2816 nostram
1898 2752 2215 2820 malitiam

282 2839 750 2905 transformare
792 2837 1075 2902 deberet.
1119 2835 1329 2918 Atqui
1349 2835 1532 2902 Deus
1576 2836 1701 2902 hoc
1744 2836 1867 2902 sibi
1904 2851 2213 2920 tanquam

279 2926 612 3008 proprium
660 2923 903 3002 tribuit,
949 2942 1058 2988 eos
1101 2923 1212 3006 qui
1257 2920 1767 2989 inemendabiles
1807 2923 2214 3005 videbantur,

282 3021 676 3086 convertere,
718 3017 785 3073 et
827 3030 913 3075 ex
956 3008 1183 3074 inferis
1227 3028 1496 3074 evocare
1585 3009 1652 3073 ni
1689 3010 1755 3074 iu
1803 3008 1949 3076 illos
1985 3030 2057 3076 se
2092 3011 2212 3076 im-

281 3107 662 3161 merserant.
741 3093 881 3160 Nos
934 3095 1138 3178 igitur
1181 3114 1378 3177 quum
1426 3093 1543 3158 vin
1590 3094 1782 3160 ictam
1828 3096 2213 3178 expetimus,

281 3202 559 3265 eumque
603 3201 804 3264 penes
826 3201 1016 3263 quem
1041 3179 1203 3247 coeli
1239 3198 1315 3245 ac
1350 3187 1563 3245 terrae
1599 3191 1882 3262 potestas
1905 3195 2003 3247 cst
2037 3193 2214 3264 opta-

281 3287 424 3332 mus
481 3289 554 3332 se
614 3265 695 3329 ad
764 3267 1090 3349 appetitus
1153 3279 1405 3330 nostros
1462 3269 1896 3342 conformare,
1965 3288 2213 3350 suoque

280 3352 538 3437 fulgure
584 3353 782 3417 ferire
819 3371 929 3417 eos
952 3373 992 3417 a
1014 3351 1250 3434 quibus
1285 3350 1444 3415 laesi
1480 3372 1728 3430 sumus,
1784 3353 1915 3418 imo
1950 3355 2213 3437 penitus

279 3438 422 3505 illos
464 3441 854 3522 exstirpare,
912 3459 1131 3503 nonne
1177 3438 1332 3501 satis
1377 3450 1649 3521 apparet
1705 3438 2025 3522 imperare
2070 3438 2214 3504 Deo

277 3524 464 3605 velle,
526 3533 595 3591 et
652 3523 825 3606 quod
888 3522 1083 3607 longe
1139 3523 1354 3588 maius
1412 3531 1514 3588 est
1564 3523 1730 3589 velle
1789 3535 1864 3589 ut
1918 3525 2045 3590 sibi
2087 3526 2210 3608 ipsi

279 3612 652 3688 renunciet,
710 3619 777 3674 et
833 3628 995 3691 quas
1049 3608 1270 3673 auimo
1327 3609 1739 3692 concepimus
1796 3632 1878 3675 ex
1941 3625 2212 3677 naturae

278 3697 660 3763 maledictae
703 3703 769 3760 et
811 3716 1056 3778 pravae
1096 3694 1385 3775 impulsu
1431 3692 1607 3759 dicas
1651 3695 1940 3779 implere,
1994 3717 2211 3763 nonne

279 3779 678 3848 horrendum
721 3779 1138 3865 sacrilegium
1174 3791 1290 3860 est,
1334 3800 1461 3861 quo
1507 3777 1795 3846 debitum
1845 3783 1966 3865 ipsi
2009 3782 2207 3848 hono-

278 3887 414 3933 rem
457 3887 775 3951 usurpare
821 3875 888 3931 et
930 3867 1146 3948 ipsum
1192 3865 1272 3930 de
1314 3865 1475 3930 solio
1521 3864 1863 3932 detrahere
1899 3868 2069 3933 velle
2115 3870 2210 3934 vi-

273 3950 520 4032 demur,
604 3974 881 4036 eumque
942 3949 1129 4017 nobis
1186 3951 1536 4028 subiicere,
1597 3973 1799 4035 quum
1857 3974 1933 4019 eo
2004 3974 2210 4037 usque

269 4038 541 4106 audacia
587 4047 818 4104 nostra
858 4036 1276 4122 progreditur
1320 4046 1395 4102 ut
1437 4036 1659 4102 hostes
1697 4050 1953 4105 nostros
1999 4040 2211 4122 perire

269 4133 332 4188 et
373 4125 784 4209 pessumdari
828 4124 1174 4207 petamus?
1234 4120 1622 4189 Cavendum
1682 4124 1885 4209 igitur
1927 4145 2214 4190 summo·

269 4231 420 4293 pere
465 4233 550 4277 ne
598 4210 742 4276 Deo
788 4210 997 4294 legem
1037 4209 1468 4292 imponamus,
1512 4217 1581 4274 et
1607 4209 2002 4294 importunis
2046 4212 2212 4278 votis

271 4298 563 4363 malitiae
601 4306 865 4362 nostrae
889 4295 1260 4360 ministrum
1300 4314 1443 4360 esse
1466 4295 1764 4362 velimus.
1813 4295 1945 4363 Sed
1981 4306 2212 4364 contra

270 4384 485 4464 potins
531 4403 729 4449 causa
788 4390 1015 4447 nostra
1071 4380 1197 4465 ipsi
1253 4380 1720 4446 committenda
1788 4392 1907 4461 est,
1987 4383 2081 4450 sic
2139 4395 2212 4449 nt

271 4487 400 4533 non
445 4468 726 4534 exitium
771 4488 999 4533 eornm
1043 4489 1082 4532 a
1127 4465 1365 4549 quibus
1407 4467 1567 4533 laesi
1611 4489 1839 4534 sumus
1879 4477 2211 4552 exspecta-

269 4572 430 4633 mus,
478 4553 595 4621 sed
629 4551 819 4620 nobis
852 4554 1136 4619 sufficiat
1169 4553 1414 4618 iustum
1439 4574 1580 4619 esse
1615 4553 1894 4620 iudicem
1921 4565 1988 4619 et
2008 4557 2210 4620 omni·

269 4650 620 4721 potentem.
703 4639 964 4705 Iustum
1024 4642 1289 4721 inquam
1350 4637 1630 4703 iudicem
1692 4638 1773 4703 ad
1831 4640 2209 4723 iniquitates

269 4726 652 4807 puniendas,
697 4726 1210 4808 omnipotentem
1245 4744 1400 4789 vero
1422 4723 1503 4789 ad
1540 4726 1818 4792 miseros
1839 4736 2208 4810 peccatores

267 4820 332 4876 et
372 4810 603 4877 devios
645 4810 728 4876 ad
769 4832 841 4876 se
885 4807 1381 4887 convertendos,
1448 4819 1517 4876 et
1573 4812 1857 4878 fructum
1899 4833 2056 4878 suae
2088 4814 2208 4879 mi·

271 4897 661 4964 sericordiae
727 4896 856 4962 illis
923 4894 1574 4978 communicandum,
1639 4907 1714 4963 ut
1773 4897 1986 4964 luceat
2045 4898 2206 4983 ipsis

269 4988 578 5066 tanquam
623 5002 860 5048 aurora
901 4982 1188 5048 disiectis
1230 4981 1536 5048 tenebris.
1585 4983 1674 5048 Et
1711 4984 1804 5050 ita
1835 4984 2014 5051 Deus
2049 5004 2205 5051 suos

267 5066 492 5135 fideles
558 5068 761 5137 variis
824 5066 1299 5136 calamitatibus
1371 5075 1438 5134 et
1501 5070 1826 5155 angustiis
1890 5080 2202 5154 tanquam

268 5150 488 5222 densis
533 5156 819 5223 tenebris
866 5154 1204 5232 exercitos,
1249 5162 1316 5219 et
1350 5154 1433 5221 ad
1470 5162 1731 5240 tempus
1766 5154 1848 5220 ab
1888 5155 2204 5241 improbis

2341 518 2556 585 Deum
2604 520 2994 588 incumbunt
3034 521 3477 605 irridentibus,
3522 534 3949 609 contemptos,
3995 537 4063 592 et
4106 527 4284 613 pedi-

2342 603 2461 672 bus
2518 607 2655 673 suis
2718 607 3131 675 conculcatos
3195 609 3361 674 solet
3425 610 3767 691 consolari,
3831 621 3898 677 et
3962 611 4283 683 adversus

2339 689 2630 757 hostium
2686 692 3004 776 impetum
3053 701 3275 778 tegere
3330 714 3728 780 manumque
3781 697 3849 761 in
3909 698 4280 767 afflictioni-

2337 775 2460 843 bus
2514 778 2878 863 porrigere,
2946 789 3014 844 et
3074 789 3381 863 tanquam
3442 802 3525 846 ex
3582 782 3868 849 tenebris
3942 784 4010 848 in
4066 784 4277 852 lucem

2338 861 2687 947 productos
2726 865 2964 931 fovere.
3056 864 3494 948 Quamobrem
3542 868 3748 953 ipsius
3790 868 4031 936 iudicio
4076 872 4273 938 relin-

2337 969 2616 1032 quamus
2651 958 2893 1035 sontes,
2933 961 3001 1016 et
3022 951 3103 1018 ab
3126 954 3303 1018 omni
3326 952 3653 1019 vindictae
3691 954 3931 1039 spiritu
3954 955 4278 1024 abstinea-

2337 1057 2515 1114 mus,
2577 1047 2643 1102 et
2702 1037 3029 1119 patienter
3075 1047 3330 1121 tempus
3376 1046 3827 1124 exspectemus
3871 1041 4041 1124 quod
4088 1044 4278 1111 Deus

2335 1142 2495 1187 suae
2540 1122 2900 1188 voluntatis
2942 1123 3324 1189 revelationi
3371 1126 3809 1211 praescripsit,
3853 1126 4277 1213 hostiumque

2335 1217 2704 1274 nostrorum
2786 1207 3003 1291 potius
3083 1210 3579 1276 conversionem
3660 1219 3729 1276 et
3802 1216 4274 1297 poenitentiam

2333 1303 2735 1377 expetamus.
2850 1296 2943 1358 At
3007 1295 3065 1361 si
3130 1296 3478 1379 contigerit
3542 1297 3765 1364 hostes
3830 1308 4093 1365 nostros
4159 1302 4275 1368 ad-

2331 1378 2800 1445 monitionibus
2857 1379 3072 1448 locum
3133 1403 3266 1446 non
3312 1382 3701 1466 relinquere,
3759 1393 3828 1450 et
3883 1405 4003 1452 nos
4059 1386 4272 1453 oleum

2329 1475 2396 1530 et
2440 1484 2709 1549 operam
2755 1465 3033 1549 perdere
3069 1466 3240 1549 quod
3283 1467 3350 1532 in
3392 1469 3645 1535 malitia
3678 1490 3797 1535 sua
3832 1479 3900 1536 et
3935 1480 4275 1540 contuma-

2324 1552 2423 1618 cia
2445 1552 2871 1635 pervicaciter
2895 1563 3331 1634 perseverent,
3360 1573 3443 1619 ne
3466 1553 3846 1622 dubitemus
3890 1557 4054 1640 quin
4079 1558 4268 1625 Deus

2326 1657 2470 1704 sese
2516 1637 2780 1703 tandem
2840 1637 3083 1704 iustum
3144 1638 3425 1706 indicem
3485 1650 3553 1705 et
3606 1639 3885 1706 ultorem
3942 1643 4271 1711 exhibeat.

2326 1723 2510 1791 Haec
2553 1723 2760 1807 igitur
2803 1723 2989 1789 nobis
3034 1724 3379 1790 invocandi
3404 1724 3620 1792 Deum
3659 1727 3825 1793 ratio
3861 1730 4262 1814 praefigitur,

2324 1818 2399 1874 ut
2433 1830 2689 1876 summo
2724 1808 2939 1874 studio
2962 1811 3407 1893 proximorum
3432 1811 3708 1878 salutem
3738 1833 4261 1896 promoveamus,

2324 1895 2577 1961 etiamsi
2644 1895 2714 1959 in
2788 1904 3082 1960 nostram
3160 1896 3515 1980 perniciem
3582 1898 4008 1966 coniurarint.
4117 1902 4262 1969 Deo

2322 1981 2762 2065 relinquentes
2828 1980 3178 2058 iudicium,
3258 1991 3325 2047 et
3403 1983 3763 2050 vindictam
3846 2006 4072 2052 eornm
4151 1990 4262 2071 qui

2321 2087 2558 2133 canum
2604 2066 2815 2131 instar
2859 2087 2976 2133 nos
3020 2066 3270 2134 laniare
3312 2076 3381 2134 et
3424 2067 3790 2153 discerpere
3847 2073 4136 2155 cupiunt,
4198 2086 4263 2139 et

2321 2152 2505 2220 velut
2546 2153 2673 2235 ipsi
2716 2152 2861 2218 Deo
2921 2153 3248 2231 resistere,
3305 2174 3585 2235 quorum
3642 2176 3917 2239 poenam
3977 2160 4261 2226 sciamus

2322 2250 2456 2304 tam
2501 2236 2893 2303 horrendam
2941 2239 3098 2318 fore,
3158 2248 3233 2305 ut
3289 2239 3469 2304 illam
3516 2262 3692 2308 nunc
3734 2253 3957 2309 mente
4001 2247 4259 2329 assequi

2319 2325 2478 2392 satis
2523 2345 2657 2390 non
2719 2326 3061 2407 possimus.
3154 2325 3241 2390 Et
3300 2325 3382 2390 de
3436 2325 3582 2392 istis
3641 2327 3958 2395 hactenus
4010 2328 4259 2398 dictum

2319 2419 2479 2479 esto.

2490 2496 2858 2580 Pergamus
2908 2494 2988 2561 ad
3049 2497 3389 2578 sequeutia
3433 2496 3710 2564 Davidis
3769 2499 3968 2566 verba
4026 2500 4262 2585 quibus

2319 2604 2461 2648 sese
2527 2602 2846 2664 suamque
2925 2581 3372 2664 integritatem
3454 2593 3704 2661 tuetur,
3786 2598 3853 2651 et
3932 2591 4261 2656 communi

2318 2666 2667 2753 proverbio
2715 2688 2842 2732 uon
2890 2668 3148 2733 venisse
3191 2668 3314 2733 sibi
3359 2670 3429 2732 in
3475 2678 3761 2735 mentem
3798 2670 3987 2737 Sauli
4035 2695 4258 2740 necem

2318 2754 2562 2819 inferre
2608 2752 3032 2818 demonstrat.
3122 2753 3290 2818 Nam
3340 2756 3464 2818 ait:
3512 2753 3687 2820 Sicut
3720 2762 3777 2822 et
3816 2759 3889 2823 in
3918 2760 4257 2839 proverbio

2317 2841 2574 2921 antiquo
2628 2839 2862 2906 dicitur
2918 2838 2998 2905 ab
3053 2838 3274 2922 impiis
3322 2841 3667 2922 eyredietur
3718 2844 4029 2923 impietas.
4110 2846 4255 2910 Etsi

2318 2926 2520 3010 igitur
2562 2923 2724 2991 Saul
2770 2926 2930 2990 satis
2973 2922 3094 2989 sibi
3153 2934 3295 2990 erat
3338 2927 3636 2992 conscius
3693 2928 3943 2994 nullam
4001 2949 4142 2996 esse
4185 2932 4255 2998 in

2316 3010 2576 3077 Davide
2621 3010 2933 3076 malitiam
2980 3009 3150 3093 quod
3195 3010 3443 3076 nullam
3482 3010 3815 3078 habuisset
3855 3013 4255 3082 occasionem

2317 3096 2645 3164 hostiliter
2688 3096 2904 3179 ipsum
2950 3095 3354 3179 insequendi,
3414 3104 3480 3161 et
3522 3096 3779 3163 fidelem
3824 3120 4088 3182 operam
4131 3103 4254 3185 ipsi

2316 3203 2576 3266 semper
2618 3180 2838 3248 David
2896 3194 3222 3265 navasset,
3281 3195 3349 3247 et
3405 3182 3625 3249 debita
3682 3187 4053 3252 reverentia
4108 3197 4255 3253 tan·

2316 3290 2513 3352 qnam
2561 3288 2783 3352 regem
2826 3268 3161 3333 coluisset:
3208 3268 3366 3351 quin
3424 3269 3620 3334 etiam
3677 3270 3801 3353 ipsi
3906 3274 4255 3355 epercisset

2315 3375 2509 3438 quem
2553 3361 2811 3437 poterat
2831 3354 2897 3418 in
2936 3374 3172 3420 manus
3207 3373 3360 3419 snas
3382 3354 3642 3438 lapsum
3665 3376 3701 3420 e
3740 3377 3844 3423 me
3892 3358 3952 3424 io
3988 3357 4252 3426 tollere:

2316 3451 2537 3506 tamen
2583 3439 3024 3506 innocentiam
3071 3460 3256 3504 snam
3301 3440 3515 3505 David
3562 3441 3759 3507 etiam
3806 3451 4026 3509 tuetur
4063 3467 4258 3531 argu·

2313 3536 2538 3592 mento
2582 3546 2621 3589 a
2678 3524 3198 3609 repugnantibus
3255 3525 3466 3605 ducto,
3526 3524 3696 3608 quod
3751 3548 3857 3592 ma
3908 3551 4058 3595 nam
4119 3533 4258 3598 vim

2313 3611 2528 3677 habet.
2620 3610 2791 3677 Nam
2833 3610 3112 3676 alterum
3172 3610 3362 3677 alteri
3404 3613 3769 3695 oppositum
3831 3636 3865 3681 c
3892 3615 4073 3682 arius
4117 3618 4257 3683 eln-

2312 3698 2530 3780 oescit,
2575 3695 3120 3779 quemadmodum
3169 3696 3389 3762 album
3437 3697 3624 3778 nigro
3668 3701 4055 3784 oppositum.
4145 3701 4257 3771 Sic

2313 3783 2519 3867 igitur
2574 3780 2797 3847 David
2854 3782 3168 3849 adversus
3231 3781 3497 3849 Saulem
3560 3797 4076 3869 argumentatur.
4181 3789 4252 3857 Si

2312 3869 2583 3935 fuissem
2628 3867 2980 3954 improbus,
3043 3877 3120 3932 ut
3173 3889 3277 3934 me
3330 3869 3528 3936 aulici
3586 3872 3683 3935 tui
3744 3871 4253 3958 calumniantur,

2312 3954 2508 4020 hodie
2552 3953 2990 4037 improbitatis
3033 3974 3217 4018 meae
3251 3955 3566 4021 sensisses
3589 3956 3913 4036 effectum,
3959 3962 4251 4043 quando-

2311 4040 2573 4125 quidem
2618 4039 3070 4124 opportunitas
3113 4039 3330 4104 oblata
3371 4040 3735 4126 videbatur,
3780 4064 3979 4127 quum
4027 4046 4250 4114 incau-

2313 4135 2420 4194 tus
2464 4127 2534 4190 in
2580 4147 2813 4191 manus
2854 4144 3035 4191 meas
3069 4124 3373 4191 incidisti.
3448 4128 3653 4210 Atqui
3691 4127 3976 4195 abstinui
4014 4153 4252 4201 manus

2313 4232 2354 4276 a
2408 4221 2491 4290 te,
2551 4223 2618 4277 et
2675 4211 2859 4277 nulla
2900 4211 3141 4276 iniuria
3200 4232 3408 4293 neque
3464 4214 3861 4279 contumelia
3919 4227 3985 4280 te
4042 4218 4247 4286 affeci.

2312 4298 2483 4364 Nam
2531 4296 2613 4363 ad
2653 4296 2872 4363 Deum
2922 4298 3200 4380 respexi,
3240 4297 3423 4364 cuins
3468 4308 3570 4363 est
3611 4297 3926 4365 scelerum
3968 4302 4248 4371 ultorem

2312 4404 2475 4449 osse.
2542 4382 2677 4449 Sed
2722 4382 3030 4466 qnoniam
3077 4383 3206 4448 ista
3249 4383 3544 4467 pluribus
3588 4385 3891 4469 persequi
3936 4392 4249 4472 temporis

2310 4469 2620 4553 angustia
2663 4468 2982 4552 prohibet,
3072 4467 3397 4536 discamus
3463 4470 3907 4536 innocentiam
3956 4484 4247 4542 nostram

2309 4557 2528 4621 verbis
2571 4556 2666 4619 ita
2700 4553 3069 4634 defendere,
3112 4566 3186 4620 ut
3220 4554 3389 4621 facta
3435 4555 3888 4637 respondeant,
3935 4581 4018 4626 ne
4062 4561 4251 4629 rabu-

2309 4641 2407 4707 las
2449 4641 2745 4707 forenses
2784 4640 3117 4706 imitemur
3175 4641 3287 4724 qni
3340 4640 3565 4706 multis
3610 4641 3826 4708 verbis
3893 4651 3960 4709 et
4014 4647 4248 4716 fucatis

2309 4726 2552 4793 malam
2610 4746 2874 4792 cansam
2930 4726 3221 4810 palliant,
3280 4736 3347 4790 et
3406 4725 3639 4791 bonam
3698 4726 3925 4794 haberi
3982 4732 4246 4816 volunt3

2308 4811 2422 4878 sed
2467 4813 2537 4877 in
2581 4812 3004 4895 simplicitate
3045 4811 3128 4876 ad
3154 4812 3367 4879 Deum
3404 4811 3807 4894 accedamus,
3853 4835 4244 4904 causamque

2309 4906 2604 4964 nostram
2649 4897 2921 4965 iudicari
2968 4918 3098 4963 non
3144 4919 3225 4963 ex
3273 4896 3490 4963 verbis
3536 4907 3814 4980 tantum,
3872 4902 3987 4967 sed
4046 4908 4240 4972 etiam

2307 5003 2390 5049 ex
2434 4983 2622 5051 factis
2665 4994 3072 5068 exoptemus,
3118 4993 3190 5048 ut
3232 5004 3272 5048 a
3316 4983 3496 5050 falsis
3519 4986 4059 5069 accusationibus,
4106 5007 4241 5059 tam

2307 5068 2480 5153 apud
2526 5071 2748 5136 Deum
2791 5092 2987 5154 quam
3034 5068 3209 5154 apud
3254 5069 3551 5134 homines
3594 5071 4033 5142 absolvamur.

2478 5154 2625 5223 Iam
2678 5178 2826 5223 vero
2870 5156 3063 5241 agite,
3107 5159 3212 5220 etc.

3730 5252 3833 5320 32*
