5059 6059
294 288 371 357 65
1575 281 1676 348 IN
1721 282 1774 349 Ι.
1819 281 2000 348 LIB.
2049 281 2448 350 SAMUEL.
2490 280 2690 347 OAP.
2734 279 2927 348 XIV.
4153 284 4240 350 66

290 477 392 563 qui
438 475 584 559 fecit
640 472 902 541 sanctem
944 471 1104 539 hanc

289 567 389 647 est,
429 560 580 628 vivit
620 558 955 639 Dominae,
997 558 1060 624 si
1099 578 1165 624 ce
1208 558 1222 571 '

290 649 356 714 in
394 652 639 725 terrant,
682 645 835 728 quia
875 664 1014 710 cum
1062 642 1191 711 Deo
1458 663 1536 709 us
1587 648 1679 709 est
1731 643 1927 710 hodie.

289 733 660 816 rwiteryo
733 729 1135 812 populus]
1355 733 1756 795 autnon
1840 733 2199 796 moreretur.

289 818 384 885 46.
427 816 814 899 Recessitquo
861 815 1037 895 Saul,
1081 834 1191 881 nec
1214 818 1627 898 persequutus
1666 819 1756 881 est
1788 813 2199 896 Phili-ethim,

277 923 457 990 porro
500 901 893 968 Phaisthiim
933 900 1220 967 abierunt
1260 901 1333 966 in
1376 900 1511 966 loca
1552 919 1691 966 sua.
1737 900 1841 968 4⁷.
1907 901 1997 967 Et
2039 899 2203 968 Saul

285 990 630 1071 confirmato
679 1006 872 1071 reque
923 1006 1115 1069 super
1157 985 1385 1066 Israel,
1426 985 1758 1070 puqnabat
1799 1008 1921 1069 per
1975 988 2199 1055 circui-

283 1081 407 1141 Μ
458 1074 790 1140 adversum
848 1092 1054 1139 omnes
1101 1071 1386 1137 inimicos
1437 1071 1592 1151 eius,
1650 1077 1857 1139 contra
1904 1072 2111 1153 Moab,
2147 1077 2202 1138 d

282 1160 439 1245 filios
479 1159 769 1242 Anauon,
814 1163 873 1225 et
912 1157 1134 1234 Edem,
1178 1161 1235 1223 ct
1273 1176 1448 1242 reyes
1483 1154 1660 1236 Saba,
1708 1163 1766 1223 et
1797 1156 2198 1239 Philistum,

285 1252 336 1312 et
383 1264 741 1328 quocunque
794 1265 861 1311 se
913 1247 1198 1328 verterat,
1256 1241 1606 1324 superabat.
1658 1300 1673 1316 ,
1695 1243 1800 1309 48.
1850 1242 2199 1329 Gonyreya-

282 1337 448 1414 toque
508 1331 778 1396 exercitu
826 1329 1139 1412 percussit
1188 1327 1465 1412 Amalec,
1524 1332 1581 1392 et
1634 1331 1799 1396 eruit
1855 1329 2066 1396 Israel
2124 1329 2202 1395 de

283 1437 466 1484 mam
503 1420 893 1482 vastatorum
934 1415 1085 1482 eius.
1132 1414 1237 1480 49.
1282 1412 1566 1479 Fica-tant
1604 1419 1810 1482 andem
1846 1415 1974 1497 filii
2021 1413 2197 1498 Sana,

281 1500 593 1582 Ionathas,
644 1507 702 1568 et
744 1501 956 1567 Iessui·
998 1506 1055 1566 et
1098 1499 1465 1577 michi-sua,
1521 1504 1580 1566 et
1634 1502 1886 1567 nomina
1927 1501 2200 1567 duarum

277 1588 554 1670 filiarum
595 1588 748 1667 eius,
803 1585 1521 1671 nomenprimoyenitae,
1584 1585 1818 1667 Men-ob,
1883 1591 1940 1653 ct
1980 1606 2200 1653 nomen

278 1674 534 1739 minoris
593 1671 845 1738 Michol.
933 1670 1036 1738 50.
1093 1671 1181 1737 Et
1242 1690 1459 1737 nomen
1513 1672 1736 1739 umoris
1794 1670 1955 1738 Saul
2007 1671 2201 1740 Achi-

278 1779 472 1839 noam,
532 1757 677 1840 filia
737 1757 1101 1842 AchimaaS,
1167 1762 1226 1823 et
1285 1776 1504 1822 nomen
1550 1757 1869 1840 principis
1931 1758 2199 1825 militiae

279 1845 407 1910 eius
445 1844 668 1910 Almer
701 1843 878 1927 filius
923 1842 1058 1909 Ner
1091 1844 1406 1924 patruelis
1449 1841 1626 1908 Saul.
1712 1845 1815 1910 51.
1860 1842 2064 1911 Porro
2106 1844 2199 1910 eis

271 1931 392 2014 fuit
432 1934 623 2011 pater
684 1928 864 2012 Saul,
922 1933 979 1995 et
1039 1929 1177 1995 Ner
1220 1933 1411 2010 pater
1468 1928 1699 2007 Abner,
1760 1929 1939 2012 filius
1996 1928 2197 1995 Abiel.

274 2016 370 2083 52.
411 2014 582 2083 Erat
623 2020 829 2081 autem
885 2014 1115 2081 bellum
1156 2018 1377 2097 potens
1432 2014 1765 2080 mersum
1820 2014 2199 2082 Philistaeos

273 2103 547 2170 omnibus
588 2099 808 2168 diebus
854 2099 1034 2181 Saul,
1090 2120 1240 2166 nam
1297 2119 1711 2184 quemcumque
1749 2100 1996 2167 viderat
2042 2099 2199 2167 Saul

274 2185 2199 2340 wfmetaptumadpraelium,sociabateum

1344 555 2203 643 'capillusdecapztoeius

434 2444 772 2511 Historiae
826 2453 1091 2526 coeptae
1163 2442 1397 2509 seriem
1470 2443 2011 2528 persequentibus
2082 2445 2195 2511 ob·

274 2530 685 2614 servandum,
745 2526 1012 2596 Saulem
1067 2549 1183 2614 spe
1237 2551 1356 2594 sua
1411 2528 1748 2607 excidisse,
1804 2551 2003 2613 quum
2046 2550 2196 2614 pro-

275 2617 449 2683 iectis
491 2616 775 2682 sortibus
819 2616 958 2697 ipse
999 2635 1149 2680 cum
1185 2614 1318 2682 filio
1355 2615 1493 2680 eius
1528 2612 1972 2699 deprehensus
2006 2622 2194 2695 esset,

273 2702 552 2852 populus
597 2711 817 2768 autem
860 2699 1197 2767 absolutus
1241 2722 1281 2766 a
1322 2700 1532 2784 culpa,
1576 2719 1704 2784 qua
1746 2701 1926 2767 Deus
1968 2701 2039 2766 in
2084 2722 2197 2785 po-

274 2810 358 2872 pu
386 2810 494 2854 um
556 2788 774 2853 fuerat
828 2796 1239 2869 provocatus.
1327 2786 1533 2851 Porro
1590 2807 1718 2852 non
1781 2786 2049 2853 dubium
2095 2795 2197 2854 est

274 2873 421 2958 quin
467 2873 656 2940 Deus
697 2874 790 2937 ita
843 2872 1120 2937 voluerit
1163 2871 1431 2938 Saulem
1489 2872 1806 2957 castigare
1863 2894 1947 2937 ne
2004 2873 2197 2956 plena

275 2959 544 3025 victoria
588 2958 668 3025 de
711 2957 1027 3036 hostibus,
1071 2957 1223 3023 licet
1257 2978 1497 3043 magna
1532 2968 1752 3042 strage
1795 2957 1979 3036 fusis,
2026 2958 2193 3024 frue-

272 3056 464 3110 retur.
577 3044 747 3109 Nam
835 3042 985 3109 licet
1063 3042 1246 3110 Deus
1327 3042 1776 3109 Israelitarum
1864 3044 2192 3123 misertus,

272 3130 610 3196 victoriam
667 3128 991 3214 insignem
1049 3129 1208 3212 ipsis
1265 3129 1600 3206 concessit,
1664 3129 2044 3212 imperfecta
2100 3139 2190 3196 ta·

272 3236 414 3282 men
473 3216 621 3294 fuit,
681 3223 945 3299 propter
998 3213 1218 3280 Saulis
1272 3223 1629 3298 peccatum,
1687 3213 1857 3298 quod
1915 3215 2192 3281 nimium

313 3323 580 3386 raeceps
641 3301 712 3366 in
788 3298 1116 3366 offerendo
1194 3301 1530 3382 sacrificio,
1609 3321 1740 3366 non
1822 3309 2194 3386 exspectato

271 3323 597 3472 Samuele,
639 3384 887 3452 fuisset.
953 3385 1062 3451 Ex
1104 3384 1336 3469 quibus
1379 3398 1647 3470 apparet
1674 3387 1887 3453 Deum
1930 3406 2193 3471 parcere

271 3472 528 3558 quidem
577 3492 1048 3554 nonnunquam
1107 3470 1189 3536 iis
1234 3471 1344 3556 qui
1399 3482 1770 3555 peccarunt,
1827 3472 1940 3538 sed
1985 3472 2078 3537 ita
2119 3481 2194 3538 ut

271 3559 590 3641 quandam
634 3559 1104 3641 eorreptionem
1150 3566 1459 3636 reservet,
1504 3558 1622 3624 etsi
1670 3578 1802 3623 non
1849 3568 2000 3643 agat
2041 3579 2189 3624 eum

272 3644 425 3728 ipsis
482 3664 740 3709 summo
797 3643 958 3720 iure,
1018 3663 1228 3726 neque
1285 3643 1509 3707 statim
1569 3643 1676 3708 ubi
1737 3650 1839 3707 est
1896 3645 1978 3710 ab
2032 3644 2193 3727 ipsis

270 3738 637 3813 peccatum:
675 3727 788 3796 sed
823 3728 1120 3812 quamvis
1158 3728 1417 3793 differat
1451 3727 1779 3803 iudicium,
1815 3750 1948 3795 non
1974 3737 2190 3794 tamen

273 3816 523 3881 auferre
568 3835 841 3899 poenam
890 3814 1050 3897 quin
1095 3823 1343 3896 partem
1390 3814 1671 3897 aliquam
1721 3814 1927 3880 divini
1973 3816 2189 3881 iudicii

274 3902 577 3967 sentiant.
626 3905 842 3985 Atque
884 3900 978 3964 ita
1021 3919 1141 3964 nos
1174 3908 1428 3983 oportet
1463 3900 1590 3965 Dei
1624 3899 1861 3966 iudicia
1903 3911 2192 3985 repetere

274 3987 462 4051 altius
506 4007 703 4071 quam
749 3985 1103 4051 soleamus:
1165 3985 1266 4050 Ea
1308 3986 1480 4051 enim
1517 3994 1617 4051 est
1662 3985 1996 4051 hominum
2043 4008 2190 4070 pra-

274 4073 458 4152 vitas,
524 4080 600 4137 ut
656 4073 781 4136 nisi
844 4072 913 4136 in
978 4071 1195 4136 oculos
1260 4070 1488 4136 divina
1550 4070 1791 4137 iudicia
1852 4071 2193 4138 incurrant

274 4157 811 4242 manifestissime,
866 4176 1130 4240 prorsus
1173 4156 1557 4238 caecutiant,
1612 4164 1681 4222 et
1721 4157 1802 4222 de
1843 4157 2191 4223 imminen-

275 4241 444 4309 tibus
501 4244 727 4327 poenis
786 4262 1119 4326 nunquam
1179 4242 1484 4326 cogitent,
1542 4243 1789 4325 sibique
1837 4263 1989 4314 ,cum
2053 4244 2192 4310 Deo

275 4349 408 4393 rem
464 4349 608 4395 esse
660 4327 1051 4411 persuadere
1110 4339 1463 4410 nequeant:
1524 4340 1592 4392 at
1646 4327 1815 4412 quod
1856 4329 2050 4415 longe
2093 4339 2195 4396 est

276 4410 557 4480 deterius
630 4414 1065 4498 praesentiam
1148 4413 1351 4497 ipsius
1427 4415 1652 4499 fugere
1751 4434 1866 4498 pro
1943 4415 2191 4482 viribus

275 4510 607 4580 conentur,
664 4510 732 4565 et
788 4520 930 4565 sese
972 4499 1043 4564 in
1088 4500 1328 4565 multos
1372 4500 1632 4584 laqueos
1676 4499 1953 4565 induant
1998 4503 2062 4566 in
2109 4502 2192 4569 iis

276 4584 627 4670 caligantes
669 4586 742 4650 in
785 4585 1021 4670 quibus
1063 4586 1652 4669 perspicacissimos
1696 4608 1839 4652 esse
1882 4588 2189 4670 oportuit.

279 4669 582 4755 Exempli
619 4673 849 4756 gratia,
894 4672 949 4736 si
985 4672 1166 4738 Deus
1208 4671 1278 4735 in
1316 4670 1485 4737 diem
1522 4692 1724 4737 unum
1762 4682 1877 4737 aut
1912 4672 2191 4738 alterum

281 4754 494 4822 differt
537 4776 687 4822 eum
729 4758 896 4824 corri

278 4840 551 4907 oblitum
589 4842 832 4927 peccati
874 4845 894 4908 i
926 4842 1051 4908 lius
1086 4841 1304 4907 Deum
1348 4844 1469 4909 sibi
1513 4843 1947 4927 persuadebit,
1993 4866 2026 4910 s
2110 4866 2193 4910 ue

275 4945 607 5011 nunquam
647 4931 963 4996 rationem
1007 4948 1224 4994 coram
1267 4928 1408 5012 ipso
1451 4928 1878 4995 redditurum.
1968 4928 2016 4997 S
2135 4931 2195 4996 si

277 5021 419 5093 post
474 5013 732 5097 aliquod
803 5025 1061 5098 tempus
1124 5013 1402 5081 eundem
1468 5015 1799 5095 afflixerit,
1865 5014 1993 5082 Dei
2055 5037 2197 5082 cor-

279 5098 624 5164 rectionem
677 5100 856 5167 illam
902 5121 1044 5168 esse
1100 5120 1512 5185 nequaquam
1558 5100 1679 5167 sibi
1723 5104 1894 5168 sinet
1938 5122 2197 5184 persua-

984 4778 1053 4822 re
1098 4758 1208 4841 qui
1249 4757 1465 4841 aliqua
1507 4757 1575 4823 in
1611 4778 1684 4822 re
1718 4758 1939 4842 lapsus
1974 4758 2192 4838 fuerit,

1332 492 1437 537 am
1477 472 1550 537 in
1589 469 1816 557 Israel,
1873 472 1980 573 hoc
2022 471 2203 556 nefas
2303 477 2418 535 aut
2459 466 2781 536 adversus
2819 469 3037 536 Deum
3082 470 3491 557 obloquetur.
3554 474 3660 541 En
3706 473 4025 560 quomodo
4068 474 4239 542 sole-

2300 563 2418 621 ant
2451 554 2751 622 homiues
2793 554 2977 622 abuti
3018 556 3147 624 Dei
3188 559 3522 643 patientia.
3567 559 3773 646 Atqui
3816 560 4003 628 Deus
4048 558 4239 628 diffe-

2018 643 2202 710 Libe-
2299 662 2452 708 rens
2496 661 2759 725 poenas,
2819 641 2931 707 dat
2985 641 3167 709 nobis
3223 645 3432 710 otium
3474 645 3556 711 ad
3601 668 3671 713 se
3714 645 4107 727 revertendi,
4165 656 4233 713 et

2300 746 2518 792 coram
2575 727 2720 811 ipso
2783 749 2898 794 nos
2955 727 3366 811 humiliandi,
3433 737 3509 798 ut
3573 732 3803 799 melior
3870 732 3956 798 sit
4011 740 4238 800 nostra

2301 812 2590 879 conditio
2668 813 2811 897 ipso
2877 812 2957 879 de
3018 834 3136 880 sua
3201 816 3547 883 severitate
3614 818 4008 884 remittente.
4099 817 4237 885 Sed

2301 907 2528 964 contra
2584 896 2879 966 homines
2958 897 3111 965 inde
3168 902 3572 968 occasionem
3630 904 3698 969 in
3954 903 4041 970 tis
4085 924 4235 987 per-

2300 982 2645 1049 severandi
2690 984 2990 1068 capiunt:
3032 992 3101 1050 et
3134 985 3278 1052 Deo
3314 987 3497 1053 velut
3530 988 3758 1055 aurion
3785 1010 3891 1056 am
3927 988 4235 1070 vellente,

2301 1078 2368 1135 et
2409 1091 2492 1136 ex
2535 1078 2951 1153 peccatorum
2997 1082 3270 1138 veterno
3313 1074 3660 1155 excitante,
3719 1094 3795 1140 ac
3838 1074 4048 1160 signis
4091 1076 4234 1160 qui·

2301 1154 2571 1221 busdam
2620 1154 3013 1222 admonente
3055 1164 3134 1222 ut
3180 1158 3339 1224 vitia
3381 1158 3690 1226 detestari
3734 1158 4006 1246 discant,
4065 1159 4237 1227 frae-

2300 1262 2458 1306 num
2502 1261 2694 1307 suum
2738 1240 2942 1307 veluti
2988 1242 3308 1309 mandunt
3342 1254 3411 1311 et
3444 1244 3777 1325 arrodunt,
3826 1254 3891 1312 et
3928 1246 4233 1314 dentibus

2298 1325 2693 1405 infrendent,
2739 1334 2808 1392 et
2849 1348 2916 1391 m
3050 1349 3088 1392 o
3136 1349 3244 1394 ere
3287 1339 3658 1397 aestuantes
3701 1332 3767 1397 in
3814 1333 4031 1399 varias
4116 1355 4232 1399 ue·

2299 1412 2473 1512 relas
2529 1412 2861 1478 incidunt:
2919 1348 3262 1480 {5:¹11me
3304 1415 3544 1482 misero
3589 1415 3743 1500 quid
3789 1418 3949 1484 fiet?
4104 1417 4235 1484 nde

2299 1504 2425 1563 ista
2482 1498 2644 1563 mihi
2687 1499 3148 1583 contigerunt?
3194 1500 3391 1567 Mene
3446 1501 3716 1586 reliquis
3754 1501 4235 1571 infeliciorem?

2299 1581 2524 1665 Quare
2568 1604 2674 1649 me
2709 1585 2892 1650 Deus
2938 1606 3065 1651 non
3103 1585 3299 1671 eripit
3332 1609 3413 1652 ex
3450 1589 3652 1653 tantis
3685 1588 3877 1654 malis
3915 1590 4230 1673 repente?

2300 1690 2490 1735 mene
2532 1669 2614 1734 ad
2659 1668 3175 1754 desperationem
3221 1673 3556 1756 impellere
3601 1673 3885 1759 gaudet?
3963 1675 4064 1741 Eo
4107 1675 4235 1762 igi-

2301 1762 2410 1819 tur
2466 1756 2829 1821 accuratius
2873 1776 3179 1839 praesens
3225 1757 3498 1825 historia
3553 1759 3931 1826 meditanda
3982 1770 4101 1841 est,
4160 1762 4235 1827 in

2298 1860 2430 1924 qua
2474 1839 2769 1908 videmus
2812 1840 3030 1907 Deum
3088 1843 3462 1927 permisisse
3506 1845 3943 1912 Ionathauum
4003 1845 4239 1913 adver·

2299 1947 2413 1991 sus
2455 1927 2665 2011 patris
2710 1927 2885 1993 illam
2930 1929 3438 1996 exsecrationem
3484 1951 3768 2014 peccare,
3813 1941 3893 1997 ut
3932 1941 4123 2016 pater
4157 1934 4230 1999 in

2299 2011 2650 2078 discrimen
2690 2022 2917 2080 vocato
2959 2013 3097 2080 filio
3140 2012 3365 2082 durius
3407 2017 3771 2098 puniretur.
3820 2016 4231 2086 Ionathanus

2295 2097 2473 2164 onim
2519 2106 2750 2183 postea
2807 2098 3069 2183 quidem
3130 2109 3392 2183 ereptus
3455 2110 3556 2166 est
3611 2124 3649 2167 a
3706 2103 3936 2170 mortis
4003 2103 4232 2171 discri-

2299 2184 2498 2264 mine,
2535 2186 2845 2267 quoniam
2870 2183 3054 2251 Deus
3078 2182 3299 2251 Saulis
3330 2185 3618 2253 furorem
3654 2196 3964 2272 tanquam
4004 2190 4228 2257 fraeno

2299 2269 2607 2349 cohibuit,
2668 2270 2907 2356 populo
2964 2270 3426 2352 intercedente,
3491 2280 3561 2339 et
3619 2271 3838 2341 Saulis
3893 2274 4230 2343 conatibus

2301 2375 2442 2421 sese
2485 2364 2883 2440 opponente:
2943 2363 3396 2423 verumtamen
3455 2357 3882 2426 nihilominus
3939 2361 4229 2446 oportuit

2303 2439 2567 2508 Saulem
2608 2442 2690 2508 ab
2725 2441 3141 2525 insequendis
3175 2443 3472 2509 hostibus
3505 2443 3883 2512 Philistaeis
3916 2453 4231 2531 tanquam

2300 2527 2536 2593 iniecta
2594 2548 2851 2593 remora
2916 2528 3203 2609 retineri,
3269 2529 3538 2613 eiusque
3591 2531 3928 2598 victoriam
3987 2532 4228 2617 imper-

2302 2612 2539 2679 fectam
2585 2621 2654 2678 et
2692 2612 2904 2679 veluti
2958 2613 3359 2680 dimidiatam
3418 2616 3581 2697 fieri,
3642 2615 3810 2700 quod
3856 2618 4071 2683 Deum
4124 2620 4228 2685 ni-

2298 2698 2501 2764 mium
2546 2699 2934 2765 festinanter
2974 2699 3346 2766 sacrificans
3389 2702 3682 2786 graviter
3723 2702 4118 2771 offendisset.

2469 2784 2753 2870 Reliqua
2809 2804 2966 2851 vero
3007 2786 3137 2851 iam
3194 2786 3527 2872 sigillatim
3583 2786 4049 2872 expendamus.
4138 2791 4230 2857 Et

2298 2870 2367 2936 iu
2410 2870 2644 2953 primis
2687 2872 2978 2936 maxima
3018 2869 3213 2936 huius
3256 2872 3477 2955 populi
3534 2894 3690 2957 erg-a
3746 2895 3966 2959 regem
4027 2896 4225 2960 appa·

2298 2964 2401 3021 ret
2457 2956 2846 3036 reverentia,
2913 2956 3191 3041 singulis
3247 2958 3806 3024 consentientibus
3868 2960 3939 3025 in
4003 2959 4226 3029 Saulis

2297 3040 2601 3108 edictum.
2689 3041 2863 3108 Nam
2906 3042 3061 3108 licet
3102 3041 3216 3108 illa
3259 3044 3583 3108 sententia
3624 3043 3856 3111 fuisset
3915 3048 4226 3128 severior,

2296 3147 2366 3192 se
2431 3149 2515 3193 ne
2576 3129 2842 3212 proprio
2906 3127 3163 3212 quidem
3230 3127 3364 3193 filio
3430 3129 3863 3212 parciturum:
3947 3131 4227 3216 populus

2296 3220 2516 3277 tamen
2563 3214 2782 3280 verbis
2824 3213 3001 3280 illius
3043 3234 3352 3280 assensus
3394 3222 3513 3291 est,
3577 3222 3644 3278 et
3703 3234 3891 3281 nemo
3945 3236 4028 3282 ex
4089 3225 4226 3283 toto

2294 3299 2535 3384 populo
2579 3307 2677 3364 est
2719 3298 3123 3384 obloquutus.
3209 3299 3354 3365 Nae
3396 3299 3468 3364 in
3526 3308 3711 3366 tanta
3778 3301 4002 3385 populi
4054 3302 4222 3369 mul-

2294 3384 2593 3464 titudine,
2653 3405 2978 3452 summam
3024 3384 3316 3467 oportuit
3358 3405 3499 3452 esse
3542 3405 3581 3451 e
3742 3407 3963 3472 regem
4006 3387 4222 3455 obser-

2292 3470 2609 3555 vantiam,
2669 3483 2745 3536 ut
2787 3482 2920 3536 tam
2965 3469 3218 3552 placide
3260 3469 3545 3537 edictum
3580 3406 3751 3539 ffssd
3800 3474 3931 3538 reci
3981 3484 4221 3556 eretur,

2291 3577 2416 3639 quo
2461 3557 2651 3622 iussit
2693 3577 2919 3623 omues
2962 3556 3237 3640 angulos
3279 3556 3500 3641 populi
3544 3556 3865 3624 accedere.
3991 3582 4063 3625 er
4105 3580 4220 3626 an-

2292 3643 2480 3726 gulos
2543 3662 2698 3707 vero
2764 3642 3111 3725 aliquando
3175 3642 3634 3726 intelliguntur
3699 3642 3894 3710 duces
3974 3646 4219 3730 populi,

2291 3727 2463 3811 quod
2501 3726 2637 3794 sint
2677 3727 2853 3793 illius
2896 3726 3103 3793 veluti
3146 3728 3363 3795 robur.
3410 3728 3501 3794 Et
3542 3730 3636 3794 sic
3681 3729 3847 3795 solet
3889 3731 4047 3797 haec
4091 3754 4223 3799 vox

2290 3813 2528 3899 anyuli,
2587 3814 2656 3879 in
2714 3814 2916 3881 sacris
2972 3814 3294 3898 usurpari,
3347 3822 3463 3881 aut
3516 3833 3636 3898 pro
3695 3813 3922 3881 robore
3976 3818 4219 3902 populi,

2291 3910 2406 3965 aut
2486 3919 2603 3983 pro
2681 3900 2987 3965 universo
3070 3919 3370 3984 corpore:
3456 3901 3641 3966 cuius
3722 3901 4218 3987 significationis

2292 3984 2667 4069 exemplum
2714 3993 2895 4051 extat
2935 3984 3081 4050 Iud.
3127 3985 3230 4051 20.
3323 3983 3454 4052 Sed
3498 3983 3604 4049 hic
3649 4006 3766 4069 per
3808 3989 4079 4071 angulos
4121 3989 4224 4055 in·

2293 4069 2496 4136 dicari
2565 4069 2869 4136 videntur
2927 4071 3392 4150 extremitates,
3459 4070 3642 4136 velut
3698 4071 3893 4154 dicas,
3960 4075 4041 4139 ab
4105 4096 4223 4141 ex-

2292 4165 2499 4223 tremo
2542 4156 2624 4223 ad
2670 4166 3055 4222 extremum.
3144 4157 3251 4221 Ex
3307 4176 3437 4240 quo
3480 4168 3749 4239 apparet
3792 4168 3993 4224 totam
4038 4159 4220 4225 illam

2290 4242 2517 4327 populi
2561 4240 3047 4308 multitudinem
3093 4261 3225 4307 nou
3272 4241 3462 4307 aliter
3505 4250 3791 4309 coactam
3837 4263 3913 4310 ao
3956 4244 4011 4310 si
4048 4266 4220 4311 unus

2293 4337 2410 4394 aut
2452 4327 2621 4394 alter
2676 4336 2935 4392 tantum
2998 4327 3190 4392 homo
3249 4327 3593 4393 adfuisset:
3654 4337 3720 4394 et
3777 4329 3950 4412 quod
4009 4350 4115 4396 ma
4164 4331 4221 4395 's

2291 4413 2679 4486 mirandum.
2747 4413 2916 4497 quod
2977 4413 3194 4479 nullus
3253 4413 3626 4499 obloquitur
3690 4424 3806 4480 aut
3867 4435 4100 4499 respon
4150 4424 4223 4481 et

2294 4499 2500 4578 Sauli,
2568 4499 2680 4565 sed
2782 4498 2994 4564 lacide
3052 4500 3419 4582 acquiescit,
3487 4500 3688 4566 donec
3752 4499 4011 4565 tandem
4072 4500 4219 4567 Deo

2291 4587 2668 4669 impellente
2758 4584 3160 4650 onathauum
3221 4584 3497 4669 populus
3552 4607 3589 4649 e
3648 4584 3931 4669 periculo
3990 4588 4220 4654 mortis

2293 4672 2506 4756 eripit.
2597 4670 2772 4737 Sane
2816 4669 3129 4754 quidquid
3172 4669 3280 4735 hic
3323 4671 3439 4737 fiat
3481 4672 3691 4735 omnis
3739 4671 3927 4737 huius
3970 4672 4217 4755 peccati

2292 4779 2501 4843 poena
2543 4758 2614 4822 in
2651 4755 2917 4822 Saulem
2963 4755 3227 4833 recidit:
3273 4777 3465 4839 quem
3501 4753 3684 4821 Deus
3727 4777 3809 4821 ex
3853 4768 4037 4841 parte
4081 4757 4223 4840 qui-

2294 4844 2439 4910 dem
2486 4844 2783 4923 honorat,
2839 4842 2953 4907 sed
2998 4842 3103 4908 cui
3148 4843 3391 4907 tameu'
3425 4843 3490 4905 in
3552 4839 3832 4907 dedecus
3889 4863 4219 4910 summum

2294 4931 2491 4995 etiam
2538 4928 2749 4993 honor
2790 4928 2900 4993 ille
2942 4926 3241 4993 vertitur.
3331 4926 3795 5010 Deprehensus
3857 4948 4013 4994 vero
4055 4927 4223 4995 Saul

2294 5036 2445 5083 cum
2486 5014 2626 5081 filio
2658 5012 3046 5095 Ionatham,
3087 5022 3155 5079 et
3188 5012 3427 5096 populo
3463 5012 3749 5091 liberato,
3796 5013 4220 5082 nihilomiuus

2296 5102 2367 5166 in
2410 5100 2714 5167 instituto
2760 5101 2989 5185 pergit,
3046 5097 3392 5180 sortitique
3449 5099 3621 5164 inter
3676 5120 3747 5164 se
3787 5110 3853 5166 et
3909 5099 4227 5166 Ionatha-

282 5180 449 5249 deri:
506 5186 617 5250 sed
661 5195 776 5252 aut
833 5185 1170 5252 fortuitum
1217 5186 1497 5271 aliquem
1554 5207 1775 5255 casum
1819 5208 1960 5254 esse
2004 5187 2194 5273 dicet,
2301 5207 2458 5253 num
2502 5186 2711 5252 filium
2758 5186 2958 5252 iubet.
3046 5183 3195 5266 Qua
3240 5183 3310 5248 in
3368 5205 3441 5250 re
3497 5192 3768 5269 apparet
3825 5193 4230 5273 quantopere

484 5284 698 5343 Caluini
721 5302 902 5358 opera.
950 5289 1075 5346 Vol.
1099 5286 1298 5345 XXX.

3773 5286 3808 5343 5
