5059 6059
876 320 1004 388 447

878 510 1128 594 pariter
1168 506 1538 591 proficiunt.
1608 504 1801 583 Nam,
1845 504 1973 572 etsi
2014 503 2340 569 increduli
2385 525 2461 570 ac
2497 504 2625 570 Dei
2667 524 2822 571 con-

881 604 1238 678 temptores
1322 590 1591 658 evidens
1685 591 1957 656 virtutis
2032 589 2297 656 divinae
2376 590 2821 657 testimonium

2540 313 2954 382 HOMILIA
2994 314 3193 384 XIX.

4678 325 4768 395 448

2922 506 3013 571 Et
3054 513 3273 571 tamen
3320 504 3602 571 voluisse
3646 505 3864 570 Deum
3907 503 4084 588 ipsos
4125 500 4195 569 in
4241 503 4580 587 pertinacia
4604 530 4772 579 mans-

2923 612 2996 656 re
3030 590 3454 674 conspicuum
3490 592 3585 669 fit,
3630 588 3802 674 quod
3836 601 4036 655 noctu
4080 610 4276 656 suum
4319 610 4475 672 opus
4505 601 4771 679 peregerit,

884 681 1190 760 habeant,
1234 697 1312 743 ao
1354 676 1614 777 magnis
1657 676 2050 743 clamoribus
2102 674 2266 741 illud
2303 683 2643 756 testentur,
2689 698 2821 743 non
2924 686 2998 743 ut
3039 681 3106 741 in
3167 677 3577 761 ignorantiae
3633 696 3790 742 suae
3845 674 4126 773 caligine
4169 686 4236 740 et
4292 676 4561 743 tenebris
4606 702 4773 750 manc-

884 768 1032 834 ideo
1078 777 1304 831 tamen
1347 762 1430 828 ab
1464 761 1865 828 1dolomania
1900 760 2229 829 recedunt.
2302 762 2630 846 Exemplo
2673 783 2822 828 sun·
2923 773 3088 829 rent.
3177 764 3412 846 Itaque
3470 762 3554 828 ad
3613 771 3874 827 tantum
3932 762 4325 828 miraculum
4383 771 4622 846 stupore
4665 788 4772 849 per-

887 867 953 919 to
986 853 1100 917 isti
1124 849 1472 917 Philistaei
1505 849 1617 931 qui
1641 859 2042 934 prostratum
2079 848 2148 912 in
2179 857 2356 913 terra
2377 846 2569 914 deum
2605 868 2821 924 sunm,
2920 851 3094 915 cussi
3160 870 3287 914 non
3353 858 3864 914 commoventur.
3954 847 4105 929 Quo
4161 848 4461 930 exemplo
4519 848 4775 937 discimus,

884 941 954 1007 vi
997 937 1245 1017 divina,
1291 935 1563 1000 minime
1608 943 1829 999 tamen
1894 935 2221 1011 deserunt,
2279 932 2394 1000 sed
2437 935 2650 1018 magis
2709 955 2820 1000 ve-

884 1034 1228 1091 nerantur.
1318 1024 1417 1087 Ac
1459 1021 1675 1104 potuit
1710 1020 1817 1085 hic
1851 1018 2362 1085 sacrificulorum
2400 1032 2582 1086 astus
2615 1021 2820 1084 inter·

884 1110 1136 1190 venire,
1176 1118 1243 1173 et
1285 1105 1543 1191 plebem
1592 1104 1765 1189 quod
1806 1106 2129 1171 acciderat
2171 1104 2402 1188 celare,
2446 1105 2559 1171 sed
2599 1118 2817 1170 tamen

883 1194 1242 1263 verisimile
1285 1201 1387 1259 est
1440 1214 1582 1258 rem
1624 1192 1695 1256 in
1743 1192 1854 1257 vul
1905 1213 1981 1257 us
2027 1191 2399 1274 evulgatam
2445 1200 2513 1255 et
2555 1191 2637 1256 ab
2679 1213 2818 1255 om-

888 1283 1080 1347 nibus
1138 1280 1340 1346 fnisse
1402 1277 1751 1362 cognitam.
1913 1276 2042 1341 uod
2095 1276 2285 1343 facile
2349 1277 2678 1362 colligitur
2734 1298 2818 1342 ex

886 1365 1329 1451 sequentibus,
1403 1385 1607 1448 quum
1664 1374 2025 1429 convocata
2081 1363 2271 1446 plebe
2328 1364 2399 1428 in
2456 1363 2816 1440 consilium,

892 1455 1107 1519 Deum
1174 1451 1622 1516 Israelitarnm
1688 1449 1876 1514 aiunt
1952 1449 2299 1515 advorsum
2365 1471 2434 1516 se
2499 1469 2818 1532 suumque

891 1540 1085 1605 deum
1154 1539 1495 1622 Dagonem
1560 1556 1700 1601 esse
1759 1534 2106 1600 duriorem.
2194 1535 2422 1617 Itaque
2472 1535 2818 1628 vulgatum

886 1624 1065 1691 istud
1144 1624 1346 1688 fuisse
1418 1630 1608 1686 extra
1665 1619 1935 1686 dubium
2006 1632 2123 1705 est,
2190 1620 2439 1685 idolum
2514 1621 2821 1687 videlicet

886 1709 1186 1794 Dagonis
1265 1711 1337 1774 in
1415 1720 1662 1772 terram
1737 1705 2070 1773 decidisse.
2171 1706 2265 1771 At
2332 1727 2532 1789 quum
2600 1706 2820 1773 clauso

889 1794 1134 1878 templo
1196 1794 1265 1859 id
1330 1794 1728 1878 contigisset,
1790 1813 1949 1860 sane
2021 1813 2153 1858 non
2219 1793 2508 1858 humana
2573 1792 2821 1858 factum

887 1903 1090 1946 manu
1147 1880 1339 1946 fateri
1395 1879 1543 1944 illos
1600 1879 1906 1961 oportuit,
1976 1898 2050 1945 ac
2103 1879 2403 1944 convinci
2461 1899 2500 1943 a
2558 1879 2820 1961 propria

889 1966 1306 2044 conscientia,
1365 1965 1535 2029 nihil
1588 1985 1730 2031 esse
1787 1963 2032 2029 idolum
2077 1963 2409 2048 Dagonis:
2466 1972 2532 2028 et
2594 1984 2634 2028 a
2675 1963 2820 2029 Deo

887 2055 961 2118 in
1006 2064 1248 2118 terram
1295 2059 1717 2134 prostratum,
1776 2059 2088 2132 tanquam
2132 2071 2172 2112 a
2226 2070 2295 2115 se
2338 2048 2566 2133 procul
2610 2049 2819 2132 repel-

886 2140 1062 2204 lente
1108 2146 1174 2203 et
1225 2137 1608 2222 proiiciente
1664 2136 1931 2214 idolum,
1989 2143 2055 2200 et
2098 2135 2472 2203 Philistaeis
2532 2156 2817 2201 errorem

888 2247 1082 2291 suum
1149 2231 1216 2288 et
1279 2222 1772 2305 superstitiones
1841 2221 2189 2304 aperiente,
2268 2242 2432 2304 quas
2511 2220 2820 2287 detestari

889 2312 1234 2376 discerent.
1323 2306 1400 2374 Si
1443 2307 1591 2392 quis
1646 2328 1803 2373 vero
1863 2319 2072 2391 roget,
2137 2327 2254 2372 cur
2320 2328 2447 2373 non
2505 2307 2648 2390 ipsa
2713 2306 2819 2372 die

888 2398 1062 2462 clara
1105 2397 1350 2460 factum
1394 2393 1575 2459 istud
1618 2395 1735 2458 sit:
1792 2393 1965 2476 quod
2016 2393 2225 2457 maius
2270 2393 2564 2459 futurum
2623 2393 2820 2458 fuisse

888 2481 1194 2548 videatur
1228 2479 1637 2558 miraculum,
1671 2478 1843 2544 idolo
1877 2482 1946 2543 in
1983 2478 2275 2543 omnium
2309 2478 2817 2544 Philistaeorum

887 2574 1241 2649 conspectu
1319 2566 1591 2631 cadente
1677 2585 1869 2649 quam
1957 2572 2181 2630 noctu:
2266 2564 2392 2645 aio,
2470 2585 2604 2630 non
2670 2564 2817 2628 ideo

884 2655 1099 2736 magis
1141 2651 1346 2717 fuisse
1380 2650 1878 2716 commovendos
1914 2649 2339 2716 Philistaeos:
2383 2652 2498 2716 sed
2544 2651 2668 2715 hoc
2708 2650 2816 2715 vel

885 2739 1000 2803 illo
1043 2747 1410 2804 commento
1454 2757 1595 2802 sese
1652 2736 1853 2802 fuisse
1909 2735 1978 2800 in
2028 2756 2249 2801 errore
2300 2737 2816 2816 confirmaturos,

884 2823 1205 2909 quidlibet
1260 2831 1745 2905 praetexentes:
1805 2831 1873 2886 et
1929 2822 2077 2886 licet
2132 2821 2358 2888 divina
2410 2842 2609 2887 manu
2668 2843 2815 2905 pro·

877 2919 1158 2978 stratum
1211 2907 1455 2973 idolum
1522 2908 1709 2974 fateri
1769 2915 2041 2988 coactos,
2104 2915 2326 2972 tamen
2385 2907 2559 2973 idolo
2622 2928 2816 2973 suum

879 2997 1196 3062 honorem
1238 3015 1314 3061 ac
1357 2994 1552 3060 decus
1593 2994 1829 3076 aliquo
1879 3002 2245 3058 commento
2304 2993 2506 3059 fuisse
2610 2995 2816 3058 uaesi-

878 3092 1100 3147 turos:
1164 3081 1588 3164 quamobrem
1643 3089 1843 3146 noctu
1902 3078 2112 3144 voluit
2166 3078 2352 3145 Dens
2423 3079 2558 3144 istu
2661 3098 2814 3145 con-

881 3168 1157 3252 tingere.
1247 3167 1600 3231 Praeterea
1641 3164 1771 3230 Dei
1815 3162 2274 3230 admirandum
2320 3165 2426 3231 hio
2469 3165 2814 3232 consilium

881 3253 1249 3338 expendite,
1305 3252 1415 3335 qui
1460 3251 1812 3333 potentiam
1872 3270 2059 3316 suam
2103 3252 2196 3316 sio
2239 3270 2544 3317 exserere
2588 3251 2816 3330 voluit,

883 3347 964 3404 ut
1005 3336 1328 3405 increduli
1371 3335 1654 3403 videndo
1709 3357 1844 3400 non
1907 3336 2221 3401 viderent.
2310 3335 2423 3404 Sic
2485 3338 2661 3402 enim
2727 3337 2818 3401 lo-

884 3425 1109 3509 quitur
1153 3423 1362 3489 Isaias
1405 3422 1755 3506 propheta:
1804 3420 2058 3505 Iehova,
2101 3442 2295 3504 quum
2336 3423 2650 3489 exaltatur
2681 3444 2817 3488 ma-

882 3531 1008 3576 nus
1041 3515 1171 3590 tua,
1204 3529 1333 3574 non
1364 3509 1594 3574 vident.
1666 3507 1838 3573 Nam
1873 3508 1997 3573 etsi
2031 3509 2313 3591 improbi
2349 3508 2479 3574 Dei
2522 3508 2816 3594 gloriam,

884 3595 1012 3660 Dei
1060 3616 1326 3660 manum
1383 3605 1450 3660 et
1505 3596 1861 3676 potentiam
1925 3593 2168 3670 vident,
2229 3615 2359 3658 non
2403 3603 2621 3660 tamen
2671 3615 2815 3660 eam

886 3680 1284 3760 discernunt,
1326 3679 1567 3746 iudicio
1604 3690 1921 3758 carentes,
1967 3689 2033 3744 et
2067 3681 2137 3743 in
2173 3689 2503 3763 stuporem
2544 3700 2816 3746 conver·

885 3766 962 3844 si,
1008 3775 1085 3830 ut
1129 3766 1325 3831 etiam
1370 3774 1524 3831 ante
1559 3765 1778 3831 oculos
1820 3766 2188 3849 praesentia
2224 3786 2354 3830 non
2397 3766 2814 3833 animadver-

889 3859 1069 3917 tant:
1127 3851 1300 3935 quod
1354 3852 1663 3916 nimirum
1726 3850 1930 3917 Satan
1986 3862 2361 3918 excaecatos
2404 3861 2471 3916 et
2523 3852 2817 3935 captivos

885 3937 1147 4016 habeat,
1211 3937 1321 4019 qui
1363 3957 1513 4002 suos
1556 3958 1781 4003 omnes
1825 3937 1918 4003 sic
1959 3936 2254 4015 fascinat,
2310 3947 2384 4003 ut
2427 3937 2665 4004 iudicio
2709 3958 2815 4003 ac-

891 4043 1088 4089 sensu
1146 4023 1480 4088 communi
1537 4030 1603 4087 et
1660 4024 1913 4089 ratione
1978 4033 2261 4088 careant.
2347 4022 2581 4107 Itaque
2635 4026 2815 4090 Deus

887 4109 1015 4174 hac
1079 4108 1333 4173 ratione
1387 4127 1646 4173 omnem
1705 4109 1835 4174 illis
1893 4109 2376 4174 excusationem
2434 4110 2684 4193 tollere,
2751 4119 2816 4174 et

887 4215 962 4260 os
1003 4194 1341 4260 occludere
1397 4194 1622 4259 voluit.
1707 4194 1880 4259 Nam
1938 4203 2011 4258 ut
2050 4194 2527 4260 inexcusabiles
2587 4193 2813 4260 redde-

886 4287 1124 4344 rentur
1188 4277 1547 4357 Philistaei,
1612 4287 1715 4344 sat
1768 4286 1908 4344 erat
1971 4289 2367 4364 prostratum
2432 4282 2504 4346 in
2569 4292 2813 4347 terram

886 4364 1137 4430 idolum
1174 4386 1367 4431 snum
1403 4366 1576 4448 ipsos
1626 4386 1995 4448 agnoscere.
2071 4367 2134 4430 A
2170 4386 2298 4449 quo
2335 4387 2492 4432 vero
2525 4377 2812 4450 prostra-

888 4450 1077 4516 tum?
1139 4472 1222 4516 an
1266 4472 1387 4534 ope
1428 4451 1649 4533 aliqua
1692 4449 2024 4515 humana?
2082 4451 2224 4516 Nae
2267 4451 2494 4535 templi
2537 4453 2642 4518 sui
2686 4454 2812 4519 cla-

887 4558 1006 4604 ves
1047 4535 1396 4617 habebant,
1453 4545 1529 4601 ut
1571 4556 1763 4601 nemo
1808 4535 2033 4602 insciis
2091 4547 2209 4602 aut
2248 4558 2379 4602 non
2433 4542 2815 4620 permitten-

885 4623 1066 4688 tibus
1120 4623 1281 4706 ipsis
1339 4624 1407 4688 in
1465 4622 1778 4706 templum
1822 4623 2128 4687 intraret:
2182 4621 2411 4688 deinde
2466 4645 2588 4688 sua
2644 4624 2815 4690 idola

886 4708 1179 4774 studiose
1222 4707 1521 4775 colebant
1562 4719 1629 4773 et
1687 4707 2149 4773 custodiebant.
2240 4707 2461 4789 Quare
2504 4708 2635 4775 Dei
2677 4730 2811 4774 ma·

887 4815 1053 4858 num
1115 4795 1188 4858 in
1257 4795 1571 4877 templum
1636 4814 1824 4860 suum
1893 4804 2267 4876 penetrasse
2331 4794 2574 4873 vident,
2644 4795 2812 4879 qnod

886 4880 1071 4945 nulla
1114 4880 1404 4946 humana
1439 4881 1689 4945 ratione
1724 4878 2031 4962 colligere
2069 4889 2349 4963 possent,
2393 4901 2595 4962 quare
2636 4881 2812 4946 istud

886 4965 1137 5030 idolum
1172 4967 1239 5032 in
1278 4975 1519 5031 terram
1556 4974 1954 5048 prostratum
1999 4965 2249 5042 fuisset,
2295 4966 2815 5049 quandoquidem

888 5051 1111 5116 nullus
1169 5053 1325 5116 talia
1378 5050 1702 5129 meditans
1775 5049 2090 5132 templum
2147 5051 2395 5116 intrare
2473 5054 2811 5136 potuisset.

889 5132 1026 5200 Sed
1072 5137 1255 5202 Deus
1313 5139 1451 5220 ipse
1507 5146 1806 5220 potenter
1858 5137 1953 5202 ita
2010 5144 2112 5203 est
2153 5145 2475 5220 operatus,
2540 5147 2614 5203 ut
2675 5160 2812 5204 om-

884 5240 1044 5287 nem
1117 5222 1527 5307 ignorantiae
1598 5223 2083 5289 excusationem
2146 5222 2308 5307 ipsis
2385 5223 2809 5306 praecideret.

2922 955 3118 1017 qnam
3163 933 3604 1017 deplorandus
3650 934 3991 999 hominum
4035 942 4263 1011 status,
4309 942 4376 998 et
4418 954 4597 1016 quam
4630 939 4774 1004 mise-

2923 1041 2998 1085 ra
3035 1021 3340 1097 conditio,
3399 1040 3566 1103 quae
3607 1020 3695 1086 sit
3738 1019 3977 1085 erroris
4020 1021 4090 1084 in
4134 1019 4313 1102 ipsos
4354 1018 4635 1100 efficacia,
4671 1023 4776 1090 Deo

2921 1109 3095 1189 ipsos
3154 1116 3427 1172 naturae
3492 1126 3648 1171 suae
3706 1107 4148 1188 permittente,
4214 1115 4282 1170 et
4331 1117 4598 1172 mentem
4650 1110 4776 1174 aufe-

2920 1207 3140 1257 rente:
3186 1214 3310 1257 nae
3345 1192 3555 1257 brutis
3590 1191 3749 1274 ipsis
3787 1192 4180 1276 stupidiores
4218 1210 4327 1257 eos
4371 1211 4506 1257 esse
4527 1191 4776 1273 videmus,

2921 1277 3087 1362 quod
3124 1279 3322 1344 etiam
3359 1299 3552 1361 saepe
3585 1297 3810 1343 sacrae
3843 1279 4208 1361 scripturae
4243 1287 4572 1342 testantur.
4650 1279 4778 1344 Non·

2921 1386 3002 1429 ne
3061 1366 3221 1430 istos
3280 1363 3615 1446 oportebat
3658 1384 3730 1428 re
3776 1373 3909 1429 tam
3955 1383 4127 1429 nova
4169 1371 4236 1428 et
4276 1362 4638 1428 admiranda
4671 1385 4776 1445 per-

2920 1450 3084 1528 celli,
3127 1470 3329 1533 quum
3388 1450 3605 1516 Deum
3663 1470 3855 1514 sunm
3912 1450 4363 1534 conspicerent
4421 1458 4590 1513 tanto
4632 1451 4778 1516 affec·

2922 1545 3065 1601 tum
3120 1535 3432 1601 dedecore
3482 1544 3548 1601 et
3605 1533 3890 1615 infamia,
3947 1543 4014 1600 et
4057 1555 4207 1599 eum
4265 1554 4459 1618 quem
4513 1535 4776 1620 captivum

2922 1622 3426 1701 arbitrabantur,
3482 1622 3553 1687 in
3611 1620 3824 1687 medio
3883 1622 4176 1705 ipsorum
4218 1620 4555 1701 dominari,
4606 1621 4780 1686 robur·

2895 1714 3051 1790 'que
3107 1729 3298 1774 suum
3367 1728 3442 1773 ac
3506 1709 3866 1790 potentiam
3931 1704 4280 1772 exserere?
4348 1708 4444 1771 At
4503 1706 4635 1772 istis
4686 1727 4779 1771 non

2923 1805 3432 1873 commoventur,
3468 1813 3598 1857 non
3619 1792 3953 1857 meliorem
3978 1802 4268 1870 mentem
4313 1792 4601 1869 induunt,
4640 1791 4781 1856 deum

2925 1880 3268 1964 Dagonem
3301 1880 3372 1944 in
3408 1879 3619 1945 locum
3663 1899 3857 1943 suum
3889 1880 4268 1957 restituunt,
4309 1887 4379 1943 et
4420 1876 4645 1943 eisdem
4674 1898 4780 1941 eum

2922 1967 3156 2049 quibus
3199 1975 3395 2030 antea
3438 1963 3793 2029 bonoribus
3825 1976 4327 2047 prosequuntur.
4400 1963 4626 2045 Ecquis
4653 1982 4780 2040 vero,

2924 2051 3032 2117 vel
3088 2052 3144 2116 si
3202 2070 3366 2134 puer
3407 2050 3642 2134 adhuc,
3702 2070 3837 2114 non
3880 2049 4125 2116 iudicet
4181 2049 4300 2113 hos
4337 2049 4602 2114 miseros
4637 2068 4781 2113 sensu

2920 2138 3250 2204 communi
3308 2137 3610 2216 carnisse,
3664 2137 3866 2200 immo
3927 2156 4082 2201 vero
4138 2154 4411 2218 prorsus
4468 2135 4710 2200 furiosos
4740 2143 4783 2196 ct

2921 2233 3142 2288 mente
3185 2233 3403 2306 captos
3447 2221 3692 2288 fuisse?
3738 2221 3880 2286 Nae
3914 2221 4101 2287 facile
4137 2221 4218 2286 de
4260 2221 4409 2286 aliis
4451 2220 4782 2285 iudicamus:

2920 2307 3034 2375 sed
3093 2308 3434 2388 discamus,
3491 2318 3565 2372 ut
3620 2318 3773 2373 ante
3834 2307 3993 2391 dixi,
4050 2308 4194 2373 Deo
4253 2307 4658 2391 permittente
4703 2304 4781 2368 ho-

2919 2395 3132 2460 mines
3174 2415 3254 2458 ex
3288 2414 3445 2459 suae
3480 2394 3758 2459 rationis
3791 2414 3990 2459 sensu
4023 2392 4378 2472 ambulare,
4426 2392 4558 2458 suis
4597 2389 4785 2456 affecti·

2922 2479 3043 2545 bus
3087 2479 3453 2563 indulgere,
3512 2489 3578 2545 et
3620 2480 3857 2545 stultas
3901 2478 4282 2544 devotiones
4323 2478 4527 2561 sequi,
4585 2474 4784 2541 tandem

2920 2575 3216 2649 oportere
3250 2566 3318 2629 in
3355 2564 3926 2648 profundissimam
3973 2564 4271 2648 caliginis
4313 2565 4620 2650 abyssum
4656 2562 4785 2644 ipsos

2923 2651 3247 2735 demergi:
3309 2673 3390 2716 ex
3445 2652 3682 2734 quibus
3740 2650 4126 2735 sapiendum
4187 2649 4375 2716 nobis
4424 2659 4539 2728 est,
4594 2668 4668 2713 ne
4701 2667 4786 2710 un·

2923 2759 3118 2822 quam
3153 2738 3352 2803 verbo
3389 2737 3595 2819 ipsius
3626 2736 4078 2816 destituamur,
4121 2735 4237 2801 sed
4272 2736 4598 2821 supplices
4628 2733 4788 2798 Deum

2919 2843 3265 2907 precemur
3319 2843 3403 2888 ne
3464 2843 3749 2905 unquam
3808 2822 4143 2905 permittat
4200 2843 4323 2889 nos
4382 2823 4584 2900 nobis,
4635 2830 4691 2883 et
4733 2835 4788 2880 ne

2923 2922 3058 2974 tam
3104 2929 3360 2974 caecam
3408 2921 3697 2973 mentem
3740 2908 4008 2985 iniiciat,
4053 2929 4221 2991 qnae
4274 2909 4346 2973 in
4409 2907 4619 2973 media
4654 2900 4788 2968 tew-

2923 2994 3286 3059 moniorum
3352 2993 3726 3058 divinorum
3790 2994 3934 3058 luce
3987 2995 4241 3077 caliget,
4306 3015 4385 3061 ac
4454 2995 4655 3078 potins
4706 3006 4789 3052 sus

2921 3080 3165 3146 virtute
3210 3097 3327 3145 nos
3369 3080 3718 3146 utilitatem
3777 3100 4001 3145 eorum
4048 3080 4293 3161 doceat,
4353 3102 4487 3164 qno
4531 3078 4607 3144 ad
4645 3092 4788 3140 usum

2921 3166 3037 3231 illa
3080 3167 3458 3231 referamus.
3545 3166 3895 3232 Caeterum
3955 3175 4020 3229 et
4077 3166 4206 3231 alia
4262 3167 4457 3233 nobis
4505 3164 4649 3229 hinc
4681 3179 4790 3225 eru·

2921 3252 3090 3317 enda
3131 3250 3425 3317 doctrina
3467 3262 3582 3332 est,
3642 3273 3773 3335 qua
3816 3249 4118 3316 videlicet
4182 3251 4500 3319 adversus
4542 3245 4789 3316 tentatio·

2919 3358 3037 3403 nes
3080 3357 3191 3402 eas
3233 3357 3582 3418 armemur,
3626 3338 3861 3421 quibus
3896 3338 4143 3402 infirmi
4176 3358 4288 3402 sae
4335 3359 4377 3404 e
4413 3334 4790 3407 offenduntur,

2919 3423 3516 3489 animadvertentes
3572 3424 3925 3508 flagitiosos
3985 3431 4052 3488 et
4093 3426 4303 3505 impro
4467 3423 4648 3496 viros,
4687 3418 4790 3481 D00

2920 3510 3335 3587 reluctantes,
3380 3509 3689 3576 audacter
3731 3509 3798 3573 in
3834 3518 4062 3591 coepto
4098 3529 4392 3593 pergere,
4438 3518 4507 3574 et
4533 3503 4792 3574 curiosius

2919 3616 3114 3678 quam
3179 3615 3472 3678 unquam
3536 3598 3705 3662 facta
3767 3615 3888 3660 sua
3948 3596 4266 3679 persequi.
4371 3596 4497 3674 Ne,
4561 3594 4791 3674 inquam,

2917 3681 3064 3746 istis
3129 3699 3545 3748 moveamur:
3613 3684 3879 3746 fuerunt
3939 3681 4115 3747 enim
4181 3680 4486 3765 plerique
4547 3674 4793 3770 omnibus

2917 3766 3151 3833 seculis
3190 3766 3489 3834 homines
3547 3765 3927 3845 istiusmodi,
3971 3788 4087 3833 suo
4142 3774 4441 3851 tempore
4484 3767 4659 3832 factis
4693 3777 4792 3825 suls

2916 3873 3155 3936 poenas
3200 3852 3617 3937 dignissimas
3660 3854 4069 3936 reportaturi.
4151 3851 4286 3920 Sed
4329 3853 4449 3920 ubi
4493 3854 4662 3919 Deus
4693 3847 4793 3912 irae

2915 3940 3177 4023 signum
3234 3939 3496 4023 aliquod
3541 3939 3838 4022 ediderit,
3894 3941 4109 4023 capita
4158 3940 4603 4018 demittamne,
4641 3955 4706 4000 ac
4739 3949 4793 3996 ne

2915 4023 3072 4089 dum
3088 4045 3352 4090 manum
3376 4034 3709 4108 potentem
3733 4023 4082 4094 adversum
4097 4046 4217 4095 nos
4233 4035 4500 4097 exserat
4513 4029 4792 4106 exspecto·

2916 4130 3082 4189 mus,
3139 4111 3298 4194 quin
3367 4113 3584 4194 potius
3642 4112 3724 4178 ad
3778 4111 4147 4182 levissimas
4200 4117 4424 4181 minas
4449 4112 4663 4197 ·ipsiue
4700 4117 4796 4201 tr?-

2914 4217 3190 4273 mamus,
3248 4208 3313 4262 et
3356 4218 3573 4263 coram
3615 4200 3758 4283 ipso
3803 4199 4204 4279 deiiciamur,
4249 4203 4321 4267 in
4367 4201 4514 4267 eius
4548 4195 4793 4275 ohsequi-

2913 4302 3028 4346 um
3069 4282 3299 4366 parati.

3085 4368 3177 4433 Et
3240 4367 3320 4433 de
3382 4369 3527 4435 istis
3591 4370 3928 4437 hactenus.
4022 4371 4216 4453 Quod
4281 4394 4443 4440 vero
4507 4371 4795 4452 Dagonem

2915 4462 3314 4537 prostratum
3361 4455 3642 4539 erigunt,
3702 4466 3770 4522 et
3810 4457 3949 4523 loco
3990 4459 4371 4543 restituunt,
4437 4454 4655 4523 miseri
4702 4465 4797 4514 non

2916 4539 3452 4605 animadvertunt
3514 4540 3733 4607 Deum
3815 4564 4007 4609 suum
4085 4567 4223 4611 rem
4291 4566 4437 4612 esse
4503 4548 4797 4630 mortun&

2915 4626 3019 4691 cui
3068 4625 3275 4690 vitam
3334 4626 3805 4709 quodammodo
3848 4631 4193 4697 restituere
4237 4633 4564 4706 nituntur,
4618 4620 4716 4690 sed
4747 4638 4798 4682 111

2915 4731 3136 4776 errore
3180 4722 3247 4777 et
3290 4715 3771 4797 superstitione,
3829 4737 4023 4798 quam
4077 4739 4118 4782 a
4172 4718 4528 4782 maioribus
4582 4724 4796 4788 accepe-

2916 4807 3083 4877 rant,
3152 4808 3457 4882 pergunt.
3545 4800 3609 4864 N
3611 4821 3683 4866 os
3749 4802 3947 4886 igitur
4025 4823 4223 4885 quum
4289 4802 4489 4868 hodie
4557 4793 4795 4882 papiflm

2915 4881 3210 4949 videmus
3253 4904 3372 4967 pro
3409 4883 3598 4951 idolis
3632 4888 3769 4953 suis
3806 4887 4130 4968 dimicare,
4175 4890 4482 4967 sciamus,
4525 4884 4795 4950 maiorum

2914 4968 3079 5047 illos,
3126 4977 3285 5053 puta
3327 4970 3856 5051 Philistaeorum,
3917 4975 4197 5060 vestigia
4241 4975 4446 5060 sequi,
4505 4981 4571 5037 et
4610 4963 4796 5033 eadem

2915 5075 3173 5138 semper
3237 5054 3541 5121 oberrare
3599 5058 3859 5125 chorda.
3946 5060 4093 5126 Non
4159 5059 4306 5128 ideo
4371 5071 4592 5125 tamen
4653 5053 4797 5116 Dflm

2912 5141 3156 5206 inultos
3219 5141 3552 5225 relinquit,
3617 5167 3772 5210 nam
3837 5147 4045 5213 altera
4106 5146 4213 5213 die
4271 5149 4588 5213 virtutem
4645 5152 4794 5203 eum

2912 5226 3333 5294 illustriorem
3367 5228 3602 5311 reddit,
3644 5252 3774 5316 qua
3802 5232 4117 5318 paulatim
4151 5232 4501 5300 Philistaei
4535 5226 4795 5308 subissffl·
