<?xml version="1.0" encoding="UTF-8"?>
<!DOCTYPE html PUBLIC "-//W3C//DTD XHTML 1.0 Transitional//EN"
    "http://www.w3.org/TR/xhtml1/DTD/xhtml1-transitional.dtd">
<html xmlns="http://www.w3.org/1999/xhtml" xml:lang="en" lang="en">
 <head>
  <title>
</title>
<meta http-equiv="Content-Type" content="text/html;charset=utf-8" />
  <meta name='ocr-system' content='tesseract 3.04.00' />
  <meta name='ocr-capabilities' content='ocr_page ocr_carea ocr_par ocr_line ocrx_word'/>
</head>
<body>
  <div class='ocr_page' id='page_1' title='image "./ioanniscalvinio07unkngoog_0841.png"; bbox 0 0 5059 6059; ppageno 0'>
   <div class='ocr_carea' id='block_1_1' title="bbox 306 340 417 406">
    <p class='ocr_par' dir='ltr' id='par_1_1' title="bbox 306 340 417 406">
     <span class='ocr_line' id='line_1_1' title="bbox 306 340 417 406; baseline 0.018 -2"><span class='ocrx_word' id='word_1_1' title='bbox 306 340 417 406; x_wconf 80' lang='lat'><strong>713</strong></span> 
     </span>
    </p>
   </div>
   <div class='ocr_carea' id='block_1_2' title="bbox 1570 345 3005 417">
    <p class='ocr_par' dir='ltr' id='par_1_2' title="bbox 1570 345 3005 417">
     <span class='ocr_line' id='line_1_2' title="bbox 1570 345 3005 417; baseline 0 -5"><span class='ocrx_word' id='word_1_2' title='bbox 1570 345 1671 412; x_wconf 89' lang='lat' dir='ltr'><strong>IN</strong></span> <span class='ocrx_word' id='word_1_3' title='bbox 1717 346 1769 412; x_wconf 92' lang='lat'><strong>1.</strong></span> <span class='ocrx_word' id='word_1_4' title='bbox 1815 347 1996 414; x_wconf 82' lang='lat' dir='ltr'><strong>LIB.</strong></span> <span class='ocrx_word' id='word_1_5' title='bbox 2043 346 2443 417; x_wconf 73' lang='lat' dir='ltr'><strong>SAMUEL.</strong></span> <span class='ocrx_word' id='word_1_6' title='bbox 2491 348 2690 415; x_wconf 80' lang='lat' dir='ltr'><strong>OAP.</strong></span> <span class='ocrx_word' id='word_1_7' title='bbox 2738 346 3005 413; x_wconf 86' lang='lat' dir='ltr'>XXXI.</span> 
     </span>
    </p>
   </div>
   <div class='ocr_carea' id='block_1_3' title="bbox 4154 352 4278 416">
    <p class='ocr_par' dir='ltr' id='par_1_3' title="bbox 4154 352 4278 416">
     <span class='ocr_line' id='line_1_3' title="bbox 4154 352 4278 416; baseline 0.008 -1"><span class='ocrx_word' id='word_1_8' title='bbox 4154 352 4278 416; x_wconf 82' lang='lat'><strong>714</strong></span> 
     </span>
    </p>
   </div>
   <div class='ocr_carea' id='block_1_4' title="bbox 305 532 4274 624">
    <p class='ocr_par' dir='ltr' id='par_1_4' title="bbox 305 532 4274 624">
     <span class='ocr_line' id='line_1_4' title="bbox 305 532 4274 624; baseline 0.002 -27"><span class='ocrx_word' id='word_1_9' title='bbox 305 538 549 597; x_wconf 84' lang='lat' dir='ltr'><strong>rentur:</strong></span> <span class='ocrx_word' id='word_1_10' title='bbox 612 551 731 597; x_wconf 84' lang='lat' dir='ltr'><strong>rex</strong></span> <span class='ocrx_word' id='word_1_11' title='bbox 795 553 948 598; x_wconf 86' lang='lat' dir='ltr'><strong>vero</strong></span> <span class='ocrx_word' id='word_1_12' title='bbox 1009 532 1213 597; x_wconf 83' lang='lat' dir='ltr'><strong>Achis</strong></span> <span class='ocrx_word' id='word_1_13' title='bbox 1272 532 1527 600; x_wconf 88' lang='lat' dir='ltr'><strong>dicatur</strong></span> <span class='ocrx_word' id='word_1_14' title='bbox 1584 536 1848 600; x_wconf 90' lang='lat' dir='ltr'><strong>illorum</strong></span> <span class='ocrx_word' id='word_1_15' title='bbox 1906 537 2233 603; x_wconf 91' lang='lat' dir='ltr'><strong>mandatis</strong></span> <span class='ocrx_word' id='word_1_16' title='bbox 2338 538 2654 619; x_wconf 88' lang='lat' dir='ltr'><strong>propheta</strong></span> <span class='ocrx_word' id='word_1_17' title='bbox 2697 537 2939 614; x_wconf 86' lang='lat' dir='ltr'><strong>Deum,</strong></span> <span class='ocrx_word' id='word_1_18' title='bbox 3000 560 3199 622; x_wconf 89' lang='lat' dir='ltr'><strong>quum</strong></span> <span class='ocrx_word' id='word_1_19' title='bbox 3262 562 3423 622; x_wconf 91' lang='lat' dir='ltr'><strong>opus</strong></span> <span class='ocrx_word' id='word_1_20' title='bbox 3468 562 3662 609; x_wconf 87' lang='lat' dir='ltr'><strong>suum</strong></span> <span class='ocrx_word' id='word_1_21' title='bbox 3709 541 3771 605; x_wconf 86' lang='lat' dir='ltr'><strong>in</strong></span> <span class='ocrx_word' id='word_1_22' title='bbox 3822 538 4023 606; x_wconf 83' lang='lat' dir='ltr'><strong>Sione</strong></span> <span class='ocrx_word' id='word_1_23' title='bbox 4064 542 4274 624; x_wconf 81' lang='lat' dir='ltr'><strong>perfe-</strong></span> 
     </span>
    </p>
   </div>
   <div class='ocr_carea' id='block_1_5' title="bbox 230 616 2235 5340">
    <p class='ocr_par' dir='ltr' id='par_1_5' title="bbox 230 616 2235 5340">
     <span class='ocr_line' id='line_1_5' title="bbox 308 616 2231 702; baseline 0.003 -19"><span class='ocrx_word' id='word_1_24' title='bbox 308 627 366 683; x_wconf 88' lang='lat' dir='ltr'><strong>et</strong></span> <span class='ocrx_word' id='word_1_25' title='bbox 419 616 1132 683; x_wconf 91' lang='lat' dir='ltr'><strong>obmurmurationibus</strong></span> <span class='ocrx_word' id='word_1_26' title='bbox 1190 621 1651 702; x_wconf 90' lang='lat' dir='ltr'><strong>obtemperans</strong></span> <span class='ocrx_word' id='word_1_27' title='bbox 1726 622 2052 688; x_wconf 76' lang='lat' dir='ltr'><strong>Davidem</strong></span> <span class='ocrx_word' id='word_1_28' title='bbox 2135 623 2231 689; x_wconf 91' lang='lat' dir='ltr'><strong>di-</strong></span> 
     </span>
     <span class='ocr_line' id='line_1_6' title="bbox 305 705 2235 789; baseline 0.003 -21"><span class='ocrx_word' id='word_1_29' title='bbox 305 705 579 771; x_wconf 87' lang='lat' dir='ltr'><strong>misisse:</strong></span> <span class='ocrx_word' id='word_1_30' title='bbox 666 705 777 785; x_wconf 92' lang='lat' dir='ltr'><strong>qui</strong></span> <span class='ocrx_word' id='word_1_31' title='bbox 869 724 1174 770; x_wconf 90' lang='lat' dir='ltr'><strong>reversus</strong></span> <span class='ocrx_word' id='word_1_32' title='bbox 1249 706 1651 773; x_wconf 84' lang='lat' dir='ltr'><strong>Amalecitas</strong></span> <span class='ocrx_word' id='word_1_33' title='bbox 1732 708 2235 789; x_wconf 90' lang='lat' dir='ltr'><strong>deprehenderit</strong></span> 
     </span>
     <span class='ocr_line' id='line_1_7' title="bbox 305 788 2233 876; baseline 0.003 -21"><span class='ocrx_word' id='word_1_34' title='bbox 305 789 523 856; x_wconf 86' lang='lat' dir='ltr'><strong>urbem</strong></span> <span class='ocrx_word' id='word_1_35' title='bbox 566 788 871 854; x_wconf 87' lang='lat' dir='ltr'><strong>incendio</strong></span> <span class='ocrx_word' id='word_1_36' title='bbox 916 803 982 854; x_wconf 92' lang='lat' dir='ltr'><strong>et</strong></span> <span class='ocrx_word' id='word_1_37' title='bbox 1037 791 1284 873; x_wconf 78' lang='lat' dir='ltr'>rapinis</span> <span class='ocrx_word' id='word_1_38' title='bbox 1328 795 1725 859; x_wconf 86' lang='lat' dir='ltr'><strong>vastavisse:</strong></span> <span class='ocrx_word' id='word_1_39' title='bbox 1788 813 2026 876; x_wconf 90' lang='lat' dir='ltr'><strong>eosque</strong></span> <span class='ocrx_word' id='word_1_40' title='bbox 2069 796 2233 861; x_wconf 89' lang='lat' dir='ltr'><strong>inse-</strong></span> 
     </span>
     <span class='ocr_line' id='line_1_8' title="bbox 303 876 2231 962; baseline 0.002 -22"><span class='ocrx_word' id='word_1_41' title='bbox 303 887 536 957; x_wconf 91' lang='lat' dir='ltr'><strong>quutus</strong></span> <span class='ocrx_word' id='word_1_42' title='bbox 556 876 979 954; x_wconf 72' lang='lat' dir='ltr'><strong>interfecerit,</strong></span> <span class='ocrx_word' id='word_1_43' title='bbox 1005 877 1443 960; x_wconf 78' lang='lat' dir='ltr'><strong>praedamque</strong></span> <span class='ocrx_word' id='word_1_44' title='bbox 1467 880 1887 962; x_wconf 87' lang='lat' dir='ltr'><strong>recuperarit.</strong></span> <span class='ocrx_word' id='word_1_45' title='bbox 1934 879 2231 945; x_wconf 76' lang='lat' dir='ltr'><strong>&#39;l&#39;andem</strong></span> 
     </span>
     <span class='ocr_line' id='line_1_9' title="bbox 303 959 2233 1048; baseline 0.002 -22"><span class='ocrx_word' id='word_1_46' title='bbox 303 982 449 1026; x_wconf 86' lang='lat' dir='ltr'><strong>vero</strong></span> <span class='ocrx_word' id='word_1_47' title='bbox 493 960 575 1026; x_wconf 90' lang='lat' dir='ltr'><strong>ad</strong></span> <span class='ocrx_word' id='word_1_48' title='bbox 616 959 889 1028; x_wconf 80' lang='lat' dir='ltr'><strong>Saulem</strong></span> <span class='ocrx_word' id='word_1_49' title='bbox 936 962 1399 1028; x_wconf 84' lang='lat' dir='ltr'><strong>revertendum</strong></span> <span class='ocrx_word' id='word_1_50' title='bbox 1447 976 1605 1040; x_wconf 89' lang='lat' dir='ltr'><strong>erat,</strong></span> <span class='ocrx_word' id='word_1_51' title='bbox 1652 965 1764 1048; x_wconf 89' lang='lat' dir='ltr'><strong>qni</strong></span> <span class='ocrx_word' id='word_1_52' title='bbox 1809 965 1890 1031; x_wconf 90' lang='lat' dir='ltr'><strong>ab</strong></span> <span class='ocrx_word' id='word_1_53' title='bbox 1936 965 2233 1032; x_wconf 77' lang='lat' dir='ltr'><strong>hostibus</strong></span> 
     </span>
     <span class='ocr_line' id='line_1_10' title="bbox 302 1047 2233 1129; baseline 0.003 -17"><span class='ocrx_word' id='word_1_54' title='bbox 302 1067 491 1128; x_wconf 89' lang='lat' dir='ltr'><strong>quum</strong></span> <span class='ocrx_word' id='word_1_55' title='bbox 537 1062 964 1129; x_wconf 84' lang='lat' dir='ltr'><strong>premeretur,</strong></span> <span class='ocrx_word' id='word_1_56' title='bbox 1025 1060 1092 1112; x_wconf 93' lang='lat' dir='ltr'><strong>et</strong></span> <span class='ocrx_word' id='word_1_57' title='bbox 1147 1047 1399 1114; x_wconf 91' lang='lat' dir='ltr'><strong>nullum</strong></span> <span class='ocrx_word' id='word_1_58' title='bbox 1454 1049 1811 1116; x_wconf 88' lang='lat' dir='ltr'><strong>remedium</strong></span> <span class='ocrx_word' id='word_1_59' title='bbox 1858 1052 2053 1116; x_wconf 90' lang='lat' dir='ltr'><strong>malis</strong></span> <span class='ocrx_word' id='word_1_60' title='bbox 2096 1054 2233 1117; x_wconf 89' lang='lat' dir='ltr'><strong>suis</strong></span> 
     </span>
     <span class='ocr_line' id='line_1_11' title="bbox 302 1131 2230 1216; baseline 0.003 -19"><span class='ocrx_word' id='word_1_61' title='bbox 302 1134 642 1209; x_wconf 87' lang='lat' dir='ltr'><strong>inveniret,</strong></span> <span class='ocrx_word' id='word_1_62' title='bbox 702 1131 785 1197; x_wconf 88' lang='lat' dir='ltr'><strong>ad</strong></span> <span class='ocrx_word' id='word_1_63' title='bbox 846 1133 1317 1216; x_wconf 82' lang='lat' dir='ltr'><strong>Pythonissam</strong></span> <span class='ocrx_word' id='word_1_64' title='bbox 1376 1135 1556 1200; x_wconf 89' lang='lat' dir='ltr'><strong>illam</strong></span> <span class='ocrx_word' id='word_1_65' title='bbox 1606 1139 1786 1201; x_wconf 90' lang='lat' dir='ltr'><strong>venit</strong></span> <span class='ocrx_word' id='word_1_66' title='bbox 1829 1139 2230 1203; x_wconf 77' lang='lat' dir='ltr'><strong>sciscitatum</strong></span> 
     </span>
     <span class='ocr_line' id='line_1_12' title="bbox 302 1217 2232 1301; baseline 0.003 -19"><span class='ocrx_word' id='word_1_67' title='bbox 302 1217 441 1283; x_wconf 90' lang='lat' dir='ltr'><strong>belli</strong></span> <span class='ocrx_word' id='word_1_68' title='bbox 485 1229 815 1295; x_wconf 90' lang='lat' dir='ltr'><strong>eventum,</strong></span> <span class='ocrx_word' id='word_1_69' title='bbox 872 1241 951 1284; x_wconf 86' lang='lat' dir='ltr'><strong>ex</strong></span> <span class='ocrx_word' id='word_1_70' title='bbox 997 1240 1124 1301; x_wconf 90' lang='lat' dir='ltr'><strong>qua</strong></span> <span class='ocrx_word' id='word_1_71' title='bbox 1167 1221 1287 1285; x_wconf 88' lang='lat' dir='ltr'><strong>sibi</strong></span> <span class='ocrx_word' id='word_1_72' title='bbox 1333 1235 1609 1286; x_wconf 89' lang='lat' dir='ltr'><strong>mortem</strong></span> <span class='ocrx_word' id='word_1_73' title='bbox 1654 1224 1999 1287; x_wconf 91' lang='lat' dir='ltr'><strong>imminere</strong></span> <span class='ocrx_word' id='word_1_74' title='bbox 2043 1224 2232 1289; x_wconf 92' lang='lat' dir='ltr'><strong>intel-</strong></span> 
     </span>
     <span class='ocr_line' id='line_1_13' title="bbox 298 1303 2229 1390; baseline 0.003 -22"><span class='ocrx_word' id='word_1_75' title='bbox 298 1303 469 1370; x_wconf 82' lang='lat' dir='ltr'><strong>lexit.</strong></span> <span class='ocrx_word' id='word_1_76' title='bbox 518 1311 734 1387; x_wconf 82' lang='lat' dir='ltr'><strong>Atque</strong></span> <span class='ocrx_word' id='word_1_77' title='bbox 772 1304 933 1370; x_wconf 91' lang='lat' dir='ltr'><strong>haec</strong></span> <span class='ocrx_word' id='word_1_78' title='bbox 967 1304 1377 1371; x_wconf 90' lang='lat' dir='ltr'><strong>observanda</strong></span> <span class='ocrx_word' id='word_1_79' title='bbox 1417 1322 1590 1388; x_wconf 81' lang='lat' dir='ltr'><strong>sunt,</strong></span> <span class='ocrx_word' id='word_1_80' title='bbox 1629 1329 1714 1373; x_wconf 92' lang='lat' dir='ltr'><strong>ne</strong></span> <span class='ocrx_word' id='word_1_81' title='bbox 1749 1309 1898 1390; x_wconf 90' lang='lat' dir='ltr'><strong>quis</strong></span> <span class='ocrx_word' id='word_1_82' title='bbox 1935 1310 2229 1389; x_wconf 90' lang='lat' dir='ltr'><strong>miretur,</strong></span> 
     </span>
     <span class='ocr_line' id='line_1_14' title="bbox 300 1388 2230 1474; baseline 0.002 -18"><span class='ocrx_word' id='word_1_83' title='bbox 300 1388 514 1456; x_wconf 81' lang='lat' dir='ltr'><strong>Saulis</strong></span> <span class='ocrx_word' id='word_1_84' title='bbox 578 1403 856 1455; x_wconf 90' lang='lat' dir='ltr'><strong>mortem</strong></span> <span class='ocrx_word' id='word_1_85' title='bbox 924 1392 1182 1456; x_wconf 91' lang='lat' dir='ltr'><strong>narrari</strong></span> <span class='ocrx_word' id='word_1_86' title='bbox 1245 1393 1553 1474; x_wconf 79' lang='lat' dir='ltr'><strong>quamdiu</strong></span> <span class='ocrx_word' id='word_1_87' title='bbox 1623 1394 1842 1459; x_wconf 91' lang='lat' dir='ltr'><strong>David</strong></span> <span class='ocrx_word' id='word_1_88' title='bbox 1916 1395 2230 1460; x_wconf 88' lang='lat' dir='ltr'><strong>adversus</strong></span> 
     </span>
     <span class='ocr_line' id='line_1_15' title="bbox 299 1476 2232 1561; baseline 0.004 -21"><span class='ocrx_word' id='word_1_89' title='bbox 299 1476 736 1543; x_wconf 87' lang='lat' dir='ltr'><strong>Hamalecitas</strong></span> <span class='ocrx_word' id='word_1_90' title='bbox 803 1498 1193 1560; x_wconf 86' lang='lat' dir='ltr'><strong>progressus</strong></span> <span class='ocrx_word' id='word_1_91' title='bbox 1247 1491 1362 1543; x_wconf 91' lang='lat' dir='ltr'><strong>est.</strong></span> <span class='ocrx_word' id='word_1_92' title='bbox 1457 1479 1625 1542; x_wconf 86' lang='lat' dir='ltr'><strong>Nam</strong></span> <span class='ocrx_word' id='word_1_93' title='bbox 1695 1480 1928 1561; x_wconf 86' lang='lat' dir='ltr'><strong>alioqui</strong></span> <span class='ocrx_word' id='word_1_94' title='bbox 1998 1483 2232 1547; x_wconf 90' lang='lat' dir='ltr'><strong>merito</strong></span> 
     </span>
     <span class='ocr_line' id='line_1_16' title="bbox 298 1562 2229 1650; baseline 0.002 -23"><span class='ocrx_word' id='word_1_95' title='bbox 298 1573 559 1645; x_wconf 90' lang='lat' dir='ltr'><strong>quaerat</strong></span> <span class='ocrx_word' id='word_1_96' title='bbox 603 1563 861 1645; x_wconf 88' lang='lat' dir='ltr'><strong>aliquis,</strong></span> <span class='ocrx_word' id='word_1_97' title='bbox 906 1562 1225 1646; x_wconf 92' lang='lat' dir='ltr'><strong>quomodo</strong></span> <span class='ocrx_word' id='word_1_98' title='bbox 1270 1576 1403 1627; x_wconf 92' lang='lat' dir='ltr'><strong>tam</strong></span> <span class='ocrx_word' id='word_1_99' title='bbox 1449 1564 1662 1630; x_wconf 90' lang='lat' dir='ltr'><strong>subito</strong></span> <span class='ocrx_word' id='word_1_100' title='bbox 1684 1566 1848 1630; x_wconf 75' lang='lat' dir='ltr'><strong>Saul</strong></span> <span class='ocrx_word' id='word_1_101' title='bbox 1884 1568 2229 1650; x_wconf 88' lang='lat' dir='ltr'><strong>moriatur,</strong></span> 
     </span>
     <span class='ocr_line' id='line_1_17' title="bbox 297 1648 2230 1734; baseline 0.003 -22"><span class='ocrx_word' id='word_1_102' title='bbox 297 1662 357 1713; x_wconf 88' lang='lat' dir='ltr'><strong>et</strong></span> <span class='ocrx_word' id='word_1_103' title='bbox 392 1650 656 1713; x_wconf 84' lang='lat' dir='ltr'><strong>interim</strong></span> <span class='ocrx_word' id='word_1_104' title='bbox 699 1669 779 1713; x_wconf 88' lang='lat' dir='ltr'><strong>ea</strong></span> <span class='ocrx_word' id='word_1_105' title='bbox 812 1648 1092 1713; x_wconf 89' lang='lat' dir='ltr'><strong>mutatio</strong></span> <span class='ocrx_word' id='word_1_106' title='bbox 1133 1670 1354 1714; x_wconf 87' lang='lat' dir='ltr'><strong>rernm</strong></span> <span class='ocrx_word' id='word_1_107' title='bbox 1391 1650 1638 1715; x_wconf 86' lang='lat' dir='ltr'><strong>incidat</strong></span> <span class='ocrx_word' id='word_1_108' title='bbox 1673 1673 1842 1734; x_wconf 89' lang='lat' dir='ltr'><strong>quae</strong></span> <span class='ocrx_word' id='word_1_109' title='bbox 1877 1674 2007 1716; x_wconf 92' lang='lat' dir='ltr'><strong>non</strong></span> <span class='ocrx_word' id='word_1_110' title='bbox 2033 1653 2230 1718; x_wconf 87' lang='lat' dir='ltr'><strong>unius</strong></span> 
     </span>
     <span class='ocr_line' id='line_1_18' title="bbox 298 1733 2229 1820; baseline 0.003 -22"><span class='ocrx_word' id='word_1_111' title='bbox 298 1733 436 1812; x_wconf 89' lang='lat' dir='ltr'><strong>diei,</strong></span> <span class='ocrx_word' id='word_1_112' title='bbox 498 1747 611 1799; x_wconf 87' lang='lat' dir='ltr'><strong>aut</strong></span> <span class='ocrx_word' id='word_1_113' title='bbox 672 1735 965 1810; x_wconf 89' lang='lat' dir='ltr'><strong>alterius,</strong></span> <span class='ocrx_word' id='word_1_114' title='bbox 1022 1734 1136 1799; x_wconf 93' lang='lat' dir='ltr'><strong>sed</strong></span> <span class='ocrx_word' id='word_1_115' title='bbox 1196 1735 1388 1819; x_wconf 91' lang='lat' dir='ltr'><strong>longe</strong></span> <span class='ocrx_word' id='word_1_116' title='bbox 1449 1735 1739 1820; x_wconf 89' lang='lat' dir='ltr'><strong>plurium</strong></span> <span class='ocrx_word' id='word_1_117' title='bbox 1799 1736 1970 1802; x_wconf 78' lang='lat' dir='ltr'><strong>fuit?</strong></span> <span class='ocrx_word' id='word_1_118' title='bbox 2038 1738 2229 1819; x_wconf 86' lang='lat' dir='ltr'><strong>Quae</strong></span> 
     </span>
     <span class='ocr_line' id='line_1_19' title="bbox 295 1820 2228 1905; baseline 0.002 -19"><span class='ocrx_word' id='word_1_119' title='bbox 295 1822 618 1886; x_wconf 89' lang='lat' dir='ltr'><strong>contraria</strong></span> <span class='ocrx_word' id='word_1_120' title='bbox 655 1820 1037 1886; x_wconf 88' lang='lat' dir='ltr'><strong>viderentur</strong></span> <span class='ocrx_word' id='word_1_121' title='bbox 1081 1834 1144 1884; x_wconf 92' lang='lat' dir='ltr'><strong>et</strong></span> <span class='ocrx_word' id='word_1_122' title='bbox 1187 1821 1310 1885; x_wconf 89' lang='lat' dir='ltr'><strong>sibi</strong></span> <span class='ocrx_word' id='word_1_123' title='bbox 1348 1842 1736 1905; x_wconf 87' lang='lat' dir='ltr'><strong>repugnare,</strong></span> <span class='ocrx_word' id='word_1_124' title='bbox 1781 1823 1910 1888; x_wconf 89' lang='lat' dir='ltr'><strong>nisi</strong></span> <span class='ocrx_word' id='word_1_125' title='bbox 1934 1824 2228 1890; x_wconf 89' lang='lat' dir='ltr'><strong>dicamus</strong></span> 
     </span>
     <span class='ocr_line' id='line_1_20' title="bbox 293 1900 2145 1989; baseline 0.001 -17"><span class='ocrx_word' id='word_1_126' title='bbox 293 1926 428 1972; x_wconf 87' lang='lat' dir='ltr'><strong>esse</strong></span> <span class='ocrx_word' id='word_1_127' title='bbox 472 1906 798 1988; x_wconf 88' lang='lat' dir='ltr'><strong>quoddam</strong></span> <span class='ocrx_word' id='word_1_128' title='bbox 846 1900 1087 1988; x_wconf 65' lang='lat' dir='ltr'><strong>iic-trem</strong></span> <span class='ocrx_word' id='word_1_129' title='bbox 1128 1906 1422 1989; x_wconf 79' lang='grc' dir='ltr'><strong><em>πρότερον</em></strong></span> <span class='ocrx_word' id='word_1_130' title='bbox 1466 1908 1534 1973; x_wconf 90' lang='lat' dir='ltr'><strong>in</strong></span> <span class='ocrx_word' id='word_1_131' title='bbox 1580 1910 1709 1973; x_wconf 90' lang='lat' dir='ltr'><strong>ista</strong></span> <span class='ocrx_word' id='word_1_132' title='bbox 1756 1910 2145 1974; x_wconf 88' lang='lat' dir='ltr'><strong>narratione.</strong></span> 
     </span>
     <span class='ocr_line' id='line_1_21' title="bbox 457 1992 2227 2076; baseline 0.001 -18"><span class='ocrx_word' id='word_1_133' title='bbox 457 1994 900 2058; x_wconf 77' lang='lat' dir='ltr'><strong>Transeamus</strong></span> <span class='ocrx_word' id='word_1_134' title='bbox 970 1992 1194 2076; x_wconf 89' lang='lat' dir='ltr'><strong>itaque</strong></span> <span class='ocrx_word' id='word_1_135' title='bbox 1250 1993 1331 2057; x_wconf 88' lang='lat' dir='ltr'><strong>ad</strong></span> <span class='ocrx_word' id='word_1_136' title='bbox 1392 1993 1704 2060; x_wconf 88' lang='lat' dir='ltr'><strong>historiae</strong></span> <span class='ocrx_word' id='word_1_137' title='bbox 1759 1997 2227 2074; x_wconf 86' lang='lat' dir='ltr'><strong>narrationem,</strong></span> 
     </span>
     <span class='ocr_line' id='line_1_22' title="bbox 290 2077 2224 2161; baseline 0.003 -19"><span class='ocrx_word' id='word_1_138' title='bbox 290 2099 410 2161; x_wconf 88' lang='lat' dir='ltr'><strong>qua</strong></span> <span class='ocrx_word' id='word_1_139' title='bbox 455 2078 695 2143; x_wconf 88' lang='lat' dir='ltr'><strong>dicitur</strong></span> <span class='ocrx_word' id='word_1_140' title='bbox 734 2077 1114 2144; x_wconf 67' lang='lat' dir='ltr'><strong>Philistum</strong></span> <span class='ocrx_word' id='word_1_141' title='bbox 1142 2098 1467 2161; x_wconf 69' lang='lat' dir='ltr'><strong>puynasse</strong></span> <span class='ocrx_word' id='word_1_142' title='bbox 1531 2082 1834 2146; x_wconf 78' lang='lat' dir='ltr'><strong>adversus</strong></span> <span class='ocrx_word' id='word_1_143' title='bbox 1869 2081 2224 2161; x_wconf 50' lang='lat' dir='ltr'><strong>Israelita&amp;</strong></span> 
     </span>
     <span class='ocr_line' id='line_1_23' title="bbox 289 2164 2226 2248; baseline 0.002 -19"><span class='ocrx_word' id='word_1_144' title='bbox 289 2168 343 2229; x_wconf 67' lang='lat' dir='ltr'><em>d</em></span> <span class='ocrx_word' id='word_1_145' title='bbox 379 2166 638 2248; x_wconf 76' lang='lat' dir='ltr'><strong>fuyasse</strong></span> <span class='ocrx_word' id='word_1_146' title='bbox 674 2165 849 2245; x_wconf 77' lang='lat' dir='ltr'><strong>ipsos</strong></span> <span class='ocrx_word' id='word_1_147' title='bbox 889 2169 945 2228; x_wconf 76' lang='lat' dir='ltr'><strong>et</strong></span> <span class='ocrx_word' id='word_1_148' title='bbox 981 2164 1202 2229; x_wconf 76' lang='lat' dir='ltr'><strong>Saulis</strong></span> <span class='ocrx_word' id='word_1_149' title='bbox 1241 2165 1430 2245; x_wconf 65' lang='lat' dir='ltr'><strong>filio-5,</strong></span> <span class='ocrx_word' id='word_1_150' title='bbox 1472 2167 1600 2231; x_wconf 77' lang='lat' dir='ltr'><strong>imo</strong></span> <span class='ocrx_word' id='word_1_151' title='bbox 1640 2172 1696 2231; x_wconf 78' lang='lat' dir='ltr'><strong>et</strong></span> <span class='ocrx_word' id='word_1_152' title='bbox 1735 2168 1950 2247; x_wconf 77' lang='lat' dir='ltr'><strong>ipsum</strong></span> <span class='ocrx_word' id='word_1_153' title='bbox 1971 2166 2226 2232; x_wconf 81' lang='lat' dir='ltr'><strong>Saulem</strong></span> 
     </span>
     <span class='ocr_line' id='line_1_24' title="bbox 288 2249 2225 2335; baseline 0.001 -20"><span class='ocrx_word' id='word_1_154' title='bbox 288 2250 650 2332; x_wconf 69' lang='lat' dir='ltr'><strong>insequuto-s·</strong></span> <span class='ocrx_word' id='word_1_155' title='bbox 668 2253 889 2331; x_wconf 72' lang='lat' dir='ltr'><strong>tuisse.</strong></span> <span class='ocrx_word' id='word_1_156' title='bbox 920 2249 1179 2330; x_wconf 79' lang='lat' dir='ltr'><strong>Quibus</strong></span> <span class='ocrx_word' id='word_1_157' title='bbox 1202 2250 1417 2315; x_wconf 86' lang='lat' dir='ltr'><strong>verbis</strong></span> <span class='ocrx_word' id='word_1_158' title='bbox 1441 2274 1572 2316; x_wconf 91' lang='lat' dir='ltr'><strong>non</strong></span> <span class='ocrx_word' id='word_1_159' title='bbox 1593 2252 1757 2317; x_wconf 88' lang='lat' dir='ltr'><strong>levis</strong></span> <span class='ocrx_word' id='word_1_160' title='bbox 1773 2254 1993 2335; x_wconf 86' lang='lat' dir='ltr'><strong>aliqua</strong></span> <span class='ocrx_word' id='word_1_161' title='bbox 2009 2253 2225 2320; x_wconf 89' lang='lat' dir='ltr'><strong>clades</strong></span> 
     </span>
     <span class='ocr_line' id='line_1_25' title="bbox 289 2337 2220 2420; baseline 0.001 -18"><span class='ocrx_word' id='word_1_162' title='bbox 289 2348 550 2419; x_wconf 89' lang='lat' dir='ltr'><strong>accepta</strong></span> <span class='ocrx_word' id='word_1_163' title='bbox 571 2345 895 2413; x_wconf 87' lang='lat' dir='ltr'><strong>narratur,</strong></span> <span class='ocrx_word' id='word_1_164' title='bbox 942 2355 1336 2418; x_wconf 90' lang='lat' dir='ltr'><strong>quamquam</strong></span> <span class='ocrx_word' id='word_1_165' title='bbox 1361 2337 1522 2420; x_wconf 85' lang='lat' dir='ltr'><strong>fuga</strong></span> <span class='ocrx_word' id='word_1_166' title='bbox 1556 2337 1749 2403; x_wconf 91' lang='lat' dir='ltr'><strong>multi</strong></span> <span class='ocrx_word' id='word_1_167' title='bbox 1783 2339 2061 2404; x_wconf 86' lang='lat' dir='ltr'><strong>salutem</strong></span> <span class='ocrx_word' id='word_1_168' title='bbox 2099 2341 2220 2404; x_wconf 88' lang='lat' dir='ltr'><strong>sibi</strong></span> 
     </span>
     <span class='ocr_line' id='line_1_26' title="bbox 287 2420 2223 2507; baseline 0.002 -21"><span class='ocrx_word' id='word_1_169' title='bbox 287 2424 770 2504; x_wconf 91' lang='lat' dir='ltr'><strong>quaesiverunt.</strong></span> <span class='ocrx_word' id='word_1_170' title='bbox 859 2420 995 2486; x_wconf 82' lang='lat' dir='ltr'><strong>Sed</strong></span> <span class='ocrx_word' id='word_1_171' title='bbox 1055 2442 1258 2505; x_wconf 89' lang='lat' dir='ltr'><strong>quum</strong></span> <span class='ocrx_word' id='word_1_172' title='bbox 1316 2422 1400 2486; x_wconf 91' lang='lat' dir='ltr'><strong>ad</strong></span> <span class='ocrx_word' id='word_1_173' title='bbox 1457 2425 1673 2505; x_wconf 91' lang='lat' dir='ltr'><strong>ipsum</strong></span> <span class='ocrx_word' id='word_1_174' title='bbox 1734 2444 1958 2507; x_wconf 87' lang='lat' dir='ltr'><strong>regem</strong></span> <span class='ocrx_word' id='word_1_175' title='bbox 2002 2424 2223 2490; x_wconf 88' lang='lat' dir='ltr'><strong>hostes</strong></span> 
     </span>
     <span class='ocr_line' id='line_1_27' title="bbox 288 2508 2219 2595; baseline 0.002 -23"><span class='ocrx_word' id='word_1_176' title='bbox 288 2523 749 2591; x_wconf 79' lang='lat' dir='ltr'><strong>pervenerunt,</strong></span> <span class='ocrx_word' id='word_1_177' title='bbox 793 2517 860 2571; x_wconf 89' lang='lat' dir='ltr'><strong>et</strong></span> <span class='ocrx_word' id='word_1_178' title='bbox 879 2508 1050 2572; x_wconf 89' lang='lat' dir='ltr'><strong>filios</strong></span> <span class='ocrx_word' id='word_1_179' title='bbox 1082 2508 1291 2590; x_wconf 89' lang='lat' dir='ltr'><strong>ipsius</strong></span> <span class='ocrx_word' id='word_1_180' title='bbox 1314 2508 1801 2581; x_wconf 83' lang='lat' dir='ltr'><strong>interfecerunt.</strong></span> <span class='ocrx_word' id='word_1_181' title='bbox 1849 2511 2010 2575; x_wconf 89' lang='lat' dir='ltr'><strong>satis</strong></span> <span class='ocrx_word' id='word_1_182' title='bbox 2034 2531 2219 2595; x_wconf 89' lang='lat' dir='ltr'><strong>aper·</strong></span> 
     </span>
     <span class='ocr_line' id='line_1_28' title="bbox 284 2595 2221 2678; baseline 0.002 -20"><span class='ocrx_word' id='word_1_183' title='bbox 284 2606 425 2658; x_wconf 90' lang='lat' dir='ltr'><strong>tum</strong></span> <span class='ocrx_word' id='word_1_184' title='bbox 470 2595 732 2678; x_wconf 90' lang='lat' dir='ltr'><strong>signnm</strong></span> <span class='ocrx_word' id='word_1_185' title='bbox 779 2604 897 2667; x_wconf 87' lang='lat' dir='ltr'><strong>est,</strong></span> <span class='ocrx_word' id='word_1_186' title='bbox 942 2614 1251 2677; x_wconf 83' lang='lat' dir='ltr'><strong>magnam</strong></span> <span class='ocrx_word' id='word_1_187' title='bbox 1290 2595 1487 2658; x_wconf 77' lang='lat' dir='ltr'><strong>fuisse</strong></span> <span class='ocrx_word' id='word_1_188' title='bbox 1522 2596 1760 2661; x_wconf 87' lang='lat' dir='ltr'><strong>factam</strong></span> <span class='ocrx_word' id='word_1_189' title='bbox 1799 2597 1881 2661; x_wconf 91' lang='lat' dir='ltr'><strong>ab</strong></span> <span class='ocrx_word' id='word_1_190' title='bbox 1925 2596 2221 2663; x_wconf 88' lang='lat' dir='ltr'><strong>hostibus</strong></span> 
     </span>
     <span class='ocr_line' id='line_1_29' title="bbox 283 2679 2220 2763; baseline 0.002 -18"><span class='ocrx_word' id='word_1_191' title='bbox 283 2691 592 2760; x_wconf 80' lang='lat' dir='ltr'><strong>stragem.</strong></span> <span class='ocrx_word' id='word_1_192' title='bbox 680 2679 921 2744; x_wconf 88' lang='lat' dir='ltr'><strong>Nonne</strong></span> <span class='ocrx_word' id='word_1_193' title='bbox 975 2700 1133 2744; x_wconf 91' lang='lat' dir='ltr'><strong>vero</strong></span> <span class='ocrx_word' id='word_1_194' title='bbox 1192 2680 1375 2745; x_wconf 90' lang='lat' dir='ltr'><strong>Deus</strong></span> <span class='ocrx_word' id='word_1_195' title='bbox 1428 2682 1739 2763; x_wconf 90' lang='lat' dir='ltr'><strong>populum</strong></span> <span class='ocrx_word' id='word_1_196' title='bbox 1800 2683 2220 2748; x_wconf 82' lang='lat' dir='ltr'><strong>israeliticum</strong></span> 
     </span>
     <span class='ocr_line' id='line_1_30' title="bbox 280 2765 2223 2859; baseline 0.001 -28"><span class='ocrx_word' id='word_1_197' title='bbox 280 2766 404 2831; x_wconf 86' lang='lat' dir='ltr'><strong>sibi</strong></span> <span class='ocrx_word' id='word_1_198' title='bbox 450 2779 762 2848; x_wconf 89' lang='lat' dir='ltr'><strong>tanquam</strong></span> <span class='ocrx_word' id='word_1_199' title='bbox 807 2765 1139 2859; x_wconf 88' lang='lat' dir='ltr'><strong>peculium</strong></span> <span class='ocrx_word' id='word_1_200' title='bbox 1184 2766 1674 2850; x_wconf 85' lang='lat' dir='ltr'><strong>assumpserat?</strong></span> <span class='ocrx_word' id='word_1_201' title='bbox 1719 2767 1959 2832; x_wconf 88' lang='lat' dir='ltr'><strong>Nonne</strong></span> <span class='ocrx_word' id='word_1_202' title='bbox 1994 2781 2223 2834; x_wconf 88' lang='lat' dir='ltr'><strong>eontra</strong></span> 
     </span>
     <span class='ocr_line' id='line_1_31' title="bbox 276 2850 2222 2935; baseline 0.001 -18"><span class='ocrx_word' id='word_1_203' title='bbox 276 2850 625 2917; x_wconf 80' lang='lat' dir='ltr'><strong>Philistaei</strong></span> <span class='ocrx_word' id='word_1_204' title='bbox 684 2851 1120 2916; x_wconf 88' lang='lat' dir='ltr'><strong>incircumcisi</strong></span> <span class='ocrx_word' id='word_1_205' title='bbox 1180 2870 1345 2934; x_wconf 89' lang='lat' dir='ltr'><strong>gens</strong></span> <span class='ocrx_word' id='word_1_206' title='bbox 1389 2864 1532 2916; x_wconf 90' lang='lat' dir='ltr'><strong>erat</strong></span> <span class='ocrx_word' id='word_1_207' title='bbox 1572 2853 1890 2934; x_wconf 90' lang='lat' dir='ltr'><strong>improba,</strong></span> <span class='ocrx_word' id='word_1_208' title='bbox 1950 2854 2222 2935; x_wconf 91' lang='lat' dir='ltr'><strong>Deoque</strong></span> 
     </span>
     <span class='ocr_line' id='line_1_32' title="bbox 276 2935 2224 3021; baseline 0.001 -20"><span class='ocrx_word' id='word_1_209' title='bbox 276 2939 496 3002; x_wconf 87' lang='lat' dir='ltr'><strong>invisa</strong></span> <span class='ocrx_word' id='word_1_210' title='bbox 540 2952 607 3002; x_wconf 92' lang='lat' dir='ltr'><strong>et</strong></span> <span class='ocrx_word' id='word_1_211' title='bbox 642 2935 1033 3002; x_wconf 82' lang='lat' dir='ltr'><strong>maledicta?</strong></span> <span class='ocrx_word' id='word_1_212' title='bbox 1073 2937 1418 3016; x_wconf 78' lang='lat' dir='ltr'><strong>Quomodo</strong></span> <span class='ocrx_word' id='word_1_213' title='bbox 1459 2939 1666 3021; x_wconf 86' lang='lat' dir='ltr'><strong>igitur</strong></span> <span class='ocrx_word' id='word_1_214' title='bbox 1685 2937 1872 3004; x_wconf 91' lang='lat' dir='ltr'><strong>Deus</strong></span> <span class='ocrx_word' id='word_1_215' title='bbox 1914 2960 2025 3005; x_wconf 90' lang='lat' dir='ltr'><strong>eos</strong></span> <span class='ocrx_word' id='word_1_216' title='bbox 2062 2939 2224 3004; x_wconf 89' lang='lat' dir='ltr'><strong>sinit</strong></span> 
     </span>
     <span class='ocr_line' id='line_1_33' title="bbox 278 3022 2222 3111; baseline 0.001 -24"><span class='ocrx_word' id='word_1_217' title='bbox 278 3022 363 3087; x_wconf 91' lang='lat' dir='ltr'><strong>de</strong></span> <span class='ocrx_word' id='word_1_218' title='bbox 397 3023 717 3111; x_wconf 72' lang='lat' dir='ltr'><strong>Israelitis</strong></span> <span class='ocrx_word' id='word_1_219' title='bbox 777 3023 1207 3107; x_wconf 83' lang='lat' dir='ltr'><strong>triumphare.</strong></span> <span class='ocrx_word' id='word_1_220' title='bbox 1268 3043 1430 3104; x_wconf 90' lang='lat' dir='ltr'><strong>quos</strong></span> <span class='ocrx_word' id='word_1_221' title='bbox 1487 3025 1557 3088; x_wconf 93' lang='lat' dir='ltr'><strong>in</strong></span> <span class='ocrx_word' id='word_1_222' title='bbox 1602 3043 1788 3089; x_wconf 89' lang='lat' dir='ltr'><strong>suam</strong></span> <span class='ocrx_word' id='word_1_223' title='bbox 1836 3025 2107 3090; x_wconf 90' lang='lat' dir='ltr'><strong>tutelam</strong></span> <span class='ocrx_word' id='word_1_224' title='bbox 2154 3039 2222 3090; x_wconf 92' lang='lat' dir='ltr'><strong>et</strong></span> 
     </span>
     <span class='ocr_line' id='line_1_34' title="bbox 271 3109 2217 3192; baseline -0.001 -16"><span class='ocrx_word' id='word_1_225' title='bbox 271 3109 652 3176; x_wconf 87' lang='lat' dir='ltr'><strong>clientelam</strong></span> <span class='ocrx_word' id='word_1_226' title='bbox 697 3129 769 3174; x_wconf 91' lang='lat' dir='ltr'><strong>se</strong></span> <span class='ocrx_word' id='word_1_227' title='bbox 811 3119 1235 3192; x_wconf 88' lang='lat' dir='ltr'><strong>recepturum</strong></span> <span class='ocrx_word' id='word_1_228' title='bbox 1284 3109 1714 3190; x_wconf 80' lang='lat' dir='ltr'><strong>promiserat?</strong></span> <span class='ocrx_word' id='word_1_229' title='bbox 1774 3110 1906 3176; x_wconf 81' lang='lat' dir='ltr'><strong>Sed</strong></span> <span class='ocrx_word' id='word_1_230' title='bbox 1954 3112 2063 3175; x_wconf 91' lang='lat' dir='ltr'><strong>hic</strong></span> <span class='ocrx_word' id='word_1_231' title='bbox 2105 3111 2217 3175; x_wconf 92' lang='lat' dir='ltr'><strong>ob-</strong></span> 
     </span>
     <span class='ocr_line' id='line_1_35' title="bbox 271 3192 2217 3278; baseline -0.001 -17"><span class='ocrx_word' id='word_1_232' title='bbox 271 3196 672 3261; x_wconf 88' lang='lat' dir='ltr'><strong>servandum</strong></span> <span class='ocrx_word' id='word_1_233' title='bbox 744 3192 916 3276; x_wconf 88' lang='lat' dir='ltr'><strong>qnod</strong></span> <span class='ocrx_word' id='word_1_234' title='bbox 981 3197 1049 3260; x_wconf 88' lang='lat' dir='ltr'><strong>in</strong></span> <span class='ocrx_word' id='word_1_235' title='bbox 1115 3196 1319 3259; x_wconf 90' lang='lat' dir='ltr'><strong>sacris</strong></span> <span class='ocrx_word' id='word_1_236' title='bbox 1382 3200 1643 3278; x_wconf 88' lang='lat' dir='ltr'><strong>saepius</strong></span> <span class='ocrx_word' id='word_1_237' title='bbox 1708 3199 2021 3274; x_wconf 86' lang='lat' dir='ltr'><strong>occurrit,</strong></span> <span class='ocrx_word' id='word_1_238' title='bbox 2088 3195 2217 3261; x_wconf 89' lang='lat' dir='ltr'><strong>Dei</strong></span> 
     </span>
     <span class='ocr_line' id='line_1_36' title="bbox 269 3279 2215 3364; baseline 0.001 -18"><span class='ocrx_word' id='word_1_239' title='bbox 269 3301 516 3364; x_wconf 85' lang='lat' dir='ltr'><strong>nempe</strong></span> <span class='ocrx_word' id='word_1_240' title='bbox 537 3280 854 3346; x_wconf 89' lang='lat' dir='ltr'><strong>indicium</strong></span> <span class='ocrx_word' id='word_1_241' title='bbox 879 3301 918 3344; x_wconf 91' lang='lat' dir='ltr'><strong>a</strong></span> <span class='ocrx_word' id='word_1_242' title='bbox 939 3279 1130 3345; x_wconf 90' lang='lat' dir='ltr'><strong>domo</strong></span> <span class='ocrx_word' id='word_1_243' title='bbox 1151 3300 1268 3345; x_wconf 89' lang='lat' dir='ltr'><strong>sua</strong></span> <span class='ocrx_word' id='word_1_244' title='bbox 1290 3280 1598 3364; x_wconf 88' lang='lat' dir='ltr'><strong>incipere.</strong></span> <span class='ocrx_word' id='word_1_245' title='bbox 1644 3280 2215 3361; x_wconf 84' lang='lat' dir='ltr'><strong>Quemadmodum</strong></span> 
     </span>
     <span class='ocr_line' id='line_1_37' title="bbox 267 3365 2213 3450; baseline 0.001 -18"><span class='ocrx_word' id='word_1_246' title='bbox 267 3367 453 3432; x_wconf 87' lang='lat' dir='ltr'><strong>enim</strong></span> <span class='ocrx_word' id='word_1_247' title='bbox 493 3369 700 3433; x_wconf 90' lang='lat' dir='ltr'><strong>bonus</strong></span> <span class='ocrx_word' id='word_1_248' title='bbox 745 3365 1214 3450; x_wconf 86' lang='lat' dir='ltr'><strong>paterfamilias</strong></span> <span class='ocrx_word' id='word_1_249' title='bbox 1258 3366 1641 3432; x_wconf 89' lang='lat' dir='ltr'><strong>domesticos</strong></span> <span class='ocrx_word' id='word_1_250' title='bbox 1676 3368 2000 3447; x_wconf 82' lang='lat' dir='ltr'><strong>observat,</strong></span> <span class='ocrx_word' id='word_1_251' title='bbox 2045 3381 2112 3433; x_wconf 92' lang='lat' dir='ltr'><strong>et</strong></span> <span class='ocrx_word' id='word_1_252' title='bbox 2147 3369 2213 3434; x_wconf 92' lang='lat' dir='ltr'><strong>in</strong></span> 
     </span>
     <span class='ocr_line' id='line_1_38' title="bbox 264 3452 2218 3536; baseline 0.001 -18"><span class='ocrx_word' id='word_1_253' title='bbox 264 3452 443 3519; x_wconf 83' lang='lat' dir='ltr'><strong>filios</strong></span> <span class='ocrx_word' id='word_1_254' title='bbox 487 3474 639 3518; x_wconf 89' lang='lat' dir='ltr'><strong>suos</strong></span> <span class='ocrx_word' id='word_1_255' title='bbox 682 3452 1166 3527; x_wconf 86' lang='lat' dir='ltr'><strong>animadvertit,</strong></span> <span class='ocrx_word' id='word_1_256' title='bbox 1212 3454 1427 3536; x_wconf 90' lang='lat' dir='ltr'><strong>potius</strong></span> <span class='ocrx_word' id='word_1_257' title='bbox 1448 3474 1645 3536; x_wconf 89' lang='lat' dir='ltr'><strong>quam</strong></span> <span class='ocrx_word' id='word_1_258' title='bbox 1691 3455 2079 3519; x_wconf 84' lang='lat' dir='ltr'><strong>invicinos:</strong></span> <span class='ocrx_word' id='word_1_259' title='bbox 2125 3456 2218 3519; x_wconf 87' lang='lat' dir='ltr'><strong>ita</strong></span> 
     </span>
     <span class='ocr_line' id='line_1_39' title="bbox 264 3539 2216 3622; baseline 0.001 -18"><span class='ocrx_word' id='word_1_260' title='bbox 264 3540 492 3605; x_wconf 92' lang='lat' dir='ltr'><strong>Deum</strong></span> <span class='ocrx_word' id='word_1_261' title='bbox 552 3560 828 3621; x_wconf 89' lang='lat' dir='ltr'><strong>aequum</strong></span> <span class='ocrx_word' id='word_1_262' title='bbox 890 3551 992 3602; x_wconf 92' lang='lat' dir='ltr'><strong>est</strong></span> <span class='ocrx_word' id='word_1_263' title='bbox 1045 3559 1156 3604; x_wconf 88' lang='lat' dir='ltr'><strong>eos</strong></span> <span class='ocrx_word' id='word_1_264' title='bbox 1226 3539 1309 3603; x_wconf 87' lang='lat' dir='ltr'><strong>ad</strong></span> <span class='ocrx_word' id='word_1_265' title='bbox 1376 3560 1537 3622; x_wconf 90' lang='lat' dir='ltr'><strong>quos</strong></span> <span class='ocrx_word' id='word_1_266' title='bbox 1604 3541 1873 3622; x_wconf 91' lang='lat' dir='ltr'><strong>propius</strong></span> <span class='ocrx_word' id='word_1_267' title='bbox 1944 3541 2216 3605; x_wconf 87' lang='lat' dir='ltr'><strong>accessit</strong></span> 
     </span>
     <span class='ocr_line' id='line_1_40' title="bbox 260 3623 2211 3710; baseline 0.002 -21"><span class='ocrx_word' id='word_1_268' title='bbox 260 3624 526 3707; x_wconf 80' lang='lat' dir='ltr'><strong>sibique</strong></span> <span class='ocrx_word' id='word_1_269' title='bbox 581 3640 898 3708; x_wconf 89' lang='lat' dir='ltr'><strong>tanquam</strong></span> <span class='ocrx_word' id='word_1_270' title='bbox 962 3623 1289 3706; x_wconf 89' lang='lat' dir='ltr'><strong>peculium</strong></span> <span class='ocrx_word' id='word_1_271' title='bbox 1358 3625 1562 3709; x_wconf 90' lang='lat' dir='ltr'><strong>elegit</strong></span> <span class='ocrx_word' id='word_1_272' title='bbox 1611 3628 1814 3690; x_wconf 90' lang='lat' dir='ltr'><strong>etiam</strong></span> <span class='ocrx_word' id='word_1_273' title='bbox 1870 3628 2211 3710; x_wconf 84' lang='lat' dir='ltr'><strong>castigare,</strong></span> 
     </span>
     <span class='ocr_line' id='line_1_41' title="bbox 261 3710 2210 3793; baseline 0 -16"><span class='ocrx_word' id='word_1_274' title='bbox 261 3723 340 3777; x_wconf 87' lang='lat' dir='ltr'><strong>et</strong></span> <span class='ocrx_word' id='word_1_275' title='bbox 384 3710 681 3777; x_wconf 89' lang='lat' dir='ltr'><strong>labentes</strong></span> <span class='ocrx_word' id='word_1_276' title='bbox 721 3710 1064 3792; x_wconf 88' lang='lat' dir='ltr'><strong>corrigere.</strong></span> <span class='ocrx_word' id='word_1_277' title='bbox 1152 3710 1483 3791; x_wconf 89' lang='lat' dir='ltr'><strong>Populum</strong></span> <span class='ocrx_word' id='word_1_278' title='bbox 1538 3711 1746 3793; x_wconf 90' lang='lat' dir='ltr'><strong>igitur</strong></span> <span class='ocrx_word' id='word_1_279' title='bbox 1787 3712 2210 3779; x_wconf 83' lang='lat' dir='ltr'><strong>israeliticum</strong></span> 
     </span>
     <span class='ocr_line' id='line_1_42' title="bbox 258 3796 2212 3881; baseline 0.001 -20"><span class='ocrx_word' id='word_1_280' title='bbox 258 3797 583 3881; x_wconf 86' lang='lat' dir='ltr'><strong>quoniam</strong></span> <span class='ocrx_word' id='word_1_281' title='bbox 653 3796 838 3860; x_wconf 91' lang='lat' dir='ltr'><strong>Deus</strong></span> <span class='ocrx_word' id='word_1_282' title='bbox 898 3797 968 3859; x_wconf 93' lang='lat' dir='ltr'><strong>in</strong></span> <span class='ocrx_word' id='word_1_283' title='bbox 1036 3796 1350 3879; x_wconf 88' lang='lat' dir='ltr'><strong>populum</strong></span> <span class='ocrx_word' id='word_1_284' title='bbox 1418 3816 1609 3861; x_wconf 91' lang='lat' dir='ltr'><strong>suum</strong></span> <span class='ocrx_word' id='word_1_285' title='bbox 1678 3797 1998 3880; x_wconf 85' lang='lat' dir='ltr'><strong>elegerat,</strong></span> <span class='ocrx_word' id='word_1_286' title='bbox 2064 3799 2212 3863; x_wconf 88' lang='lat' dir='ltr'><strong>ideo</strong></span> 
     </span>
     <span class='ocr_line' id='line_1_43' title="bbox 256 3881 2214 3966; baseline -0.001 -18"><span class='ocrx_word' id='word_1_287' title='bbox 256 3885 468 3949; x_wconf 85' lang='lat' dir='ltr'><strong>etiam</strong></span> <span class='ocrx_word' id='word_1_288' title='bbox 516 3892 827 3963; x_wconf 89' lang='lat' dir='ltr'><strong>tanquam</strong></span> <span class='ocrx_word' id='word_1_289' title='bbox 874 3881 1196 3965; x_wconf 88' lang='lat' dir='ltr'><strong>benignus</strong></span> <span class='ocrx_word' id='word_1_290' title='bbox 1253 3892 1442 3963; x_wconf 89' lang='lat' dir='ltr'><strong>pater</strong></span> <span class='ocrx_word' id='word_1_291' title='bbox 1483 3882 1555 3946; x_wconf 90' lang='lat' dir='ltr'><strong>in</strong></span> <span class='ocrx_word' id='word_1_292' title='bbox 1612 3882 1900 3966; x_wconf 88' lang='lat' dir='ltr'><strong>ipsorum</strong></span> <span class='ocrx_word' id='word_1_293' title='bbox 1944 3899 2214 3965; x_wconf 92' lang='lat' dir='ltr'><strong>peccata</strong></span> 
     </span>
     <span class='ocr_line' id='line_1_44' title="bbox 258 3966 2212 4048; baseline -0.001 -13"><span class='ocrx_word' id='word_1_294' title='bbox 258 3966 759 4036; x_wconf 79' lang='lat' dir='ltr'><strong>animadvertit.</strong></span> <span class='ocrx_word' id='word_1_295' title='bbox 838 3967 1071 4048; x_wconf 87' lang='lat' dir='ltr'><strong>Neque</strong></span> <span class='ocrx_word' id='word_1_296' title='bbox 1114 3969 1288 4032; x_wconf 90' lang='lat' dir='ltr'><strong>enim</strong></span> <span class='ocrx_word' id='word_1_297' title='bbox 1336 3988 1493 4032; x_wconf 90' lang='lat' dir='ltr'><strong>sane</strong></span> <span class='ocrx_word' id='word_1_298' title='bbox 1539 3968 1720 4034; x_wconf 91' lang='lat' dir='ltr'><strong>Deus</strong></span> <span class='ocrx_word' id='word_1_299' title='bbox 1766 3989 1883 4033; x_wconf 91' lang='lat' dir='ltr'><strong>nos</strong></span> <span class='ocrx_word' id='word_1_300' title='bbox 1929 3970 1997 4034; x_wconf 91' lang='lat' dir='ltr'><strong>in</strong></span> <span class='ocrx_word' id='word_1_301' title='bbox 2042 3970 2212 4034; x_wconf 87' lang='lat' dir='ltr'><strong>filios</strong></span> 
     </span>
     <span class='ocr_line' id='line_1_45' title="bbox 256 4052 2209 4137; baseline 0.001 -18"><span class='ocrx_word' id='word_1_302' title='bbox 256 4055 555 4137; x_wconf 76' lang='lat' dir='ltr'><strong>adoptat,</strong></span> <span class='ocrx_word' id='word_1_303' title='bbox 615 4074 695 4118; x_wconf 88' lang='lat' dir='ltr'><strong>ea</strong></span> <span class='ocrx_word' id='word_1_304' title='bbox 736 4052 1109 4118; x_wconf 85' lang='lat' dir='ltr'><strong>conditione</strong></span> <span class='ocrx_word' id='word_1_305' title='bbox 1165 4063 1243 4117; x_wconf 92' lang='lat' dir='ltr'><strong>ut</strong></span> <span class='ocrx_word' id='word_1_306' title='bbox 1284 4052 1469 4118; x_wconf 85' lang='lat' dir='ltr'><strong>laxas</strong></span> <span class='ocrx_word' id='word_1_307' title='bbox 1516 4054 1807 4120; x_wconf 86' lang='lat' dir='ltr'><strong>habenas</strong></span> <span class='ocrx_word' id='word_1_308' title='bbox 1855 4058 2209 4136; x_wconf 88' lang='lat' dir='ltr'><strong>permittat,</strong></span> 
     </span>
     <span class='ocr_line' id='line_1_46' title="bbox 254 4139 2212 4224; baseline 0.001 -18"><span class='ocrx_word' id='word_1_309' title='bbox 254 4152 336 4207; x_wconf 78' lang='lat' dir='ltr'><strong>et</strong></span> <span class='ocrx_word' id='word_1_310' title='bbox 381 4152 459 4205; x_wconf 87' lang='lat' dir='ltr'><strong>ut</strong></span> <span class='ocrx_word' id='word_1_311' title='bbox 499 4149 810 4223; x_wconf 89' lang='lat' dir='ltr'><strong>tanquam</strong></span> <span class='ocrx_word' id='word_1_312' title='bbox 857 4140 1178 4204; x_wconf 86' lang='lat' dir='ltr'><strong>effraenes</strong></span> <span class='ocrx_word' id='word_1_313' title='bbox 1235 4139 1385 4222; x_wconf 88' lang='lat' dir='ltr'><strong>equi</strong></span> <span class='ocrx_word' id='word_1_314' title='bbox 1428 4141 1628 4205; x_wconf 91' lang='lat' dir='ltr'><strong>nullis</strong></span> <span class='ocrx_word' id='word_1_315' title='bbox 1680 4141 2212 4224; x_wconf 83' lang='lat' dir='ltr'><strong>castigationibus</strong></span> 
     </span>
     <span class='ocr_line' id='line_1_47' title="bbox 255 4224 2212 4308; baseline -0.001 -16"><span class='ocrx_word' id='word_1_316' title='bbox 255 4227 714 4293; x_wconf 86' lang='lat' dir='ltr'><strong>subiiciamur.</strong></span> <span class='ocrx_word' id='word_1_317' title='bbox 762 4224 941 4305; x_wconf 90' lang='lat' dir='ltr'><strong>Quid</strong></span> <span class='ocrx_word' id='word_1_318' title='bbox 980 4226 1175 4301; x_wconf 91' lang='lat' dir='ltr'><strong>enim,</strong></span> <span class='ocrx_word' id='word_1_319' title='bbox 1222 4226 1506 4304; x_wconf 87' lang='lat' dir='ltr'><strong>obsecro,</strong></span> <span class='ocrx_word' id='word_1_320' title='bbox 1553 4227 1757 4300; x_wconf 88' lang='lat' dir='ltr'><strong>nobis,</strong></span> <span class='ocrx_word' id='word_1_321' title='bbox 1801 4227 1957 4308; x_wconf 90' lang='lat' dir='ltr'><strong>quid</strong></span> <span class='ocrx_word' id='word_1_322' title='bbox 1988 4227 2212 4291; x_wconf 81' lang='lat' dir='ltr'><strong>divina</strong></span> 
     </span>
     <span class='ocr_line' id='line_1_48' title="bbox 254 4309 2211 4395; baseline 0 -18"><span class='ocrx_word' id='word_1_323' title='bbox 254 4314 523 4377; x_wconf 81' lang='lat' dir='ltr'><strong>iustitia</strong></span> <span class='ocrx_word' id='word_1_324' title='bbox 556 4309 785 4376; x_wconf 80' lang='lat' dir='ltr'><strong>fieret?</strong></span> <span class='ocrx_word' id='word_1_325' title='bbox 849 4311 1083 4375; x_wconf 88' lang='lat' dir='ltr'><strong>Nonne</strong></span> <span class='ocrx_word' id='word_1_326' title='bbox 1143 4312 1435 4375; x_wconf 90' lang='lat' dir='ltr'><strong>omnium</strong></span> <span class='ocrx_word' id='word_1_327' title='bbox 1494 4313 1654 4377; x_wconf 90' lang='lat' dir='ltr'><strong>risui</strong></span> <span class='ocrx_word' id='word_1_328' title='bbox 1711 4333 1853 4376; x_wconf 89' lang='lat' dir='ltr'><strong>sese</strong></span> <span class='ocrx_word' id='word_1_329' title='bbox 1897 4334 2211 4395; x_wconf 89' lang='lat' dir='ltr'><strong>suamque</strong></span> 
     </span>
     <span class='ocr_line' id='line_1_49' title="bbox 250 4396 2210 4478; baseline -0.001 -14"><span class='ocrx_word' id='word_1_330' title='bbox 250 4399 588 4464; x_wconf 86' lang='lat' dir='ltr'><strong>iustitiam</strong></span> <span class='ocrx_word' id='word_1_331' title='bbox 635 4409 1008 4478; x_wconf 83' lang='lat' dir='ltr'><strong>exponeret.</strong></span> <span class='ocrx_word' id='word_1_332' title='bbox 1056 4398 1268 4461; x_wconf 90' lang='lat' dir='ltr'><strong>Deum</strong></span> <span class='ocrx_word' id='word_1_333' title='bbox 1292 4396 1511 4478; x_wconf 88' lang='lat' dir='ltr'><strong>itaque</strong></span> <span class='ocrx_word' id='word_1_334' title='bbox 1535 4420 1652 4463; x_wconf 87' lang='lat' dir='ltr'><strong>nos</strong></span> <span class='ocrx_word' id='word_1_335' title='bbox 1674 4397 1757 4462; x_wconf 87' lang='lat' dir='ltr'><strong>ad</strong></span> <span class='ocrx_word' id='word_1_336' title='bbox 1780 4419 1850 4462; x_wconf 87' lang='lat' dir='ltr'><strong>se</strong></span> <span class='ocrx_word' id='word_1_337' title='bbox 1874 4413 2210 4463; x_wconf 86' lang='lat' dir='ltr'><strong>vocantem</strong></span> 
     </span>
     <span class='ocr_line' id='line_1_50' title="bbox 247 4482 2211 4567; baseline 0 -18"><span class='ocrx_word' id='word_1_338' title='bbox 247 4492 527 4567; x_wconf 86' lang='lat' dir='ltr'><strong>oportet</strong></span> <span class='ocrx_word' id='word_1_339' title='bbox 568 4483 660 4549; x_wconf 90' lang='lat' dir='ltr'><strong>sic</strong></span> <span class='ocrx_word' id='word_1_340' title='bbox 708 4482 1152 4547; x_wconf 86' lang='lat' dir='ltr'><strong>misericordia</strong></span> <span class='ocrx_word' id='word_1_341' title='bbox 1206 4503 1327 4547; x_wconf 89' lang='lat' dir='ltr'><strong>sua</strong></span> <span class='ocrx_word' id='word_1_342' title='bbox 1368 4492 1608 4567; x_wconf 87' lang='lat' dir='ltr'><strong>tegere,</strong></span> <span class='ocrx_word' id='word_1_343' title='bbox 1665 4494 1743 4549; x_wconf 91' lang='lat' dir='ltr'><strong>ut</strong></span> <span class='ocrx_word' id='word_1_344' title='bbox 1782 4484 2211 4551; x_wconf 90' lang='lat' dir='ltr'><strong>nihilominus</strong></span> 
     </span>
     <span class='ocr_line' id='line_1_51' title="bbox 244 4570 2211 4652; baseline -0.001 -16"><span class='ocrx_word' id='word_1_345' title='bbox 244 4573 334 4637; x_wconf 89' lang='lat' dir='ltr'><strong>in</strong></span> <span class='ocrx_word' id='word_1_346' title='bbox 390 4578 651 4652; x_wconf 87' lang='lat' dir='ltr'><strong>peccata</strong></span> <span class='ocrx_word' id='word_1_347' title='bbox 693 4570 996 4650; x_wconf 88' lang='lat' dir='ltr'><strong>inquirat,</strong></span> <span class='ocrx_word' id='word_1_348' title='bbox 1054 4570 1434 4634; x_wconf 88' lang='lat' dir='ltr'><strong>aberrantes</strong></span> <span class='ocrx_word' id='word_1_349' title='bbox 1477 4572 1545 4633; x_wconf 90' lang='lat' dir='ltr'><strong>in</strong></span> <span class='ocrx_word' id='word_1_350' title='bbox 1592 4572 1764 4635; x_wconf 90' lang='lat' dir='ltr'><strong>viam</strong></span> <span class='ocrx_word' id='word_1_351' title='bbox 1813 4570 2099 4651; x_wconf 87' lang='lat' dir='ltr'><strong>reducat,</strong></span> <span class='ocrx_word' id='word_1_352' title='bbox 2144 4584 2211 4637; x_wconf 90' lang='lat' dir='ltr'><strong>et</strong></span> 
     </span>
     <span class='ocr_line' id='line_1_52' title="bbox 246 4654 2210 4739; baseline 0.001 -18"><span class='ocrx_word' id='word_1_353' title='bbox 246 4655 352 4722; x_wconf 77' lang='lat' dir='ltr'><strong>ad</strong></span> <span class='ocrx_word' id='word_1_354' title='bbox 378 4654 847 4739; x_wconf 87' lang='lat' dir='ltr'><strong>poenitentiam</strong></span> <span class='ocrx_word' id='word_1_355' title='bbox 874 4663 1081 4732; x_wconf 89' lang='lat' dir='ltr'><strong>vocet,</strong></span> <span class='ocrx_word' id='word_1_356' title='bbox 1124 4656 1454 4739; x_wconf 86' lang='lat' dir='ltr'><strong>castigans</strong></span> <span class='ocrx_word' id='word_1_357' title='bbox 1473 4666 1739 4738; x_wconf 90' lang='lat' dir='ltr'><strong>peccata</strong></span> <span class='ocrx_word' id='word_1_358' title='bbox 1770 4666 1992 4721; x_wconf 88' lang='lat' dir='ltr'><strong>nostra</strong></span> <span class='ocrx_word' id='word_1_359' title='bbox 2016 4666 2210 4738; x_wconf 87' lang='lat' dir='ltr'><strong>prout</strong></span> 
     </span>
     <span class='ocr_line' id='line_1_53' title="bbox 247 4740 2209 4826; baseline 0 -19"><span class='ocrx_word' id='word_1_360' title='bbox 247 4740 584 4826; x_wconf 79' lang='lat' dir='ltr'><strong>expedire</strong></span> <span class='ocrx_word' id='word_1_361' title='bbox 627 4741 1027 4823; x_wconf 82' lang='lat' dir='ltr'><strong>cognoverit.</strong></span> <span class='ocrx_word' id='word_1_362' title='bbox 1120 4740 1341 4822; x_wconf 86' lang='lat' dir='ltr'><strong>Neque</strong></span> <span class='ocrx_word' id='word_1_363' title='bbox 1386 4762 1541 4806; x_wconf 89' lang='lat' dir='ltr'><strong>vero</strong></span> <span class='ocrx_word' id='word_1_364' title='bbox 1598 4754 1816 4806; x_wconf 87' lang='lat' dir='ltr'><strong>tamen</strong></span> <span class='ocrx_word' id='word_1_365' title='bbox 1863 4755 2209 4823; x_wconf 88' lang='lat' dir='ltr'><strong>propterea</strong></span> 
     </span>
     <span class='ocr_line' id='line_1_54' title="bbox 240 4826 2206 4907; baseline 0.001 -14"><span class='ocrx_word' id='word_1_366' title='bbox 240 4827 620 4905; x_wconf 86' lang='lat' dir='ltr'><strong>increduli,</strong></span> <span class='ocrx_word' id='word_1_367' title='bbox 679 4834 746 4888; x_wconf 88' lang='lat' dir='ltr'><strong>et</strong></span> <span class='ocrx_word' id='word_1_368' title='bbox 807 4827 919 4907; x_wconf 90' lang='lat' dir='ltr'><strong>qui</strong></span> <span class='ocrx_word' id='word_1_369' title='bbox 979 4846 1019 4890; x_wconf 89' lang='lat' dir='ltr'><strong>a</strong></span> <span class='ocrx_word' id='word_1_370' title='bbox 1074 4826 1218 4890; x_wconf 87' lang='lat' dir='ltr'><strong>Deo</strong></span> <span class='ocrx_word' id='word_1_371' title='bbox 1278 4840 1433 4891; x_wconf 91' lang='lat' dir='ltr'><strong>sunt</strong></span> <span class='ocrx_word' id='word_1_372' title='bbox 1485 4827 1684 4892; x_wconf 89' lang='lat' dir='ltr'><strong>alieni</strong></span> <span class='ocrx_word' id='word_1_373' title='bbox 1743 4827 2008 4892; x_wconf 91' lang='lat' dir='ltr'><strong>meliore</strong></span> <span class='ocrx_word' id='word_1_374' title='bbox 2064 4829 2206 4894; x_wconf 93' lang='lat' dir='ltr'><strong>loco</strong></span> 
     </span>
     <span class='ocr_line' id='line_1_55' title="bbox 241 4909 2205 4997; baseline -0.001 -16"><span class='ocrx_word' id='word_1_375' title='bbox 241 4923 428 4981; x_wconf 86' lang='lat' dir='ltr'><strong>sunt</strong></span> <span class='ocrx_word' id='word_1_376' title='bbox 486 4923 553 4976; x_wconf 91' lang='lat' dir='ltr'><strong>et</strong></span> <span class='ocrx_word' id='word_1_377' title='bbox 607 4909 1015 4978; x_wconf 89' lang='lat' dir='ltr'><strong>conditione:</strong></span> <span class='ocrx_word' id='word_1_378' title='bbox 1074 4932 1229 4976; x_wconf 85' lang='lat' dir='ltr'><strong>nam</strong></span> <span class='ocrx_word' id='word_1_379' title='bbox 1285 4912 1571 4995; x_wconf 89' lang='lat' dir='ltr'><strong>alioquin</strong></span> <span class='ocrx_word' id='word_1_380' title='bbox 1624 4913 1995 4978; x_wconf 77' lang='lat' dir='ltr'><strong>felicitatem</strong></span> <span class='ocrx_word' id='word_1_381' title='bbox 2044 4915 2205 4997; x_wconf 89' lang='lat' dir='ltr'><strong>ipsis</strong></span> 
     </span>
     <span class='ocr_line' id='line_1_56' title="bbox 238 4996 2203 5083; baseline 0.001 -18"><span class='ocrx_word' id='word_1_382' title='bbox 238 4999 729 5073; x_wconf 83' lang='lat' dir='ltr'><strong>invideremus,</strong></span> <span class='ocrx_word' id='word_1_383' title='bbox 789 5018 986 5079; x_wconf 88' lang='lat' dir='ltr'><strong>quum</strong></span> <span class='ocrx_word' id='word_1_384' title='bbox 1036 4996 1256 5061; x_wconf 88' lang='lat' dir='ltr'><strong>Deum</strong></span> <span class='ocrx_word' id='word_1_385' title='bbox 1314 5018 1466 5063; x_wconf 90' lang='lat' dir='ltr'><strong>suos</strong></span> <span class='ocrx_word' id='word_1_386' title='bbox 1519 5000 1839 5083; x_wconf 88' lang='lat' dir='ltr'><strong>castigare</strong></span> <span class='ocrx_word' id='word_1_387' title='bbox 1874 4999 2203 5066; x_wconf 90' lang='lat' dir='ltr'><strong>audimus.</strong></span> 
     </span>
     <span class='ocr_line' id='line_1_57' title="bbox 238 5084 2202 5168; baseline -0.001 -17"><span class='ocrx_word' id='word_1_388' title='bbox 238 5087 356 5151; x_wconf 73' lang='lat' dir='ltr'><strong>Et</strong></span> <span class='ocrx_word' id='word_1_389' title='bbox 401 5084 595 5149; x_wconf 91' lang='lat' dir='ltr'><strong>multi</strong></span> <span class='ocrx_word' id='word_1_390' title='bbox 654 5085 974 5166; x_wconf 87' lang='lat' dir='ltr'><strong>supplicia</strong></span> <span class='ocrx_word' id='word_1_391' title='bbox 1018 5084 1313 5159; x_wconf 83' lang='lat' dir='ltr'><strong>vitaturi,</strong></span> <span class='ocrx_word' id='word_1_392' title='bbox 1372 5084 1451 5148; x_wconf 91' lang='lat' dir='ltr'><strong>ab</strong></span> <span class='ocrx_word' id='word_1_393' title='bbox 1509 5085 1653 5168; x_wconf 90' lang='lat' dir='ltr'><strong>ipso</strong></span> <span class='ocrx_word' id='word_1_394' title='bbox 1710 5086 1935 5166; x_wconf 90' lang='lat' dir='ltr'><strong>procul</strong></span> <span class='ocrx_word' id='word_1_395' title='bbox 1977 5086 2202 5150; x_wconf 89' lang='lat' dir='ltr'><strong>abesse</strong></span> 
     </span>
     <span class='ocr_line' id='line_1_58' title="bbox 230 5167 2201 5254; baseline -0.002 -15"><span class='ocrx_word' id='word_1_396' title='bbox 230 5182 611 5254; x_wconf 71' lang='lat' dir='ltr'><strong>cuperent:</strong></span> <span class='ocrx_word' id='word_1_397' title='bbox 685 5167 798 5233; x_wconf 90' lang='lat' dir='ltr'><strong>sed</strong></span> <span class='ocrx_word' id='word_1_398' title='bbox 855 5173 1179 5251; x_wconf 89' lang='lat' dir='ltr'><strong>scriptura</strong></span> <span class='ocrx_word' id='word_1_399' title='bbox 1235 5170 1473 5251; x_wconf 88' lang='lat' dir='ltr'><strong>passim</strong></span> <span class='ocrx_word' id='word_1_400' title='bbox 1532 5185 1810 5234; x_wconf 88' lang='lat' dir='ltr'><strong>testatur</strong></span> <span class='ocrx_word' id='word_1_401' title='bbox 1873 5171 2201 5253; x_wconf 88' lang='lat' dir='ltr'><strong>improbos</strong></span> 
     </span>
     <span class='ocr_line' id='line_1_59' title="bbox 230 5254 2198 5340; baseline -0.001 -16"><span class='ocrx_word' id='word_1_402' title='bbox 230 5277 384 5325; x_wconf 85' lang='lat' dir='ltr'><strong>suo</strong></span> <span class='ocrx_word' id='word_1_403' title='bbox 428 5266 723 5338; x_wconf 90' lang='lat' dir='ltr'><strong>tempore</strong></span> <span class='ocrx_word' id='word_1_404' title='bbox 766 5275 1009 5337; x_wconf 86' lang='lat' dir='ltr'><strong>poenas</strong></span> <span class='ocrx_word' id='word_1_405' title='bbox 1054 5254 1313 5321; x_wconf 84' lang='lat' dir='ltr'><strong>divinas</strong></span> <span class='ocrx_word' id='word_1_406' title='bbox 1346 5277 1487 5321; x_wconf 85' lang='lat' dir='ltr'><strong>non</strong></span> <span class='ocrx_word' id='word_1_407' title='bbox 1531 5256 1836 5340; x_wconf 85' lang='lat' dir='ltr'><strong>effugere.</strong></span> <span class='ocrx_word' id='word_1_408' title='bbox 1884 5254 1999 5322; x_wconf 83' lang='lat' dir='ltr'><strong>Sic</strong></span> <span class='ocrx_word' id='word_1_409' title='bbox 2041 5258 2198 5322; x_wconf 83' lang='lat' dir='ltr'><strong>dicit</strong></span> 
     </span>
    </p>
   </div>
   <div class='ocr_carea' id='block_1_6' title="bbox 2301 626 4275 5171">
    <p class='ocr_par' dir='ltr' id='par_1_6' title="bbox 2301 626 4275 5171">
     <span class='ocr_line' id='line_1_60' title="bbox 2335 626 4275 709; baseline 0.002 -20"><span class='ocrx_word' id='word_1_410' title='bbox 2335 626 2516 702; x_wconf 88' lang='lat' dir='ltr'><strong>cerit,</strong></span> <span class='ocrx_word' id='word_1_411' title='bbox 2573 626 2644 687; x_wconf 91' lang='lat' dir='ltr'><strong>in</strong></span> <span class='ocrx_word' id='word_1_412' title='bbox 2682 644 2833 689; x_wconf 89' lang='lat' dir='ltr'><strong>suos</strong></span> <span class='ocrx_word' id='word_1_413' title='bbox 2879 627 3184 708; x_wconf 87' lang='lat' dir='ltr'><strong>deinceps</strong></span> <span class='ocrx_word' id='word_1_414' title='bbox 3228 628 3525 692; x_wconf 87' lang='lat' dir='ltr'><strong>inimicos</strong></span> <span class='ocrx_word' id='word_1_415' title='bbox 3571 644 3640 691; x_wconf 89' lang='lat' dir='ltr'><strong>et</strong></span> <span class='ocrx_word' id='word_1_416' title='bbox 3683 630 3753 691; x_wconf 93' lang='lat' dir='ltr'><strong>in</strong></span> <span class='ocrx_word' id='word_1_417' title='bbox 3811 647 3922 691; x_wconf 88' lang='lat' dir='ltr'><strong>eos</strong></span> <span class='ocrx_word' id='word_1_418' title='bbox 3965 627 4076 709; x_wconf 91' lang='lat' dir='ltr'><strong>qui</strong></span> <span class='ocrx_word' id='word_1_419' title='bbox 4121 648 4161 690; x_wconf 88' lang='lat' dir='ltr'><strong>a</strong></span> <span class='ocrx_word' id='word_1_420' title='bbox 4204 649 4275 692; x_wconf 88' lang='lat' dir='ltr'><strong>se</strong></span> 
     </span>
     <span class='ocr_line' id='line_1_61' title="bbox 2335 709 4275 793; baseline 0.002 -19"><span class='ocrx_word' id='word_1_421' title='bbox 2335 709 2536 774; x_wconf 90' lang='lat' dir='ltr'><strong>alieni</strong></span> <span class='ocrx_word' id='word_1_422' title='bbox 2579 723 2738 774; x_wconf 89' lang='lat' dir='ltr'><strong>sunt</strong></span> <span class='ocrx_word' id='word_1_423' title='bbox 2780 713 3188 775; x_wconf 90' lang='lat' dir='ltr'><strong>irruiturum.</strong></span> <span class='ocrx_word' id='word_1_424' title='bbox 3232 710 3422 793; x_wconf 89' lang='lat' dir='ltr'><strong>Opus</strong></span> <span class='ocrx_word' id='word_1_425' title='bbox 3462 732 3614 777; x_wconf 83' lang='lat' dir='ltr'><strong>vero</strong></span> <span class='ocrx_word' id='word_1_426' title='bbox 3657 711 3784 775; x_wconf 88' lang='lat' dir='ltr'><strong>Dei</strong></span> <span class='ocrx_word' id='word_1_427' title='bbox 3827 721 4024 779; x_wconf 90' lang='lat' dir='ltr'><strong>vocat</strong></span> <span class='ocrx_word' id='word_1_428' title='bbox 4044 712 4275 778; x_wconf 82' lang='lat' dir='ltr'><strong>Esaias</strong></span> 
     </span>
     <span class='ocr_line' id='line_1_62' title="bbox 2334 794 4272 880; baseline 0.003 -22"><span class='ocrx_word' id='word_1_429' title='bbox 2334 794 2655 878; x_wconf 80' lang='lat' dir='ltr'><strong>propheta</strong></span> <span class='ocrx_word' id='word_1_430' title='bbox 2700 798 3141 862; x_wconf 89' lang='lat' dir='ltr'><strong>correctiones</strong></span> <span class='ocrx_word' id='word_1_431' title='bbox 3198 798 3348 862; x_wconf 88' lang='lat' dir='ltr'><strong>illas</strong></span> <span class='ocrx_word' id='word_1_432' title='bbox 3406 799 3646 880; x_wconf 87' lang='lat' dir='ltr'><strong>quibus</strong></span> <span class='ocrx_word' id='word_1_433' title='bbox 3708 798 4047 864; x_wconf 89' lang='lat' dir='ltr'><strong>ecclesiam</strong></span> <span class='ocrx_word' id='word_1_434' title='bbox 4089 820 4272 863; x_wconf 86' lang='lat' dir='ltr'><strong>suam</strong></span> 
     </span>
     <span class='ocr_line' id='line_1_63' title="bbox 2333 880 4272 966; baseline 0.002 -20"><span class='ocrx_word' id='word_1_435' title='bbox 2333 884 2646 964; x_wconf 88' lang='lat' dir='ltr'><strong>castigat:</strong></span> <span class='ocrx_word' id='word_1_436' title='bbox 2690 880 2962 964; x_wconf 88' lang='lat' dir='ltr'><strong>ideoque</strong></span> <span class='ocrx_word' id='word_1_437' title='bbox 3006 901 3079 946; x_wconf 90' lang='lat' dir='ltr'><strong>se</strong></span> <span class='ocrx_word' id='word_1_438' title='bbox 3123 903 3162 945; x_wconf 92' lang='lat' dir='ltr'><strong>a</strong></span> <span class='ocrx_word' id='word_1_439' title='bbox 3206 884 3446 966; x_wconf 92' lang='lat' dir='ltr'><strong>populo</strong></span> <span class='ocrx_word' id='word_1_440' title='bbox 3491 906 3607 948; x_wconf 89' lang='lat' dir='ltr'><strong>suo</strong></span> <span class='ocrx_word' id='word_1_441' title='bbox 3647 884 3972 950; x_wconf 78' lang='lat' dir='ltr'><strong>facturum</strong></span> <span class='ocrx_word' id='word_1_442' title='bbox 4009 884 4272 949; x_wconf 85' lang='lat' dir='ltr'><strong>initium</strong></span> 
     </span>
     <span class='ocr_line' id='line_1_64' title="bbox 2332 965 4273 1053; baseline 0.002 -23"><span class='ocrx_word' id='word_1_443' title='bbox 2332 965 2507 1039; x_wconf 81' lang='lat' dir='ltr'><strong>dicit,</strong></span> <span class='ocrx_word' id='word_1_444' title='bbox 2567 988 2686 1049; x_wconf 89' lang='lat' dir='ltr'><strong>pro</strong></span> <span class='ocrx_word' id='word_1_445' title='bbox 2730 989 2889 1033; x_wconf 88' lang='lat' dir='ltr'><strong>cura</strong></span> <span class='ocrx_word' id='word_1_446' title='bbox 2932 980 3207 1051; x_wconf 87' lang='lat' dir='ltr'><strong>paterna</strong></span> <span class='ocrx_word' id='word_1_447' title='bbox 3251 989 3445 1052; x_wconf 90' lang='lat' dir='ltr'><strong>quam</strong></span> <span class='ocrx_word' id='word_1_448' title='bbox 3498 970 3578 1034; x_wconf 91' lang='lat' dir='ltr'><strong>de</strong></span> <span class='ocrx_word' id='word_1_449' title='bbox 3620 970 3781 1052; x_wconf 91' lang='lat' dir='ltr'><strong>ipsis</strong></span> <span class='ocrx_word' id='word_1_450' title='bbox 3825 970 4014 1053; x_wconf 88' lang='lat' dir='ltr'><strong>gerit,</strong></span> <span class='ocrx_word' id='word_1_451' title='bbox 4075 972 4273 1035; x_wconf 87' lang='lat' dir='ltr'><strong>etiam</strong></span> 
     </span>
     <span class='ocr_line' id='line_1_65' title="bbox 2330 1052 4270 1135; baseline 0.002 -19"><span class='ocrx_word' id='word_1_452' title='bbox 2330 1052 2401 1116; x_wconf 89' lang='lat' dir='ltr'><strong>in</strong></span> <span class='ocrx_word' id='word_1_453' title='bbox 2447 1053 2740 1135; x_wconf 88' lang='lat' dir='ltr'><strong>ipsorum</strong></span> <span class='ocrx_word' id='word_1_454' title='bbox 2777 1068 3041 1134; x_wconf 90' lang='lat' dir='ltr'><strong>peccata</strong></span> <span class='ocrx_word' id='word_1_455' title='bbox 3076 1057 3621 1121; x_wconf 86' lang='lat' dir='ltr'><strong>animadvertens.</strong></span> <span class='ocrx_word' id='word_1_456' title='bbox 3668 1055 3804 1121; x_wconf 82' lang='lat' dir='ltr'><strong>Sed</strong></span> <span class='ocrx_word' id='word_1_457' title='bbox 3842 1058 4104 1120; x_wconf 89' lang='lat' dir='ltr'><strong>interim</strong></span> <span class='ocrx_word' id='word_1_458' title='bbox 4140 1077 4270 1120; x_wconf 91' lang='lat' dir='ltr'><strong>non</strong></span> 
     </span>
     <span class='ocr_line' id='line_1_66' title="bbox 2331 1139 4273 1224; baseline 0.002 -22"><span class='ocrx_word' id='word_1_459' title='bbox 2331 1158 2473 1203; x_wconf 88' lang='lat' dir='ltr'><strong>esse</strong></span> <span class='ocrx_word' id='word_1_460' title='bbox 2516 1139 2687 1220; x_wconf 91' lang='lat' dir='ltr'><strong>quod</strong></span> <span class='ocrx_word' id='word_1_461' title='bbox 2737 1140 2957 1205; x_wconf 91' lang='lat' dir='ltr'><strong>hostes</strong></span> <span class='ocrx_word' id='word_1_462' title='bbox 3003 1141 3457 1222; x_wconf 89' lang='lat' dir='ltr'><strong>impunitatem</strong></span> <span class='ocrx_word' id='word_1_463' title='bbox 3504 1154 3785 1224; x_wconf 86' lang='lat' dir='ltr'><strong>sperent,</strong></span> <span class='ocrx_word' id='word_1_464' title='bbox 3832 1142 3951 1206; x_wconf 90' lang='lat' dir='ltr'><strong>etsi</strong></span> <span class='ocrx_word' id='word_1_465' title='bbox 3990 1141 4073 1205; x_wconf 87' lang='lat' dir='ltr'><strong>ad</strong></span> <span class='ocrx_word' id='word_1_466' title='bbox 4111 1157 4273 1205; x_wconf 91' lang='lat' dir='ltr'><strong>tem-</strong></span> 
     </span>
     <span class='ocr_line' id='line_1_67' title="bbox 2331 1226 4270 1310; baseline 0.002 -23"><span class='ocrx_word' id='word_1_467' title='bbox 2331 1244 2456 1305; x_wconf 90' lang='lat' dir='ltr'><strong>pus</strong></span> <span class='ocrx_word' id='word_1_468' title='bbox 2497 1246 2607 1288; x_wconf 91' lang='lat' dir='ltr'><strong>eos</strong></span> <span class='ocrx_word' id='word_1_469' title='bbox 2653 1226 2978 1299; x_wconf 85' lang='lat' dir='ltr'><strong>toleravit,</strong></span> <span class='ocrx_word' id='word_1_470' title='bbox 3038 1227 3151 1292; x_wconf 91' lang='lat' dir='ltr'><strong>sed</strong></span> <span class='ocrx_word' id='word_1_471' title='bbox 3199 1226 3461 1291; x_wconf 88' lang='lat' dir='ltr'><strong>tandem</strong></span> <span class='ocrx_word' id='word_1_472' title='bbox 3509 1229 3578 1291; x_wconf 93' lang='lat' dir='ltr'><strong>in</strong></span> <span class='ocrx_word' id='word_1_473' title='bbox 3636 1226 3811 1310; x_wconf 90' lang='lat' dir='ltr'><strong>ipsos</strong></span> <span class='ocrx_word' id='word_1_474' title='bbox 3856 1226 4270 1291; x_wconf 87' lang='lat' dir='ltr'><strong>animadver-</strong></span> 
     </span>
     <span class='ocr_line' id='line_1_68' title="bbox 2332 1312 4270 1395; baseline 0.002 -21"><span class='ocrx_word' id='word_1_475' title='bbox 2332 1331 2559 1375; x_wconf 90' lang='lat' dir='ltr'><strong>surum</strong></span> <span class='ocrx_word' id='word_1_476' title='bbox 2604 1320 2670 1375; x_wconf 89' lang='lat' dir='ltr'><strong>et</strong></span> <span class='ocrx_word' id='word_1_477' title='bbox 2727 1312 2986 1393; x_wconf 92' lang='lat' dir='ltr'><strong>quidem</strong></span> <span class='ocrx_word' id='word_1_478' title='bbox 3046 1312 3278 1395; x_wconf 91' lang='lat' dir='ltr'><strong>plagis,</strong></span> <span class='ocrx_word' id='word_1_479' title='bbox 3335 1313 3575 1395; x_wconf 90' lang='lat' dir='ltr'><strong>quibus</strong></span> <span class='ocrx_word' id='word_1_480' title='bbox 3634 1334 3766 1376; x_wconf 91' lang='lat' dir='ltr'><strong>non</strong></span> <span class='ocrx_word' id='word_1_481' title='bbox 3812 1312 3892 1377; x_wconf 91' lang='lat' dir='ltr'><strong>ad</strong></span> <span class='ocrx_word' id='word_1_482' title='bbox 3937 1313 4270 1377; x_wconf 88' lang='lat' dir='ltr'><strong>meliorem</strong></span> 
     </span>
     <span class='ocr_line' id='line_1_69' title="bbox 2332 1398 4270 1481; baseline 0.002 -22"><span class='ocrx_word' id='word_1_483' title='bbox 2332 1398 2587 1480; x_wconf 82' lang='lat' dir='ltr'><strong>frugem</strong></span> <span class='ocrx_word' id='word_1_484' title='bbox 2638 1407 3050 1478; x_wconf 89' lang='lat' dir='ltr'><strong>revocentur,</strong></span> <span class='ocrx_word' id='word_1_485' title='bbox 3102 1401 3214 1462; x_wconf 88' lang='lat' dir='ltr'><strong>sed</strong></span> <span class='ocrx_word' id='word_1_486' title='bbox 3274 1420 3439 1481; x_wconf 89' lang='lat' dir='ltr'><strong>quae</strong></span> <span class='ocrx_word' id='word_1_487' title='bbox 3499 1398 3770 1463; x_wconf 91' lang='lat' dir='ltr'><strong>lethales</strong></span> <span class='ocrx_word' id='word_1_488' title='bbox 3819 1402 3984 1463; x_wconf 90' lang='lat' dir='ltr'><strong>sint:</strong></span> <span class='ocrx_word' id='word_1_489' title='bbox 4044 1420 4270 1481; x_wconf 87' lang='lat' dir='ltr'><strong>quem-</strong></span> 
     </span>
     <span class='ocr_line' id='line_1_70' title="bbox 2333 1481 4270 1566; baseline 0.002 -22"><span class='ocrx_word' id='word_1_490' title='bbox 2333 1481 2682 1546; x_wconf 91' lang='lat' dir='ltr'><strong>admodum</strong></span> <span class='ocrx_word' id='word_1_491' title='bbox 2728 1482 2884 1547; x_wconf 88' lang='lat' dir='ltr'><strong>alibi</strong></span> <span class='ocrx_word' id='word_1_492' title='bbox 2929 1483 3114 1549; x_wconf 91' lang='lat' dir='ltr'><strong>Deus</strong></span> <span class='ocrx_word' id='word_1_493' title='bbox 3157 1504 3273 1565; x_wconf 88' lang='lat' dir='ltr'><strong>per</strong></span> <span class='ocrx_word' id='word_1_494' title='bbox 3328 1483 3712 1566; x_wconf 88' lang='lat' dir='ltr'><strong>prophetam</strong></span> <span class='ocrx_word' id='word_1_495' title='bbox 3769 1485 4057 1548; x_wconf 88' lang='lat' dir='ltr'><strong>minatur</strong></span> <span class='ocrx_word' id='word_1_496' title='bbox 4116 1486 4270 1566; x_wconf 86' lang='lat' dir='ltr'><strong>ipsis</strong></span> 
     </span>
     <span class='ocr_line' id='line_1_71' title="bbox 2334 1567 4269 1654; baseline 0.001 -23"><span class='ocrx_word' id='word_1_497' title='bbox 2334 1567 2439 1632; x_wconf 89' lang='lat' dir='ltr'><strong>his</strong></span> <span class='ocrx_word' id='word_1_498' title='bbox 2484 1567 2738 1634; x_wconf 90' lang='lat' dir='ltr'><strong>verbis:</strong></span> <span class='ocrx_word' id='word_1_499' title='bbox 2797 1571 3047 1651; x_wconf 89' lang='lat' dir='ltr'><strong>Populo</strong></span> <span class='ocrx_word' id='word_1_500' title='bbox 3090 1590 3235 1634; x_wconf 92' lang='lat' dir='ltr'><strong>meo</strong></span> <span class='ocrx_word' id='word_1_501' title='bbox 3291 1592 3422 1635; x_wconf 92' lang='lat' dir='ltr'><strong>non</strong></span> <span class='ocrx_word' id='word_1_502' title='bbox 3486 1571 3774 1654; x_wconf 88' lang='lat' dir='ltr'><strong>peperci:</strong></span> <span class='ocrx_word' id='word_1_503' title='bbox 3838 1583 3909 1635; x_wconf 89' lang='lat' dir='ltr'><strong>tu</strong></span> <span class='ocrx_word' id='word_1_504' title='bbox 3955 1590 4115 1634; x_wconf 84' lang='lat' dir='ltr'><strong>vero</strong></span> <span class='ocrx_word' id='word_1_505' title='bbox 4160 1570 4269 1652; x_wconf 90' lang='lat' dir='ltr'><strong>qui</strong></span> 
     </span>
     <span class='ocr_line' id='line_1_72' title="bbox 2331 1652 4265 1738; baseline 0.002 -22"><span class='ocrx_word' id='word_1_506' title='bbox 2331 1652 2745 1735; x_wconf 81' lang='lat' dir='ltr'><strong>iniquitatem</strong></span> <span class='ocrx_word' id='word_1_507' title='bbox 2805 1654 3100 1720; x_wconf 86' lang='lat' dir='ltr'><strong>admittis</strong></span> <span class='ocrx_word' id='word_1_508' title='bbox 3174 1676 3397 1738; x_wconf 88' lang='lat' dir='ltr'><strong>speras</strong></span> <span class='ocrx_word' id='word_1_509' title='bbox 3460 1668 3524 1719; x_wconf 91' lang='lat' dir='ltr'><strong>te</strong></span> <span class='ocrx_word' id='word_1_510' title='bbox 3598 1658 3865 1738; x_wconf 88' lang='lat' dir='ltr'><strong>impune</strong></span> <span class='ocrx_word' id='word_1_511' title='bbox 3931 1654 4265 1719; x_wconf 81' lang='lat' dir='ltr'><strong>laturum?</strong></span> 
     </span>
     <span class='ocr_line' id='line_1_73' title="bbox 2331 1740 4268 1825; baseline 0.002 -23"><span class='ocrx_word' id='word_1_512' title='bbox 2331 1740 2479 1823; x_wconf 85' lang='lat' dir='ltr'><strong>Ego</strong></span> <span class='ocrx_word' id='word_1_513' title='bbox 2522 1743 2736 1823; x_wconf 91' lang='lat' dir='ltr'><strong>ipsum</strong></span> <span class='ocrx_word' id='word_1_514' title='bbox 2761 1742 2946 1822; x_wconf 88' lang='lat' dir='ltr'><strong>aquis</strong></span> <span class='ocrx_word' id='word_1_515' title='bbox 2968 1743 3309 1824; x_wconf 86' lang='lat' dir='ltr'><strong>angustiae</strong></span> <span class='ocrx_word' id='word_1_516' title='bbox 3353 1744 3591 1825; x_wconf 91' lang='lat' dir='ltr'><strong>potavi,</strong></span> <span class='ocrx_word' id='word_1_517' title='bbox 3636 1742 3749 1806; x_wconf 90' lang='lat' dir='ltr'><strong>sed</strong></span> <span class='ocrx_word' id='word_1_518' title='bbox 3796 1758 3870 1805; x_wconf 88' lang='lat' dir='ltr'><strong>tu</strong></span> <span class='ocrx_word' id='word_1_519' title='bbox 3914 1742 4050 1805; x_wconf 88' lang='lat' dir='ltr'><strong>irae</strong></span> <span class='ocrx_word' id='word_1_520' title='bbox 4083 1761 4268 1806; x_wconf 88' lang='lat' dir='ltr'><strong>meae</strong></span> 
     </span>
     <span class='ocr_line' id='line_1_74' title="bbox 2331 1825 4271 1909; baseline 0.001 -21"><span class='ocrx_word' id='word_1_521' title='bbox 2331 1826 2541 1890; x_wconf 83' lang='lat' dir='ltr'><strong>faeces</strong></span> <span class='ocrx_word' id='word_1_522' title='bbox 2609 1827 2879 1907; x_wconf 88' lang='lat' dir='ltr'><strong>potabis.</strong></span> <span class='ocrx_word' id='word_1_523' title='bbox 2972 1825 3149 1893; x_wconf 80' lang='lat' dir='ltr'><strong>Sane</strong></span> <span class='ocrx_word' id='word_1_524' title='bbox 3215 1827 3542 1893; x_wconf 91' lang='lat' dir='ltr'><strong>Dominus</strong></span> <span class='ocrx_word' id='word_1_525' title='bbox 3617 1829 3866 1909; x_wconf 87' lang='lat' dir='ltr'><strong>potioni</strong></span> <span class='ocrx_word' id='word_1_526' title='bbox 3933 1837 4271 1909; x_wconf 87' lang='lat' dir='ltr'><strong>comparat</strong></span> 
     </span>
     <span class='ocr_line' id='line_1_75' title="bbox 2331 1913 4270 1996; baseline 0.002 -22"><span class='ocrx_word' id='word_1_527' title='bbox 2331 1916 2670 1994; x_wconf 89' lang='lat' dir='ltr'><strong>augustias</strong></span> <span class='ocrx_word' id='word_1_528' title='bbox 2729 1925 2796 1976; x_wconf 91' lang='lat' dir='ltr'><strong>et</strong></span> <span class='ocrx_word' id='word_1_529' title='bbox 2849 1913 3251 1987; x_wconf 81' lang='lat' dir='ltr'><strong>afflictiones,</strong></span> <span class='ocrx_word' id='word_1_530' title='bbox 3310 1915 3543 1996; x_wconf 90' lang='lat' dir='ltr'><strong>quibus</strong></span> <span class='ocrx_word' id='word_1_531' title='bbox 3600 1914 3942 1977; x_wconf 91' lang='lat' dir='ltr'><strong>hominum</strong></span> <span class='ocrx_word' id='word_1_532' title='bbox 4005 1930 4270 1996; x_wconf 88' lang='lat' dir='ltr'><strong>peccata</strong></span> 
     </span>
     <span class='ocr_line' id='line_1_76' title="bbox 2330 1997 4269 2081; baseline 0.001 -20"><span class='ocrx_word' id='word_1_533' title='bbox 2330 1998 2684 2076; x_wconf 87' lang='lat' dir='ltr'><strong>ulciscitur,</strong></span> <span class='ocrx_word' id='word_1_534' title='bbox 2729 2000 2977 2081; x_wconf 91' lang='lat' dir='ltr'><strong>potioni</strong></span> <span class='ocrx_word' id='word_1_535' title='bbox 3021 2000 3287 2081; x_wconf 91' lang='lat' dir='ltr'><strong>inquam</strong></span> <span class='ocrx_word' id='word_1_536' title='bbox 3335 2020 3597 2065; x_wconf 86' lang='lat' dir='ltr'><strong>amarae</strong></span> <span class='ocrx_word' id='word_1_537' title='bbox 3640 2013 3706 2063; x_wconf 89' lang='lat' dir='ltr'><strong>et</strong></span> <span class='ocrx_word' id='word_1_538' title='bbox 3748 1997 4049 2065; x_wconf 89' lang='lat' dir='ltr'><strong>acerbae:</strong></span> <span class='ocrx_word' id='word_1_539' title='bbox 4107 2019 4269 2081; x_wconf 89' lang='lat' dir='ltr'><strong>quas</strong></span> 
     </span>
     <span class='ocr_line' id='line_1_77' title="bbox 2329 2082 4268 2166; baseline 0.001 -20"><span class='ocrx_word' id='word_1_540' title='bbox 2329 2082 2483 2147; x_wconf 92' lang='lat' dir='ltr'><strong>dum</strong></span> <span class='ocrx_word' id='word_1_541' title='bbox 2535 2084 2718 2166; x_wconf 88' lang='lat' dir='ltr'><strong>impii</strong></span> <span class='ocrx_word' id='word_1_542' title='bbox 2767 2105 2897 2149; x_wconf 89' lang='lat' dir='ltr'><strong>non</strong></span> <span class='ocrx_word' id='word_1_543' title='bbox 2944 2085 3237 2150; x_wconf 87' lang='lat' dir='ltr'><strong>sentiunt</strong></span> <span class='ocrx_word' id='word_1_544' title='bbox 3280 2084 3539 2150; x_wconf 88' lang='lat' dir='ltr'><strong>delitias</strong></span> <span class='ocrx_word' id='word_1_545' title='bbox 3582 2084 3701 2150; x_wconf 90' lang='lat' dir='ltr'><strong>sibi</strong></span> <span class='ocrx_word' id='word_1_546' title='bbox 3750 2085 3999 2151; x_wconf 83' lang='lat' dir='ltr'><strong>faciunt</strong></span> <span class='ocrx_word' id='word_1_547' title='bbox 4037 2094 4105 2149; x_wconf 88' lang='lat' dir='ltr'><strong>et</strong></span> <span class='ocrx_word' id='word_1_548' title='bbox 4147 2085 4268 2148; x_wconf 91' lang='lat' dir='ltr'><strong>im·</strong></span> 
     </span>
     <span class='ocr_line' id='line_1_78' title="bbox 2326 2169 4267 2254; baseline 0.001 -21"><span class='ocrx_word' id='word_1_549' title='bbox 2326 2171 2695 2250; x_wconf 87' lang='lat' dir='ltr'><strong>punitatem</strong></span> <span class='ocrx_word' id='word_1_550' title='bbox 2754 2169 3179 2254; x_wconf 88' lang='lat' dir='ltr'><strong>pollicentur:</strong></span> <span class='ocrx_word' id='word_1_551' title='bbox 3237 2169 3352 2235; x_wconf 89' lang='lat' dir='ltr'><strong>sed</strong></span> <span class='ocrx_word' id='word_1_552' title='bbox 3409 2171 3701 2235; x_wconf 82' lang='lat' dir='ltr'><strong>minatur</strong></span> <span class='ocrx_word' id='word_1_553' title='bbox 3760 2170 4088 2235; x_wconf 88' lang='lat' dir='ltr'><strong>Dominus</strong></span> <span class='ocrx_word' id='word_1_554' title='bbox 4128 2171 4267 2235; x_wconf 84' lang='lat' dir='ltr'><strong>fore</strong></span> 
     </span>
     <span class='ocr_line' id='line_1_79' title="bbox 2326 2256 4266 2339; baseline 0 -21"><span class='ocrx_word' id='word_1_555' title='bbox 2326 2265 2400 2318; x_wconf 91' lang='lat' dir='ltr'><strong>ut</strong></span> <span class='ocrx_word' id='word_1_556' title='bbox 2442 2276 2644 2336; x_wconf 90' lang='lat' dir='ltr'><strong>quum</strong></span> <span class='ocrx_word' id='word_1_557' title='bbox 2686 2276 2835 2320; x_wconf 89' lang='lat' dir='ltr'><strong>suos</strong></span> <span class='ocrx_word' id='word_1_558' title='bbox 2872 2258 3309 2339; x_wconf 80' lang='lat' dir='ltr'><strong>castigaverit,</strong></span> <span class='ocrx_word' id='word_1_559' title='bbox 3352 2256 3546 2338; x_wconf 88' lang='lat' dir='ltr'><strong>longe</strong></span> <span class='ocrx_word' id='word_1_560' title='bbox 3566 2256 3860 2322; x_wconf 88' lang='lat' dir='ltr'><strong>acerbior</strong></span> <span class='ocrx_word' id='word_1_561' title='bbox 3882 2267 3947 2321; x_wconf 91' lang='lat' dir='ltr'><strong>et</strong></span> <span class='ocrx_word' id='word_1_562' title='bbox 3984 2258 4266 2321; x_wconf 90' lang='lat' dir='ltr'><strong>amarior</strong></span> 
     </span>
     <span class='ocr_line' id='line_1_80' title="bbox 2325 2340 4265 2424; baseline -0.001 -19"><span class='ocrx_word' id='word_1_563' title='bbox 2325 2341 2415 2405; x_wconf 89' lang='lat' dir='ltr'><strong>sit</strong></span> <span class='ocrx_word' id='word_1_564' title='bbox 2471 2340 2759 2405; x_wconf 88' lang='lat' dir='ltr'><strong>hostium</strong></span> <span class='ocrx_word' id='word_1_565' title='bbox 2820 2342 3137 2422; x_wconf 88' lang='lat' dir='ltr'><strong>conditio,</strong></span> <span class='ocrx_word' id='word_1_566' title='bbox 3192 2341 3363 2424; x_wconf 89' lang='lat' dir='ltr'><strong>quod</strong></span> <span class='ocrx_word' id='word_1_567' title='bbox 3419 2363 3623 2424; x_wconf 90' lang='lat' dir='ltr'><strong>usque</strong></span> <span class='ocrx_word' id='word_1_568' title='bbox 3683 2341 3765 2406; x_wconf 89' lang='lat' dir='ltr'><strong>ad</strong></span> <span class='ocrx_word' id='word_1_569' title='bbox 3825 2344 4068 2407; x_wconf 84' lang='lat' dir='ltr'><strong>fraeces</strong></span> <span class='ocrx_word' id='word_1_570' title='bbox 4127 2343 4265 2406; x_wconf 85' lang='lat' dir='ltr'><strong>irae</strong></span> 
     </span>
     <span class='ocr_line' id='line_1_81' title="bbox 2325 2426 4264 2511; baseline 0 -20"><span class='ocrx_word' id='word_1_571' title='bbox 2325 2426 2591 2493; x_wconf 89' lang='lat' dir='ltr'><strong>divinae</strong></span> <span class='ocrx_word' id='word_1_572' title='bbox 2638 2427 2896 2492; x_wconf 90' lang='lat' dir='ltr'><strong>bibituri</strong></span> <span class='ocrx_word' id='word_1_573' title='bbox 2944 2429 3097 2493; x_wconf 88' lang='lat' dir='ltr'><strong>sint.</strong></span> <span class='ocrx_word' id='word_1_574' title='bbox 3143 2428 3278 2492; x_wconf 92' lang='lat' dir='ltr'><strong>Nos</strong></span> <span class='ocrx_word' id='word_1_575' title='bbox 3314 2430 3554 2511; x_wconf 86' lang='lat' dir='ltr'><strong>itaque,</strong></span> <span class='ocrx_word' id='word_1_576' title='bbox 3600 2427 3743 2493; x_wconf 92' lang='lat' dir='ltr'><strong>Deo</strong></span> <span class='ocrx_word' id='word_1_577' title='bbox 3769 2448 3887 2491; x_wconf 90' lang='lat' dir='ltr'><strong>nos</strong></span> <span class='ocrx_word' id='word_1_578' title='bbox 3909 2428 4264 2511; x_wconf 85' lang='lat' dir='ltr'><strong>affligente,</strong></span> 
     </span>
     <span class='ocr_line' id='line_1_82' title="bbox 2325 2513 4265 2597; baseline -0.002 -18"><span class='ocrx_word' id='word_1_579' title='bbox 2325 2533 2797 2597; x_wconf 84' lang='lat' dir='ltr'><strong>cognoscamus</strong></span> <span class='ocrx_word' id='word_1_580' title='bbox 2842 2513 2908 2577; x_wconf 93' lang='lat' dir='ltr'><strong>id</strong></span> <span class='ocrx_word' id='word_1_581' title='bbox 2934 2516 3075 2579; x_wconf 86' lang='lat' dir='ltr'><strong>fieri</strong></span> <span class='ocrx_word' id='word_1_582' title='bbox 3114 2526 3378 2597; x_wconf 88' lang='lat' dir='ltr'><strong>propter</strong></span> <span class='ocrx_word' id='word_1_583' title='bbox 3412 2525 3679 2597; x_wconf 88' lang='lat' dir='ltr'><strong>peccata</strong></span> <span class='ocrx_word' id='word_1_584' title='bbox 3710 2523 3965 2578; x_wconf 86' lang='lat' dir='ltr'><strong>nostra:</strong></span> <span class='ocrx_word' id='word_1_585' title='bbox 4011 2529 4076 2577; x_wconf 87' lang='lat' dir='ltr'><strong>et</strong></span> <span class='ocrx_word' id='word_1_586' title='bbox 4115 2514 4265 2578; x_wconf 87' lang='lat' dir='ltr'><strong>licet</strong></span> 
     </span>
     <span class='ocr_line' id='line_1_83' title="bbox 2325 2598 4264 2682; baseline -0.001 -19"><span class='ocrx_word' id='word_1_587' title='bbox 2325 2599 2583 2664; x_wconf 86' lang='lat' dir='ltr'><strong>interea</strong></span> <span class='ocrx_word' id='word_1_588' title='bbox 2625 2600 3101 2682; x_wconf 85' lang='lat' dir='ltr'><strong>conspiciamus</strong></span> <span class='ocrx_word' id='word_1_589' title='bbox 3122 2598 3249 2663; x_wconf 91' lang='lat' dir='ltr'><strong>Dei</strong></span> <span class='ocrx_word' id='word_1_590' title='bbox 3295 2614 3360 2665; x_wconf 92' lang='lat' dir='ltr'><strong>et</strong></span> <span class='ocrx_word' id='word_1_591' title='bbox 3396 2600 3600 2682; x_wconf 88' lang='lat' dir='ltr'><strong>ipsius</strong></span> <span class='ocrx_word' id='word_1_592' title='bbox 3628 2600 3808 2666; x_wconf 89' lang='lat' dir='ltr'><strong>verbi</strong></span> <span class='ocrx_word' id='word_1_593' title='bbox 3832 2610 4264 2665; x_wconf 86' lang='lat' dir='ltr'><strong>contemtores</strong></span> 
     </span>
     <span class='ocr_line' id='line_1_84' title="bbox 2325 2685 4264 2769; baseline -0.001 -19"><span class='ocrx_word' id='word_1_594' title='bbox 2325 2685 2688 2768; x_wconf 90' lang='lat' dir='ltr'><strong>impunitos</strong></span> <span class='ocrx_word' id='word_1_595' title='bbox 2747 2687 2974 2750; x_wconf 88' lang='lat' dir='ltr'><strong>laetari</strong></span> <span class='ocrx_word' id='word_1_596' title='bbox 3036 2686 3224 2751; x_wconf 91' lang='lat' dir='ltr'><strong>nobis</strong></span> <span class='ocrx_word' id='word_1_597' title='bbox 3282 2686 3609 2766; x_wconf 90' lang='lat' dir='ltr'><strong>flentibus,</strong></span> <span class='ocrx_word' id='word_1_598' title='bbox 3667 2687 3994 2769; x_wconf 90' lang='lat' dir='ltr'><strong>patienter</strong></span> <span class='ocrx_word' id='word_1_599' title='bbox 4038 2686 4264 2750; x_wconf 86' lang='lat' dir='ltr'><strong>tolere-</strong></span> 
     </span>
     <span class='ocr_line' id='line_1_85' title="bbox 2326 2770 4263 2854; baseline -0.001 -19"><span class='ocrx_word' id='word_1_600' title='bbox 2326 2792 2492 2845; x_wconf 88' lang='lat' dir='ltr'><strong>mus,</strong></span> <span class='ocrx_word' id='word_1_601' title='bbox 2539 2771 2743 2837; x_wconf 89' lang='lat' dir='ltr'><strong>donec</strong></span> <span class='ocrx_word' id='word_1_602' title='bbox 2780 2771 2903 2854; x_wconf 90' lang='lat' dir='ltr'><strong>ipsi</strong></span> <span class='ocrx_word' id='word_1_603' title='bbox 2949 2770 3216 2836; x_wconf 89' lang='lat' dir='ltr'><strong>tandem</strong></span> <span class='ocrx_word' id='word_1_604' title='bbox 3242 2772 3536 2837; x_wconf 88' lang='lat' dir='ltr'><strong>divinam</strong></span> <span class='ocrx_word' id='word_1_605' title='bbox 3567 2772 3884 2836; x_wconf 90' lang='lat' dir='ltr'><strong>ultionem</strong></span> <span class='ocrx_word' id='word_1_606' title='bbox 3924 2773 4263 2853; x_wconf 85' lang='lat' dir='ltr'><strong>experian-</strong></span> 
     </span>
     <span class='ocr_line' id='line_1_86' title="bbox 2327 2856 4262 2941; baseline -0.002 -19"><span class='ocrx_word' id='word_1_607' title='bbox 2327 2870 2466 2922; x_wconf 88' lang='lat' dir='ltr'><strong>tur:</strong></span> <span class='ocrx_word' id='word_1_608' title='bbox 2526 2868 2591 2921; x_wconf 85' lang='lat' dir='ltr'><strong>et</strong></span> <span class='ocrx_word' id='word_1_609' title='bbox 2650 2877 2768 2940; x_wconf 91' lang='lat' dir='ltr'><strong>pro</strong></span> <span class='ocrx_word' id='word_1_610' title='bbox 2827 2859 3117 2939; x_wconf 91' lang='lat' dir='ltr'><strong>paternis</strong></span> <span class='ocrx_word' id='word_1_611' title='bbox 3182 2856 3769 2941; x_wconf 88' lang='lat' dir='ltr'><strong>castignationibus</strong></span> <span class='ocrx_word' id='word_1_612' title='bbox 3841 2858 3907 2921; x_wconf 90' lang='lat' dir='ltr'><strong>in</strong></span> <span class='ocrx_word' id='word_1_613' title='bbox 3967 2870 4262 2921; x_wconf 87' lang='lat' dir='ltr'><strong>nostrum</strong></span> 
     </span>
     <span class='ocr_line' id='line_1_87' title="bbox 2324 2941 4262 3020; baseline -0.002 -13"><span class='ocrx_word' id='word_1_614' title='bbox 2324 2943 2734 3008; x_wconf 90' lang='lat' dir='ltr'><strong>commodum</strong></span> <span class='ocrx_word' id='word_1_615' title='bbox 2782 2956 2850 3008; x_wconf 89' lang='lat' dir='ltr'><strong>et</strong></span> <span class='ocrx_word' id='word_1_616' title='bbox 2891 2944 3167 3008; x_wconf 89' lang='lat' dir='ltr'><strong>salutem</strong></span> <span class='ocrx_word' id='word_1_617' title='bbox 3215 2943 3403 3008; x_wconf 90' lang='lat' dir='ltr'><strong>nobis</strong></span> <span class='ocrx_word' id='word_1_618' title='bbox 3457 2942 3789 3020; x_wconf 86' lang='lat' dir='ltr'><strong>immissis,</strong></span> <span class='ocrx_word' id='word_1_619' title='bbox 3850 2941 4121 3007; x_wconf 81' lang='lat' dir='ltr'><strong>lethales</strong></span> <span class='ocrx_word' id='word_1_620' title='bbox 4164 2942 4262 3006; x_wconf 92' lang='lat' dir='ltr'><strong>illi</strong></span> 
     </span>
     <span class='ocr_line' id='line_1_88' title="bbox 2324 3027 4263 3112; baseline -0.001 -20"><span class='ocrx_word' id='word_1_621' title='bbox 2324 3029 2552 3112; x_wconf 81' lang='lat' dir='ltr'><strong>plagas</strong></span> <span class='ocrx_word' id='word_1_622' title='bbox 2595 3038 2663 3094; x_wconf 87' lang='lat' dir='ltr'><strong>et</strong></span> <span class='ocrx_word' id='word_1_623' title='bbox 2703 3029 3097 3095; x_wconf 87' lang='lat' dir='ltr'><strong>incurabiles</strong></span> <span class='ocrx_word' id='word_1_624' title='bbox 3140 3029 3446 3093; x_wconf 84' lang='lat' dir='ltr'><strong>sentiant.</strong></span> <span class='ocrx_word' id='word_1_625' title='bbox 3491 3029 3676 3093; x_wconf 88' lang='lat' dir='ltr'><strong>Haec</strong></span> <span class='ocrx_word' id='word_1_626' title='bbox 3717 3027 3921 3111; x_wconf 91' lang='lat' dir='ltr'><strong>igitur</strong></span> <span class='ocrx_word' id='word_1_627' title='bbox 3967 3027 4263 3092; x_wconf 90' lang='lat' dir='ltr'><strong>doctrina</strong></span> 
     </span>
     <span class='ocr_line' id='line_1_89' title="bbox 2324 3112 4261 3198; baseline -0.002 -19"><span class='ocrx_word' id='word_1_628' title='bbox 2324 3128 2426 3179; x_wconf 91' lang='lat' dir='ltr'><strong>est</strong></span> <span class='ocrx_word' id='word_1_629' title='bbox 2498 3114 2868 3198; x_wconf 89' lang='lat' dir='ltr'><strong>colligenda</strong></span> <span class='ocrx_word' id='word_1_630' title='bbox 2938 3136 3018 3180; x_wconf 85' lang='lat' dir='ltr'><strong>ex</strong></span> <span class='ocrx_word' id='word_1_631' title='bbox 3093 3114 3216 3179; x_wconf 90' lang='lat' dir='ltr'><strong>hac</strong></span> <span class='ocrx_word' id='word_1_632' title='bbox 3270 3114 3566 3197; x_wconf 89' lang='lat' dir='ltr'><strong>historia,</strong></span> <span class='ocrx_word' id='word_1_633' title='bbox 3635 3113 3702 3177; x_wconf 92' lang='lat' dir='ltr'><strong>in</strong></span> <span class='ocrx_word' id='word_1_634' title='bbox 3776 3133 3906 3194; x_wconf 90' lang='lat' dir='ltr'><strong>qua</strong></span> <span class='ocrx_word' id='word_1_635' title='bbox 3966 3112 4261 3177; x_wconf 90' lang='lat' dir='ltr'><strong>videmus</strong></span> 
     </span>
     <span class='ocr_line' id='line_1_90' title="bbox 2322 3198 4259 3283; baseline -0.001 -19"><span class='ocrx_word' id='word_1_636' title='bbox 2322 3199 2657 3265; x_wconf 81' lang='lat' dir='ltr'><strong>Israelitas</strong></span> <span class='ocrx_word' id='word_1_637' title='bbox 2735 3199 2882 3265; x_wconf 92' lang='lat' dir='ltr'><strong>Deo</strong></span> <span class='ocrx_word' id='word_1_638' title='bbox 2972 3201 3388 3283; x_wconf 88' lang='lat' dir='ltr'><strong>permittente</strong></span> <span class='ocrx_word' id='word_1_639' title='bbox 3472 3200 3673 3264; x_wconf 87' lang='lat' dir='ltr'><strong>fuisse</strong></span> <span class='ocrx_word' id='word_1_640' title='bbox 3757 3218 3797 3261; x_wconf 92' lang='lat' dir='ltr'><strong>a</strong></span> <span class='ocrx_word' id='word_1_641' title='bbox 3883 3198 4259 3263; x_wconf 86' lang='lat' dir='ltr'><strong>Philistaeis</strong></span> 
     </span>
     <span class='ocr_line' id='line_1_91' title="bbox 2320 3284 4259 3369; baseline -0.002 -17"><span class='ocrx_word' id='word_1_642' title='bbox 2320 3306 2561 3369; x_wconf 89' lang='lat' dir='ltr'><strong>caesos,</strong></span> <span class='ocrx_word' id='word_1_643' title='bbox 2619 3299 2685 3351; x_wconf 91' lang='lat' dir='ltr'><strong>et</strong></span> <span class='ocrx_word' id='word_1_644' title='bbox 2740 3286 3000 3368; x_wconf 90' lang='lat' dir='ltr'><strong>quidam</strong></span> <span class='ocrx_word' id='word_1_645' title='bbox 3047 3287 3298 3369; x_wconf 85' lang='lat' dir='ltr'><strong>ingenti</strong></span> <span class='ocrx_word' id='word_1_646' title='bbox 3343 3285 3534 3367; x_wconf 80' lang='lat' dir='ltr'><strong>plaga</strong></span> <span class='ocrx_word' id='word_1_647' title='bbox 3578 3284 3868 3359; x_wconf 85' lang='lat' dir='ltr'><strong>afflictos,</strong></span> <span class='ocrx_word' id='word_1_648' title='bbox 3923 3305 4076 3368; x_wconf 88' lang='lat' dir='ltr'><strong>rege</strong></span> <span class='ocrx_word' id='word_1_649' title='bbox 4119 3286 4259 3366; x_wconf 84' lang='lat' dir='ltr'><strong>ipso</strong></span> 
     </span>
     <span class='ocr_line' id='line_1_92' title="bbox 2319 3370 4260 3453; baseline -0.003 -15"><span class='ocrx_word' id='word_1_650' title='bbox 2319 3393 2467 3438; x_wconf 91' lang='lat' dir='ltr'><strong>cum</strong></span> <span class='ocrx_word' id='word_1_651' title='bbox 2565 3373 2719 3436; x_wconf 87' lang='lat' dir='ltr'><strong>filiis</strong></span> <span class='ocrx_word' id='word_1_652' title='bbox 2800 3372 2883 3436; x_wconf 90' lang='lat' dir='ltr'><strong>ab</strong></span> <span class='ocrx_word' id='word_1_653' title='bbox 2971 3372 3267 3437; x_wconf 90' lang='lat' dir='ltr'><strong>hostibus</strong></span> <span class='ocrx_word' id='word_1_654' title='bbox 3362 3370 3704 3436; x_wconf 90' lang='lat' dir='ltr'><strong>trucidatis</strong></span> <span class='ocrx_word' id='word_1_655' title='bbox 3850 3370 4038 3449; x_wconf 85' lang='lat' dir='ltr'><strong>Quae</strong></span> <span class='ocrx_word' id='word_1_656' title='bbox 4124 3370 4260 3453; x_wconf 91' lang='lat' dir='ltr'><strong>qni·</strong></span> 
     </span>
     <span class='ocr_line' id='line_1_93' title="bbox 2316 3456 4254 3541; baseline -0.002 -18"><span class='ocrx_word' id='word_1_657' title='bbox 2316 3458 2463 3523; x_wconf 90' lang='lat' dir='ltr'><strong>dem</strong></span> <span class='ocrx_word' id='word_1_658' title='bbox 2526 3458 2946 3539; x_wconf 82' lang='lat' dir='ltr'><strong>contigerunt</strong></span> <span class='ocrx_word' id='word_1_659' title='bbox 3012 3471 3279 3541; x_wconf 91' lang='lat' dir='ltr'><strong>propter</strong></span> <span class='ocrx_word' id='word_1_660' title='bbox 3341 3456 3565 3524; x_wconf 81' lang='lat' dir='ltr'><strong>Saulis</strong></span> <span class='ocrx_word' id='word_1_661' title='bbox 3630 3459 4031 3539; x_wconf 86' lang='lat' dir='ltr'><strong>pertinacem</strong></span> <span class='ocrx_word' id='word_1_662' title='bbox 4098 3477 4254 3522; x_wconf 90' lang='lat' dir='ltr'><strong>con·</strong></span> 
     </span>
     <span class='ocr_line' id='line_1_94' title="bbox 2317 3541 4257 3624; baseline -0.002 -16"><span class='ocrx_word' id='word_1_663' title='bbox 2317 3547 2701 3608; x_wconf 87' lang='lat' dir='ltr'><strong>tumaciam:</strong></span> <span class='ocrx_word' id='word_1_664' title='bbox 2745 3543 2858 3610; x_wconf 90' lang='lat' dir='ltr'><strong>sed</strong></span> <span class='ocrx_word' id='word_1_665' title='bbox 2895 3546 2991 3609; x_wconf 88' lang='lat' dir='ltr'><strong>ita</strong></span> <span class='ocrx_word' id='word_1_666' title='bbox 3027 3556 3243 3609; x_wconf 88' lang='lat' dir='ltr'><strong>tamen</strong></span> <span class='ocrx_word' id='word_1_667' title='bbox 3286 3559 3360 3608; x_wconf 88' lang='lat' dir='ltr'><strong>ut</strong></span> <span class='ocrx_word' id='word_1_668' title='bbox 3393 3543 3728 3609; x_wconf 83' lang='lat' dir='ltr'><strong>Israelitae</strong></span> <span class='ocrx_word' id='word_1_669' title='bbox 3762 3541 3996 3624; x_wconf 83' lang='lat' dir='ltr'><strong>reliqui</strong></span> <span class='ocrx_word' id='word_1_670' title='bbox 4034 3554 4257 3607; x_wconf 87' lang='lat' dir='ltr'><strong>esseut</strong></span> 
     </span>
     <span class='ocr_line' id='line_1_95' title="bbox 2315 3626 4254 3712; baseline -0.001 -18"><span class='ocrx_word' id='word_1_671' title='bbox 2315 3631 2511 3694; x_wconf 87' lang='lat' dir='ltr'><strong>etiam</strong></span> <span class='ocrx_word' id='word_1_672' title='bbox 2558 3631 2680 3712; x_wconf 91' lang='lat' dir='ltr'><strong>ipsi</strong></span> <span class='ocrx_word' id='word_1_673' title='bbox 2745 3650 2963 3695; x_wconf 87' lang='lat' dir='ltr'><strong>coram</strong></span> <span class='ocrx_word' id='word_1_674' title='bbox 3012 3630 3154 3695; x_wconf 90' lang='lat' dir='ltr'><strong>Deo</strong></span> <span class='ocrx_word' id='word_1_675' title='bbox 3198 3632 3312 3703; x_wconf 82' lang='lat' dir='ltr'><strong>rei,</strong></span> <span class='ocrx_word' id='word_1_676' title='bbox 3365 3628 3536 3711; x_wconf 81' lang='lat' dir='ltr'><strong>quod</strong></span> <span class='ocrx_word' id='word_1_677' title='bbox 3584 3626 3767 3693; x_wconf 86' lang='lat' dir='ltr'><strong>Sauli</strong></span> <span class='ocrx_word' id='word_1_678' title='bbox 3824 3628 4254 3711; x_wconf 86' lang='lat' dir='ltr'><strong>gratificaturi</strong></span> 
     </span>
     <span class='ocr_line' id='line_1_96' title="bbox 2315 3713 4254 3798; baseline -0.002 -18"><span class='ocrx_word' id='word_1_679' title='bbox 2315 3714 2557 3780; x_wconf 86' lang='lat' dir='ltr'><strong>bellum</strong></span> <span class='ocrx_word' id='word_1_680' title='bbox 2641 3715 2960 3781; x_wconf 86' lang='lat' dir='ltr'><strong>adversus</strong></span> <span class='ocrx_word' id='word_1_681' title='bbox 3044 3717 3454 3780; x_wconf 87' lang='lat' dir='ltr'><strong>innocentem</strong></span> <span class='ocrx_word' id='word_1_682' title='bbox 3537 3714 3908 3798; x_wconf 81' lang='lat' dir='ltr'><strong>gessissent.</strong></span> <span class='ocrx_word' id='word_1_683' title='bbox 4033 3713 4254 3779; x_wconf 87' lang='lat' dir='ltr'><strong>David</strong></span> 
     </span>
     <span class='ocr_line' id='line_1_97' title="bbox 2314 3799 4253 3885; baseline -0.001 -21"><span class='ocrx_word' id='word_1_684' title='bbox 2314 3803 2489 3864; x_wconf 89' lang='lat' dir='ltr'><strong>enim</strong></span> <span class='ocrx_word' id='word_1_685' title='bbox 2572 3800 2831 3866; x_wconf 86' lang='lat' dir='ltr'><strong>fidelem</strong></span> <span class='ocrx_word' id='word_1_686' title='bbox 2897 3802 3057 3885; x_wconf 88' lang='lat' dir='ltr'><strong>ipsis</strong></span> <span class='ocrx_word' id='word_1_687' title='bbox 3132 3821 3400 3882; x_wconf 90' lang='lat' dir='ltr'><strong>operam</strong></span> <span class='ocrx_word' id='word_1_688' title='bbox 3470 3813 3847 3873; x_wconf 87' lang='lat' dir='ltr'><strong>navaverat,</strong></span> <span class='ocrx_word' id='word_1_689' title='bbox 3925 3813 3993 3865; x_wconf 92' lang='lat' dir='ltr'><strong>et</strong></span> <span class='ocrx_word' id='word_1_690' title='bbox 4059 3799 4253 3883; x_wconf 92' lang='lat' dir='ltr'><strong>longo</strong></span> 
     </span>
     <span class='ocr_line' id='line_1_98' title="bbox 2315 3884 4252 3970; baseline -0.002 -18"><span class='ocrx_word' id='word_1_691' title='bbox 2315 3900 2608 3969; x_wconf 88' lang='lat' dir='ltr'><strong>tempore</strong></span> <span class='ocrx_word' id='word_1_692' title='bbox 2651 3887 2869 3952; x_wconf 87' lang='lat' dir='ltr'><strong>fuerat</strong></span> <span class='ocrx_word' id='word_1_693' title='bbox 2910 3886 3117 3954; x_wconf 90' lang='lat' dir='ltr'><strong>veluti</strong></span> <span class='ocrx_word' id='word_1_694' title='bbox 3163 3887 3448 3969; x_wconf 87' lang='lat' dir='ltr'><strong>regionis</strong></span> <span class='ocrx_word' id='word_1_695' title='bbox 3491 3885 4091 3970; x_wconf 87' lang='lat' dir='ltr'><strong>propugnaculum:</strong></span> <span class='ocrx_word' id='word_1_696' title='bbox 4138 3884 4252 3950; x_wconf 89' lang='lat' dir='ltr'><strong>sed</strong></span> 
     </span>
     <span class='ocr_line' id='line_1_99' title="bbox 2312 3972 4254 4055; baseline -0.001 -19"><span class='ocrx_word' id='word_1_697' title='bbox 2312 3973 2574 4037; x_wconf 90' lang='lat' dir='ltr'><strong>interim</strong></span> <span class='ocrx_word' id='word_1_698' title='bbox 2612 3993 2763 4037; x_wconf 89' lang='lat' dir='ltr'><strong>eum</strong></span> <span class='ocrx_word' id='word_1_699' title='bbox 2798 3972 3174 4055; x_wconf 90' lang='lat' dir='ltr'><strong>persequuti</strong></span> <span class='ocrx_word' id='word_1_700' title='bbox 3211 3984 3385 4049; x_wconf 87' lang='lat' dir='ltr'><strong>sunt,</strong></span> <span class='ocrx_word' id='word_1_701' title='bbox 3423 3988 3489 4036; x_wconf 91' lang='lat' dir='ltr'><strong>et</strong></span> <span class='ocrx_word' id='word_1_702' title='bbox 3523 3973 3781 4036; x_wconf 89' lang='lat' dir='ltr'><strong>iniustis</strong></span> <span class='ocrx_word' id='word_1_703' title='bbox 3815 3973 3981 4037; x_wconf 89' lang='lat' dir='ltr'><strong>odiis</strong></span> <span class='ocrx_word' id='word_1_704' title='bbox 4006 3973 4254 4035; x_wconf 80' lang='lat' dir='ltr'><strong>afflixe-</strong></span> 
     </span>
     <span class='ocr_line' id='line_1_100' title="bbox 2313 4056 4250 4142; baseline -0.001 -21"><span class='ocrx_word' id='word_1_705' title='bbox 2313 4071 2471 4121; x_wconf 90' lang='lat' dir='ltr'><strong>runt</strong></span> <span class='ocrx_word' id='word_1_706' title='bbox 2514 4058 2583 4122; x_wconf 92' lang='lat' dir='ltr'><strong>in</strong></span> <span class='ocrx_word' id='word_1_707' title='bbox 2629 4059 2803 4142; x_wconf 88' lang='lat' dir='ltr'><strong>regis</strong></span> <span class='ocrx_word' id='word_1_708' title='bbox 2847 4059 3150 4142; x_wconf 88' lang='lat' dir='ltr'><strong>gratiam,</strong></span> <span class='ocrx_word' id='word_1_709' title='bbox 3196 4057 3309 4141; x_wconf 87' lang='lat' dir='ltr'><strong>qui</strong></span> <span class='ocrx_word' id='word_1_710' title='bbox 3344 4056 3669 4122; x_wconf 90' lang='lat' dir='ltr'><strong>Davidem</strong></span> <span class='ocrx_word' id='word_1_711' title='bbox 3716 4057 4060 4141; x_wconf 83' lang='lat' dir='ltr'><strong>tyrannice</strong></span> <span class='ocrx_word' id='word_1_712' title='bbox 4101 4077 4250 4138; x_wconf 89' lang='lat' dir='ltr'><strong>per·</strong></span> 
     </span>
     <span class='ocr_line' id='line_1_101' title="bbox 2311 4143 4247 4227; baseline -0.001 -20"><span class='ocrx_word' id='word_1_713' title='bbox 2311 4143 2721 4225; x_wconf 87' lang='lat' dir='ltr'><strong>sequebatur,</strong></span> <span class='ocrx_word' id='word_1_714' title='bbox 2767 4156 2833 4209; x_wconf 90' lang='lat' dir='ltr'><strong>et</strong></span> <span class='ocrx_word' id='word_1_715' title='bbox 2867 4145 3193 4209; x_wconf 88' lang='lat' dir='ltr'><strong>immerito</strong></span> <span class='ocrx_word' id='word_1_716' title='bbox 3225 4164 3386 4210; x_wconf 90' lang='lat' dir='ltr'><strong>cane</strong></span> <span class='ocrx_word' id='word_1_717' title='bbox 3423 4145 3609 4227; x_wconf 90' lang='lat' dir='ltr'><strong>peius</strong></span> <span class='ocrx_word' id='word_1_718' title='bbox 3653 4152 3719 4207; x_wconf 91' lang='lat' dir='ltr'><strong>et</strong></span> <span class='ocrx_word' id='word_1_719' title='bbox 3752 4164 3967 4225; x_wconf 86' lang='lat' dir='ltr'><strong>angue</strong></span> <span class='ocrx_word' id='word_1_720' title='bbox 4002 4144 4247 4206; x_wconf 88' lang='lat' dir='ltr'><strong>oderat.</strong></span> 
     </span>
     <span class='ocr_line' id='line_1_102' title="bbox 2311 4228 4246 4314; baseline -0.002 -21"><span class='ocrx_word' id='word_1_721' title='bbox 2311 4228 2538 4309; x_wconf 91' lang='lat' dir='ltr'><strong>Quum</strong></span> <span class='ocrx_word' id='word_1_722' title='bbox 2603 4250 2759 4314; x_wconf 87' lang='lat' dir='ltr'><strong>ergo</strong></span> <span class='ocrx_word' id='word_1_723' title='bbox 2817 4232 3125 4295; x_wconf 90' lang='lat' dir='ltr'><strong>miserum</strong></span> <span class='ocrx_word' id='word_1_724' title='bbox 3188 4242 3254 4294; x_wconf 90' lang='lat' dir='ltr'><strong>et</strong></span> <span class='ocrx_word' id='word_1_725' title='bbox 3297 4228 3611 4295; x_wconf 85' lang='lat' dir='ltr'><strong>afflictum</strong></span> <span class='ocrx_word' id='word_1_726' title='bbox 3660 4228 4010 4305; x_wconf 89' lang='lat' dir='ltr'><strong>hominem,</strong></span> <span class='ocrx_word' id='word_1_727' title='bbox 4053 4246 4246 4309; x_wconf 91' lang='lat' dir='ltr'><strong>quem</strong></span> 
     </span>
     <span class='ocr_line' id='line_1_103' title="bbox 2313 4312 4246 4401; baseline -0.001 -23"><span class='ocrx_word' id='word_1_728' title='bbox 2313 4317 2481 4379; x_wconf 86' lang='lat' dir='ltr'><strong>tueri</strong></span> <span class='ocrx_word' id='word_1_729' title='bbox 2527 4325 2595 4379; x_wconf 91' lang='lat' dir='ltr'><strong>et</strong></span> <span class='ocrx_word' id='word_1_730' title='bbox 2637 4328 2974 4401; x_wconf 88' lang='lat' dir='ltr'><strong>protegere</strong></span> <span class='ocrx_word' id='word_1_731' title='bbox 3019 4315 3359 4389; x_wconf 85' lang='lat' dir='ltr'><strong>debebant,</strong></span> <span class='ocrx_word' id='word_1_732' title='bbox 3420 4328 3486 4380; x_wconf 90' lang='lat' dir='ltr'><strong>et</strong></span> <span class='ocrx_word' id='word_1_733' title='bbox 3531 4314 3752 4381; x_wconf 85' lang='lat' dir='ltr'><strong>Saulis</strong></span> <span class='ocrx_word' id='word_1_734' title='bbox 3796 4312 4246 4378; x_wconf 86' lang='lat' dir='ltr'><strong>crudelitatem</strong></span> 
     </span>
     <span class='ocr_line' id='line_1_104' title="bbox 2310 4399 4241 4486; baseline -0.002 -21"><span class='ocrx_word' id='word_1_735' title='bbox 2310 4403 2693 4479; x_wconf 88' lang='lat' dir='ltr'><strong>abominari,</strong></span> <span class='ocrx_word' id='word_1_736' title='bbox 2765 4404 2902 4468; x_wconf 91' lang='lat' dir='ltr'><strong>sint</strong></span> <span class='ocrx_word' id='word_1_737' title='bbox 2957 4404 3354 4486; x_wconf 86' lang='lat' dir='ltr'><strong>persequuti,</strong></span> <span class='ocrx_word' id='word_1_738' title='bbox 3425 4416 3493 4468; x_wconf 90' lang='lat' dir='ltr'><strong>et</strong></span> <span class='ocrx_word' id='word_1_739' title='bbox 3548 4399 3629 4463; x_wconf 91' lang='lat' dir='ltr'><strong>ad</strong></span> <span class='ocrx_word' id='word_1_740' title='bbox 3689 4410 3965 4465; x_wconf 90' lang='lat' dir='ltr'><strong>mortem</strong></span> <span class='ocrx_word' id='word_1_741' title='bbox 4030 4400 4241 4482; x_wconf 89' lang='lat' dir='ltr'><strong>ipsum</strong></span> 
     </span>
     <span class='ocr_line' id='line_1_105' title="bbox 2311 4484 4245 4569; baseline -0.003 -18"><span class='ocrx_word' id='word_1_742' title='bbox 2311 4490 2772 4569; x_wconf 83' lang='lat' dir='ltr'><strong>quaesiverint,</strong></span> <span class='ocrx_word' id='word_1_743' title='bbox 2818 4509 2950 4553; x_wconf 90' lang='lat' dir='ltr'><strong>non</strong></span> <span class='ocrx_word' id='word_1_744' title='bbox 2996 4488 3196 4551; x_wconf 87' lang='lat' dir='ltr'><strong>semel</strong></span> <span class='ocrx_word' id='word_1_745' title='bbox 3241 4500 3435 4569; x_wconf 89' lang='lat' dir='ltr'><strong>atque</strong></span> <span class='ocrx_word' id='word_1_746' title='bbox 3477 4488 3734 4562; x_wconf 92' lang='lat' dir='ltr'><strong>iterum,</strong></span> <span class='ocrx_word' id='word_1_747' title='bbox 3795 4484 3908 4549; x_wconf 89' lang='lat' dir='ltr'><strong>sed</strong></span> <span class='ocrx_word' id='word_1_748' title='bbox 3953 4485 4245 4567; x_wconf 84' lang='lat' dir='ltr'><strong>repetitis</strong></span> 
     </span>
     <span class='ocr_line' id='line_1_106' title="bbox 2310 4571 4236 4655; baseline -0.002 -19"><span class='ocrx_word' id='word_1_749' title='bbox 2310 4573 2584 4649; x_wconf 89' lang='lat' dir='ltr'><strong>vicibus,</strong></span> <span class='ocrx_word' id='word_1_750' title='bbox 2629 4586 2694 4637; x_wconf 86' lang='lat' dir='ltr'><strong>et</strong></span> <span class='ocrx_word' id='word_1_751' title='bbox 2737 4577 3053 4640; x_wconf 88' lang='lat' dir='ltr'><strong>adversus</strong></span> <span class='ocrx_word' id='word_1_752' title='bbox 3095 4573 3310 4655; x_wconf 89' lang='lat' dir='ltr'><strong>ipsum</strong></span> <span class='ocrx_word' id='word_1_753' title='bbox 3355 4576 3523 4638; x_wconf 87' lang='lat' dir='ltr'><strong>acies</strong></span> <span class='ocrx_word' id='word_1_754' title='bbox 3557 4571 4019 4653; x_wconf 84' lang='lat' dir='ltr'><strong>instruxerint,</strong></span> <span class='ocrx_word' id='word_1_755' title='bbox 4059 4591 4236 4634; x_wconf 83' lang='lat' dir='ltr'><strong>suas-</strong></span> 
     </span>
     <span class='ocr_line' id='line_1_107' title="bbox 2309 4655 4242 4743; baseline -0.003 -21"><span class='ocrx_word' id='word_1_756' title='bbox 2309 4679 2433 4740; x_wconf 89' lang='lat' dir='ltr'><strong>que</strong></span> <span class='ocrx_word' id='word_1_757' title='bbox 2469 4659 2745 4743; x_wconf 87' lang='lat' dir='ltr'><strong>sagittas</strong></span> <span class='ocrx_word' id='word_1_758' title='bbox 2765 4658 3025 4725; x_wconf 87' lang='lat' dir='ltr'><strong>iaculati</strong></span> <span class='ocrx_word' id='word_1_759' title='bbox 3054 4661 3210 4739; x_wconf 90' lang='lat' dir='ltr'><strong>sint,</strong></span> <span class='ocrx_word' id='word_1_760' title='bbox 3244 4679 3463 4723; x_wconf 89' lang='lat' dir='ltr'><strong>nonne</strong></span> <span class='ocrx_word' id='word_1_761' title='bbox 3485 4657 3719 4720; x_wconf 90' lang='lat' dir='ltr'><strong>merito</strong></span> <span class='ocrx_word' id='word_1_762' title='bbox 3749 4655 3933 4721; x_wconf 90' lang='lat' dir='ltr'><strong>Dens</strong></span> <span class='ocrx_word' id='word_1_763' title='bbox 3972 4678 4007 4720; x_wconf 90' lang='lat' dir='ltr'><strong>e</strong></span> <span class='ocrx_word' id='word_1_764' title='bbox 4031 4657 4242 4720; x_wconf 81' lang='lat' dir='ltr'><strong>medio</strong></span> 
     </span>
     <span class='ocr_line' id='line_1_108' title="bbox 2307 4741 4242 4827; baseline -0.004 -18"><span class='ocrx_word' id='word_1_765' title='bbox 2307 4745 2590 4821; x_wconf 89' lang='lat' dir='ltr'><strong>sustulit,</strong></span> <span class='ocrx_word' id='word_1_766' title='bbox 2636 4760 2704 4810; x_wconf 90' lang='lat' dir='ltr'><strong>et</strong></span> <span class='ocrx_word' id='word_1_767' title='bbox 2748 4744 3041 4811; x_wconf 84' lang='lat' dir='ltr'><strong>hostibus</strong></span> <span class='ocrx_word' id='word_1_768' title='bbox 3084 4742 3421 4827; x_wconf 84' lang='lat' dir='ltr'><strong>permisit?</strong></span> <span class='ocrx_word' id='word_1_769' title='bbox 3480 4743 3648 4807; x_wconf 88' lang='lat' dir='ltr'><strong>Nam</strong></span> <span class='ocrx_word' id='word_1_770' title='bbox 3707 4745 3761 4808; x_wconf 93' lang='lat' dir='ltr'><strong>si</strong></span> <span class='ocrx_word' id='word_1_771' title='bbox 3809 4741 4025 4806; x_wconf 90' lang='lat' dir='ltr'><strong>David</strong></span> <span class='ocrx_word' id='word_1_772' title='bbox 4073 4762 4242 4805; x_wconf 86' lang='lat' dir='ltr'><strong>unns</strong></span> 
     </span>
     <span class='ocr_line' id='line_1_109' title="bbox 2308 4828 4240 4912; baseline -0.004 -17"><span class='ocrx_word' id='word_1_773' title='bbox 2308 4851 2344 4894; x_wconf 86' lang='lat' dir='ltr'><strong>e</strong></span> <span class='ocrx_word' id='word_1_774' title='bbox 2385 4831 2576 4912; x_wconf 91' lang='lat' dir='ltr'><strong>plebe</strong></span> <span class='ocrx_word' id='word_1_775' title='bbox 2621 4840 2877 4895; x_wconf 87' lang='lat' dir='ltr'><strong>tantum</strong></span> <span class='ocrx_word' id='word_1_776' title='bbox 2926 4831 3175 4905; x_wconf 84' lang='lat' dir='ltr'><strong>fuisset,</strong></span> <span class='ocrx_word' id='word_1_777' title='bbox 3241 4838 3309 4894; x_wconf 87' lang='lat' dir='ltr'><strong>et</strong></span> <span class='ocrx_word' id='word_1_778' title='bbox 3351 4849 3559 4910; x_wconf 86' lang='lat' dir='ltr'><strong>neque</strong></span> <span class='ocrx_word' id='word_1_779' title='bbox 3604 4828 3775 4893; x_wconf 91' lang='lat' dir='ltr'><strong>malo</strong></span> <span class='ocrx_word' id='word_1_780' title='bbox 3821 4848 4027 4910; x_wconf 81' lang='lat' dir='ltr'><strong>neque</strong></span> <span class='ocrx_word' id='word_1_781' title='bbox 4074 4829 4240 4893; x_wconf 80' lang='lat' dir='ltr'><strong>bono</strong></span> 
     </span>
     <span class='ocr_line' id='line_1_110' title="bbox 2307 4912 4239 5002; baseline -0.003 -22"><span class='ocrx_word' id='word_1_782' title='bbox 2307 4917 2405 4980; x_wconf 85' lang='lat' dir='ltr'><strong>vel</strong></span> <span class='ocrx_word' id='word_1_783' title='bbox 2483 4916 2724 5002; x_wconf 70' lang='lat' dir='ltr'><strong>ipsos*)</strong></span> <span class='ocrx_word' id='word_1_784' title='bbox 2794 4917 3135 4994; x_wconf 83' lang='lat' dir='ltr'><strong>affecisset,</strong></span> <span class='ocrx_word' id='word_1_785' title='bbox 3212 4912 3638 4979; x_wconf 89' lang='lat' dir='ltr'><strong>intolerabilis</strong></span> <span class='ocrx_word' id='word_1_786' title='bbox 3717 4928 3940 4977; x_wconf 89' lang='lat' dir='ltr'><strong>tamen</strong></span> <span class='ocrx_word' id='word_1_787' title='bbox 4023 4912 4239 4979; x_wconf 72' lang='lat' dir='ltr'><strong>Saulis</strong></span> 
     </span>
     <span class='ocr_line' id='line_1_111' title="bbox 2301 4998 4240 5083; baseline -0.001 -18"><span class='ocrx_word' id='word_1_788' title='bbox 2301 5002 2553 5066; x_wconf 89' lang='lat' dir='ltr'><strong>malitia</strong></span> <span class='ocrx_word' id='word_1_789' title='bbox 2594 5004 2841 5068; x_wconf 85' lang='lat' dir='ltr'><strong>fuisset.</strong></span> <span class='ocrx_word' id='word_1_790' title='bbox 2887 5002 3249 5067; x_wconf 82' lang='lat' dir='ltr'><strong>Enimvero</strong></span> <span class='ocrx_word' id='word_1_791' title='bbox 3284 5020 3481 5083; x_wconf 89' lang='lat' dir='ltr'><strong>quum</strong></span> <span class='ocrx_word' id='word_1_792' title='bbox 3517 4999 3847 5063; x_wconf 88' lang='lat' dir='ltr'><strong>Davidem</strong></span> <span class='ocrx_word' id='word_1_793' title='bbox 3883 5000 4023 5081; x_wconf 91' lang='lat' dir='ltr'><strong>ipse</strong></span> <span class='ocrx_word' id='word_1_794' title='bbox 4058 4998 4240 5064; x_wconf 79' lang='lat' dir='ltr'><strong>Deus</strong></span> 
     </span>
     <span class='ocr_line' id='line_1_112' title="bbox 2302 5086 4240 5171; baseline -0.002 -19"><span class='ocrx_word' id='word_1_795' title='bbox 2302 5108 2521 5171; x_wconf 91' lang='lat' dir='ltr'><strong>regem</strong></span> <span class='ocrx_word' id='word_1_796' title='bbox 2581 5087 3004 5169; x_wconf 88' lang='lat' dir='ltr'><strong>designasset,</strong></span> <span class='ocrx_word' id='word_1_797' title='bbox 3063 5098 3132 5150; x_wconf 90' lang='lat' dir='ltr'><strong>et</strong></span> <span class='ocrx_word' id='word_1_798' title='bbox 3187 5089 3307 5151; x_wconf 89' lang='lat' dir='ltr'><strong>hoc</strong></span> <span class='ocrx_word' id='word_1_799' title='bbox 3367 5086 3669 5150; x_wconf 88' lang='lat' dir='ltr'><strong>omnibus</strong></span> <span class='ocrx_word' id='word_1_800' title='bbox 3715 5086 4126 5153; x_wconf 85' lang='lat' dir='ltr'><strong>innotuisset.</strong></span> <span class='ocrx_word' id='word_1_801' title='bbox 4173 5101 4240 5150; x_wconf 91' lang='lat' dir='ltr'><strong>et</strong></span> 
     </span>
    </p>
   </div>
   <div class='ocr_carea' id='block_1_7' title="bbox 2296 5208 2708 5222">
    <p class='ocr_par' dir='ltr' id='par_1_7' title="bbox 2296 5208 2708 5222">
     <span class='ocr_line' id='line_1_113' title="bbox 2296 5208 2708 5222; baseline 0 0"><span class='ocrx_word' id='word_1_802' title='bbox 2296 5208 2708 5222; x_wconf 95' lang='lat' dir='ltr'><strong> </strong></span> 
     </span>
    </p>
   </div>
   <div class='ocr_carea' id='block_1_8' title="bbox 2471 5271 3863 5345">
    <p class='ocr_par' dir='ltr' id='par_1_8' title="bbox 2471 5271 3863 5345">
     <span class='ocr_line' id='line_1_114' title="bbox 2471 5271 3863 5345; baseline -0.003 -15"><span class='ocrx_word' id='word_1_803' title='bbox 2471 5273 2530 5345; x_wconf 72' lang='grc'><strong>1’)</strong></span> <span class='ocrx_word' id='word_1_804' title='bbox 2569 5274 2831 5332; x_wconf 68' lang='lat' dir='ltr'><strong>Fortasse</strong></span> <span class='ocrx_word' id='word_1_805' title='bbox 2861 5274 3170 5345; x_wconf 59' lang='lat' dir='ltr'><strong>hyesdem:</strong></span> <span class='ocrx_word' id='word_1_806' title='bbox 3202 5272 3290 5328; x_wconf 83' lang='lat' dir='ltr'><strong>vel</strong></span> <span class='ocrx_word' id='word_1_807' title='bbox 3324 5271 3541 5329; x_wconf 78' lang='lat' dir='ltr'><strong>Saulem</strong></span> <span class='ocrx_word' id='word_1_808' title='bbox 3575 5273 3664 5326; x_wconf 84' lang='lat' dir='ltr'><strong>vel</strong></span> <span class='ocrx_word' id='word_1_809' title='bbox 3697 5274 3863 5340; x_wconf 76' lang='lat' dir='ltr'><strong>ipsos.</strong></span> 
     </span>
    </p>
   </div>
  </div>
 </body>
</html>
