5059 6059
284 292 393 359 66⁷

277 484 429 566 ipsos
479 476 945 560 expositurum,
999 487 1074 542 ut
1127 475 1268 545 suis
1322 475 1511 543 bouis
1547 483 1616 542 et
1655 476 1998 561 pecoribus
2039 496 2185 559 spo-

277 568 509 634 lientur.
615 561 796 630 Sane
860 562 1212 630 barbarum
1278 561 1618 630 videretur
1681 562 1988 641 edictum,
2054 562 2187 630 nisi

274 651 661 718 attendamus
696 649 847 718 belli
882 658 1175 732 tempore
1209 656 1279 716 et
1308 648 1382 714 in
1415 668 1674 715 summo
1707 670 1929 715 rerum
1965 647 2189 715 discri-

273 739 448 817 mine,
522 755 650 801 non
719 756 868 801 eum
934 737 1046 820 qui
1108 735 1306 804 rebus
1372 734 1742 819 tranquillis
1806 746 1872 801 et
1937 737 2187 819 pacatis

270 820 540 890 adhiberi
597 841 786 903 posse
850 820 1136 901 modum,
1201 821 1318 888 sed
1380 820 1491 887 vel
1554 823 1802 888 invitos
1866 819 2065 888 duces
2120 830 2187 886 et

268 914 665 992 imperatores
739 906 824 973 ad
888 909 1304 975 severitatem
1369 906 1536 991 cogi.
1636 907 1830 984 Nam.
1899 908 2186 992 exempli

264 995 473 1082 gratia,
526 994 852 1078 flagrante
912 994 1099 1074 bello,
1153 993 1210 1059 si
1266 994 1377 1076 qui
1431 994 1501 1059 in
1557 994 1825 1078 specula
1882 1004 1986 1061 est
2048 1014 2183 1059 non

265 1080 520 1147 excubet
571 1099 776 1164 quum
837 1100 954 1163 per
996 1100 1147 1147 eum
1193 1101 1325 1146 non
1371 1087 1498 1145 stet
1540 1080 1889 1163 quominus
1933 1080 2004 1145 in
2050 1079 2180 1146 dis·-

263 1169 488 1234 crimen
530 1166 809 1237 veniant
849 1166 1041 1247 cives,
1097 1165 1334 1233 merito
1377 1165 1593 1247 capite
1632 1166 2006 1245 mulctatur,
2065 1166 2181 1248 qui

261 1255 407 1319 alias
464 1250 677 1318 multa
740 1251 1115 1335 pecuniaria
1180 1251 1402 1335 puniri
1467 1261 1739 1335 poterat,
1806 1261 1921 1317 aut
1990 1254 2180 1318 cuius

259 1339 432 1422 culpa
490 1345 751 1421 poterat
804 1337 1000 1403 etiam
1059 1336 1480 1420 dissimulari,
1538 1337 1710 1421 quod
1756 1346 1889 1403 tem
1937 1338 2070 1404 oris
2112 1346 2181 1403 et

258 1424 396 1490 belli
451 1423 619 1489 ratio
676 1422 746 1489 id
802 1423 1121 1506 postulet3
1179 1423 1276 1489 ita
1329 1424 1603 1490 minime
1659 1423 1876 1491 miran
1925 1444 2035 1489 um
2080 1432 2180 1491 est

258 1509 508 1577 Saulem
575 1518 715 1575 tam
780 1529 1009 1575 severe
1070 1529 1220 1575 cum
1286 1508 1419 1576 illis
1476 1510 1708 1594 egisse.
1795 1510 1943 1577 Nisi
1999 1509 2177 1577 enim

251 1593 604 1663 istiusmodi
646 1595 1265 1661 comminationibus
1309 1602 1484 1661 esset
1527 1617 1704 1677 usus,
1750 1605 1819 1661 et
1862 1605 2177 1663 terrorem

254 1681 515 1764 singulis
571 1681 925 1756 intulisset.
994 1702 1112 1748 rex
1181 1680 1449 1766 agnitus
1514 1702 1555 1747 a
1619 1683 1906 1749 maxima
1970 1683 2177 1765 plebis

251 1780 423 1850 parte
496 1788 639 1832 non
711 1767 961 1845 fuisset,
1046 1787 1122 1834 ao
1186 1766 1457 1850 proinde
1521 1768 1885 1850 periculum
1951 1769 2177 1854 fugere

249 1853 504 1936 quisque
559 1852 938 1921 studuisset.
1027 1853 1200 1918 Nam
1247 1852 1469 1920 hostes
1511 1854 1634 1936 ipsi
1678 1862 1868 1920 eraut
1909 1874 2177 1955 aggres-

246 1957 449 2005 sores:
508 1958 587 2004 ac
642 1938 918 2022 proinde
963 1946 1031 2004 et
1075 1939 1328 2006 viribus
1370 1947 1719 2022 praestare.
1783 1950 1849 2005 et
1891 1942 2175 2007 militum

245 2045 504 2091 numero
562 2046 879 2108 superare
934 2023 1145 2091 videri
1205 2034 1528 2108 poterant.
1617 2024 1877 2092 Deinde
1936 2028 2177 2093 scimus

247 2130 429 2192 quam
485 2109 579 2176 sit
634 2112 906 2194 quisque
972 2109 1299 2178 studiosus
1362 2111 1478 2177 otii
1551 2119 1619 2179 et
1682 2113 2178 2195 tranquillitatis

243 2196 407 2261 domi
465 2195 890 2262 retinendae:
949 2206 1018 2261 et
1073 2199 1463 2280 praesertim
1528 2198 1585 2262 si
1629 2198 1768 2264 suis
1811 2200 2179 2283 sumptibus

241 2282 652 2348 militandum
696 2296 813 2362 est,
871 2296 940 2348 et
981 2283 1123 2348 vita
1164 2283 1474 2367 periculis
1513 2283 1920 2368 exponenda,
1967 2286 2175 2351 nemi·

236 2389 377 2435 nem
439 2389 592 2435 esse
648 2370 756 2451 qui
800 2391 936 2434 non
979 2368 1261 2435 libenter
1304 2370 1474 2436 hanc
1517 2370 1958 2437 conditionem
2000 2373 2172 2438 refu-

237 2458 379 2534 giat.
469 2454 702 2535 Quare
760 2454 999 2520 merito
1060 2452 1331 2522 Saulem
1391 2457 1688 2522 excusari
1731 2479 1812 2522 ex
1859 2458 2172 2541 temporis

232 2551 291 2604 et
339 2560 567 2606 rerum
616 2541 1110 2607 circumstantia
1155 2541 1470 2619 videmus,
1529 2541 1700 2623 quod
1745 2554 1881 2609 tam
1924 2545 2172 2610 severis

232 2627 419 2693 minis
478 2628 734 2692 armari
793 2626 1092 2710 singulos
1134 2625 1219 2691 ad
1261 2626 1564 2693 ferendas
1608 2628 1888 2695 obsessis
1932 2628 2169 2694 Iaben-

227 2712 396 2779 sibus
440 2712 785 2797 suppetias
828 2710 1124 2778 edixerit.
1182 2712 1319 2779 Nos
1363 2734 1518 2779 vero
1562 2713 1784 2779 Deum
1827 2734 2171 2798 precemur

224 2808 292 2862 ut
346 2820 581 2882 pacem
647 2809 713 2863 et
756 2799 1267 2881 tanquillitatem
1318 2812 1610 2865 nostram
1654 2801 1888 2881 foveat,
1957 2821 2042 2867 ne
2084 2800 2167 2865 ad

226 2894 348 2949 tam
415 2885 725 2950 violenta
796 2885 1085 2950 remedia
1148 2885 1501 2970 confugere
1564 2906 1891 2969 cogamur.
1980 2886 2166 2953 Idem

221 2970 388 3035 enim
455 2970 571 3037 hic
635 2970 912 3054 contigit
975 2971 1148 3054 quod
1215 2970 1286 3036 in
1351 2970 1595 3037 morbis
1660 2971 2035 3053 lethalibus,
2095 2973 2165 3038 in

221 3057 447 3136 quibus
493 3056 620 3121 ubi
666 3056 1012 3140 desperata
1056 3056 1319 3123 videtur
1363 3056 1561 3137 salus,
1607 3058 1920 3140 quidlibet
1965 3067 2168 3123 tenta-

220 3150 318 3206 tur
379 3143 631 3226 quovis
697 3143 1003 3225 periculo,
1079 3141 1249 3226 quod
1317 3143 1603 3226 alioquin
1668 3144 1739 3209 in
1806 3144 2166 3209 minoribus

217 3226 455 3294 morbis
528 3229 752 3294 locum
811 3249 942 3295 non
990 3228 1279 3294 haberet.
1369 3228 1592 3310 Quare
1635 3250 1835 3313 quum
1884 3230 2053 3295 bella
2099 3241 2169 3294 et

219 3311 420 3381 bellici
467 3313 808 3380 tumultus
847 3318 979 3380 sint
1024 3313 1224 3380 veluti
1284 3316 1528 3395 morbi,
1582 3336 1622 3379 a
1666 3315 1900 3398 quibus
1944 3317 2012 3380 in
2058 3315 2167 3381 de·

211 3390 666 3481 'sperationem
712 3399 1111 3479 adducimur,
1154 3410 1222 3465 et
1262 3400 1334 3465 in
1381 3401 1617 3484 quibus
1651 3422 1727 3466 ea
1774 3410 1935 3466 sunt
1977 3401 2164 3466 adhi-

214 3485 420 3553 benda
477 3485 784 3552 remedia
828 3507 991 3568 quae
1035 3487 1249 3569 potius
1286 3486 1567 3551 debeant
1608 3486 1969 3568 displicere.
2036 3488 2166 3553 siu-

210 3572 432 3654 gulare
479 3572 626 3638 Dei
685 3572 1074 3638 beneficium
1134 3592 1586 3656 agnoscamus,
1639 3594 1840 3655 quum
1888 3574 2162 3640 mitiori-

211 3657 321 3722 bus
365 3658 646 3743 legibus
689 3657 909 3722 utendi
959 3668 1346 3739 potestatem
1395 3659 1578 3725 facit:
1623 3679 1700 3724 ac
1743 3659 1972 3724 sedulo
2018 3681 2160 3742 pre·

207 3763 426 3811 cemur
492 3756 578 3809 nt
628 3765 747 3827 pro
791 3764 913 3809 sua
956 3745 1239 3810 bonitate
1287 3765 1619 3826 nunqnam
1664 3747 2001 3828 permittat
2045 3768 2163 3813 nos

204 3828 267 3893 in
313 3840 582 3896 tantam
633 3850 854 3894 rerum
901 3831 1448 3912 perturbationem
1494 3828 1746 3896 cadere.
1813 3831 2160 3897 Caeterum

201 3926 264 3977 et
305 3916 434 3983 hoc
482 3916 854 3981 notandum
901 3937 1094 4007 saepe
1140 3916 1479 3981 hominum
1529 3917 1838 3982 malitiam
1885 3928 1952 3982 et
1996 3926 2158 3982 tem-

202 4020 435 4081 porum
499 4003 1036 4068 circumstantias
1095 4002 1173 4067 ad
1233 4003 1644 4067 severitatem
1709 4012 1776 4068 et
1842 4015 2156 4068 terrorem

197 4088 645 4171 magistratus
703 4087 1060 4170 impellere.
1146 4088 1315 4153 Nam
1383 4090 1824 4155 crescentibus
1883 4089 2155 4164 delictis,

201 4173 406 4238 veluti
467 4174 590 4240 hic
644 4173 1123 4256 pullulantibus
1165 4174 1374 4251 furtis,
1429 4174 1562 4239 illic
1607 4174 1960 4249 adulteriis,
2003 4175 2156 4240 alibi

196 4259 414 4327 usuris
479 4270 560 4327 et
619 4260 888 4342 rapinis,
947 4269 1022 4325 ut
1063 4259 1244 4325 nulla
1289 4260 1359 4325 vi
1404 4260 1686 4341 amplius
1729 4262 2153 4339 retineantur,

196 4362 497 4412 &escere
590 4346 789 4411 etiam
871 4367 1112 4428 poenas
1189 4354 1258 4409 et
1321 4346 1642 4429 supplicia
1708 4368 1969 4412 necesse
2037 4360 2154 4413 est.

189 4427 511 4516 Denique
580 4452 785 4514 quum
848 4432 1007 4499 haec
1052 4432 1274 4497 Saulis
1329 4430 1668 4497 iracundia
1711 4433 1979 4515 speciali
2022 4433 2152 4516 spi-

189 4519 357 4584 ritus
401 4519 642 4584 sancti
688 4519 890 4583 motui
935 4517 1361 4597 attribuatur,
1427 4528 1494 4583 et
1535 4518 1776 4583 factum
1821 4518 1980 4583 illud
2026 4540 2156 4601 quo

187 4600 442 4671 divisos
513 4606 721 4670 boves
780 4606 849 4668 in
895 4605 1233 4670 universos
1280 4603 1545 4670 Israelis
1592 4605 1908 4670 terminos
1954 4605 2153 4687 misit,

185 4688 432 4757 additis
499 4702 767 4757 terrore
826 4690 1037 4773 plenis
1096 4692 1290 4756 minis
1352 4693 1415 4755 ni
1475 4689 1558 4755 ad
1617 4690 1824 4774 ipsius
1868 4689 2151 4757 edictum

186 4788 652 4851 armarentur,
699 4797 829 4841 non
877 4794 977 4842 est
1018 4777 1192 4859 quod
1227 4776 1509 4859 amplius
1551 4797 1915 4858 carpamus.
1963 4777 2152 4853 Nam,

182 4875 257 4926 ιιι
313 4864 487 4942 dixi,
558 4864 726 4928 satis
781 4862 1143 4927 manifestis
1201 4863 1564 4927 rationibus
1621 4875 1889 4944 apparet
1935 4860 2153 4929 Saulis

178 4949 432 5013 factum
507 4949 592 5014 in
660 4970 730 5014 se
793 4949 995 5014 fuisse
1055 4946 1394 5029 laudabile,
1459 4948 1630 5031 quod
1692 4970 1822 5012 non
1879 4950 2152 5031 ignarus

174 5037 441 5119 accepti
489 5057 536 5100 a
592 5034 736 5099 Deo
779 5036 1089 5109 muneris,
1148 5036 1563 5100 autoritatem
1611 5035 1856 5116 regiam
1902 5033 1968 5099 in
2015 5034 2150 5098 edi-

177 5120 391 5186 cendo
467 5121 837 5204 usurparit.
943 5121 1292 5200 Prospexit
1357 5121 1531 5185 enim
1603 5116 1955 5201 prudenter
2020 5141 2150 5184 non

174 5219 495 5274 assuetos
547 5206 871 5272 hactenus
915 5206 1285 5271 istiusmodi
1329 5207 1621 5289 imperiis
1662 5206 1845 5270 iussa
1900 5206 2152 5290 neglec-

322 5310 577 5368 Galm'ni
616 5325 801 5380 opera.
885 5308 996 5364 Vol.
1030 5306 1261 5363 XXIX.

1592 287 1693 354 IN
1737 287 1794 352 1.
1839 283 2021 353 LIB.
2066 287 2469 355 SAMUEL.
2514 288 2712 358 CAP.
2756 289 2882 356 XI.

4113 289 4244 358 658

2288 484 2490 556 turos,
2548 478 2674 546 nisi
2731 478 2931 545 minis
2973 486 3397 556 terrerentur,
3456 487 3527 546 et
3578 477 3662 545 ad
3705 478 3995 546 officium
4040 501 4239 548 voca·

2289 572 2540 631 rentur.
2631 563 2857 646 Quare
2914 585 3117 648 quum
3176 565 3498 648 optimum
3557 566 3758 632 finem
3804 566 4090 631 habeant
4130 587 4237 635 se-

2287 669 2445 750 vera
2500 648 2618 716 illa
2675 653 2857 717 iussa
2900 648 3144 731 Saulis,
3203 672 3315 718 ore
3368 649 3590 719 clauso
3634 651 3764 716 Dei
3821 673 3986 735 opus
4026 653 4237 737 suspi-

2287 756 2559 802 ciamus.

2456 819 2790 904 Deinceps
2832 823 3155 905 sequitur,
3212 823 3286 888 in
3327 824 3696 890 universum
3726 822 4036 907 populum
4073 825 4231 891 ceci-

2284 907 2457 973 disse
2519 908 2802 974 timorem
2857 907 3143 975 Domini.
3252 907 3480 992 Digna
3542 929 3701 977 sane
3778 909 4234 976 observatione

2286 993 2633 1072 sententia,
2689 1014 2818 1078 qua
2860 993 3273 1078 significatur
3314 993 3537 1062 Deum
3581 994 3999 1063 autoritatem
4042 994 4234 1062 Sauli

2283 1078 2695 1145 conciliasse:
2749 1078 2914 1146 adeo
2972 1089 3047 1145 ut
3098 1078 3183 1146 ad
3237 1081 3520 1165 primam
3563 1082 3790 1147 rustici
3834 1079 4118 1148 hominis
4163 1090 4232 1147 et

2282 1163 2546 1232 bubulci
2572 1241 2577 1244 ,
2605 1186 2835 1233 vocem
2888 1165 3235 1233 universus
3292 1167 3575 1250 populus
3632 1167 3718 1231 sit
3776 1176 4234 1251 congregatus,

2283 1251 2427 1317 Deo
2480 1251 2780 1331 faciente,
2840 1272 3048 1335 usque
3106 1250 3189 1317 ad
3250 1250 3593 1319 hominum
3649 1261 3942 1318 trecenta
3997 1252 4229 1321 millia.

2282 1334 2417 1404 Sed
2473 1337 2927 1421 expendamus
2983 1336 3186 1404 verba
3241 1336 3392 1405 illa:
3462 1338 3824 1421 Quicunque
3869 1342 4016 1420 post
4059 1337 4229 1406 Sau-

2279 1422 2401 1488 lem
2457 1428 2516 1488 et
2574 1422 2927 1490 Samuelem
2977 1443 3107 1490 non
3163 1424 3410 1490 venerit.
3502 1421 3625 1492 Sui
3683 1444 3886 1507 quum
3946 1422 4225 1491 mentio·

2281 1530 2436 1574 nem
2478 1510 2651 1588 facit,
2711 1509 2985 1575 minime
3042 1509 3312 1576 dubium
3381 1516 3484 1576 est
3524 1512 3684 1593 quin
3727 1531 3798 1575 se
3839 1509 3908 1575 in
3955 1529 4035 1576 ea
4074 1529 4226 1575 con-

2281 1594 2526 1662 ditione
2584 1616 2660 1662 ac
2713 1594 3050 1680 dignitate,
3109 1604 3272 1678 puta
3328 1595 3511 1680 regia
3566 1595 3649 1661 ad
3710 1616 3907 1679 quam
3950 1605 4225 1665 vocatus

2280 1701 2322 1746 a
2377 1679 2521 1747 Deo
2588 1681 2817 1762 fuerat,
2883 1680 3191 1747 honorari
3258 1680 3558 1747 voluerit.
3646 1681 3817 1746 Nam
3881 1682 4004 1748 etsi
4070 1701 4223 1750 suos

2279 1786 2511 1851 greges
2569 1777 2794 1852 ageret
2852 1778 2918 1832 et
2976 1770 3045 1832 in
3107 1769 3284 1833 vitae
3328 1767 3546 1849 priore
3590 1767 3897 1832 instituto
3940 1767 4219 1851 viveret,

2277 1863 2502 1918 tamen
2539 1853 2784 1920 electus
2818 1860 2963 1918 erat
2996 1862 3063 1917 et
3098 1853 3404 1918 unctione
3441 1851 3819 1937 designatus
3851 1873 3971 1919 rex
4006 1853 4223 1921 Israe-

2277 1938 2574 2005 litarum:
2621 1938 2795 2023 quod
2839 1938 3173 2004 decretum
3218 1938 3404 2005 Deus
3446 1938 3813 2023 evulgarat,
3858 1949 3923 2005 et
3964 1961 4006 2005 a
4048 1941 4220 2007 mul·

2277 2025 2364 2090 tis
2407 2035 2627 2091 ratum
2672 2024 2900 2091 haberi
2945 2024 3261 2091 voluerat.
3337 2024 3489 2091 Etsi
3534 2045 3691 2093 vero
3735 2025 4024 2092 maxima
4066 2047 4222 2109 pars

2277 2132 2429 2177 eum
2486 2112 2896 2194 contempsit,
2954 2122 3180 2176 tamen
3223 2109 3515 2176 Domino
3575 2111 3719 2177 Deo
3763 2131 3882 2177 suo
3925 2110 4217 2180 debitum

2278 2197 2596 2264 honorem
2662 2197 2910 2275 tribuit,
2977 2216 3180 2280 quum
3252 2196 3607 2263 autoritate
3668 2215 3862 2279 quam
3928 2196 4010 2263 ab
4073 2197 4217 2281 ipso

2277 2293 2617 2366 acceperat
2694 2281 2779 2347 ad
2842 2282 3209 2367 cogendum
3275 2282 3589 2366 populum
3654 2282 3883 2348 utitur.
3994 2282 4218 2365 Quare

2278 2369 2475 2435 huius
2518 2368 2818 2451 exemplo
2863 2367 3164 2436 discunto
3205 2370 3319 2451 qui
3363 2367 3595 2435 sedent
3628 2367 3710 2434 ad
3747 2389 3969 2433 rernm
4004 2369 4220 2453 publi-

2274 2475 2501 2523 carum
2559 2454 3020 2538 gubernacula,
3079 2462 3149 2521 et
3204 2454 3333 2520 iuri
3389 2454 3876 2539 praeficiuntur,
3931 2454 4219 2522 officium

2276 2563 2467 2607 suum
2530 2539 2840 2607 audacter
2894 2549 2964 2607 et
3030 2560 3113 2605 ex
3180 2540 3399 2607 animo
3466 2542 3699 2607 facere.
3786 2540 3958 2606 Nam
4024 2562 4218 2625 saepe

2274 2626 2511 2694 accidit
2569 2633 2646 2690 nt
2696 2627 2768 2690 in
2822 2634 3268 2709 contemptum
3326 2626 3619 2701 veniant,
3675 2632 3742 2692 et
3795 2626 4027 2711 iugum
4068 2627 4217 2693 illo·

2276 2735 2423 2779 rum
2481 2722 2792 2778 excutere
2848 2712 3071 2797 populi
3131 2713 3463 2779 nitantur:
3519 2712 3634 2779 sed
3671 2712 3726 2778 si
3769 2733 3839 2779 se
3885 2734 4015 2778 non
4060 2733 4217 2781 casu

2273 2810 2389 2865 aut
2429 2799 2700 2865 fortuna
2743 2797 2825 2864 ad
2870 2798 3050 2865 huno
3084 2797 3359 2882 gradum
3405 2797 3731 2864 honorum
3774 2807 4054 2878 evectos,
4099 2799 4218 2867 sed

2274 2887 2419 2952 Deo
2504 2886 2759 2950 volente
2838 2895 2906 2950 et
2968 2884 3249 2951 faciente
3312 2885 3759 2967 cognoverint,
3841 2904 4082 2969 magno
4146 2894 4215 2954 et

2269 2971 2599 3054 praesenti
2645 2970 2866 3037 animo
2910 2969 3195 3037 officium
3234 2969 3318 3036 ad
3354 2968 3526 3052 quod
3562 2971 3774 3037 vocati
3809 2981 3968 3035 sunt
4002 2971 4214 3039 facere

2270 3058 2420 3123 illos
2479 3057 2680 3122 decet.
2773 3058 2866 3122 At
2923 3055 3071 3139 quis
3128 3056 3389 3137 ignorat
3446 3055 3622 3120 hunc
3680 3054 3975 3121 ordinem
4020 3057 4213 3122 coeli·

2271 3151 2381 3208 tus
2438 3141 2858 3209 ordinatum?
2949 3141 3201 3208 Verum
3271 3141 3536 3225 quidem
3601 3161 3758 3206 sane
3821 3148 3924 3207 est
3988 3143 4211 3209 omnia

2270 3227 2431 3295 haec
2486 3229 2799 3295 inferiora
2852 3227 2981 3293 Dei
3040 3226 3454 3310 providentia
3512 3226 3651 3311 regi
3709 3234 3777 3291 et
3834 3226 4208 3311 gubernari,

2271 3327 2723 3380 verumtamen
2784 3314 2952 3380 hanc
3006 3313 3357 3397 specialem
3422 3313 3614 3379 istius
3669 3311 3918 3379 ordinis
3982 3334 4206 3381 curam

2266 3401 2390 3466 sibi
2436 3398 2743 3467 vendicat
2756 3422 2773 3480 3
2832 3400 3198 3466 cuiusmodi
3242 3408 3411 3480 sunt,
3469 3399 3749 3482 exempli
3793 3399 4027 3483 gratia,
4070 3421 4206 3466 om-

2266 3488 2377 3553 nia
2418 3507 2646 3571 regna,
2706 3487 3128 3569 principatus,
3187 3495 3398 3553 status
3434 3485 3707 3570 quilibet
3749 3498 3814 3551 et
3856 3487 4207 3570 magistra-

2265 3584 2390 3649 tus,
2439 3583 2510 3637 et
2550 3573 2839 3639 iustitiae
2879 3572 3288 3638 administri:
3335 3581 3492 3637 sunt
3515 3572 3642 3637 Dei
3684 3591 3901 3654 opera,
3944 3573 4015 3637 in
4058 3574 4206 3656 qui-

2265 3660 2386 3725 bus
2441 3660 2646 3741 ipsius
2704 3659 3139 3740 praesentiam
3194 3667 3261 3723 et
3317 3657 3595 3741 gloriam
3652 3677 3997 3741 possumus
4048 3680 4209 3726 con·

2265 3745 2585 3828 templari.
2672 3744 2861 3825 Quae
2918 3764 3119 3828 quum
3180 3744 3272 3809 ita
3314 3744 3469 3823 sint,
3529 3763 3756 3809 omnes
3808 3764 3921 3810 eos
3964 3745 4077 3828 qui
4120 3746 4207 3814 ad

2265 3834 2768 3915 magistratuum
2848 3850 3255 3896 summorum
3313 3828 3700 3914 dignitatem
3770 3831 3983 3896 vocati
4046 3842 4206 3899 sunt

2261 3925 2517 4000 oportet
2574 3916 2745 3982 hanc
2803 3925 3087 3981 mentem
3144 3913 3468 3995 inducere,
3533 3924 3611 3979 ιιι
3665 3924 3964 3983 statuant
4002 3939 4074 3984 se
4118 3918 4205 3985 ad

2263 4004 2386 4068 hoc
2440 4024 2683 4068 munus
2741 4022 2781 4065 a
2825 4003 2966 4066 Deo
3010 4012 3276 4067 vocatos
3336 4020 3673 4086 nunquam
3720 4002 4053 4069 desertum
4097 4004 4198 4083 iri,

2260 4089 2372 4154 sed
2441 4089 2655 4170 potius
2717 4088 2788 4152 in
2854 4109 2973 4153 sua
3042 4088 3365 4169 dignitate
3432 4087 3534 4152 vel
3592 4088 3897 4154 omnibus
3960 4089 4199 4154 invitis

2258 4172 2746 4241 contumacibus
2803 4187 2868 4239 et
2924 4171 3277 4239 rebellibus
3334 4174 3792 4241 confirmatum
3851 4174 3951 4252 iri,
4009 4173 4195 4257 quid·

2258 4259 2413 4344 quid
2467 4259 2563 4324 illi
2622 4259 2881 4324 tandem
2943 4257 3024 4323 ad
3080 4259 3260 4324 illam
3321 4258 3706 4343 dignitatem
3773 4259 4194 4327 evertendam

2259 4347 2633 4411 moliantur.
2740 4345 2975 4428 Itaque
3055 4345 3137 4410 ad
3205 4344 3464 4427 aliquod
3534 4366 3772 4411 munus
3840 4344 4194 4429 quemlibet

2255 4444 2561 4498 vocatum
2614 4442 2867 4513 oportet
2924 4452 3056 4496 non
3102 4451 3171 4495 se
3218 4431 3537 4514 respicere
3581 4442 3696 4496 aut
3741 4431 3913 4496 vitae
3954 4432 4192 4514 prioris

2254 4518 2721 4584 conditionem:
2797 4515 2910 4581 sed
2986 4516 3154 4583 scire
3219 4538 3290 4582 se
3354 4515 3873 4601 quandoquidem
3939 4536 3981 4581 a
4046 4516 4192 4584 Deo

2255 4604 2667 4687 approbatur,
2744 4603 2943 4667 etiam
3009 4604 3360 4668 autoritate
3427 4624 3465 4666 a
3533 4603 3815 4667 Domino
3881 4622 4191 4670 concessa

2257 4708 2557 4755 usurum:
2628 4687 2818 4754 modo
2878 4699 3101 4753 tamen
3168 4710 3249 4753 ne
3307 4687 3460 4753 ulla·
3506 4696 3766 4771 turgeat
3831 4688 4188 4755 ambitione

2253 4786 2372 4841 aut
2414 4774 2732 4858 snperbia.
2824 4774 2993 4840 Nam
3039 4774 3261 4840 Saulis
3304 4773 3417 4838 ille
3459 4774 3680 4837 fervor
3723 4782 3793 4837 et
3834 4772 4183 4840 vehemen-

2254 4863 2346 4926 tia
2389 4882 2538 4926 cum
2590 4858 2957 4925 humilitate
3000 4874 3217 4925 tamen
3262 4871 3328 4923 et
3369 4878 3629 4923 summa
3671 4858 3991 4925 modestia
4032 4881 4185 4927 con·

2252 4950 2475 5012 iuncta
2519 4947 2656 5025 fuit,
2718 4946 2913 5012 sicuti
2971 4966 3170 5027 supra
3219 4942 3517 5009 vidimus.
3604 4943 3773 5009 Nam
3819 4966 4021 5029 quum
4064 4966 4184 5012 rex

2253 5032 2632 5114 designatus
2688 5032 2769 5096 ab
2811 5033 2951 5115 ipso
2996 5031 3279 5096 Domino
3320 5031 3391 5094 in
3432 5028 3631 5094 totius
3676 5030 3900 5114 populi
3941 5051 4189 5099 corona

2252 5120 2502 5195 fuisset,
2561 5126 2815 5200 poterat
2865 5139 2983 5183 suo
3039 5117 3180 5182 iure
3223 5125 3290 5180 et
3332 5123 3650 5198 potestate
3694 5117 3875 5183 abuti
3918 5125 3988 5184 et
4030 5137 4188 5184 con·

2254 5217 2546 5271 tumaces
2598 5204 2670 5269 in
2715 5202 3011 5269 ordinem
3055 5222 3309 5287 cogere,
3363 5212 3433 5268 et
3474 5201 3737 5268 tributis
3776 5224 3855 5270 ac
3894 5205 4203 5292 testiga-
