5059 6059
885 304 1008 371 131

885 503 1114 559 turum
1182 510 1375 574 quem
1442 489 1564 556 sibi
1629 490 2015 570 substituat,
2094 490 2290 575 longe
2356 489 2690 555 meliorem
2757 496 2824 553 et

891 578 1209 662 dignitate
1266 576 1823 661 praestantiorem.
1913 576 2011 642 Ac
2069 596 2226 643 sane
2286 576 2498 642 Deum
2568 582 2822 641 certum

885 677 990 731 est
1035 683 1165 728 non
1209 661 1503 728 laborare
1546 661 1974 728 vehementer
2008 662 2078 728 in
2113 658 2502 746 quaerendis
2546 660 2707 725 viris
2742 658 2823 725 ad

885 748 1282 834 dignitatem
1349 748 1630 831 aliquam
1697 757 1813 813 aut
1877 769 2116 813 munus
2179 748 2463 825 idoneis,
2543 765 2702 830 quos
2768 745 2825 811 si

891 842 1162 921 quaerat
1207 831 1424 898 nullos
1483 834 1795 917 reperiat:
1851 833 1965 900 sed
2022 836 2379 917 ipsummet
2441 831 2604 897 tales
2649 831 2826 895 viros

893 920 1182 988 excitare
1242 931 1308 984 et
1366 918 1683 985 sufficere.
1770 919 1863 986 Et
1918 939 2074 985 sane
2133 918 2682 1004 quemadmodum
2742 935 2825 982 ex

892 1005 1104 1072 nihilo
1163 1005 1480 1069 mundum
1538 1005 1804 1083 creavit,
1863 1005 1957 1072 sic
2014 1005 2210 1072 etiam
2267 1005 2407 1088 ipse
2460 1004 2700 1070 format
2759 1008 2826 1066 et

893 1090 1181 1176 disponit
1226 1090 1527 1156 homines
1587 1098 1660 1155 ut
1715 1090 1797 1155 ad
1853 1112 2128 1157 munera
2185 1091 2266 1157 ad
2313 1111 2477 1175 quae
2520 1090 2662 1172 ipse
2716 1107 2826 1153 eos

890 1189 1103 1257 vocat,
1160 1173 1425 1242 idoneos
1481 1176 1701 1241 faeiat:
1749 1187 1943 1260 atque
2007 1176 2130 1244 hac
2181 1177 2433 1242 ratione
2487 1193 2822 1257 nunquam

891 1265 1017 1348 ipsi
1084 1262 1318 1327 desunt
1382 1282 1541 1344 quos
1603 1262 1670 1326 in
1738 1283 1960 1327 eorum
2029 1263 2241 1330 locum
2300 1261 2607 1345 subroget
2663 1278 2825 1342 quos

896 1347 1439 1416 exauctoraverit.
1475 1346 1778 1431 Denique
1801 1347 1923 1414 hac
1958 1349 2281 1415 sententia
2311 1346 2577 1415 Samuel
2602 1343 2827 1410 Saulis

896 1432 1331 1518 arrogantiam
1369 1441 1435 1497 et
1469 1432 1736 1499 stultam
1771 1433 2273 1500 obstinationem
2308 1440 2377 1499 et
2396 1430 2824 1516 pervicaciam

899 1519 1168 1585 deiecit:
1228 1537 1308 1582 ne
1367 1517 1491 1583 sibi
1550 1520 1968 1602 persuaderet
2025 1521 2281 1585 nullum
2326 1520 2392 1583 in
2443 1517 2676 1601 populo
2722 1535 2824 1579 re-

946 1605 1096 1670 eriri
1153 1621 1345 1688 posse
1400 1605 1509 1686 qui
1568 1605 1691 1669 sibi
1757 1603 2243 1690 subrogaretur.
2333 1604 2539 1669 Docet
2604 1602 2826 1685 itaque

973 1711 1119 1755 eum
1165 1690 1351 1755 facile
1410 1689 1570 1755 alios
1627 1693 2110 1772 suscitaturum,
2168 1699 2236 1757 et
2279 1689 2479 1756 Saule
2522 1687 2826 1753 iustiores

903 1787 1332 1860 reperturum,
1390 1796 1473 1839 ex
1530 1797 1648 1841 sua
1707 1776 2007 1843 bonitate.
2099 1777 2326 1861 Neque
2371 1775 2546 1840 enim
2591 1783 2828 1838 natura

896 1882 1017 1927 sua
1077 1859 1241 1926 tales
1301 1871 1473 1938 sunt,
1534 1882 1742 1944 neque
1801 1864 1994 1927 etiam
2040 1866 2177 1930 suis
2221 1861 2467 1929 viribus
2511 1857 2824 1944 quamdiu

895 1947 1002 2014 hic
1049 1946 1284 2011 vivunt
1326 1945 1733 2011 efficiuntur:
1780 1947 1891 2012 sed
1937 1969 1974 2013 a
2001 1951 2141 2015 Deo
2184 1949 2325 2031 ipso
2370 1946 2826 2028 disponuntur,

892 2043 957 2098 et
1001 2034 1082 2097 ad
1130 2034 1249 2098 boc
1294 2033 1396 2098 vel
1441 2031 1604 2097 illud
1640 2054 1881 2098 munus
1915 2033 2133 2101 idonei
2156 2031 2534 2109 redduntur,
2571 2030 2825 2113 spoliati

894 2117 1252 2203 fragilitate
1286 2116 1401 2182 illa
1438 2118 1723 2183 humana
1757 2140 1921 2201 quae
1956 2121 2212 2205 ineptos
2249 2117 2327 2184 ad
2367 2138 2561 2183 omne
2584 2116 2823 2180 bonum

894 2225 1058 2288 opus
1115 2204 1286 2268 facit.
1376 2203 1579 2286 Atqui
1636 2205 1960 2270 Davidem
2019 2206 2317 2271 videmus
2376 2205 2443 2267 in
2498 2202 2822 2285 graviora,

896 2290 954 2355 si
1019 2290 1421 2354 extrinsecus
1485 2289 1884 2371 consideres,
1951 2302 2209 2376 peccata
2274 2289 2475 2355 Saule
2549 2286 2821 2370 lapsum.

897 2373 1030 2440 Sed
1094 2375 1253 2439 satis
1312 2374 1495 2438 nobis
1551 2374 1762 2441 facere
1828 2376 2037 2462 debet,
2103 2375 2271 2461 quod
2339 2373 2569 2439 melior
2624 2370 2822 2438 Saule

898 2458 1147 2525 dicatur
1207 2481 1244 2524 a
1292 2459 1594 2538 Domino,
1650 2482 1841 2544 quem
1902 2465 2112 2529 solum
2175 2460 2480 2526 idoneum
2540 2458 2818 2524 iudicem

899 2566 1056 2611 vero
1100 2545 1425 2609 affirmare
1470 2565 1847 2628 possumus:
1905 2551 2090 2615 cuius
2145 2547 2471 2613 sententia
2513 2542 2818 2610 standum

899 2643 1019 2714 est,
1065 2643 1138 2695 ut
1181 2638 1403 2694 monet
1446 2631 1712 2697 Paulus.
1805 2633 1979 2702 Hinc
2034 2637 2251 2718 itaque
2309 2632 2652 2706 discamus,
2702 2650 2821 2694 nos

895 2715 967 2781 in
1012 2716 1225 2799 aliquo
1269 2713 1609 2800 dignitatis
1651 2718 1856 2801 gradu
1901 2742 1940 2785 a
1962 2721 2104 2787 Deo
2139 2719 2539 2800 constitutos,
2586 2716 2710 2781 nisi
2748 2723 2823 2778 ut

895 2822 1016 2886 par
1057 2811 1157 2866 est
1199 2802 1478 2868 officium
1527 2803 1882 2882 fecerimus.
1928 2808 2009 2874 ab
2054 2808 2193 2891 ipso
2239 2803 2341 2869 vel
2398 2804 2466 2867 in
2509 2801 2819 2866 ultimum

901 2888 1172 2953 exitium
1231 2907 1419 2971 posse
1475 2888 1752 2967 detrudi,
1815 2892 1915 2957 vol
1976 2901 2290 2976 perpetua
2348 2887 2711 2973 ignominia
2755 2893 2822 2950 et

897 2972 1207 3040 dedecore
1252 2973 1441 3038 affici.
1530 2974 1757 3058 Neque
1815 2979 2008 3044 etiam
2065 2977 2187 3061 ipsi
2233 2975 2450 3041 defore
2493 2974 2601 3057 qui
2649 2969 2819 3056 quod

894 3060 1134 3125 bonum
1159 3059 1283 3144 ipsi
1305 3059 1632 3125 videbitur
1656 3074 2118 3145 exsequantur,
2155 3060 2321 3147 quod
2361 3080 2486 3125 non
2525 3058 2821 3142 indigeat

895 3145 1161 3212 alterius
1204 3145 1465 3224 anxilio,
1521 3159 1585 3211 et
1645 3147 1832 3214 nobis
1885 3150 2069 3216 facile
2125 3168 2346 3215 carere
2403 3144 2624 3230 possit,
2688 3164 2819 3208 non

897 3230 1218 3297 defuturis
1273 3230 1459 3296 nobis
1515 3230 1888 3301 melioribus
1968 3255 2241 3319 quorum
2305 3251 2501 3316 opera
2567 3238 2817 3295 utatur:

894 3313 1416 3400 quandoquidem
1463 3316 1770 3402 quidquid
1810 3317 2124 3386 babemus
2160 3320 2240 3386 ab
2275 3318 2415 3403 ipso
2438 3316 2819 3400 accepimus,

899 3415 965 3468 et
1008 3403 1087 3468 ab
1133 3403 1272 3467 eius
1316 3400 1702 3469 liberalitate
1751 3408 2073 3472 manavit:
2133 3414 2232 3471 est
2292 3405 2465 3470 enim
2523 3400 2633 3465 ille
2678 3400 2819 3466 fons

899 3497 966 3553 et
1008 3488 1189 3571 origo
1225 3487 1437 3553 omnis
1473 3489 1894 3569 plenitudinis
1928 3492 2233 3577 perennis
2269 3498 2333 3555 et
2368 3486 2816 3554 inexhaustus.

902 3575 999 3638 Ac
1040 3573 1097 3637 si
1141 3572 1348 3638 sancti
1406 3573 1511 3639 sui
1568 3576 1837 3660 spiritus
1890 3578 2256 3661 portionem
2316 3574 2501 3640 nobis
2548 3571 2820 3657 largitus

900 3668 1018 3735 est,
1077 3658 1319 3723 centies
1373 3659 1608 3725 millies
1664 3664 2041 3747 ampliorem
2100 3662 2246 3728 aliis
2305 3660 2532 3744 largiri
2582 3666 2819 3743 potest,

902 3762 1182 3825 quorum
1228 3744 1323 3809 uti
1371 3744 1543 3810 volet
1583 3766 1802 3830 opera,
1838 3769 2039 3832 quum
2063 3748 2223 3814 adeo
2259 3747 2478 3812 miseri
2507 3744 2821 3810 fuerimus

905 3845 976 3894 ut
1021 3828 1100 3894 ab
1145 3830 1347 3912 ipsius
1391 3830 1757 3898 obedientia
1814 3835 2208 3901 recedamus.
2297 3830 2550 3897 Idcirco
2594 3828 2819 3895 Domi·

899 3935 1025 3980 nus
1088 3926 1310 3979 noster
1371 3914 1559 3982 Iesus
1624 3918 1930 3986 Christus
1994 3919 2255 3985 Iudaeis
2326 3917 2480 3982 olim
2548 3914 2820 3993 dicebat,

895 3999 1116 4066 Deum
1163 4020 1353 4083 posse
1395 4022 1675 4086 regnum
1720 4026 1909 4070 suum
1974 4007 2100 4071 alio
2158 4005 2531 4080 transferre,
2597 4012 2664 4066 et
2707 4021 2819 4084 po·

894 4085 1071 4170 pulis
1129 4087 1604 4153 communicare
1660 4092 1770 4173 qui
1828 4091 2105 4158 fructum
2164 4113 2247 4156 ex
2306 4111 2379 4154 eo
2436 4089 2818 4173 percipiant.

896 4172 1067 4237 Nam
1116 4171 1237 4237 hac
1282 4171 1584 4255 opinione
1628 4175 1852 4241 Iudaei
1911 4178 2317 4255 tenebantur,
2384 4184 2449 4240 et
2507 4193 2585 4238 ea
2640 4173 2820 4239 velut

894 4256 1406 4338 inebriabantur,
1450 4257 1664 4324 Deum
1696 4261 1816 4325 sibi
1845 4262 2045 4327 alium
2083 4263 2387 4346 populum
2427 4259 2645 4326 dicare
2686 4281 2819 4325 non

893 4363 1099 4428 posse,
1143 4341 1311 4424 quod
1357 4345 1529 4427 ipsos
1582 4347 1651 4409 in
1698 4348 2016 4429 peculium
2063 4357 2129 4414 et
2173 4343 2641 4412 haereditatem
2687 4346 2817 4411 ele-

892 4430 1129 4515 gisset:
1176 4428 1346 4511 quod
1394 4429 1752 4497 Abrahami
1795 4434 1911 4498 filii
1957 4442 2191 4510 essent,
2229 4434 2331 4498 cui
2380 4433 2586 4497 factae
2631 4443 2819 4497 erant

893 4514 1375 4600 promissiones.
1486 4514 1628 4581 Sibi
1705 4516 1924 4601 itaque
1989 4519 2383 4586 videbantur
2448 4517 2660 4582 Deum
2742 4538 2818 4583 eo

891 4621 1096 4684 usque
1166 4599 1539 4667 devinctum
1601 4613 1840 4681 tenere,
1896 4615 1970 4670 ut
2028 4607 2082 4671 si
2142 4607 2249 4670 lex
2303 4604 2428 4669 Dei
2487 4614 2555 4666 et
2611 4603 2818 4687 ipsius

890 4687 1353 4771 promissiones
1406 4689 1579 4754 inter
1634 4690 1807 4773 ipsos
1868 4690 2232 4770 deficerent,
2294 4688 2512 4755 nullus
2570 4689 2637 4754 in
2684 4699 2818 4755 toto

891 4771 1134 4838 mundo
1211 4772 1388 4837 locus
1454 4787 1818 4856 superesset
1882 4778 1950 4841 in
2018 4798 2148 4861 quo
2214 4775 2551 4842 ecclesiam
2631 4797 2816 4842 suam

885 4857 1249 4924 collocaret.
1343 4857 1473 4925 Sed
1519 4860 1819 4928 Christus
1879 4862 2047 4929 hanc
2107 4862 2545 4946 arrogantiam
2592 4861 2816 4943 eludit,

887 4964 1087 5026 quum
1123 4943 1233 5021 ait,
1273 4941 1487 5010 Deum
1537 4967 1723 5030 posse
1760 4969 2033 5033 regnum
2072 4968 2264 5013 suum
2300 4946 2426 5012 alio
2466 4948 2818 5014 transferre

887 5030 1146 5112 quoties
1188 5029 1310 5112 ipsi
1356 5032 1696 5110 videbitur,
1735 5046 1799 5098 et
1834 5033 1997 5100 illud
2034 5054 2271 5118 augere
2306 5042 2370 5098 et
2404 5031 2815 5115 amplificare.

888 5114 999 5178 Ex
1057 5115 1287 5197 quibus
1346 5128 1615 5201 apparet
1670 5120 1989 5203 quomodo
2048 5121 2210 5186 haec
2271 5118 2562 5185 doctrina
2618 5120 2703 5185 sit
2746 5121 2815 5184 in

887 5218 1084 5264 usum
1129 5210 1422 5267 nostrum
1483 5206 1861 5280 revocanda,
1930 5215 1996 5272 et
2052 5205 2308 5289 quidem
2367 5212 2498 5270 tam
2559 5205 2814 5287 publice

2577 296 2986 368 Hom
3026 292 3175 363 LV.
4676 298 4760 364 132

2926 507 3123 571 quam
3181 484 3532 570 privatim:
3599 496 3673 551 ut
3733 485 3790 551 si
3849 484 4034 552 Deus
4090 484 4277 552 donis
4333 485 4468 552 suis
4518 493 4575 551 et
4618 493 4766 572 gratia

2926 592 3044 637 nos
3086 570 3464 655 cumulavit,
3508 592 3587 637 eo
3623 570 3989 637 ardentiore
4026 571 4240 637 studio
4273 572 4342 635 in
4380 571 4568 654 ipsius
4584 573 4768 642 cultum

2924 657 3391 734 incumbamus,
3437 677 3566 741 quo
3609 657 3821 741 magis
3854 657 3980 740 ipsi
4017 656 4302 725 devincti
4325 677 4553 724 sumus.
4610 657 4768 739 Quare

2925 747 3207 809 sciamus
3250 744 3449 809 etiam
3495 744 3707 828 ipsum
3756 763 3941 828 posse
3999 742 4184 809 donis
4241 744 4450 828 ipsius
4504 744 4770 812 abutentes

2926 829 3154 895 iisdem
3215 828 3511 911 spoliare,
3574 842 3639 895 et
3697 831 3763 894 in
3824 828 3987 895 alios
4046 830 4420 908 transferre,
4464 829 4568 913 qui
4604 832 4772 899 melius

2923 914 3154 980 iisdem
3220 923 3508 981 utantur.
3594 913 3728 981 Sed
3792 915 3861 980 in
3926 915 4154 998 primis
4218 935 4418 998 quum
4482 914 4554 981 de
4609 916 4772 984 salutis

2926 1000 3223 1067 doctrina
3266 1001 3504 1085 agitur,
3550 1000 3762 1066 danda
3806 1020 4005 1084 opera
4048 1010 4167 1078 est,
4213 1009 4289 1066 ut
4324 1001 4390 1066 in
4416 1002 4535 1066 Dei
4567 1001 4774 1087 gloriam

2927 1107 2967 1152 a
3009 1086 3194 1152 nobis
3239 1101 3605 1169 usurpetur.
3690 1085 3865 1151 Nam
3919 1086 3973 1150 si
4033 1086 4277 1171 ingrati
4323 1088 4633 1164 fuerimus,
4670 1110 4773 1171 pro·

2927 1173 3091 1237 fecto
3136 1179 3346 1257 potest
3389 1172 3613 1237 eadem
3672 1192 3791 1238 nos
3834 1171 4019 1237 Deus
4075 1173 4367 1255 privare:
4434 1185 4499 1238 et
4544 1174 4615 1238 ad
4665 1174 4778 1240 alian

2927 1259 3225 1324 nationes
3268 1257 3807 1343 praedicationem
3870 1256 4052 1324 verbi
4109 1257 4211 1323 sui
4271 1261 4628 1336 transferre,
4673 1261 4779 1326 lieet

2928 1344 3394 1410 remotissimas
3438 1353 3501 1408 et
3543 1361 3583 1409 a
3627 1365 3829 1428 regno
3873 1342 4001 1408 Dei
4046 1343 4491 1424 alienhsimas,
4544 1366 4687 1428 quaa
4716 1356 4781 1410 ta-

2927 1450 3075 1494 men
3122 1428 3284 1495 illud
3329 1427 3697 1506 admittant,
3753 1440 3820 1493 et
3874 1429 4069 1513 longe
4113 1430 4448 1497 uberiores
4488 1452 4661 1515 quam
4698 1452 4780 1497 nos

2927 1516 3174 1581 fructus
3220 1515 3453 1581 ferant.
3522 1515 3962 1596 Quamobrem
4010 1516 4309 1582 omnibus
4354 1518 4568 1583 nervis
4605 1519 4662 1581 in
4696 1517 4781 1582 hoe

2926 1600 3448 1677 incumbendum,
3510 1613 3585 1665 ut
3628 1622 3704 1665 eo
3748 1602 4019 1685 quisque
4063 1622 4334 1667 munere
4385 1602 4651 1668 fideliter
4684 1603 4787 1667 fun·

2927 1700 3119 1771 gatur
3163 1688 3243 1753 ad
3289 1686 3457 1771 quod
3503 1708 3542 1751 a
3584 1686 3730 1752 Deo
3776 1696 4044 1753 vocatus
4102 1697 4223 1766 eet,
4282 1699 4348 1752 et
4408 1689 4475 1754 in
4518 1688 4699 1771 ipsius
4730 1689 4784 1750 ti·

2927 1793 3105 1837 more
3150 1772 3457 1852 ambulet,
3515 1794 3598 1837 ne
3656 1781 3879 1837 nostra
3932 1773 4401 1857 ingratitudine
4464 1774 4682 1840 talibus
4713 1775 4785 1838 be·

2930 1858 3178 1925 neficiis
3219 1857 3671 1924 destituamur.
3759 1857 3986 1941 Neque
4033 1858 4209 1924 enim
4256 1860 4438 1925 Deus
4498 1875 4591 1925 est
4628 1861 4785 1926 varis-

2927 1945 3095 2022 bilis,
3158 1956 3272 2010 aut
3328 1946 3735 2028 propositum
3792 1952 4033 2009 mutat:
4100 1945 4213 2008 sed
4269 1947 4657 2011 occasionem
4702 1945 4788 2027 ipa

2927 2030 3310 2112 praebemus
3364 2031 3429 2094 in
3479 2051 3595 2094 nos
3638 2029 3877 2095 iudicia
3921 2051 4039 2094 sua
4082 2031 4394 2096 exerendi
4442 2052 4630 2114 quum
4668 2031 4789 2096 dom

2926 2116 3130 2200 ipsius
3189 2116 3627 2200 profanamus,
3690 2134 3856 2199 quae
3911 2115 3981 2180 in
4025 2115 4231 2198 ipsius
4272 2117 4553 2200 gloriam
4597 2127 4656 2182 et
4690 2137 4789 2181 nos·

2927 2212 3092 2266 tram
3140 2201 3418 2267 salutem
3465 2201 3666 2267 dicari
3711 2211 3778 2266 et
3821 2202 4181 2267 consecrari
4224 2202 4578 2285 oportebat.

3097 2284 3409 2370 Sequitur
3453 2286 3793 2386 deincepsz·
3835 2285 4039 2353 Porro
4076 2288 4499 2371 utun-phasor
4538 2291 4606 2354 in
4636 2288 4792 2354 Israel

2923 2392 3097 2523 '‘som'‘
3087 2379 3362 2524 Ρῖἒῖαὲα
3377 2372 4423 2542 “gmss‘ae‘mwfflss.
4440 2395 4793 2526 ”5353ss

2924 2544 3097 2608 muel
3179 2564 3371 2626 quam
3459 2564 3660 2627 supra
3745 2544 3931 2628 tetigi
4010 2546 4400 2609 sententiam
4485 2548 4792 2618 confirmat,

2926 2650 3156 2713 nempe
3199 2629 3346 2694 Deo
3403 2630 3567 2694 nihil
3613 2629 4057 2714 deperiturnm
4103 2630 4155 2696 si
4202 2629 4365 2696 Saul
4414 2633 4594 2716 regia
4632 2630 4793 2714 digni·

2924 2724 3060 2780 tate
3102 2716 3430 2800 privetur:
3475 2715 3649 2798 quod
3695 2727 3912 2779 tamen
3950 2715 4087 2796 ipse
4130 2716 4254 2781 sibi
4291 2727 4551 2799 poterat
4582 2737 4797 2801 persus·

2925 2800 3111 2865 dere:
3157 2801 3695 2884 quemadmodum
3743 2800 3863 2867 hoc
3908 2800 4143 2865 vitium
4183 2803 4252 2865 in
4287 2803 4485 2870 nobis
4522 2813 4649 2868 tam
4681 2803 4799 2867 altas

2924 2887 3060 2971 agit
3103 2887 3371 2968 radices,
3417 2897 3487 2952 ut
3531 2887 3746 2952 Deum
3792 2884 3977 2952 nobis
4021 2886 4397 2953 devinctum
4443 2889 4801 2962 arbitremur,

2924 2993 3122 3055 quum
3168 2983 3383 3038 tamen
3431 2973 3511 3039 ab
3556 2975 3695 3056 ipso
3739 2971 3959 3037 omnia
4002 2972 4376 3056 habeamus,
4414 2987 4482 3039 et
4518 2973 4674 3040 nihil
4700 2974 4800 3058 ipse

2924 3057 3107 3123 nobis
3151 3059 3399 3124 debeat.
3487 3058 3619 3125 Sed
3666 3062 3965 3142 quoniam
4012 3057 4339 3125 beneficiis
4384 3061 4597 3144 ipsius
4628 3080 4800 3125 cumu-

2922 3143 3037 3207 lati
3082 3165 3328 3223 sumus,
3373 3145 3611 3210 mirum
3657 3144 3725 3208 in
3771 3143 4032 3209 modum
4080 3144 4440 3227 efferimur,
4501 3156 4567 3212 et
4622 3144 4797 3211 iisdem

2923 3229 3387 3309 insolescimus,
3450 3230 3790 3313 Deumque
3851 3229 4034 3295 nobis
4087 3230 4478 3297 obstrictum
4536 3254 4659 3297 non
4696 3231 4799 3296 sine

2920 3316 3179 3382 insania
3223 3316 3718 3400 persuademus:
3784 3335 3858 3380 ac
3915 3315 4182 3397 proinde
4236 3327 4622 3384 contentum
4662 3316 4800 3383 illum

2921 3421 3062 3467 esse
3129 3403 3368 3468 nostris
3433 3401 3767 3468 blanditiis
3832 3410 3897 3467 et
3960 3400 4285 3467 industria
4351 3415 4671 3487 oportere.
4734 3402 4797 3465 A:

2921 3486 3189 3552 Samuel
3236 3488 3344 3554 hic
3388 3486 3587 3567 docet,
3632 3495 3882 3552 remoto
3924 3486 4076 3554 licet
4122 3484 4340 3569 Saule,
4400 3487 4799 3556 fortitudinem

2922 3572 3186 3640 Israelis
3240 3574 3538 3653 mentiri,
3603 3584 3667 3637 et
3721 3572 4144 3657 poenitudine
4199 3574 4377 3642 flecti
4438 3576 4648 3641 Deum
4704 3595 4798 3638 nou

2966 3677 3127 3725 osse.
3216 3658 3379 3726 Saul
3438 3659 3636 3744 igitur
3695 3659 4038 3725 videbatur
4091 3669 4507 3743 excepturus,
4552 3660 4721 3726 Dens
4751 3659 4801 3722 in

2958 3745 3165 3812 sraela
3220 3766 3325 3811 me
3382 3766 3602 3831 regem
3661 3744 4013 3821 constituit,
4074 3765 4147 3810 ac
4204 3746 4485 3829 proinde
4545 3746 4800 3831 populum

2922 3852 3067 3896 mea
3109 3851 3265 3898 cura
3308 3842 3371 3897 et
3414 3831 3627 3897 studio
3674 3830 3928 3897 defendi
3973 3830 4285 3897 adversus
4315 3831 4624 3900 inimicos
4658 3850 4799 3916 opor·

2923 3924 3034 3982 tet.
3126 3915 3301 3999 Quid
3348 3938 3503 4003 ergo
3548 3917 3787 4000 populo
3830 3918 4123 3981 futurum
4168 3925 4286 3995 est,
4345 3920 4405 3984 si
4466 3919 4683 3985 nullus
4718 3937 4799 3980 rex

2923 4002 3199 4085 amplius
3241 4002 3481 4070 fuerit?
3569 4001 3948 4086 Respondet
3991 4001 4279 4087 Samuel,
4337 4002 4473 4070 Dei
4521 4005 4799 4071 decretum

2924 4088 3003 4152 ab
3050 4088 3308 4154 homine
3344 4087 3600 4155 mortali
3646 4109 3775 4153 non
3823 4086 4137 4171 pendere:
4183 4109 4257 4154 ac
4348 4091 4584 4156 roinde
4622 4091 4799 4156 hum·

2922 4174 3025 4238 nis
3068 4175 3366 4240 omnibus
3409 4173 3642 4239 mediis
3677 4173 4126 4241 deficientibus
4164 4173 4300 4238 nih·
4330 4177 4598 4242 ominus
4629 4185 4797 4240 tamen

2922 4260 3260 4343 impletum
3321 4269 3386 4326 et
3444 4259 3798 4343 perfectum
3854 4262 3933 4326 iri
3974 4260 4104 4325 Dei
4149 4260 4595 4329 voluntatem:
4640 4275 4699 4327 et
4731 4257 4798 4322 id·

2921 4346 3091 4411 circo
3153 4349 3278 4412 ait:
3346 4345 3671 4412 Fortitudo
3726 4345 3937 4414 Israel
3999 4367 4124 4412 noa
4184 4348 4537 4415 mentietur.
4623 4345 4795 4428 Quum

2918 4431 3365 4497 fortitudinem
3411 4434 3519 4506 ait,
3568 4431 3853 4496 ostendit
3896 4453 3978 4515 po
4022 4432 4207 4496 ulum
4242 4453 4377 4497 non
4424 4436 4568 4501 suis
4602 4433 4799 4498 viriboe

2919 4516 3287 4596 subsistere,
3334 4517 3447 4584 sed
3493 4518 3690 4583 unius
3735 4517 3859 4582 Dei
3920 4539 3991 4583 ro
4074 4538 4145 4582 re
4191 4527 4254 4582 et
4297 4518 4704 4585 fortitudine:
4748 4533 4797 4576 nt

2919 4603 3191 4687 proinde
3256 4625 3387 4668 non
3453 4604 3736 4687 pendere
3801 4603 4006 4686 ipsius
4064 4603 4338 4668 salutem
4400 4605 4487 4671 ab
4546 4599 4799 4670 humanis

2919 4688 3186 4767 viribus,
3252 4689 3363 4754 sed
3430 4690 3510 4754 ab
3577 4690 3771 4754 nnius
3834 4690 3952 4754 Dei
4022 4687 4226 4754 tutela
4291 4700 4362 4754 et
4426 4689 4794 4774 protectione.

2918 4774 3359 4857 Quamobrem
3420 4774 3799 4859 dignissima
3855 4787 3955 4840 est
4002 4773 4461 4842 observatione
4506 4771 4792 4844 sententis

2919 4860 3134 4926 Deum
3159 4881 3490 4945 nunquam
3518 4860 3739 4925 deesse
3775 4862 3990 4946 ipsum
4026 4862 4418 4946 amantibus,
4446 4859 4792 4929 timentibus.

2917 4956 2983 5010 et
3048 4946 3351 5013 fiduciam
3419 4968 3603 5013 suam
3672 4968 3932 5011 omnem
4010 4947 4082 5012 in
4146 4947 4291 5030 ipso
4357 4945 4791 5015 collocantibus

2916 5031 3172 5100 Deinde
3217 5042 3282 5099 et
3326 5034 3447 5100 hoc
3484 5032 3811 5098 mentibus
3843 5033 4038 5098 altius
4072 5033 4501 5118 infigendum,
4548 5029 4793 5100 omnibu

2916 5119 3223 5185 humanis
3283 5119 3510 5185 mediis
3570 5127 3633 5183 et
3686 5118 4045 5184 rationibus
4100 5117 4557 5186 deficientibus
4619 5127 4789 5183 nostm

2915 5204 3166 5284 iudicio,
3211 5204 3426 5270 Deum
3474 5213 3691 5271 tamen
3738 5204 4161 5272 nihilominus
4208 5207 4381 5271 viam
4418 5205 4789 5272 inventurum
