5059 6059
839 311 967 379 475
1799 405 1806 416 .
2399 310 2813 377 HOMILIA
2858 309 3256 378 LXXXIV.
4637 317 4722 382 476

823 511 889 568 et
911 520 1170 568 omnem
1196 498 1469 582 gloriam
1493 499 1633 564 eius
1657 500 1843 582 quasi
1887 501 2116 566 florem
2161 500 2325 586 agri,
2366 501 2764 566 exsiccatum
2815 504 2821 548 ἰ
2873 498 3365 566 difficultatibus
3421 499 3567 565 Deo
3625 499 3841 566 laudis
3898 499 4289 567 sacrificium
4347 511 4619 584 tanquam
4658 526 4731 570 re·

824 608 968 655 esse
1004 587 1264 650 foenum
1289 593 1356 649 et
1391 583 1699 650 cecidisse
1721 587 1982 650 florem:
2017 586 2168 670 quia
2203 587 2470 670 spiritus
2495 586 2768 651 Domini

822 670 1113 741 sufflavit
1170 672 1235 734 in
1297 691 1410 736 eo:
1473 669 1709 735 deinde
1758 671 1985 736 adiicit
2036 672 2235 757 paulo
2281 681 2443 755 post,
2492 673 2766 737 verbum

820 757 950 825 Dei
974 777 1241 822 manere
1263 756 1332 820 in
1370 764 1736 822 aeternnm:
1786 757 1914 822 nisi
1940 758 2117 823 Petri
2155 759 2767 841 interpretationem

819 845 1166 920 sciremus,
1247 841 1541 908 doctrina
1607 843 1721 907 illa
1787 841 2123 909 videretur
2185 844 2378 909 valde
2445 843 2637 910 exilis
2703 853 2769 908 et

819 950 1065 1015 parvae
1112 928 1433 1006 utilitatis,
1489 930 1543 992 si
1592 930 1975 1011 praesertim
2021 929 2135 995 illa
2178 950 2344 1012 quae
2390 929 2547 994 alibi
2592 949 2766 994 com-

817 1022 1273 1082 memorantur
1316 1014 1815 1092 consideremus,
1863 1036 2099 1099 nempe
2142 1016 2360 1081 Deum
2404 1016 2657 1081 coelum
2701 1022 2767 1078 et

818 1114 1064 1169 terram
1107 1121 1610 1177 concussurum,
1654 1110 1721 1165 et
1765 1101 1900 1166 fore
1946 1113 2021 1166 ut
2064 1114 2326 1167 terrena
2369 1102 2499 1166 ista
2543 1100 2767 1166 omnia

819 1189 1217 1262 dilabantur,
1264 1183 1781 1269 qaandoquidem
1828 1186 1991 1251 nihil
2037 1189 2300 1252 firmum
2346 1196 2413 1251 et
2455 1196 2766 1252 constans

821 1275 949 1339 nisi
995 1273 1175 1338 Deus
1232 1293 1422 1350 unus,
1481 1272 1716 1337 horum
1770 1275 2036 1355 inquam
2084 1271 2517 1341 consideratio
2564 1293 2683 1337 nos
2726 1293 2768 1336 a

821 1360 966 1425 Deo
1031 1360 1249 1442 potius
1315 1358 1678 1423 deterreret
1742 1379 1937 1440 quam
2006 1358 2087 1422 ad
2146 1360 2359 1442 ipsum
2416 1357 2764 1423 accedendi

820 1445 1128 1511 fiduciam
1189 1443 1388 1508 daret.
1481 1443 1616 1509 Sed
1675 1466 1870 1527 quum
1935 1445 2172 1509 Petrus
2231 1445 2434 1511 verba
2490 1444 2607 1509 illa
2650 1466 2763 1508 ex-

816 1532 1072 1617 plicans
1108 1528 1285 1607 dicit,
1331 1549 1454 1593 nos
1492 1530 1642 1596 licet
1685 1551 1724 1595 a
1768 1543 2008 1595 natura
2053 1531 2218 1595 nihil
2263 1531 2392 1595 nisi
2436 1529 2765 1612 corruptio

819 1620 1044 1695 simus,
1080 1625 1147 1681 et
1170 1615 1761 1699 exiguomomento
1784 1637 2200 1696 marcescere,
2238 1627 2458 1681 tamen
2493 1615 2765 1682 seminis

816 1703 996 1768 illius
1060 1702 1421 1783 incorrupti
1480 1702 1767 1768 efficacia
1831 1701 2254 1779 corroborari,
2321 1713 2397 1766 ut
2451 1702 2521 1765 in
2581 1700 2765 1766 n'obis

819 1788 1047 1854 divina
1097 1788 1310 1853 virtus
1355 1797 1684 1871 appareat,
1749 1788 2182 1870 virtutemque
2226 1808 2414 1853 suam
2458 1787 2529 1851 in
2577 1787 2764 1852 nobis

819 1883 1101 1952 exserat,
1168 1873 1329 1938 adeo
1394 1872 1657 1956 quidem
1722 1881 1801 1938 ut
1858 1876 1980 1939 flos
2038 1873 2150 1938 ille
2208 1873 2764 1956 pulchritudinem

816 1981 1002 2026 suam
1069 1979 1205 2024 non
1264 1957 1346 2023 ad
1405 1960 1575 2024 diem
1636 1980 1842 2025 unum
1898 1968 2016 2025 aut
2072 1960 2351 2024 alterum
2414 1980 2624 2042 neque
2682 1958 2764 2023 ad

814 2045 1060 2111 multos
1105 2064 1327 2122 annos,
1388 2045 1500 2110 sed
1545 2045 1616 2109 in
1663 2055 2052 2128 perpetuum
2100 2046 2395 2124 retineat,
2456 2065 2765 2128 magnam

817 2130 1328 2199 consolationem
1395 2132 1817 2215 percipimus:
1887 2133 1942 2197 si
2008 2130 2274 2214 quidem
2341 2151 2462 2195 nos
2527 2140 2767 2196 natura

817 2217 1217 2300 corruptioni
1276 2217 1590 2282 obnoxios
1646 2227 1714 2282 et
1754 2219 1900 2282 flori
1942 2218 2305 2283 simillimos
2350 2217 2591 2281 scimus
2636 2215 2766 2280 Dei

818 2306 1062 2369 virtute
1129 2304 1196 2367 in
1261 2313 1601 2367 aeternum
1667 2304 2068 2383 confirmari,
2147 2311 2215 2367 et
2278 2303 2766 2387 corruptionem

816 2387 1180 2455 naturalem
1241 2387 1307 2452 in
1375 2389 1931 2470 incorruptionem
1976 2398 2041 2453 et
2083 2389 2360 2470 gloriam
2426 2397 2763 2454 aeternam

818 2474 1223 2540 commutari.
1328 2475 1521 2539 Hanc
1600 2476 1682 2540 ob
1749 2493 2009 2540 causam
2080 2475 2397 2558 propheta
2462 2475 2571 2540 Ps.
2640 2474 2765 2539 102

821 2559 979 2625 dicit
1043 2560 1234 2625 coeloe
1285 2560 1500 2642 perire
1545 2565 1620 2641 ζει
1681 2560 1844 2626 sicut
1894 2561 2319 2625 vestimentum
2373 2565 2764 2642 veterascere,

818 2652 1173 2727 terramque
1228 2650 1284 2710 et
1325 2665 1724 2728 quaecunque
1766 2647 1838 2712 in
1879 2667 1954 2712 ea
1995 2652 2143 2712 sunt
2174 2647 2410 2728 per-m,
2469 2646 2766 2730 nihilque

817 2733 1084 2798 firmum
1128 2733 1199 2794 in
1243 2750 1320 2794 ea
1364 2741 1672 2814 perstare,
1718 2732 2080 2815 mundique
2124 2754 2348 2798 omnes
2394 2731 2653 2797 delitias
2698 2732 2763 2796 in

815 2818 1071 2883 fumum
1112 2817 1423 2896 abituras,
1461 2817 1799 2900 solumque
1823 2818 2040 2883 Deum
2076 2820 2180 2883 sui
2204 2839 2461 2901 semper
2483 2818 2761 2883 similem

817 2923 961 2969 esse
1005 2910 1069 2966 et
1113 2903 1183 2966 in
1228 2911 1573 2968 aeternum
1618 2924 2022 2986 permanere.
2091 2903 2225 2972 Sed
2270 2906 2413 2969 istis
2457 2902 2767 2971 videntur

815 2989 1119 3055 homines
1161 2989 1255 3052 ita
1299 2987 1508 3069 defici,
1570 2997 1643 3053 ut
1686 2989 1854 3054 nihil
1897 2990 2030 3056 illis
2077 2991 2518 3073 relinquatur:
2566 2989 2765 3072 siqui·

817 3075 968 3141 dem
1013 3074 1195 3141 solus
1232 3072 1418 3140 Deus
1462 3075 1531 3139 in
1576 3083 1914 3141 aeternum
1962 3086 2323 3161 permanet.
2393 3077 2483 3140 At
2529 3076 2766 3140 Petrus

813 3161 1004 3228 docet
1061 3160 1359 3226 homines
1403 3161 1534 3226 Dei
1593 3161 1796 3227 verbo
1855 3164 2309 3227 confirmatum
2356 3162 2458 3241 iri,
2517 3171 2583 3227 et
2626 3162 2764 3226 Do-

735 3321 742 3326 ,
812 3248 1068 3312 minum
1141 3247 1447 3312 timentes
1515 3246 1583 3311 in
1659 3256 2003 3313 aeternum
2072 3269 2111 3312 a
2171 3248 2458 3313 Domino
2516 3248 2766 3313 stabili-

818 3343 962 3399 tum
1007 3333 1110 3398 iri.

996 3417 1212 3483 David
1250 3418 1451 3502 igitur
1495 3418 1793 3485 homines
1837 3441 1978 3487 esse
2014 3421 2287 3486 vanitati
2332 3428 2400 3486 et
2434 3418 2771 3485 mendacio

820 3504 1135 3570 obnoxios
1166 3504 1403 3582 dicens,
1445 3525 1515 3570 se
1545 3506 1760 3587 ipsum
1796 3506 2275 3588 condemnavit,
2307 3516 2370 3572 et
2396 3504 2565 3570 bono
2589 3506 2772 3588 prin-

820 3590 988 3672 cipio
1030 3590 1249 3673 nixus,
1296 3589 1376 3654 ad
1422 3590 1642 3655 Deum
1687 3592 1989 3674 precibus
2034 3592 2345 3675 confugit,
2402 3602 2466 3656 et
2509 3592 2583 3656 in
2629 3612 2770 3674 spe·

818 3675 1018 3742 lunca
1072 3696 1212 3740 sese
1258 3674 1338 3740 ad
1386 3684 1645 3759 tempus
1687 3677 2046 3758 continuit,
2104 3686 2281 3742 metu
2328 3678 2664 3760 perculsus
2710 3687 2775 3741 et

819 3758 1189 3841 formidine,
1234 3761 1387 3826 licet
1431 3782 1767 3844 nunquam
1814 3763 2128 3829 memoria
2164 3764 2525 3829 exciderint
2564 3763 2775 3828 factae

820 3848 949 3930 ipsi
995 3867 1112 3929 per
1154 3846 1528 3912 Samuelem
1574 3849 2057 3931 promissiones.
2127 3850 2216 3914 Et
2259 3848 2385 3913 fuit
2428 3849 2635 3931 ipsius
2678 3849 2778 3912 in-

821 3933 1030 4016 signis
1064 3932 1226 3998 fides
1262 3941 1327 3997 et
1359 3933 1762 4018 inconcussa,
1798 3933 1909 4001 sed
1949 3957 2080 4001 non
2120 3945 2341 4001 tamen
2379 3933 2775 4012 ἀναισθητοςε

821 4018 1063 4101 quippe
1107 4017 1224 4098 qui
1266 4018 1679 4084 imminentia
1720 4022 1844 4086 sibi
1888 4020 2180 4104 pericula
2222 4021 2517 4098 senserit,
2585 4028 2650 4085 et
2694 4021 2776 4086 iis

820 4117 1135 4188 tanquam
1180 4103 1376 4169 homo
1422 4117 1784 4171 commotus
1842 4108 1948 4172 sit.
2037 4106 2181 4173 Hoc
2236 4107 2611 4191 exemplum
2658 4127 2776 4172 nos

823 4191 1009 4257 decet
1051 4189 1328 4269 imitari,
1394 4199 1462 4255 et
1519 4212 1874 4274 agnoscere
1917 4193 2137 4258 Deum
2184 4216 2302 4258 nos
2347 4194 2599 4257 virtute
2659 4212 2779 4256 sna

821 4286 1161 4360 regentem
1207 4276 1417 4341 facere
1441 4285 1517 4341 ut
1539 4277 1608 4340 in
1632 4278 1840 4360 ipsius
1864 4280 2096 4344 timore
2131 4286 2198 4344 et
2227 4277 2596 4344 obedientia
2632 4299 2775 4361 per-

822 4383 1231 4439 severemus,
1291 4372 1366 4426 ut
1408 4364 1587 4428 vitae
1631 4364 1834 4446 ipsius
1880 4364 2230 4449 participes
2272 4365 2539 4450 fiamus,
2594 4372 2662 4429 et
2705 4365 2774 4428 in

819 4447 1037 4514 medio
1082 4447 1517 4530 quarumlibet
1563 4457 2024 4532 tempestatum
2084 4459 2150 4517 et
2197 4451 2629 4535 procellarum
2674 4450 2777 4513 in-

823 4534 1113 4601 columes
1135 4532 1216 4598 ad
1240 4544 1504 4616 portum
1530 4532 1782 4600 felicem
1808 4533 2229 4603 deveniamus
2253 4555 2270 4602 :
2295 4545 2362 4603 et
2383 4535 2553 4620 lapsi
2577 4538 2775 4601 etiam

824 4621 891 4684 in
939 4621 1047 4686 via
1091 4620 1171 4685 ab
1215 4619 1355 4702 ipso
1399 4621 1748 4703 erigamur.
1817 4620 2257 4702 Quamobrem
2295 4621 2774 4687 observandum

823 4712 924 4770 est
967 4705 1299 4771 Davidem
1361 4707 1484 4770 etsi
1530 4706 1728 4772 fidem
1775 4707 2079 4786 retinuit,
2124 4717 2346 4774 tamen
2391 4728 2632 4792 magna
2673 4709 2776 4771 in-

823 4792 1136 4855 firmitate
1181 4789 1524 4857 laborasse.
1615 4792 1776 4857 Nam
1839 4814 1921 4858 ex
1979 4803 2164 4876 parte
2208 4794 2514 4877 periculis
2557 4793 2776 4859 immi-

824 4875 1134 4941 nentibus
1193 4878 1495 4942 territum
1554 4877 1888 4954 videmus,
1954 4880 2066 4945 sed
2136 4880 2262 4944 alia
2319 4901 2403 4943 ex
2448 4888 2635 4962 parte
2680 4879 2777 4945 vi-

825 4961 1045 5028 cissim
1090 4961 1219 5028 Dei
1263 4962 1461 5029 verbo
1507 4967 1964 5030 confirmatum
1988 5015 2003 5045 ,
2051 4967 2121 5029 in
2166 4965 2571 5031 orationibus
2615 4965 2776 5031 assi-

828 5045 1027 5111 duum
1073 5049 1302 5127 fuisse,
1369 5070 1580 5132 neque
1639 5071 1930 5132 unquam
1984 5050 2279 5116 animum
2338 5051 2776 5134 despondisse,

826 5132 1150 5216 fidemque
1217 5133 1535 5201 adversus
1609 5137 1930 5218 quaslibet
2003 5138 2399 5202 tentationes
2465 5149 2777 5220 tanquam

827 5219 1317 5303 septemplicem
1374 5221 1675 5304 clypeum
1730 5222 2072 5304 obiecisse,
2143 5243 2342 5307 quum
2409 5223 2483 5288 in
2542 5222 2775 5289 mediis

2869 595 3130 671 portata
3173 586 3308 651 iam
3358 586 3636 652 victoria
3688 586 3891 653 vovit.
3971 585 4158 652 Haec
4183 637 4199 662 ,
4256 587 4546 669 inquam,
4594 590 4730 656 veluti

2871 673 2992 738 sibi
3052 671 3378 737 contraria
3427 671 3496 736 in
3543 672 3800 737 Davide
3865 681 4024 737 sunt
4086 670 4515 750 observanda,
4571 697 4735 760 nempe

2871 758 3033 823 fides
3057 758 3265 841 ipsius
3286 778 3438 823 cum
3460 757 3843 822 infirmitate
3867 758 4232 837 coniuncta,
4267 778 4353 823 88
4384 758 4457 822 18
4480 762 4736 842 angustias

2870 843 3117 909 similes
3197 843 3473 909 coniecti
3555 842 4077 926 despondeamus
4157 864 4447 928 unquam
4505 846 4740 914 animum.

2869 930 3041 996 Nam
3109 930 3166 994 si
3232 928 3418 993 nulla
3477 929 3825 996 formidine
3882 928 4229 1013 perculsus
4282 929 4501 994 David
4557 931 4740 1016 fuisset,

2871 1036 3075 1098 quum
3134 1015 3338 1080 variis
3399 1013 3879 1081 calamitatibus
3923 1034 4377 1093 exerceamur,
4437 1016 4743 1094 diceremus,

2870 1102 2984 1168 Me
3052 1100 3399 1180 miserum,
3467 1100 3622 1183 quid
3689 1122 3793 1166 me
3851 1100 4092 1166 afflicto
4152 1101 4452 1167 futurum
4506 1111 4617 1179 est,
4666 1105 4743 1185 qui

2869 1196 3123 1252 tantam
3160 1187 3612 1252 infirmitatem
3642 1188 3874 1263 sentio,
3919 1198 3986 1251 et
4027 1185 4110 1252 ad
4146 1185 4427 1252 Davidis
4459 1187 4629 1253 fidem
4656 1209 4746 1254 nou

2868 1273 3134 1350 accedo,
3217 1293 3411 1355 quem
3471 1294 3620 1338 cum
3689 1274 3890 1337 tantis
3945 1271 4441 1338 difficultatibus
4498 1274 4745 1339 luctatum

2871 1359 3149 1443 legimus
3205 1368 3273 1423 et
3324 1379 3661 1440 nunquam
3713 1357 4138 1441 perterritum
4197 1379 4409 1441 neque
4467 1359 4748 1425 deiectum:

2868 1466 2989 1528 ego
3014 1465 3167 1511 vero
3198 1443 3623 1509 vehementer
3645 1443 3993 1527 percellor:
4040 1464 4116 1510 ac
4146 1444 4419 1526 proinde
4443 1444 4562 1509 Dei
4586 1444 4750 1510 favore

2869 1552 3135 1615 prorsus
3191 1530 3502 1612 indignus
3544 1528 3787 1597 videor.
3882 1529 4017 1595 Nos
4060 1531 4328 1612 inquam
4374 1532 4500 1594 isto
4542 1530 4750 1595 Davidis

2867 1615 3171 1700 exemplo
3216 1617 3434 1699 potius
3477 1627 3875 1680 terreremur
3920 1636 4119 1697 quam
4162 1615 4647 1681 consolationem
4682 1636 4753 1682 ae·

2867 1703 3230 1785 ciperemus
3298 1713 3367 1766 et
3423 1721 3463 1766 a
3522 1700 3666 1765 Deo
3725 1702 3942 1784 potins
4002 1701 4410 1766 resiliremus
4480 1722 4650 1785 quam
4698 1700 4753 1766 sd

2868 1790 3084 1871 ipsum
3144 1786 3443 1870 precibus
3488 1788 4005 1870 confugeremus.
4103 1785 4234 1854 Sed
4292 1808 4500 1870 quum
4543 1785 4758 1854 Davide

2869 1874 3292 1938 difficultates
3330 1872 3517 1938 nobis
3553 1883 4032 1955 proponuntur,
4077 1884 4144 1936 et
4185 1894 4318 1937 non
4364 1873 4561 1939 fnisse
4599 1875 4757 1956 ipsum

2868 1959 3232 2037 ἀναισθητον
3266 1958 3584 2038 videmus,
3627 1960 3790 2041 quin
3834 1960 4050 2042 potius
4091 1958 4162 2023 in
4200 1968 4455 2024 tantam
4488 1957 4759 2043 perturbe-

2869 2047 3115 2110 tionem
3170 2045 3465 2122 venisse,
3532 2052 3605 2135 ut
3658 2064 3885 2109 omnes
3946 2044 4244 2109 homines
4287 2045 4627 2110 mendaces
4661 2064 4761 2109 esse

2869 2132 3132 2208 diceret,
3169 2130 3521 2212 Deumque
3557 2129 3747 2195 illum
3782 2132 3848 2195 in
3875 2131 4077 2195 tantis
4098 2131 4426 2213 angustiis
4463 2130 4541 2195 ad
4564 2129 4763 2212 aliquod

2870 2230 3125 2300 tempus
3161 2238 3300 2282 esse
3324 2216 3630 2296 voluisse,
3677 2216 3961 2282 sciamus
3994 2237 4115 2280 nos
4139 2216 4291 2282 licet
4312 2217 4521 2282 variis
4542 2217 4765 2300 agitatos

2870 2301 3185 2386 procellis,
3224 2310 3291 2366 et
3319 2302 3596 2367 summis
3619 2302 3942 2386 angustiis
3963 2322 4326 2386 oppressos,
4365 2325 4503 2367 non
4526 2313 4763 2385 oportere

2870 2401 3090 2455 tamen
3150 2408 3440 2470 unquam
3486 2389 3779 2452 animum
3826 2388 4262 2470 despondere,
4320 2389 4438 2454 sed
4484 2386 4565 2452 ad
4606 2389 4767 2452 Deum

2871 2476 3039 2540 votis
3075 2474 3460 2540 ardentibus
3496 2494 3863 2558 assurgere,
3900 2487 3972 2538 ut
4009 2483 4207 2553 metu,
4241 2487 4308 2538 et
4341 2475 4528 2539 omni
4560 2493 4767 2554 corrup·

2873 2563 3044 2626 tione
3089 2560 3340 2624 liberet.
3428 2559 3661 2642 Neque
3715 2566 3893 2625 enim
3952 2559 4081 2624 alio
4127 2559 4265 2623 loco
4311 2559 4539 2625 David
4580 2571 4769 2624 temere

2873 2646 3047 2723 dicit,
3094 2645 3289 2729 pedes
3327 2666 3478 2711 suos
3513 2645 3582 2709 in
3630 2645 3848 2710 lutum
3893 2648 4260 2711 immersos.
4328 2645 4526 2726 Quae
4566 2645 4769 2729 quidem

2870 2734 3072 2798 verba
3117 2731 3195 2796 de
3241 2732 3436 2796 rebus
3475 2731 3769 2796 externis
3813 2732 4017 2815 accipi
4061 2741 4339 2815 possunt
4350 2754 4369 2810 3
4413 2732 4531 2797 sed
4563 2731 4772 2797 minime

2873 2817 3147 2883 dubium
3206 2837 3347 2882 esse
3371 2864 3388 2899 ,
3451 2818 3608 2898 quin
3656 2817 3864 2900 ipsius
3911 2819 4171 2883 animus
4214 2819 4532 2883 maximis
4570 2833 4772 2900 pertur-

2871 2903 3244 2969 bationibus
3279 2904 3567 2986 agitatus
3588 2905 3692 2969 sit.
3762 2903 3992 2986 Neque
4016 2923 4171 2970 vero
4194 2912 4423 2968 tamen
4464 2902 4573 2968 diu
4606 2897 4773 2967 David

2871 2990 3000 3055 isto
3058 2989 3196 3053 luto
3240 2987 3749 3071 perturbationis
3792 2988 4038 3068 haesit,
4095 2988 4207 3053 sed
4255 2990 4485 3055 Deum
4538 2987 4775 3073 precibus

2872 3075 3273 3154 sollicitavit,
3319 3084 3386 3139 et
3429 3074 3784 3141 exauditus
3828 3087 3945 3140 est.
4012 3074 4239 3156 Quare
4271 3075 4346 3138 18
4394 3085 4673 3140 nostram
4706 3071 4774 3134 in·

2873 3163 3298 3227 structionem
3345 3161 3439 3224 ita
3484 3160 3831 3243 loquutum
3874 3160 4203 3226 Davidem
4244 3180 4698 3244 agnoscamus:
4734 3167 4778 3221 et

2873 3246 3067 3312 Pauli
3129 3245 3492 3311 doctrinam
3539 3247 3940 3312 conformem
3997 3246 4097 3311 illi
4142 3246 4543 3313 reducamus
4585 3246 4647 3310 in
4681 3261 4777 3306 me-

2875 3333 3144 3398 moriam
3162 3357 3178 3413 ;
3223 3333 3337 3414 qui
3379 3332 3439 3397 2.
3466 3330 3547 3397 ad
3573 3331 3951 3398 Corinthios
3979 3333 4166 3398 docet
4190 3332 4414 3400 Deum
4455 3352 4607 3401 suos
4643 3349 4780 3396 exer·

2875 3427 3129 3486 centem
3205 3420 3404 3484 variis
3470 3417 3982 3497 calamitatibus,
4067 3417 4240 3483 nolle
4314 3425 4544 3484 tamen
4620 3427 4683 3481 ut
4734 3416 4781 3476 in

2877 3505 3402 3588 desperationem
3425 3504 3715 3582 veniant,
3752 3504 3866 3571 sed
3911 3514 3987 3570 ut
4052 3505 4223 3569 otius
4258 3505 4644 3570 ardentibus
4678 3506 4783 3585 pre-

2879 3591 3060 3657 cibus
3113 3591 3195 3654 ad
3244 3592 3455 3655 Deum
3517 3591 3918 3673 confugiant.
4062 3592 4119 3656 ic
4167 3590 4394 3656 David
4444 3590 4694 3656 Psalmo
4726 3584 4783 3647 34

2879 3686 3221 3760 postquam
3283 3675 3363 3740 de
3424 3676 3641 3758 variis,
3680 3677 3816 3759 egit
3858 3676 4361 3754 calamitatibus,
4424 3677 4653 3759 quibus
4689 3669 4785 3736 (lies

2881 3773 2946 3828 et
3004 3770 3227 3828 noctes
3286 3761 3737 3827 indesinenter
3780 3762 4227 3840 exercebatur,
4290 3762 4429 3827 ait:
4491 3760 4713 3827 Venite
4743 3767 4785 3818 st

2880 3869 2998 3915 vos
3056 3848 3369 3913 erudiam.
3457 3848 3610 3928 Ipse
3676 3868 3831 3913 sane
3889 3857 3988 3913 tot
4042 3848 4374 3914 malorum
4435 3842 4787 3939 experimen

2881 3935 3108 4000 doctus
3169 3934 3581 4016 loquebatur,
3643 3942 3709 3997 et
3767 3933 3848 3999 de
3904 3934 4099 3999 rebus
4141 3934 4264 3999 sibi
4309 3934 4529 4016 probe
4565 3929 4786 4015 cog-nim

2880 4022 3041 4086 alios
3084 4019 3441 4086 erudiebat.
3526 4017 3616 4084 Se
3657 4019 3861 4103 igitur
3903 4020 4138 4084 merito
4184 4020 4614 4102 loquuturum
4654 4015 4784 4082 dicit.

2882 4106 3052 4187 Sed,
3095 4127 3241 4183 oro,
3285 4105 3510 4188 quales
3554 4106 3760 4188 ipsius
3811 4126 4142 4173 sermones
4184 4107 4401 4170 futuri
4449 4102 4644 4171 sunt?
4714 4099 4788 4163 Ex

2882 4201 3068 4276 parte
3103 4212 3288 4257 suam
3325 4191 3776 4256 infirmitatem
3816 4191 4082 4273 detegit,
4118 4212 4202 4256 ne
4239 4210 4363 4258 nos
4390 4191 4627 4257 iisdem
4647 4184 4787 4254 818111

2882 4278 3150 4344 exerciti
3182 4277 3700 4359 despondeamus
3735 4279 4050 4355 animum,
4095 4286 4163 4342 et
4199 4276 4280 4343 ab
4325 4277 4550 4342 officio
4592 4271 4791 4340 resilia-

2880 4387 3027 4430 mus
3062 4364 3209 4428 Deo
3247 4383 3365 4429 nos
3411 4363 3611 4428 variis
3654 4363 4132 4429 calamitatibus
4176 4362 4565 4428 deiiciente:
4606 4353 4789 4448 deindo}

2881 4472 2964 4515 ex
3031 4450 3240 4514 altera
3303 4458 3494 4531 parte
3560 4448 3756 4514 fidem
3823 4470 4009 4515 suam
4068 4448 4391 4527 declarat,
4454 4469 4587 4531 qua
4630 4442 4789 4514 velun

2882 4535 3045 4601 duce
3089 4533 3171 4599 ad
3196 4534 3412 4599 Deum
3438 4536 3797 4614 accesserit,
3849 4536 4301 4619 fiduciamque,
4347 4556 4547 4600 suam
4590 4535 4654 4598 in
4690 4531 4790 4611 ipso

2880 4620 3246 4698 collocarit,
3307 4630 3371 4684 et
3431 4620 3730 4703 precibus
3777 4622 4126 4688 sollicitare
4168 4642 4303 4687 non
4347 4619 4709 4692 erubuerit.
4744 4617 4791 4710 'i‘

2879 4708 3012 4772 illis
3054 4705 3315 4789 quidem
3356 4727 3491 4771 non
3525 4707 3731 4774 irritis
3767 4728 3979 4790 neque
4012 4708 4354 4774 inanibus:
4404 4704 4661 4789 quando
4688 4719 4788 4792 qm}

2881 4792 3032 4857 dem
3097 4812 3212 4874 spe
3272 4803 3337 4857 et
3391 4793 3629 4859 fiducia
3688 4794 3947 4860 divinae
4006 4794 4365 4860 voluntatis
4428 4794 4658 4877 plenus
4702 4788 4785 4869 11181

2880 4879 3269 4946 sacrificium
3335 4879 3697 4961 gratiarum
3756 4878 4028 4945 actionis
4070 4881 4269 4946 audet
4312 4900 4589 4957 vovere,
4639 4889 4787 4958 quum

2881 4987 2966 5031 ex
3012 4964 3313 5030 omnibus
3359 4963 3666 5047 periculis
3711 4965 4025 5032 liberatus
4060 4966 4278 5032 fuerit.

3052 5049 3271 5115 David
3333 5051 3534 5135 igitur
3590 5051 3657 5115 in
3717 5052 3994 5117 summis
4053 5074 4272 5120 rernm
4317 5072 4595 5118 suarum
4631 5063 4785 5129 angu-

2882 5136 3056 5214 stiis,
3102 5157 3244 5202 sese
3289 5137 3549 5201 divinae
3596 5136 3905 5202 bonitatis
3946 5136 4185 5203 fiducia
4229 5138 4589 5205 sustinuit:
4638 5133 4783 5222 longe

2882 5220 3146 5287 illorum
3206 5220 3542 5288 dissimilis
3609 5224 3721 5307 qui
3792 5223 4261 5291 tentationibus
4320 5223 4541 5291 variis
4591 5220 4783 5306 aginno
