5059 6059
320 307 430 375 353

318 499 484 568 cedit.
567 495 921 562 Caeterum
979 516 1112 562 non
1168 495 1392 580 procul
1457 494 1832 563 abeundum
1896 494 2104 576 nobis,
2154 503 2230 561 ut

317 587 396 652 ait
432 581 688 656 Paulus,
749 581 830 647 ad
889 580 1061 647 hanc
1104 581 1235 647 Dei
1294 583 1605 649 virtutem
1663 582 2222 667 investigandam:

316 690 505 753 neque
560 667 732 733 enim
790 667 918 751 ipsi
976 678 1202 734 nostra
1259 667 1503 735 virtute
1568 668 1888 752 vivimus,
1953 667 2067 734 sed
2128 668 2225 732 di-

318 760 479 825 vina:
542 752 963 837 quamobrem
1021 754 1092 818 in
1149 752 1339 820 nobis
1393 753 1555 837 ipsis
1612 755 1772 820 satis
1830 754 1989 838 quid
2041 753 2225 820 Deus

313 844 390 911 sit
441 838 832 924 experimur.
922 838 1172 904 Verum
1236 851 1455 904 tamen
1510 848 1577 905 et
1629 839 1777 905 aliis
1834 839 2225 923 quibusdam

311 925 599 1015 gradibus
664 924 747 990 ad
812 925 1020 1008 ipsius
1090 925 1493 1010 agnitionem
1558 926 1967 1008 pervenitur:
2044 937 2222 1009 puta,

350 1034 493 1079 uum
550 1011 822 1094 quisque
881 1031 1103 1076 secum
1162 1010 1510 1094 diligenter
1565 1011 1799 1094 quibus
1857 1031 1898 1076 a
1939 1010 2225 1077 Domino

309 1035 476 1164 donis
532 1095 924 1180 specialibus
968 1095 1216 1162 ditatus
1261 1098 1347 1162 sit
1390 1097 1719 1182 expendit.
1809 1095 1925 1164 Sic
1968 1100 2076 1180 qui
2124 1097 2223 1162 vi·

308 1185 472 1250 ribus
510 1182 760 1264 ingenii
804 1190 872 1246 et
913 1182 1235 1265 sapientia
1278 1181 1496 1266 pollet,
1539 1182 1653 1266 qui
1697 1184 1979 1249 terrenis
2020 1182 2223 1249 facul-

306 1271 530 1336 tatibus
587 1267 898 1348 abundat,
953 1269 1067 1352 qui
1127 1267 1445 1351 plurimos
1497 1268 1781 1335 honores
1839 1277 1940 1336 est
1996 1289 2221 1335 conse-

305 1368 545 1441 quutus,
600 1374 820 1419 nonne
863 1354 1147 1437 amplam
1193 1354 1391 1420 habet
1432 1375 1651 1421 secum
1693 1353 1823 1418 Dei
1867 1355 2220 1420 bonitatem

301 1439 638 1525 reputandi
682 1439 1043 1516 materiam,
1090 1442 1340 1506 acuius
1383 1439 1789 1525 benignitate
1825 1449 1924 1506 tot
1967 1450 2219 1506 tantae·

302 1549 413 1612 que
466 1526 811 1592 facultates
867 1534 1359 1608 promanarunt,
1426 1535 1877 1609 quantumque
1932 1525 2078 1592 Deo
2135 1527 2222 1593 sit

299 1614 632 1679 devinctus
674 1610 1043 1695 cogitandi?
1109 1609 1240 1677 Sed
1285 1612 1412 1677 ista
1456 1613 1650 1695 longe
1695 1611 1910 1678 adhuc
1955 1613 2219 1694 maiora,

297 1700 345 1766 si
384 1698 523 1782 quis
573 1718 645 1764 se
700 1717 850 1763 eum
910 1696 1118 1762 brutis
1174 1697 1622 1765 animantibus
1678 1699 1989 1773 conferat,
2046 1697 2219 1781 quod

298 1806 411 1868 quo
471 1782 710 1849 melior
774 1791 879 1848 est
943 1782 1287 1847 hominum
1355 1804 1510 1866 prae
1575 1783 1704 1849 illis
1769 1781 2074 1861 conditio,
2140 1806 2218 1850 eo

296 1871 522 1936 maiora
609 1869 742 1934 sint
820 1870 893 1934 in
974 1868 1273 1934 homines
1353 1867 1480 1935 Dei
1560 1868 1903 1935 beneficia:
1985 1869 2220 1954 quibus

294 1954 553 2040 proinde
600 1977 720 2021 nos
763 1953 974 2037 magis
1016 1975 1093 2020 ac
1137 1953 1349 2038 magis
1393 1954 1476 2020 ad
1520 1953 1649 2019 Dei
1692 1955 1918 2021 laudes
1961 1955 2218 2022 incitari

333 2064 401 2109 ar
454 2043 570 2120 sit,
634 2040 806 2124 quod
842 2038 1059 2124 ⁴longe
1123 2040 1584 2106 excellentiore
1641 2039 1958 2124 dignitate
2022 2063 2220 2125 quam

292 2064 467 2194 bruta
509 2148 639 2194 nos
683 2126 990 2210 dignatus
1034 2126 1140 2191 sit.
1230 2125 1472 2210 Ecquis
1524 2126 1731 2210 igitur
1775 2148 1905 2192 non
1948 2135 2025 2192 ut
2066 2127 2219 2193 abo-

292 2212 665 2280 minandum
710 2220 1091 2278 exsecratur
1132 2233 1301 2292 eum,
1352 2212 1464 2294 qui
1521 2213 1799 2280 summis
1841 2234 1882 2278 a
1923 2211 2067 2278 Deo
2111 2214 2220 2280 be-

296 2301 527 2366 neficiis
548 2309 621 2364 et
645 2297 1002 2364 honoribus
1024 2298 1416 2375 cumulatae,
1442 2298 1643 2363 fuerit
1659 2311 1877 2364 tamen
1901 2299 2220 2383 ingratus,

295 2395 354 2451 et
394 2385 516 2450 Dei
561 2405 728 2469 erga
770 2404 841 2449 se
881 2383 1343 2450 liberalitatem
1403 2382 1776 2467 praedicare
1821 2386 2214 2469 neglexerit:

294 2493 477 2554 quum
533 2469 925 2554 praesertim
983 2489 1116 2535 non
1166 2467 1394 2536 eadem
1437 2490 1655 2536 secum
1701 2491 1830 2553 qua
1873 2489 2018 2535 cum
2064 2470 2215 2536 reli-

293 2558 426 2642 quis
493 2557 714 2640 ipsum
780 2575 973 2640 agere
1040 2555 1295 2622 ratione
1357 2555 1677 2639 cogitarit,
1743 2576 1945 2639 quum
2012 2555 2213 2621 alium

293 2643 537 2726 quidem
584 2649 918 2708 amentem
961 2651 1029 2705 et
1067 2640 1399 2719 insanum,
1445 2640 1646 2707 alium
1681 2661 1841 2708 vero
1882 2640 2214 2727 stupidum

293 2738 353 2795 et
388 2729 692 2795 hebetem
738 2747 814 2792 ac
856 2725 1101 2793 nullius
1145 2746 1413 2828 prorsus
1438 2726 1689 2809 ingenii
1732 2728 1971 2808 virum,
2013 2727 2217 2794 alium

292 2816 427 2881 vilis
468 2826 535 2881 et
579 2812 875 2880 abiectae
917 2812 1310 2878 conditionis
1346 2811 1696 2878 ,hominem
1738 2834 1934 2879 suum
1977 2834 2216 2897 panem

284 2900 820 2978 emendicantem,
865 2898 1065 2963 alium
1109 2899 1182 2963 in
1225 2896 1506 2966 dedecus
1549 2908 1618 2963 et
1658 2898 2075 2982 opprobrium
2098 2921 2215 2965 na-

287 2997 435 3065 tum,
499 2988 711 3054 alium
768 2984 839 3049 in
899 2983 1180 3051 vinculis
1239 2985 1478 3050 misere
1539 2985 1873 3052 viventem
1930 2985 2212 3052 viderit?

286 3072 384 3138 An
426 3094 557 3139 non
591 3071 750 3156 plus
792 3089 989 3153 quam
1032 3070 1334 3155 ingratus
1377 3077 1479 3136 est
1521 3070 1652 3135 nisi
1673 3071 1743 3135 in
1787 3070 2055 3154 benigni
2099 3093 2215 3155 pa-

288 3160 395 3226 tris
447 3158 685 3224 laudes
736 3163 1059 3240 erumpat,
1115 3157 1227 3239 qui
1282 3164 1418 3221 tam
1475 3176 1676 3241 prope
1735 3155 2089 3223 benefactis
2131 3157 2215 3224 ad

287 3244 491 3328 ipsum
756 3263 886 3320 ere,
942 3263 1141 3325 seque
1195 3241 1220 3306 i
1268 3242 1325 3307 si
1386 3242 1864 3308 communicare
1907 3242 2215 3327 dignatus

287 3329 417 3397 est?
463 3333 688 3414 Atque
731 3326 893 3394 haee
935 3347 1069 3393 una
1111 3326 1194 3393 ad
1299 3349 1449 3394 eum
1494 3327 1841 3394 accedendi
1887 3329 2051 3395 ratio
2095 3337 2214 3410 est,

286 3437 398 3499 qua
438 3438 580 3483 sese
626 3415 818 3479 Deus
861 3413 1048 3480 nobis
1090 3413 1419 3497 patefacit,
1463 3433 1651 3479 suam
1695 3414 2214 3481 munificentiam

287 3523 429 3587 erga
455 3522 577 3567 nos
606 3519 942 3578 exserens,
987 3506 1057 3564 et
1077 3519 1234 3584 prae
1275 3501 1551 3567 caeteris
1593 3500 2035 3567 animantibus
2076 3510 2213 3567 tam

285 3608 470 3671 prope
528 3608 680 3654 sese
740 3586 927 3651 nobis
985 3586 1348 3669 coniungit.
1434 3585 1785 3651 Caeterum
1841 3585 2035 3672 longe
2099 3609 2213 3654 ex-

286 3673 612 3739 cellentius
663 3692 808 3737 sese
850 3671 1038 3738 nobis
1079 3670 1530 3755 communicat,
1576 3692 1779 3754 quum
1823 3672 1893 3736 in
1930 3672 2213 3739 filiorum

285 3780 623 3826 numerum
683 3778 806 3823 uos
863 3765 1142 3823 testatur
1196 3778 1339 3823 sese
1403 3756 1782 3823 admittere:
1848 3757 2215 3825 cuiusmodi

287 3853 381 3909 est
428 3843 763 3929 evangelii
808 3841 1220 3926 praedicatio,
1279 3844 1351 3908 in
1393 3864 1519 3926 quo
1577 3842 1792 3926 palam
1840 3864 1982 3909 sese
2027 3846 2213 3911 nobis

287 3930 355 3993 in
391 3930 663 3996 Christo
722 3930 965 3996 factum
1011 3939 1262 4012 patrem
1321 3931 1693 3994 annuntiat.
1780 3928 1972 3995 Hanc
2014 3931 2212 3997 etiam

282 4015 360 4080 ob
399 4037 665 4083 causam
726 4013 1143 4099 evangelium
1204 4015 1706 4081 communicatio
1743 4012 1999 4081 Christi
2041 4039 2212 4082 nun-

280 4112 581 4184 cupatur:
632 4101 905 4166 minime
947 4098 1207 4183 quidem
1248 4101 1465 4167 inanis
1508 4100 1640 4178 illa,
1684 4100 2005 4166 sedonius
2028 4108 2215 4168 tanta

286 4189 384 4252 vis
422 4198 540 4268 est,
608 4197 691 4252 ut
728 4188 794 4252 in
862 4206 1097 4270 corpus
1139 4186 1346 4269 ipsius
1401 4186 1605 4266 insiti,
1661 4187 1958 4252 membra
2011 4189 2214 4272 ipsius

277 4272 517 4353 fiamus,
575 4273 919 4355 vitamque
977 4294 1126 4339 cum
1188 4271 1302 4337 illo
1351 4291 1765 4339 communem
1825 4270 2214 4340 habeamus:

281 4367 342 4423 et
379 4357 929 4443 quemadmodum
976 4380 1149 4424 unus
1192 4364 1293 4424 est
1334 4357 1405 4423 in
1450 4366 1655 4441 patre,
1710 4360 1806 4423 ita
1849 4381 1968 4424 nos
2010 4381 2216 4432 unum

279 4444 343 4509 in
393 4447 537 4530 ipso
592 4446 853 4511 fiamus.
942 4442 1186 4525 Quare,
1246 4463 1454 4526 quum
1511 4452 1696 4509 tanta
1751 4444 1839 4509 sit
1881 4444 2009 4509 Dei
2059 4468 2219 4532 erga

280 4551 391 4596 uos
453 4531 855 4616 benignitas,
918 4529 1134 4596 danda
1184 4531 1398 4595 omnis
1458 4550 1658 4613 opera
1712 4550 1797 4594 ne
1897 4532 2077 4597 rocul
2135 4534 2216 4599 ab

278 4616 414 4700 ipso
457 4619 755 4684 ferarum
798 4615 1010 4682 instar
1052 4616 1441 4694 resiliamus,
1496 4616 1613 4681 sed
1656 4615 1825 4698 placi
1873 4637 1910 4682 e
1952 4618 2216 4686 virtutis

280 4703 501 4785 ipsius,
570 4702 840 4779 amoris,
903 4702 1212 4781 iustitiae,
1279 4700 1692 4768 rectitudinis
1770 4701 2216 4770 testimonium

282 4788 777 4872 amplectamur.
837 4788 930 4854 At
969 4809 1106 4853 non
1148 4788 1384 4854 leviter
1426 4786 1903 4870 praetereunda
1942 4790 2215 4856 circum-

282 4876 521 4940 stantia
579 4875 702 4941 illa
757 4882 857 4940 est
920 4894 1120 4957 quam
1182 4874 1522 4959 attigimus
1586 4873 1978 4950 conditionis
2041 4875 2217 4942 illius

280 4969 556 5041 nostrae,
604 4962 680 5026 in
722 4981 850 5044 qua
891 4961 1280 5027 constitutos
1324 4966 1392 5024 et
1433 4958 1670 5026 misere
1711 4960 1998 5026 iacentes
2030 4962 2219 5028 Deus

280 5066 592 5128 quaerere
641 5067 759 5111 nos
815 5045 1145 5130 dignatur.
1234 5045 1466 5128 Neque
1508 5047 1683 5111 enim
1736 5044 2055 5130 dignitate
2098 5048 2216 5113 ali-

284 5150 408 5213 qua
448 5141 521 5199 ct
540 5131 800 5198 viribus
842 5132 1161 5215 pollentes
1205 5142 1383 5196 amat
1403 5138 1470 5196 et
1505 5131 1742 5212 evehit,
1787 5129 1901 5198 sed
1943 5133 2217 5201 miseros

286 5227 348 5281 et
387 5219 699 5298 abiectos,
737 5218 939 5285 immo
981 5218 1054 5283 in
1096 5218 1305 5300 ipsam
1349 5217 1710 5284 inferorum
1750 5217 2058 5303 abyssum
2092 5219 2216 5286 im-

476 5319 711 5378 Galcim‘
737 5335 928 5391 opera.
1002 5319 1127 5377 Vol.
1154 5319 1390 5378 XXIX.

1631 306 1733 374 IN
1790 307 1845 375 Ι.
1892 308 2078 374 LIB.
2123 306 2531 375 SAMUEL.
2592 307 2791 374 OAP.
2837 303 2926 374 11.

4146 305 4280 375 354

2329 517 2578 562 mersos
2655 494 3046 580 investigat,
3108 501 3305 579 atque
3366 496 3524 564 inde
3599 496 3903 582 benignis
3970 499 4282 566 manibus

2330 583 2502 647 eruit
2559 584 2629 646 in
2680 583 2934 648 coelum
2990 580 3383 649 evehendos.
3472 583 3814 665 Quantum
3870 584 4096 670 igitur,
4140 605 4278 665 oro,

2328 679 2630 734 nostrum
2677 666 2974 748 dedecus,
3019 667 3077 733 si
3121 668 3440 735 tardiores
3499 690 3727 735 sumus
3771 671 3838 735 in
3885 671 4092 754 ipsius
4134 671 4270 738 cul-

2329 762 2470 819 tum
2515 762 2585 820 et
2629 754 2922 839 gloriam,
2967 773 3169 836 quum
3213 774 3291 819 ea
3314 754 3400 820 sit
3441 755 3743 821 vocantis
3786 765 3855 821 et
3897 756 4274 840 adoptantis

2330 840 2654 920 voluntas,
2709 847 2786 905 ut
2829 849 2997 905 totos
3036 861 3154 905 nos
3197 840 3324 925 ipsi
3370 839 3678 919 dicemus,
3737 861 3812 908 ac
3856 863 3975 926 pro
4017 844 4272 911 viribus

2327 925 2606 1008 gloriam
2650 926 2858 1009 ipsius
2902 946 3286 1008 promovere
3329 925 3751 992 studeamus?

2497 1013 2939 1077 Transeamus
2995 1009 3078 1076 ad
3149 1012 3354 1078 verba
3414 1012 3530 1076 illa
3588 1011 3825 1096 quibus
3881 1011 4106 1081 Aaron
4164 1036 4275 1080 vo-

2326 1101 2505 1163 catus
2548 1103 2606 1163 et
2646 1098 2872 1164 electus
2927 1097 2998 1162 in
3039 1098 3416 1164 sacerdotem
3457 1098 3708 1179 dicitur,
3764 1103 3838 1164 ut
3878 1101 4274 1167 adscenderet

2326 1184 2412 1249 ad
2452 1183 2654 1250 altare
2694 1183 2980 1262 Domini,
3024 1187 3082 1248 et
3121 1183 3390 1249 adoleret
3428 1184 3559 1265 ipsi
3600 1185 3924 1250 incensam
3966 1192 4023 1251 ct
4059 1207 4272 1254 coram

2325 1270 2467 1350 ipso
2516 1274 2807 1354 portaret
2859 1268 3055 1351 ephod
3068 1319 3085 1347 ,
3139 1275 3508 1352 partemque
3569 1270 3646 1335 de
3707 1272 4046 1354 sacrificiis
4110 1273 4270 1339 aeci-

2312 1360 2510 1436 peret.
2596 1355 2890 1439 Insignis
2948 1353 3082 1430 illa,
3146 1354 3318 1421 sicut
3377 1363 3533 1421 ante
3586 1355 3893 1438 diximus,
3959 1357 4267 1444 dignitas.

2323 1441 2567 1525 Ecquis
2622 1442 2801 1506 enim
2859 1439 3203 1505 mortalem
3259 1462 3390 1506 non
3449 1440 3669 1508 minus
3727 1463 3922 1525 quam
3984 1443 4271 1528 reliquos

2323 1539 2749 1614 peccatorem,
2808 1546 3029 1593 coram
3090 1525 3219 1591 Dei
3284 1525 3601 1592 tribunali
3666 1548 3873 1607 reum,
3938 1538 4008 1595 et
4065 1550 4264 1613 quem

2323 1626 2502 1681 terra
2556 1614 2729 1679 ferat
2785 1611 3154 1696 indignum,
3214 1613 3555 1679 constituit
3610 1613 4036 1681 mediatorem
4091 1617 4270 1682 inter

2323 1701 2542 1768 Deum
2600 1710 2666 1766 et
2726 1698 3041 1778 homines,
3099 1696 3181 1762 ad
3227 1699 3411 1764 cuius
3455 1718 3683 1782 preces
3727 1699 3941 1767 iustus
3984 1701 4114 1767 Dei
4158 1702 4264 1767 fu-

2323 1808 2434 1853 ror
2493 1785 2697 1852 veluti
2754 1782 3179 1851 cohibeatur?
3270 1783 3534 1868 Quique
3590 1786 3913 1853 sacrificia
3954 1808 4071 1871 pro
4113 1808 4265 1870 pec-

2323 1872 2486 1940 catis
2552 1870 2913 1955 expiatoria
2975 1867 3254 1935 offerat?
3344 1868 3786 1951 Quamobrem
3857 1894 3987 1957 quo
4054 1873 4267 1940 maior

2322 1959 2437 2024 illa
2497 1957 2623 2022 fuit
2682 1956 2969 2022 Aaronis
3028 1955 3338 2040 dignitas,
3396 1977 3473 2022 eo
3522 1957 3861 2041 graviores
3905 1979 4148 2042 poenas
4191 1961 4264 2024 in

2322 2067 2395 2110 se
2438 2044 2645 2127 ipsius
2688 2061 3113 2120 successores,
3158 2042 3227 2106 in
3271 2043 3672 2108 contrarium
3715 2043 3924 2128 ipsius
3943 2044 4074 2111 Dei
4096 2046 4269 2110 dona

2321 2138 2678 2206 vertentes,
2724 2126 3230 2194 accersiverunt.
3295 2126 3546 2195 Idcirco
3587 2130 3888 2212 sequitur
3929 2130 4104 2215 apud
4146 2152 4264 2198 au·

2323 2227 2553 2295 torem,
2596 2214 2816 2280 Deum
2861 2210 3125 2297 quidem
3168 2212 3510 2296 loquutum
3553 2236 3696 2281 esse
3740 2225 3818 2280 ut
3859 2215 4093 2283 domus
4136 2220 4269 2283 Aa·

2321 2302 2503 2367 renis
2567 2300 2976 2365 ministraret
3037 2300 3107 2364 in
3174 2297 3446 2365 Domini
3508 2309 3860 2384 conspectu
3927 2322 4133 2386 usque
4190 2302 4264 2368 in

2321 2387 2815 2470 sempiternum,
2860 2385 2930 2450 id
2973 2393 3091 2465 est,
3134 2386 3513 2451 continuam
3559 2386 3694 2452 sore
3738 2386 4079 2454 sacerdotii
4124 2409 4268 2456 suc-

2321 2475 2711 2541 cessionem:
2769 2469 2883 2537 sed
2940 2490 3119 2536 nunc
3175 2471 3268 2536 ita
3324 2470 3690 2537 Dominum
3755 2472 4003 2539 dicere:
4069 2474 4265 2542 Absit

2319 2559 2445 2626 hoc
2487 2577 2530 2623 a
2572 2575 2711 2623 me:
2756 2556 2871 2622 sed
2915 2556 3283 2640 quicunque
3327 2577 3434 2622 me
3477 2557 4027 2644 honorificaverit,
4070 2560 4265 2646 glori·

2320 2644 2525 2710 ficabo
2570 2666 2742 2722 eum,
2812 2643 2924 2726 qui
2968 2650 3193 2708 autem
3236 2645 3720 2727 contempserit,
3763 2646 3892 2710 erit
3933 2645 4259 2730 ignobilis.

2318 2730 2499 2796 Hinc
2554 2730 2762 2814 igitur
2817 2731 2888 2794 in
2949 2728 3179 2812 primis
3236 2741 3506 2813 apparet
3547 2728 3706 2794 Heli
3762 2751 3916 2796 cum
3961 2740 4098 2797 tota
4141 2753 4261 2799 sua

2320 2815 2569 2882 familia
2625 2814 2934 2880 meritum
2986 2823 3061 2879 ut
3117 2822 3304 2880 tanta
3357 2813 3676 2900 dignitate
3731 2816 4143 2900 spoliaretur,
4192 2826 4260 2885 et

2322 2912 2502 2967 tanto
2547 2901 2794 2967 honore
2835 2908 3406 2967 exauctoraretur:
3454 2903 3693 2966 Annon
3738 2901 3915 2967 enim
3945 2901 4130 2968 Deus
4174 2903 4257 2969 ab

2320 2986 2697 3053 hominibus
2749 2986 2983 3051 merito
3041 3006 3286 3069 suoque
3343 2985 3489 3052 iure
3547 2986 3811 3053 laudem
3855 2998 3923 3052 et
3979 2988 4257 3073 gloriam

2320 3075 2615 3139 omnium
2659 3073 2865 3155 ipsius
2886 3072 2959 3137 in
2982 3092 3101 3138 nos
3144 3070 3602 3138 beneficiorum
3640 3072 3945 3155 postulat,
3990 3074 4261 3141 minime

2319 3157 2582 3242 quidem
2638 3157 2810 3243 quod
2884 3165 3105 3224 nostra
3167 3157 3364 3223 laude
3431 3156 3783 3242 quidquam
3851 3169 4258 3243 assequatur,

2316 3253 2431 3311 aut
2473 3244 2702 3310 eadem
2755 3242 3069 3328 indigeat,
3127 3243 3242 3311 sed
3286 3244 3459 3326 quod
3506 3265 3784 3328 aequum
3830 3244 3935 3324 sit,
3981 3266 4100 3312 nos
4142 3265 4256 3311 au-

2315 3340 2520 3396 torem
2587 3329 3044 3396 beneficiorum
3111 3350 3482 3415 agnoscere,
3545 3338 3613 3396 et
3675 3328 3903 3397 laudes
3956 3330 4255 3397 eiusdem

2316 3415 2710 3500 praedicare,
2798 3436 2960 3498 quas
3044 3416 3188 3482 sine
3273 3415 3516 3482 scelere
3603 3415 3826 3482 nullus
3910 3417 4253 3483 omiserit?

2317 3502 2542 3583 Quare
2598 3509 2865 3585 apparet
2925 3502 3159 3567 merito
3214 3500 3324 3568 hic
3382 3500 3507 3566 dici
3562 3501 3721 3567 Heli
3778 3500 3907 3568 Dei
3957 3500 4128 3570 dona
4185 3503 4257 3569 in

2314 3588 2716 3654 contrarium
2753 3607 2946 3652 usum
2990 3588 3407 3665 convertisse,
3454 3595 3651 3671 atque
3694 3587 3856 3654 adeo
3899 3587 4103 3654 veluti
4147 3608 4259 3673 pe·

2315 3673 2505 3740 dibus
2570 3673 2982 3740 conculcasse
3048 3675 3174 3739 Dei
3235 3674 3443 3757 ipsius
3508 3673 3807 3758 gloriam.
3895 3673 4067 3740 Nam
4133 3675 4259 3741 etsi

2316 3780 2449 3825 non
2492 3779 2575 3826 ea
2606 3759 2730 3825 fuit
2764 3759 2905 3824 eius
2949 3778 3153 3838 mens,
3197 3759 3393 3843 culpa
3435 3768 3677 3839 tamen,
3718 3780 3854 3824 non
3882 3760 4028 3843 ipsa
4069 3781 4259 3827 mens

2316 3854 2417 3912 est
2459 3844 2879 3910 attendenda.
2967 3843 3153 3911 Deus
3195 3844 3373 3910 enim
3424 3865 3686 3928 semper
3727 3866 3889 3912 vera
3931 3845 4257 3931 proloqui-

2318 3944 2461 3997 tur:
2521 3939 2588 3996 et
2647 3929 2958 3996 mortales
3014 3951 3280 3998 causam
3338 3930 3510 4013 apud
3566 3932 3780 4014 ipsum
3832 3952 4016 3997 suam
4061 3953 4259 4016 agere

2316 4018 2372 4083 si
2449 4017 2777 4082 voluerint
2841 4015 3008 4081 nihil
3089 4037 3377 4099 unquam
3445 4017 3946 4099 promovebunt.
4035 4016 4256 4099 Quare

2315 4104 2424 4188 qui
2470 4101 2793 4170 sacrificia
2836 4122 2969 4167 non
3014 4102 3139 4169 rite
3181 4102 3401 4181 coluit,
3442 4103 3556 4167 sed
3579 4101 3807 4167 eadem
3849 4105 4255 4188 contempsit,

2318 4189 2596 4274 pedibus
2639 4210 2720 4254 ea
2760 4187 3176 4254 conculcasse
3215 4188 3454 4253 merito
3500 4186 3812 4255 dicendus
3855 4197 3974 4256 est.
4036 4191 4255 4273 Atque

2319 4274 2479 4341 adeo
2538 4274 2742 4359 digna
2792 4274 2954 4339 haee
3009 4282 3168 4339 sunt
3225 4295 3390 4357 quae
3433 4272 3783 4358 diligenter
3825 4294 3865 4338 a
3905 4273 4095 4341 nobis
4139 4294 4256 4340 ex·

2318 4360 2707 4445 pendantur,
2770 4381 2855 4425 ne
2913 4359 3202 4425 eiusdem
3259 4381 3409 4426 cum
3468 4359 3628 4425 Heli
3690 4366 4101 4442 contemptus
4156 4360 4255 4425 rei

2317 4455 2536 4514 coram
2580 4444 2869 4510 Domino
2905 4447 3158 4511 fiamus.
3248 4444 3403 4528 Sed,
3447 4445 3614 4529 proh
3659 4445 3872 4511 dolor!
3918 4465 4111 4530 quam
4155 4447 4254 4511 fa·

2318 4533 2460 4598 cilis
2518 4531 2765 4614 lapsus.
2853 4532 3025 4597 Nam
3072 4539 3149 4596 ut
3192 4529 3273 4595 de
3313 4530 3446 4596 Dei
3489 4531 3687 4610 cultu,
3736 4529 3947 4614 qualis
3989 4538 4091 4596 est
4133 4528 4254 4596 ho-

2319 4618 2444 4697 die,
2499 4616 2843 4701 spirituali,
2901 4626 2970 4682 et
3023 4615 3313 4683 eiusdem
3371 4616 3608 4682 ritibus
3651 4615 3894 4699 aliquid
3938 4615 4251 4694 dicamus,

2321 4726 2359 4770 a
2411 4704 2516 4783 ‘te,
2562 4702 2621 4768 si
2662 4703 2735 4768 in
2777 4702 3115 4770 eeclesiam
3160 4701 3423 4786 quidem
3468 4701 3739 4780 oraturi,
3783 4700 4251 4767 confessionem

2318 4792 2362 4856 fi
2411 4790 2469 4855 ei
2551 4787 2809 4866 edituri,
2891 4800 3303 4856 sacramenta
3373 4787 3741 4872 percepturi
3805 4785 4252 4868 convenimus,

2317 4875 2431 4942 sed
2492 4875 2760 4940 interim
2814 4874 3112 4941 doctrina
3148 4895 3286 4940 non
3337 4881 3655 4957 quantum
3698 4872 4034 4954 oportebat
4074 4872 4251 4955 apud

2319 4983 2436 5028 noa
2492 4959 2747 5045 pondus
2805 4959 3063 5041 habeat,
3116 4960 3230 5026 sed
3284 4959 3491 5024 instar
3547 4956 3821 5022 anilium
3881 4956 4247 5024 fabularum

2316 5056 2383 5114 et
2425 5046 2746 5114 mendacii
2799 5047 2905 5126 sit,
2964 5048 3019 5113 si
3063 5046 3282 5112 Deum
3337 5042 3599 5128 quidem
3654 5041 3951 5125 precibus
4007 5043 4248 5110 sollici-

2317 5140 2553 5213 tamus,
2611 5131 2725 5199 sed
2780 5131 3180 5202 confusionis
3222 5139 3288 5196 et
3327 5128 3798 5195 irreverentiae
3851 5128 4048 5212 plena
4087 5137 4251 5195 sunt

2315 5218 2572 5286 omnia:
2647 5218 2705 5285 si
2785 5219 3065 5303 denique
3140 5223 3553 5284 sacramenta
3603 5214 3758 5280 sine
3820 5214 3950 5282 Dei
4013 5215 4256 5282 timore
