5059 6059
297 327 429 395 409

298 533 569 586 nentem
606 526 928 596 metuant,
966 527 1033 584 et
1068 518 1383 583 adversus
1419 517 1592 599 ipsos
1625 515 1818 580 multi
1856 516 2246 599 conspirent,

301 614 378 669 ut
445 603 781 687 deplorata
843 602 1020 669 salus
1081 604 1414 678 videatur,
1482 610 1549 667 et
1607 602 1764 667 hinc
1818 599 1970 665 inde
2029 601 2252 666 multis

299 689 785 757 calamitatibus
827 699 896 755 et
937 688 1397 755 afflictionibus
1442 696 1846 773 premantur,
1890 686 2246 751 remedium

303 787 530 842 tamen
575 774 890 842 adversus
933 786 1032 840 tot
1075 775 1249 839 mala
1295 783 1361 839 et
1407 773 1783 840 discrimina
1822 772 2057 855 quibus
2094 772 2251 837 alio-

303 863 465 946 quin
525 862 977 940 obruerentur,
1036 861 1443 938 inventuros,
1506 859 1696 923 modo
1752 879 1934 942 spem
1993 880 2248 924 omnem

304 969 493 1013 suam
558 947 631 1011 in
684 947 829 1012 Deo
885 946 1234 1013 collocent:
1295 946 1416 1010 hac
1473 957 1693 1010 tamen
1752 942 2122 1010 conditione
2181 937 2254 1009 u't

307 1033 522 1099 Deum
571 1034 851 1099 sciamus
892 1032 1206 1099 auxilium
1256 1053 1446 1097 suum
1491 1031 1679 1096 nobis
1722 1030 2140 1114 pollicentem
2185 1040 2252 1095 et

307 1118 584 1184 tutelam
618 1139 694 1185 ac
732 1119 1225 1203 protectionem,
1262 1118 1432 1183 nolle
1465 1127 1682 1182 tamen
1710 1115 1992 1182 molliter
2014 1117 2252 1195 fovere,

305 1225 522 1287 neque
579 1204 1044 1270 beatitudinem
1103 1202 1430 1287 quandam
1492 1212 1800 1286 tanquam
1842 1203 1912 1266 in
1957 1204 2251 1268 terrestri

304 1287 608 1374 paradiso
651 1290 962 1374 polliceri.
1052 1289 1224 1355 Nam
1269 1310 1398 1355 non
1442 1289 1714 1372 impedit
1758 1289 1881 1354 Dei
1928 1287 2250 1353 auxilium

305 1387 375 1441 et
433 1376 690 1441 bonitas
745 1376 1095 1459 quominus
1152 1396 1269 1441 nos
1325 1375 1465 1459 ipse
1508 1374 1728 1440 multis
1770 1372 2251 1440 calamitatibus

305 1471 377 1525 et
450 1462 731 1528 miseriis
799 1471 1119 1528 exerceat.
1227 1460 1450 1542 Quare
1513 1470 1858 1527 contentos
1925 1480 2044 1523 nos
2108 1479 2251 1525 esse

307 1556 567 1629 oportet
602 1549 725 1613 hac
758 1546 1142 1624 conditione,
1188 1548 1325 1612 fore
1371 1559 1443 1612 ιιι
1485 1567 1602 1611 nos
1645 1546 1861 1630 ipsum
1904 1565 1987 1610 ex
2033 1545 2248 1609 animo

303 1634 691 1699 invocantes
747 1654 833 1698 ex
888 1632 1187 1698 omnibus
1231 1631 1722 1698 difficultatibus
1766 1642 1972 1705 eruat,
2029 1632 2250 1697 nobis·

304 1738 435 1800 que
488 1740 599 1785 eas
657 1720 831 1785 vires
888 1719 1191 1798 sufficiat,
1249 1716 1483 1801 quibus
1541 1720 1823 1783 victores
1879 1715 2249 1795 evadamus,

306 1815 376 1870 et
443 1804 654 1871 nostri
717 1824 1053 1888 nunquam
1118 1803 1557 1881 obliviscatur,
1625 1824 1832 1886 quum
1900 1802 1981 1867 ad
2048 1805 2249 1887 ipsius

308 1889 588 1956 verbum
655 1892 887 1956 attenti
941 1890 1277 1966 fuerimus,
1344 1898 1410 1955 et
1466 1888 1900 1955 obedientiam
1961 1905 2248 1954 nostram

305 1989 622 2060 tanquam
669 1977 1060 2043 sacrificium
1104 1987 1363 2059 gratum
1408 1974 1661 2051 habeat,
1717 1994 1917 2059 quum
1964 1975 2085 2058 ipsi
2134 1997 2251 2040 nos

305 2060 846 2141 dedicaverimus,
895 2073 963 2127 et
997 2062 1078 2126 de
1113 2062 1390 2145 acceptis
1435 2060 1765 2128 beneficiis
1808 2060 2058 2145 gratias
2100 2081 2249 2146 ege-

304 2149 533 2227 rimus,
595 2148 990 2231 tandemque
1047 2147 1118 2211 in
1174 2156 1415 2212 rectam
1476 2147 1651 2211 viam
1699 2148 1795 2213 ita
1837 2144 2131 2225 deducat,
2179 2155 2252 2211 ut

309 2231 577 2334 tandem
656 2234 741 2299 ad
814 2232 1197 2319 promissam
1267 2232 1455 2298 nobis
1519 2234 1599 2297 ab
1666 2234 1808 2317 ipso
1872 2230 2246 2299 felicitatem

307 2339 791 2401 perveniamus.

486 2405 627 2471 Iam
673 2426 827 2471 vero
871 2405 1063 2490 agite,
1106 2410 1208 2470 etc.

820 2974 1304 3058 HOMILIA
1362 2971 1740 3054 LXXIX.

1050 3093 1249 3161 oAP.
1295 3092 1526 3159 xxn.

487 3319 544 3380 1.
605 3317 782 3382 Abiit
838 3337 979 3401 erqo
1020 3316 1241 3384 David
1293 3317 1440 3383 inde
1481 3321 1536 3382 et
1575 3316 1743 3399 Γηρᾶ
1781 3316 1853 3380 in
1894 3315 2249 3397 speluncam

311 3402 621 3472 odollam.
696 3404 875 3485 Quod
908 3424 1098 3485 quum
1139 3402 1463 3469 audissent
1501 3402 1734 3485 fratres
1775 3403 1912 3467 eius
1953 3406 2009 3467 et
2051 3403 2254 3467 omnis

302 3491 529 3555 domus
560 3489 778 3571 patris
820 3490 958 3555 eius
999 3489 1439 3555 descenderunt
1481 3489 1566 3553 ad
1607 3507 1748 3553 eum
1798 3488 1966 3554 illuc.
2055 3488 2115 3553 2.
2160 3485 2251 3552 Et

303 3580 715 3644 convenerunt
749 3574 834 3639 ad
868 3594 1007 3639 eum
1043 3595 1252 3640 omnes
1295 3576 1405 3656 qui
1447 3578 1623 3639 erant
1663 3574 1735 3637 in
1775 3573 2071 3657 anqusiia
2112 3593 2250 3638 oon-

304 3662 513 3728 stituti
576 3667 629 3725 et
693 3663 973 3742 amasai
1038 3682 1180 3725 aere
1240 3661 1442 3726 alieno
1506 3665 1560 3725 et
1615 3679 1835 3724 amaro
1893 3659 2133 3726 amima.-
2195 3663 2252 3724 et

301 3750 516 3832 factus
573 3751 662 3812 est
715 3765 928 3811 eorum
969 3747 1284 3828 primam,
1341 3747 1709 3826 fueruntque
1760 3765 1899 3810 cum
1953 3765 2021 3810 eo
2065 3744 2252 3827 quasi

305 3833 757 3915 quadrinyenti
795 3831 938 3897 viri.
1028 3831 1089 3896 3.
1134 3832 1221 3897 Et
1253 3832 1565 3916 profectus
1607 3836 1692 3895 est
1735 3829 1955 3918 David
1994 3830 2141 3895 inde
2181 3831 2250 3895 in

309 3917 594 4001 Maspha
648 3937 804 3999 quae
860 3922 948 3982 est
1004 3916 1226 3998 Moab,
1296 3923 1350 3983 et
1407 3917 1571 3983 dixit
1630 3917 1717 3981 ad
1770 3936 1977 3999 reyem
2029 3916 2248 3996 Moab,

307 4010 565 4070 maneat
617 4023 722 4067 oro
768 4008 957 4085 pater
992 4023 1168 4068 meus
1209 4009 1265 4068 et
1305 4008 1502 4067 mater
1537 4022 1676 4068 mea
1717 4003 2024 4068 vobiscum
2067 4002 2250 4068 donec

310 4091 511 4157 sciam
576 4089 733 4172 quid
791 4088 991 4170 faciat
1050 4087 1211 4154 mihi
1263 4089 1454 4156 Deus,
1556 4088 1618 4153 4.
1684 4085 1772 4152 Et
1833 4088 2089 4169 reliquit
2150 4107 2252 4154 eos

312 4181 460 4242 ante
517 4176 744 4258 faciem
807 4177 978 4259 repis
1040 4174 1260 4240 Moab.-
1336 4178 1811 4256 manseruntque
1876 4173 2047 4254 apud
2109 4193 2251 4238 eum

310 4264 552 4329 cunctis
636 4259 853 4325 diebus
937 4261 1158 4341 quibus
1244 4259 1461 4326 David
1540 4258 1665 4340 fuit
1749 4259 1818 4323 in
1902 4258 2247 4339 praesidio.

311 4347 378 4414 5.
423 4347 729 4428 Diaeitque
756 4344 922 4412 Gath
953 4346 1266 4427 propheta
1307 4345 1393 4410 ad
1415 4345 1664 4411 David.-
1744 4344 1894 4409 Noli
1938 4365 2252 4411 remanere

311 4435 386 4499 in
437 4432 780 4516 praesidio,
832 4432 1244 4515 proficiscere,
1301 4436 1357 4496 et
1408 4432 1565 4497 vade
1618 4432 1688 4495 in
1744 4436 1976 4495 terram
2029 4430 2249 4497 Iudae.

309 4517 411 4587 Et
441 4520 760 4603 profectus
801 4524 892 4584 est
936 4517 1155 4584 David
1195 4523 1249 4582 et
1284 4518 1450 4583 venit
1489 4516 1558 4581 in
1600 4515 1830 4582 saltum
1878 4516 2135 4581 Hareth.

491 4708 793 4773 Vidimus
850 4706 1168 4772 hactenus
1225 4724 1354 4788 qua
1406 4706 1658 4770 ratione
1732 4725 1991 4772 servum
2058 4724 2248 4770 suum

315 4793 644 4860 Davidem
710 4790 893 4857 Deus
972 4812 1056 4856 ex
1111 4791 1497 4856 imminente
1578 4787 1809 4856 mortis
1877 4789 2248 4856 discrimine

312 4878 492 4964 apud
558 4878 947 4944 Philistaeos
1001 4878 1270 4952 eruerit,
1340 4895 1505 4959 quae
1561 4876 1711 4941 licet
1767 4876 1982 4957 prima
2037 4875 2248 4942 fronte

312 4966 602 5031 intuenti
661 4963 939 5030 ridicula
994 4961 1327 5040 videatur,
1400 4962 1570 5043 quod
1641 4961 1963 5027 insaniam
2028 4961 2246 5026 David

309 5049 662 5128 simularit,
708 5048 1133 5114 nihilominus
1178 5058 1394 5112 tamen
1441 5046 1809 5112 admirabili
1831 5045 1956 5112 Dei
2003 5046 2248 5112 virtute

310 5136 674 5221 perfectum
718 5155 860 5201 esse
896 5144 1145 5202 certum
1191 5142 1308 5199 est.
1375 5132 1474 5197 Ac
1517 5131 1667 5198 licet
1708 5134 1778 5198 in
1801 5133 2013 5214 specie
2058 5132 2247 5198 valde

1603 325 1703 390 IN
1747 325 1799 390 I.
1848 323 2022 390 LIB.
2070 323 2471 392 SAMUEL.
2521 323 2720 390 CAP.
2766 321 2996 388 XXII.

4169 329 4297 394 410

2356 514 2661 579 omnibus
2728 515 3002 578 terrenis
3067 512 3511 591 adminiculis,
3581 513 3747 595 quod
3819 534 3922 580 res
3985 514 4128 598 ipsa
4193 515 4297 582 de·

2355 599 2767 665 monstravit.
2857 597 3027 662 Nam
3070 598 3269 663 Achis
3314 598 3485 665 oculi
3530 619 3796 682 prorsus
3841 601 4298 685 caligaverunt

2355 685 2436 751 ad
2496 684 2793 769 Davidis,
2851 686 3172 751 insaniam
3232 683 3629 762 simulantis,
3680 695 4120 768 conspectum,
4182 688 4317 770 qui.

2355 781 2572 836 tamen
2633 777 2889 853 poterat
2961 768 3130 853 apud
3188 791 3258 835 se
3317 771 3635 854 cogitare,
3695 771 4067 836 simulatam
4128 772 4297 838 hanc

2353 879 2493 922 esse
2554 856 2900 934 insaniam,
2961 875 3129 938 quae
3196 877 3326 919 non
3396 865 3617 939 posset
3684 857 3751 921 in
3813 857 4133 922 Davidem
4200 871 4297 922 tot

2354 941 2682 1025 tantisque
2754 939 3111 1007 virtutibus
3177 940 3424 1006 clarum
3495 939 3726 1007 cadere
3751 990 3769 1025 ,
3869 963 3943 1008 ac
4022 943 4296 1026 proinde

2353 1027 2688 1104 sciscitari,
2756 1046 2883 1112 quo
2948 1048 3105 1094 casu
3173 1048 3387 1109 quave
3451 1028 3782 1093 occasione
3855 1037 4111 1092 tantum
4170 1031 4296 1112 ipsi

2354 1114 2786 1179 infortunium
2834 1112 3202 1179 accidisset:
3247 1112 3361 1178 sed
3406 1123 3563 1178 tunc
3600 1113 3803 1180 Achis
3845 1134 4103 1179 omnem
4148 1136 4296 1180 sen-

2352 1221 2499 1266 sum
2547 1208 2616 1263 et
2660 1199 2932 1265 rationis
2977 1219 3170 1264 usum
3217 1198 3360 1263 Deo
3404 1198 3682 1265 faciente
3741 1201 3978 1276 amisit,
4038 1208 4112 1265 ut
4175 1201 4296 1267 hac

2353 1285 2605 1352 ratione
2650 1284 2894 1350 Davidi
2939 1283 3126 1349 velut
3168 1305 3205 1350 e
3258 1284 3464 1351 leonis
3525 1285 3817 1350 faucibus
3874 1285 4088 1350 exitus
4145 1307 4296 1352 con·

2352 1371 2708 1447 cederetur,
2757 1392 2948 1452 quem
2995 1380 3067 1434 ut
3111 1377 3264 1435 ante
3309 1369 3588 1436 vidimus
3632 1369 4024 1437 Philisthaei
4068 1391 4296 1437 omnes

2351 1457 2621 1522 oderant
2681 1476 2845 1521 cane
2899 1457 3089 1538 peius
3147 1465 3211 1520 et
3270 1476 3502 1539 angue.
3613 1455 4016 1521 Admiranda
4090 1456 4294 1541 igitur

2354 1544 2475 1608 fuit
2517 1543 2642 1607 ista
2689 1541 3004 1619 liberatio,
3051 1561 3090 1605 a
3134 1542 3260 1607 Dei
3311 1541 3596 1606 bonitate
3641 1540 4106 1608 inexstimabili
4149 1564 4296 1626 pro-

2352 1648 2628 1694 manans
2672 1628 2857 1693 cuius
2900 1628 2955 1692 si
3001 1647 3127 1692 non
3176 1627 3365 1693 initio
3424 1628 3645 1692 statim
3705 1628 3916 1694 virtus
3972 1629 4292 1710 apparuit,

2353 1724 2575 1780 tamen
2617 1734 2781 1796 opus
2824 1734 3016 1777 suum
3063 1712 3247 1778 Deus
3289 1714 3357 1778 in
3397 1713 3780 1778 infirmitate
3824 1712 4098 1778 Davidis
4145 1734 4292 1796 per·

2352 1800 2527 1882 fecit,
2574 1811 2646 1864 ut
2688 1798 2973 1885 amplam
3019 1798 3361 1864 materiam
3406 1799 3475 1863 in
3523 1799 3662 1864 Deo
3705 1798 4024 1882 gloriandi
4076 1798 4290 1864 David

2352 1884 2691 1952 habuerit:
2737 1883 2905 1968 quod
2929 1885 3125 1948 etiam
3149 1883 3337 1949 illum
3361 1884 3614 1966 publica
3636 1885 3995 1969 gratiarum
4034 1885 4291 1949 actione

2352 1975 2663 2038 testatum
2708 1991 2850 2036 esse
2892 1970 3201 2036 concione
3241 1971 3573 2052 superiore
3617 1968 3915 2035 vidimus.

2523 2055 2856 2140 Sequente
2914 2075 3069 2121 vero
3124 2055 3254 2119 iam
3299 2055 3509 2137 capite
3567 2054 3803 2121 dicitur
3828 2051 4079 2122 ‘David
4137 2053 4291 2119 inde

2351 2141 2658 2207 recedens
2703 2142 2947 2225 fugisse
2985 2141 3055 2205 in
3099 2141 3473 2223 speluncam
3519 2139 3844 2207 Odollam.
3916 2141 4103 2223 Quae
4146 2150 4289 2206 ten·

2354 2229 2513 2292 tatio
2574 2225 2848 2292 Davidis
2905 2225 3110 2291 altera
3185 2226 3310 2291 fuit
3380 2227 3799 2309 gravissima:
3874 2248 4028 2293 nam
4100 2225 4289 2292 illum

2351 2312 2684 2397 opportuit
2727 2311 2808 2377 ad
2867 2311 3044 2377 vitae
3088 2312 3485 2395 praesidium
3547 2312 3732 2378 velut
3787 2312 3852 2378 in
3915 2312 4285 2396 sepulcrum

2352 2398 2627 2483 ingredi,
2673 2406 2738 2463 et
2760 2405 2989 2462 contra
3012 2407 3317 2463 naturam
3344 2398 3595 2462 vivere:
3641 2418 3793 2463 nam
3826 2410 3978 2464 aere
4004 2398 4288 2466 vivimus

2351 2496 2417 2549 et
2460 2485 2525 2549 in
2575 2484 2915 2548 hominum
2961 2483 3284 2548 societate.
3371 2482 3692 2549 Davidem
3751 2493 3971 2549 autem
4029 2493 4286 2569 oportet

2352 2570 2693 2635 hominum
2750 2568 3057 2634 societate
3109 2575 3434 2634 extorrem
3502 2568 3573 2632 in
3629 2569 4073 2635 subterraneis
4131 2568 4286 2634 locis

2353 2656 2556 2720 vitam
2614 2653 2882 2739 degere:
2956 2674 3121 2737 quae
3178 2674 3337 2720 sane
3391 2654 3780 2738 gravissima
3832 2655 3958 2719 fuit
4013 2653 4286 2720 tentatio

2350 2742 2404 2806 si
2449 2740 2887 2806 conditionem
2926 2739 3133 2822 ipsius
3154 2738 3635 2822 expendamus:
3685 2740 3799 2808 vix
3834 2740 4008 2805 enim
4033 2740 4285 2824 pericu·
4344 2759 4348 2763 *

2350 2826 2482 2890 lum
2529 2827 2737 2892 evasit
2757 2846 2955 2909 quum
2980 2825 3047 2889 in
3092 2823 3264 2889 aliud
3308 2845 3440 2889 non
3479 2825 3693 2890 minus
3727 2825 3962 2891 durum
4008 2838 4075 2890 et
4108 2844 4287 2890 acer-

2351 2912 2503 2978 bum
2548 2912 2795 2990 incidit,
2838 2930 3071 2993 exque
3115 2909 3399 2976 iudicare
3419 2929 3769 2992 possumus
3806 2911 3969 2976 duro
3993 2910 4283 2975 examini

2350 2996 2679 3062 Davidem
2723 2996 3124 3063 subiectum:
3170 2996 3410 3062 scimus
3453 2996 3627 3060 enim
3651 3017 3846 3078 quam
3870 2996 4285 3079 impatienter

2353 3083 2647 3148 homines
2711 3079 3283 3166 persequutionem
3361 3080 3608 3161 ferant,
3678 3090 3746 3146 et
3816 3101 4013 3164 quam
4098 3077 4285 3144 facile

2353 3178 2498 3251 post
2542 3189 2745 3234 unum
2792 3178 2908 3233 aut
2950 3167 3228 3233 alterum
3271 3176 3600 3233 certamen
3651 3166 3720 3231 in
3766 3166 4282 3249 desperationem

2354 3254 2641 3319 veniant.
2761 3253 2903 3319 Iam
2977 3273 3136 3318 vero
3213 3252 3436 3317 multis
3515 3251 3978 3317 tentationibus
4059 3249 4278 3314 David

2352 3340 2704 3417 restiterat,
2764 3339 3001 3423 quibus
3043 3347 3302 3404 tantum
3347 3337 3530 3404 abest
3571 3349 3644 3402 ut
3689 3336 3869 3402 Deus
3912 3338 4108 3401 finem
4154 3336 4277 3399 im-

2352 3436 2569 3507 ponat,
2614 3433 2688 3489 ut
2731 3433 2958 3490 contra
3000 3444 3256 3506 semper
3297 3423 3461 3488 aliae
3503 3444 3589 3487 ex
3633 3422 3778 3487 aliis
3836 3436 4278 3487 renascantur.

2351 3510 2440 3575 Et
2484 3510 2609 3576 hoc
2652 3509 2940 3594 profecto
2983 3509 3204 3574 David
3261 3531 3390 3574 non
3438 3507 3838 3574 obliviscitur
3897 3507 4143 3589 psalmo
4199 3505 4280 3571 de

2350 3615 2480 3678 quo
2524 3607 2676 3661 ante
2734 3596 2985 3680 egimus
3028 3595 3131 3661 34.
3177 3614 3375 3678 quum
3423 3594 3540 3671 ait,
3585 3593 3815 3661 multas
3853 3592 4283 3658 tribulationes

2350 3683 2660 3746 iustorum
2678 3699 2839 3747 esse:
2883 3680 2996 3747 sed
3025 3681 3103 3745 de
3138 3680 3426 3746 omnibus
3444 3677 3707 3746 liberare
3725 3681 3895 3761 ipsos
3916 3677 4277 3745 Dominum.

2351 3767 2749 3850 Respexisse
2792 3775 3013 3832 autem
3060 3765 3379 3832 Davidem
3425 3764 3501 3829 ad
3551 3765 3719 3832 hanc
3776 3764 4116 3830 historiam
4163 3784 4277 3827 ne-

2352 3853 2512 3916 mini
2573 3851 2845 3919 dubium
2901 3861 3018 3918 est.
3119 3851 3339 3934 Quare
3396 3849 3611 3916 David
3680 3869 4072 3934 cognoscens
4130 3848 4273 3914 Deo

2351 3936 2606 4021 placere
2651 3939 2861 4022 ipsum
2906 3946 3003 4002 tot
3046 3938 3369 4020 tantisque
3427 3935 3915 4003 difficultatibus
3958 3954 4278 4012 exercere,

2352 4023 2606 4089 animos
2626 4026 2829 4090 sumit
2850 4033 2915 4089 et
2937 4044 3007 4088 se
3029 4023 3244 4105 ipsum
3269 4023 3412 4087 istis
3435 4022 3649 4088 verbis
3668 4021 3939 4099 solatur,
3960 4020 4277 4103 inquiens,

2352 4109 2607 4174 etiamsi
2650 4110 2806 4176 iusti
2830 4109 3036 4174 multa
3075 4110 3244 4173 ferre
3267 4106 3505 4173 debent
3526 4105 3934 4172 incommoda
3967 4113 4034 4170 et
4057 4105 4278 4169 multis

2353 4216 2428 4261 ac
2471 4194 2677 4261 variis
2713 4193 3179 4260 tentationibus
3223 4193 3530 4271 exerceri,
3573 4202 3638 4258 et
3679 4191 3868 4259 modo
3914 4212 4029 4274 per
4071 4190 4277 4273 ignes,

2351 4279 2547 4345 modo
2589 4301 2707 4364 per
2754 4301 2955 4364 aquas
3010 4278 3243 4345 deduci
3295 4278 3636 4362 variasque
3695 4276 4084 4343 tentationes
4140 4285 4277 4338 tam

2351 4384 2391 4430 a
2445 4364 2696 4432 dextris
2753 4386 2948 4449 quam
3004 4386 3043 4429 a
3099 4363 3387 4430 sinistris
3440 4365 3596 4447 pati,
3660 4371 3728 4429 et
3783 4361 4085 4427 omnibus
4137 4379 4278 4425 esse

2355 4449 2654 4532 ludibrio,
2697 4450 3126 4517 nihilominus
3168 4458 3385 4514 tamen
3420 4450 3637 4515 Deum
3679 4447 3959 4513 miseriis
3998 4456 4064 4511 et
4107 4446 4275 4510 cala·

2352 4536 2690 4603 mitatibus
2733 4539 3016 4620 ipsorum
3062 4556 3314 4618 semper
3356 4534 3605 4600 felicem
3644 4534 3893 4598 exitum
3935 4552 4275 4598 concessu·

2354 4642 2520 4701 rum,
2567 4633 2647 4687 ut
2686 4644 2942 4706 semper
2985 4620 3265 4704 amplam
3314 4621 3434 4686 Dei
3493 4615 3893 4704 glorificandi
3938 4615 4273 4682 materiam

2356 4706 2655 4775 habeant.
2743 4708 2846 4773 Ex
2885 4705 3118 4791 quibus
3161 4713 3432 4790 apparet
3465 4704 3680 4768 Deum
3727 4703 3927 4768 variis
3970 4700 4277 4786 periculis

2349 4803 2418 4857 et
2458 4791 2950 4860 difficultatibus
2993 4813 3147 4859 suos
3192 4801 3598 4857 exercentem
3646 4791 3817 4856 vires
3859 4789 4053 4854 etiam
4097 4786 4276 4852 suffi-

2347 4897 2527 4957 cere,
2586 4887 2651 4943 et
2706 4880 2954 4946 invicta
3009 4878 3377 4945 constantia
3432 4895 3706 4941 armare.
3795 4873 4015 4956 Quare
4070 4892 4275 4956 quum

2347 4961 2625 5029 Davidis
2670 4965 2878 5032 luctas
2922 4974 2986 5030 et
3028 4983 3316 5030 summas
3358 4963 3693 5045 angustias
3733 4961 4085 5032 intuemur.
4128 4958 4274 5023 illa-

2347 5068 2494 5112 rum
2562 5049 2758 5115 etiam
2824 5051 3072 5116 exitum
3140 5070 3223 5114 ne
3284 5047 3759 5113 obliviscamur.
3863 5044 4031 5110 Nam
4095 5043 4152 5109 si
4207 5042 4277 5108 in

2347 5132 2554 5217 ipsius
2609 5136 3003 5202 tentationes
3068 5143 3321 5199 tantum
3368 5132 3587 5199 oculos
3653 5131 4079 5216 defigeremus
4122 5127 4278 5215 quid

312 5223 583 5288 infirma
660 5220 960 5288 videatur
1045 5219 1239 5303 longe
1319 5230 1536 5283 tamen
1630 5218 1827 5284 fuisse
1914 5217 2244 5283 fortiorem
2348 5218 2531 5284 nobis
2575 5221 2803 5286 fieret?
2850 5221 3072 5302 Quum
3116 5221 3377 5303 inquam
3423 5218 3719 5284 audimus
3770 5216 4086 5283 Davidem
4129 5214 4281 5282 odio
