<?xml version="1.0" encoding="UTF-8"?>
<!DOCTYPE html PUBLIC "-//W3C//DTD XHTML 1.0 Transitional//EN"
    "http://www.w3.org/TR/xhtml1/DTD/xhtml1-transitional.dtd">
<html xmlns="http://www.w3.org/1999/xhtml" xml:lang="en" lang="en">
 <head>
  <title>
</title>
<meta http-equiv="Content-Type" content="text/html;charset=utf-8" />
  <meta name='ocr-system' content='tesseract 3.04.00' />
  <meta name='ocr-capabilities' content='ocr_page ocr_carea ocr_par ocr_line ocrx_word'/>
</head>
<body>
  <div class='ocr_page' id='page_1' title='image "./ioanniscalvinio07unkngoog_0773.png"; bbox 0 0 5059 6059; ppageno 0'>
   <div class='ocr_carea' id='block_1_1' title="bbox 271 294 402 363">
    <p class='ocr_par' dir='ltr' id='par_1_1' title="bbox 271 294 402 363">
     <span class='ocr_line' id='line_1_1' title="bbox 271 294 402 363; baseline 0.015 -2"><span class='ocrx_word' id='word_1_1' title='bbox 271 294 402 363; x_wconf 81' lang='lat'><strong>577</strong></span> 
     </span>
    </p>
   </div>
   <div class='ocr_carea' id='block_1_2' title="bbox 265 482 2237 5272">
    <p class='ocr_par' dir='ltr' id='par_1_2' title="bbox 265 482 2237 5171">
     <span class='ocr_line' id='line_1_2' title="bbox 269 482 2233 566; baseline -0.006 -9"><span class='ocrx_word' id='word_1_2' title='bbox 269 488 467 557; x_wconf 78' lang='lat' dir='ltr'><strong>cibus</strong></span> <span class='ocrx_word' id='word_1_3' title='bbox 502 483 898 565; x_wconf 83' lang='lat' dir='ltr'><strong>sollicitarit,</strong></span> <span class='ocrx_word' id='word_1_4' title='bbox 941 494 1009 549; x_wconf 88' lang='lat' dir='ltr'><strong>et</strong></span> <span class='ocrx_word' id='word_1_5' title='bbox 1049 485 1289 566; x_wconf 88' lang='lat' dir='ltr'><strong>quibus</strong></span> <span class='ocrx_word' id='word_1_6' title='bbox 1332 484 1549 550; x_wconf 83' lang='lat' dir='ltr'><strong>verbis</strong></span> <span class='ocrx_word' id='word_1_7' title='bbox 1592 498 1743 548; x_wconf 86' lang='lat' dir='ltr'><strong>eum</strong></span> <span class='ocrx_word' id='word_1_8' title='bbox 1790 482 2233 565; x_wconf 86' lang='lat' dir='ltr'><strong>compellarit,</strong></span> 
     </span>
     <span class='ocr_line' id='line_1_3' title="bbox 273 568 2234 655; baseline -0.003 -16"><span class='ocrx_word' id='word_1_9' title='bbox 273 572 612 655; x_wconf 86' lang='lat' dir='ltr'><strong>inquiens:</strong></span> <span class='ocrx_word' id='word_1_10' title='bbox 666 569 942 635; x_wconf 77' lang='lat' dir='ltr'><strong>Domine</strong></span> <span class='ocrx_word' id='word_1_11' title='bbox 999 568 1177 635; x_wconf 75' lang='lat' dir='ltr'><strong>Deus</strong></span> <span class='ocrx_word' id='word_1_12' title='bbox 1221 575 1489 651; x_wconf 76' lang='lat' dir='ltr'><strong>propter</strong></span> <span class='ocrx_word' id='word_1_13' title='bbox 1541 589 1763 634; x_wconf 75' lang='lat' dir='ltr'><strong>nomen</strong></span> <span class='ocrx_word' id='word_1_14' title='bbox 1814 574 1993 633; x_wconf 79' lang='lat' dir='ltr'><strong>tuum</strong></span> <span class='ocrx_word' id='word_1_15' title='bbox 2044 589 2234 635; x_wconf 77' lang='lat' dir='ltr'><strong>serva</strong></span> 
     </span>
     <span class='ocr_line' id='line_1_4' title="bbox 272 653 2234 739; baseline -0.004 -13"><span class='ocrx_word' id='word_1_16' title='bbox 272 680 396 739; x_wconf 76' lang='lat' dir='ltr'><strong>mc,</strong></span> <span class='ocrx_word' id='word_1_17' title='bbox 439 662 497 722; x_wconf 72' lang='lat' dir='ltr'><strong>et</strong></span> <span class='ocrx_word' id='word_1_18' title='bbox 535 657 912 739; x_wconf 75' lang='lat' dir='ltr'><strong>fortitudine</strong></span> <span class='ocrx_word' id='word_1_19' title='bbox 958 660 1071 721; x_wconf 66' lang='lat' dir='ltr'><strong>aaa</strong></span> <span class='ocrx_word' id='word_1_20' title='bbox 1112 675 1376 721; x_wconf 70' lang='lat' dir='ltr'><strong>causam</strong></span> <span class='ocrx_word' id='word_1_21' title='bbox 1416 675 1622 721; x_wconf 78' lang='lat' dir='ltr'><strong>meam</strong></span> <span class='ocrx_word' id='word_1_22' title='bbox 1662 674 1799 737; x_wconf 71' lang='lat' dir='ltr'><strong>aye.</strong></span> <span class='ocrx_word' id='word_1_23' title='bbox 1847 653 2027 719; x_wconf 79' lang='lat' dir='ltr'><strong>Deus</strong></span> <span class='ocrx_word' id='word_1_24' title='bbox 2072 653 2234 719; x_wconf 79' lang='lat' dir='ltr'><strong>audi</strong></span> 
     </span>
     <span class='ocr_line' id='line_1_5' title="bbox 272 740 2231 820; baseline -0.004 -9"><span class='ocrx_word' id='word_1_25' title='bbox 272 744 622 811; x_wconf 67' lang='lat' dir='ltr'><strong>mationem</strong></span> <span class='ocrx_word' id='word_1_26' title='bbox 663 762 885 820; x_wconf 82' lang='lat' dir='ltr'><strong>meam,</strong></span> <span class='ocrx_word' id='word_1_27' title='bbox 930 761 1150 806; x_wconf 79' lang='lat' dir='ltr'><strong>aurem</strong></span> <span class='ocrx_word' id='word_1_28' title='bbox 1191 742 1443 807; x_wconf 68' lang='lat' dir='ltr'><strong>adame</strong></span> <span class='ocrx_word' id='word_1_29' title='bbox 1461 741 1549 807; x_wconf 79' lang='lat' dir='ltr'><strong>ad</strong></span> <span class='ocrx_word' id='word_1_30' title='bbox 1581 759 1897 806; x_wconf 67' lang='lat' dir='ltr'><strong>sermones</strong></span> <span class='ocrx_word' id='word_1_31' title='bbox 1916 740 2050 804; x_wconf 76' lang='lat' dir='ltr'><strong>oris</strong></span> <span class='ocrx_word' id='word_1_32' title='bbox 2083 740 2231 804; x_wconf 79' lang='lat' dir='ltr'><strong>mei.</strong></span> 
     </span>
     <span class='ocr_line' id='line_1_6' title="bbox 280 824 2237 909; baseline -0.005 -11"><span class='ocrx_word' id='word_1_33' title='bbox 280 832 459 898; x_wconf 78' lang='lat' dir='ltr'><strong>Nam</strong></span> <span class='ocrx_word' id='word_1_34' title='bbox 481 828 676 895; x_wconf 62' lang='lat' dir='ltr'><strong>meri</strong></span> <span class='ocrx_word' id='word_1_35' title='bbox 709 826 1045 909; x_wconf 66' lang='lat' dir='ltr'><strong>insumunt</strong></span> <span class='ocrx_word' id='word_1_36' title='bbox 1081 827 1152 891; x_wconf 81' lang='lat' dir='ltr'><strong>in</strong></span> <span class='ocrx_word' id='word_1_37' title='bbox 1185 846 1302 906; x_wconf 84' lang='lat' dir='ltr'><strong>me,</strong></span> <span class='ocrx_word' id='word_1_38' title='bbox 1338 831 1399 890; x_wconf 78' lang='lat' dir='ltr'><strong>et</strong></span> <span class='ocrx_word' id='word_1_39' title='bbox 1436 826 1688 896; x_wconf 73' lang='lat' dir='ltr'><strong>violenti</strong></span> <span class='ocrx_word' id='word_1_40' title='bbox 1707 831 2019 907; x_wconf 74' lang='lat' dir='ltr'><strong>quaerunt</strong></span> <span class='ocrx_word' id='word_1_41' title='bbox 2037 824 2237 890; x_wconf 55' lang='lat' dir='ltr'><strong>diam</strong></span> 
     </span>
     <span class='ocr_line' id='line_1_7' title="bbox 272 910 2234 983; baseline -0.004 0"><span class='ocrx_word' id='word_1_42' title='bbox 272 933 498 983; x_wconf 68' lang='lat' dir='ltr'><strong>mam</strong></span> <span class='ocrx_word' id='word_1_43' title='bbox 556 913 716 979; x_wconf 80' lang='lat' dir='ltr'><strong>Ecce</strong></span> <span class='ocrx_word' id='word_1_44' title='bbox 756 912 940 978; x_wconf 78' lang='lat' dir='ltr'><strong>Deus</strong></span> <span class='ocrx_word' id='word_1_45' title='bbox 982 912 1242 977; x_wconf 76' lang='lat' dir='ltr'><strong>adiuvat</strong></span> <span class='ocrx_word' id='word_1_46' title='bbox 1284 932 1410 977; x_wconf 81' lang='lat' dir='ltr'><strong>me:</strong></span> <span class='ocrx_word' id='word_1_47' title='bbox 1456 910 1776 978; x_wconf 76' lang='lat' dir='ltr'><strong>Dominus</strong></span> <span class='ocrx_word' id='word_1_48' title='bbox 1818 916 1910 975; x_wconf 77' lang='lat' dir='ltr'><strong>est</strong></span> <span class='ocrx_word' id='word_1_49' title='bbox 1949 911 2234 976; x_wconf 77' lang='lat' dir='ltr'><strong>intereos</strong></span> 
     </span>
     <span class='ocr_line' id='line_1_8' title="bbox 272 995 2235 1085; baseline -0.004 -18"><span class='ocrx_word' id='word_1_50' title='bbox 272 1003 392 1085; x_wconf 79' lang='lat' dir='ltr'><strong>qui</strong></span> <span class='ocrx_word' id='word_1_51' title='bbox 422 1004 769 1066; x_wconf 66' lang='lat' dir='ltr'><strong>sustentant</strong></span> <span class='ocrx_word' id='word_1_52' title='bbox 800 1000 996 1063; x_wconf 75' lang='lat' dir='ltr'><strong>vitam</strong></span> <span class='ocrx_word' id='word_1_53' title='bbox 1028 1018 1248 1063; x_wconf 78' lang='lat' dir='ltr'><strong>meam.</strong></span> <span class='ocrx_word' id='word_1_54' title='bbox 1296 996 1589 1063; x_wconf 77' lang='lat' dir='ltr'><strong>‘l&#39;andem</strong></span> <span class='ocrx_word' id='word_1_55' title='bbox 1617 1017 1771 1062; x_wconf 84' lang='lat' dir='ltr'><strong>vero</strong></span> <span class='ocrx_word' id='word_1_56' title='bbox 1792 995 2016 1061; x_wconf 85' lang='lat' dir='ltr'><strong>David</strong></span> <span class='ocrx_word' id='word_1_57' title='bbox 2041 1016 2235 1080; x_wconf 90' lang='lat' dir='ltr'><strong>prae·</strong></span> 
     </span>
     <span class='ocr_line' id='line_1_9' title="bbox 274 1081 2230 1166; baseline -0.004 -13"><span class='ocrx_word' id='word_1_58' title='bbox 274 1089 455 1155; x_wconf 87' lang='lat' dir='ltr'><strong>dicat</strong></span> <span class='ocrx_word' id='word_1_59' title='bbox 496 1106 570 1152; x_wconf 88' lang='lat' dir='ltr'><strong>se</strong></span> <span class='ocrx_word' id='word_1_60' title='bbox 613 1084 960 1149; x_wconf 88' lang='lat' dir='ltr'><strong>liberatum</strong></span> <span class='ocrx_word' id='word_1_61' title='bbox 988 1083 1257 1148; x_wconf 87' lang='lat' dir='ltr'>Domini</span> <span class='ocrx_word' id='word_1_62' title='bbox 1305 1085 1572 1166; x_wconf 82' lang='lat' dir='ltr'><strong>virtute,</strong></span> <span class='ocrx_word' id='word_1_63' title='bbox 1617 1081 1843 1147; x_wconf 86' lang='lat' dir='ltr'><strong>laudes</strong></span> <span class='ocrx_word' id='word_1_64' title='bbox 1876 1083 2005 1165; x_wconf 85' lang='lat' dir='ltr'><strong>ipsi</strong></span> <span class='ocrx_word' id='word_1_65' title='bbox 2038 1092 2230 1165; x_wconf 88' lang='lat' dir='ltr'><strong>grato</strong></span> 
     </span>
     <span class='ocr_line' id='line_1_10' title="bbox 273 1166 2232 1250; baseline -0.004 -12"><span class='ocrx_word' id='word_1_66' title='bbox 273 1174 501 1239; x_wconf 86' lang='lat' dir='ltr'><strong>animo</strong></span> <span class='ocrx_word' id='word_1_67' title='bbox 556 1170 912 1250; x_wconf 86' lang='lat' dir='ltr'><strong>dicturum,</strong></span> <span class='ocrx_word' id='word_1_68' title='bbox 969 1178 1036 1234; x_wconf 89' lang='lat' dir='ltr'><strong>et</strong></span> <span class='ocrx_word' id='word_1_69' title='bbox 1091 1169 1629 1246; x_wconf 86' lang='lat' dir='ltr'><strong>sacrificaturum,</strong></span> <span class='ocrx_word' id='word_1_70' title='bbox 1692 1188 1825 1233; x_wconf 88' lang='lat' dir='ltr'><strong>non</strong></span> <span class='ocrx_word' id='word_1_71' title='bbox 1881 1187 2074 1250; x_wconf 88' lang='lat' dir='ltr'><strong>parce</strong></span> <span class='ocrx_word' id='word_1_72' title='bbox 2117 1166 2232 1231; x_wconf 91' lang='lat' dir='ltr'><strong>sed</strong></span> 
     </span>
     <span class='ocr_line' id='line_1_11' title="bbox 275 1253 2234 1339; baseline -0.004 -15"><span class='ocrx_word' id='word_1_73' title='bbox 275 1257 674 1325; x_wconf 73' lang='lat' dir='ltr'><strong>liberaliter:</strong></span> <span class='ocrx_word' id='word_1_74' title='bbox 735 1268 801 1319; x_wconf 89' lang='lat' dir='ltr'><strong>et</strong></span> <span class='ocrx_word' id='word_1_75' title='bbox 843 1256 914 1319; x_wconf 91' lang='lat' dir='ltr'><strong>in</strong></span> <span class='ocrx_word' id='word_1_76' title='bbox 957 1255 1087 1320; x_wconf 90' lang='lat' dir='ltr'><strong>ista</strong></span> <span class='ocrx_word' id='word_1_77' title='bbox 1129 1255 1494 1339; x_wconf 86' lang='lat' dir='ltr'><strong>gratiarum</strong></span> <span class='ocrx_word' id='word_1_78' title='bbox 1538 1253 1795 1319; x_wconf 89' lang='lat' dir='ltr'><strong>actione</strong></span> <span class='ocrx_word' id='word_1_79' title='bbox 1852 1272 2234 1335; x_wconf 83' lang='lat' dir='ltr'><strong>persevera·</strong></span> 
     </span>
     <span class='ocr_line' id='line_1_12' title="bbox 274 1339 2234 1424; baseline -0.003 -14"><span class='ocrx_word' id='word_1_80' title='bbox 274 1360 505 1410; x_wconf 89' lang='lat' dir='ltr'><strong>turum</strong></span> <span class='ocrx_word' id='word_1_81' title='bbox 550 1339 721 1424; x_wconf 91' lang='lat' dir='ltr'><strong>quod</strong></span> <span class='ocrx_word' id='word_1_82' title='bbox 758 1341 885 1405; x_wconf 90' lang='lat' dir='ltr'><strong>Dei</strong></span> <span class='ocrx_word' id='word_1_83' title='bbox 924 1342 1282 1405; x_wconf 90' lang='lat' dir='ltr'><strong>bonitatem</strong></span> <span class='ocrx_word' id='word_1_84' title='bbox 1319 1339 1706 1423; x_wconf 87' lang='lat' dir='ltr'><strong>degustarit,</strong></span> <span class='ocrx_word' id='word_1_85' title='bbox 1749 1359 1791 1403; x_wconf 90' lang='lat' dir='ltr'><strong>a</strong></span> <span class='ocrx_word' id='word_1_86' title='bbox 1832 1358 1963 1421; x_wconf 91' lang='lat' dir='ltr'><strong>quo</strong></span> <span class='ocrx_word' id='word_1_87' title='bbox 2006 1358 2234 1420; x_wconf 83' lang='lat' dir='ltr'><strong>preces</strong></span> 
     </span>
     <span class='ocr_line' id='line_1_13' title="bbox 278 1422 2234 1513; baseline -0.004 -18"><span class='ocrx_word' id='word_1_88' title='bbox 278 1430 490 1513; x_wconf 88' lang='lat' dir='ltr'><strong>ipsius</strong></span> <span class='ocrx_word' id='word_1_89' title='bbox 533 1427 883 1493; x_wconf 73' lang='lat' dir='ltr'><strong>exauditae</strong></span> <span class='ocrx_word' id='word_1_90' title='bbox 926 1439 1100 1491; x_wconf 89' lang='lat' dir='ltr'><strong>sunt.</strong></span> <span class='ocrx_word' id='word_1_91' title='bbox 1193 1424 1612 1507; x_wconf 78' lang='lat' dir='ltr'><strong>Quapropter</strong></span> <span class='ocrx_word' id='word_1_92' title='bbox 1668 1444 1875 1507; x_wconf 87' lang='lat' dir='ltr'><strong>quum</strong></span> <span class='ocrx_word' id='word_1_93' title='bbox 1921 1422 2234 1488; x_wconf 90' lang='lat' dir='ltr'><strong>ecclesiae</strong></span> 
     </span>
     <span class='ocr_line' id='line_1_14' title="bbox 274 1508 2230 1592; baseline -0.004 -10"><span class='ocrx_word' id='word_1_94' title='bbox 274 1514 721 1582; x_wconf 88' lang='lat' dir='ltr'><strong>conditionem</strong></span> <span class='ocrx_word' id='word_1_95' title='bbox 763 1533 908 1577; x_wconf 89' lang='lat' dir='ltr'><strong>eam</strong></span> <span class='ocrx_word' id='word_1_96' title='bbox 952 1533 1095 1576; x_wconf 91' lang='lat' dir='ltr'><strong>esse</strong></span> <span class='ocrx_word' id='word_1_97' title='bbox 1137 1531 1308 1592; x_wconf 88' lang='lat' dir='ltr'><strong>quae</strong></span> <span class='ocrx_word' id='word_1_98' title='bbox 1351 1509 1480 1574; x_wconf 83' lang='lat' dir='ltr'><strong>fuit</strong></span> <span class='ocrx_word' id='word_1_99' title='bbox 1501 1508 1778 1575; x_wconf 85' lang='lat' dir='ltr'><strong>Davidis</strong></span> <span class='ocrx_word' id='word_1_100' title='bbox 1811 1508 2230 1574; x_wconf 79' lang='lat' dir='ltr'><strong>animadver-</strong></span> 
     </span>
     <span class='ocr_line' id='line_1_15' title="bbox 278 1593 2233 1683; baseline -0.005 -16"><span class='ocrx_word' id='word_1_101' title='bbox 278 1616 532 1683; x_wconf 86' lang='lat' dir='ltr'><strong>temus,</strong></span> <span class='ocrx_word' id='word_1_102' title='bbox 604 1619 838 1680; x_wconf 81' lang='lat' dir='ltr'><strong>nempe</strong></span> <span class='ocrx_word' id='word_1_103' title='bbox 900 1596 1186 1662; x_wconf 88' lang='lat' dir='ltr'><strong>hostium</strong></span> <span class='ocrx_word' id='word_1_104' title='bbox 1244 1595 1448 1678; x_wconf 88' lang='lat' dir='ltr'><strong>copiis</strong></span> <span class='ocrx_word' id='word_1_105' title='bbox 1507 1593 1797 1677; x_wconf 89' lang='lat' dir='ltr'><strong>undique</strong></span> <span class='ocrx_word' id='word_1_106' title='bbox 1856 1595 2098 1677; x_wconf 82' lang='lat' dir='ltr'><strong>premi,</strong></span> <span class='ocrx_word' id='word_1_107' title='bbox 2164 1600 2233 1659; x_wconf 94' lang='lat' dir='ltr'><strong>et</strong></span> 
     </span>
     <span class='ocr_line' id='line_1_16' title="bbox 276 1680 2228 1770; baseline -0.005 -18"><span class='ocrx_word' id='word_1_108' title='bbox 276 1688 571 1770; x_wconf 87' lang='lat' dir='ltr'><strong>ipsorum</strong></span> <span class='ocrx_word' id='word_1_109' title='bbox 606 1683 861 1750; x_wconf 81' lang='lat' dir='ltr'><strong>viribus</strong></span> <span class='ocrx_word' id='word_1_110' title='bbox 905 1682 1113 1761; x_wconf 88' lang='lat' dir='ltr'><strong>obrui,</strong></span> <span class='ocrx_word' id='word_1_111' title='bbox 1158 1694 1225 1746; x_wconf 90' lang='lat' dir='ltr'><strong>et</strong></span> <span class='ocrx_word' id='word_1_112' title='bbox 1269 1681 1522 1746; x_wconf 91' lang='lat' dir='ltr'><strong>nullum</strong></span> <span class='ocrx_word' id='word_1_113' title='bbox 1570 1680 1776 1764; x_wconf 86' lang='lat' dir='ltr'><strong>ipsius</strong></span> <span class='ocrx_word' id='word_1_114' title='bbox 1820 1702 1965 1745; x_wconf 89' lang='lat' dir='ltr'><strong>esse</strong></span> <span class='ocrx_word' id='word_1_115' title='bbox 2006 1680 2228 1757; x_wconf 86' lang='lat' dir='ltr'><strong>robur,</strong></span> 
     </span>
     <span class='ocr_line' id='line_1_17' title="bbox 275 1765 2233 1851; baseline -0.006 -11"><span class='ocrx_word' id='word_1_116' title='bbox 275 1772 395 1840; x_wconf 84' lang='lat' dir='ltr'><strong>sed</strong></span> <span class='ocrx_word' id='word_1_117' title='bbox 442 1770 626 1836; x_wconf 88' lang='lat' dir='ltr'><strong>velut</strong></span> <span class='ocrx_word' id='word_1_118' title='bbox 666 1771 740 1834; x_wconf 91' lang='lat' dir='ltr'><strong>in</strong></span> <span class='ocrx_word' id='word_1_119' title='bbox 784 1770 944 1851; x_wconf 88' lang='lat' dir='ltr'><strong>ipsis</strong></span> <span class='ocrx_word' id='word_1_120' title='bbox 987 1768 1277 1833; x_wconf 87' lang='lat' dir='ltr'><strong>hostium</strong></span> <span class='ocrx_word' id='word_1_121' title='bbox 1322 1766 1621 1832; x_wconf 83' lang='lat' dir='ltr'><strong>faucibus</strong></span> <span class='ocrx_word' id='word_1_122' title='bbox 1665 1767 1796 1831; x_wconf 86' lang='lat' dir='ltr'><strong>iam</strong></span> <span class='ocrx_word' id='word_1_123' title='bbox 1842 1765 2110 1848; x_wconf 82' lang='lat' dir='ltr'><strong>versari,</strong></span> <span class='ocrx_word' id='word_1_124' title='bbox 2156 1776 2233 1829; x_wconf 91' lang='lat' dir='ltr'><strong>ut</strong></span> 
     </span>
     <span class='ocr_line' id='line_1_18' title="bbox 276 1851 2229 1938; baseline -0.004 -15"><span class='ocrx_word' id='word_1_125' title='bbox 276 1859 409 1923; x_wconf 86' lang='lat' dir='ltr'><strong>iam</strong></span> <span class='ocrx_word' id='word_1_126' title='bbox 468 1855 884 1938; x_wconf 89' lang='lat' dir='ltr'><strong>triumphum</strong></span> <span class='ocrx_word' id='word_1_127' title='bbox 940 1854 1126 1935; x_wconf 90' lang='lat' dir='ltr'><strong>quasi</strong></span> <span class='ocrx_word' id='word_1_128' title='bbox 1182 1864 1517 1935; x_wconf 85' lang='lat' dir='ltr'><strong>reportata</strong></span> <span class='ocrx_word' id='word_1_129' title='bbox 1563 1852 1837 1917; x_wconf 82' lang='lat' dir='ltr'><strong>victoria</strong></span> <span class='ocrx_word' id='word_1_130' title='bbox 1902 1851 1982 1916; x_wconf 90' lang='lat' dir='ltr'><strong>de</strong></span> <span class='ocrx_word' id='word_1_131' title='bbox 2037 1851 2229 1917; x_wconf 89' lang='lat' dir='ltr'><strong>nobis</strong></span> 
     </span>
     <span class='ocr_line' id='line_1_19' title="bbox 274 1934 2229 2023; baseline -0.004 -16"><span class='ocrx_word' id='word_1_132' title='bbox 274 1953 543 2023; x_wconf 78' lang='lat' dir='ltr'><strong>canant,</strong></span> <span class='ocrx_word' id='word_1_133' title='bbox 586 1953 655 2007; x_wconf 92' lang='lat' dir='ltr'><strong>et</strong></span> <span class='ocrx_word' id='word_1_134' title='bbox 697 1939 1005 2023; x_wconf 89' lang='lat' dir='ltr'><strong>superbia</strong></span> <span class='ocrx_word' id='word_1_135' title='bbox 1047 1941 1428 2015; x_wconf 85' lang='lat' dir='ltr'><strong>efferantur,</strong></span> <span class='ocrx_word' id='word_1_136' title='bbox 1473 1936 1557 2001; x_wconf 88' lang='lat' dir='ltr'><strong>ad</strong></span> <span class='ocrx_word' id='word_1_137' title='bbox 1601 1934 1822 2003; x_wconf 92' lang='lat' dir='ltr'><strong>Deum</strong></span> <span class='ocrx_word' id='word_1_138' title='bbox 1868 1957 1946 2001; x_wconf 92' lang='lat' dir='ltr'><strong>eo</strong></span> <span class='ocrx_word' id='word_1_139' title='bbox 1992 1934 2229 2002; x_wconf 87' lang='lat' dir='ltr'><strong>arden-</strong></span> 
     </span>
     <span class='ocr_line' id='line_1_20' title="bbox 277 2021 2228 2110; baseline -0.005 -15"><span class='ocrx_word' id='word_1_140' title='bbox 277 2033 415 2095; x_wconf 84' lang='lat' dir='ltr'><strong>tius</strong></span> <span class='ocrx_word' id='word_1_141' title='bbox 457 2026 967 2110; x_wconf 83' lang='lat' dir='ltr'><strong>confugiendum</strong></span> <span class='ocrx_word' id='word_1_142' title='bbox 1012 2026 1319 2090; x_wconf 89' lang='lat' dir='ltr'><strong>sciamus.</strong></span> <span class='ocrx_word' id='word_1_143' title='bbox 1406 2021 1639 2104; x_wconf 84' lang='lat' dir='ltr'><strong>Neque</strong></span> <span class='ocrx_word' id='word_1_144' title='bbox 1696 2023 1878 2087; x_wconf 92' lang='lat' dir='ltr'><strong>enim</strong></span> <span class='ocrx_word' id='word_1_145' title='bbox 1922 2021 2083 2089; x_wconf 88' lang='lat' dir='ltr'><strong>satis</strong></span> <span class='ocrx_word' id='word_1_146' title='bbox 2128 2034 2228 2088; x_wconf 91' lang='lat' dir='ltr'><strong>est</strong></span> 
     </span>
     <span class='ocr_line' id='line_1_21' title="bbox 272 2107 2227 2192; baseline -0.005 -12"><span class='ocrx_word' id='word_1_147' title='bbox 272 2113 362 2180; x_wconf 89' lang='lat' dir='ltr'><strong>ad</strong></span> <span class='ocrx_word' id='word_1_148' title='bbox 407 2113 700 2179; x_wconf 89' lang='lat' dir='ltr'><strong>hostium</strong></span> <span class='ocrx_word' id='word_1_149' title='bbox 745 2112 921 2177; x_wconf 83' lang='lat' dir='ltr'><strong>vires</strong></span> <span class='ocrx_word' id='word_1_150' title='bbox 982 2110 1399 2192; x_wconf 81' lang='lat' dir='ltr'><strong>frangendas,</strong></span> <span class='ocrx_word' id='word_1_151' title='bbox 1458 2129 1693 2175; x_wconf 88' lang='lat' dir='ltr'><strong>causae</strong></span> <span class='ocrx_word' id='word_1_152' title='bbox 1736 2123 1999 2177; x_wconf 88' lang='lat' dir='ltr'><strong>nostrae</strong></span> <span class='ocrx_word' id='word_1_153' title='bbox 2047 2107 2227 2173; x_wconf 91' lang='lat' dir='ltr'><strong>boni-</strong></span> 
     </span>
     <span class='ocr_line' id='line_1_22' title="bbox 275 2190 2230 2281; baseline -0.005 -15"><span class='ocrx_word' id='word_1_154' title='bbox 275 2212 481 2266; x_wconf 86' lang='lat' dir='ltr'><strong>tatem</strong></span> <span class='ocrx_word' id='word_1_155' title='bbox 541 2197 934 2281; x_wconf 87' lang='lat' dir='ltr'><strong>praedicare,</strong></span> <span class='ocrx_word' id='word_1_156' title='bbox 993 2208 1062 2262; x_wconf 92' lang='lat' dir='ltr'><strong>et</strong></span> <span class='ocrx_word' id='word_1_157' title='bbox 1110 2194 1550 2263; x_wconf 75' lang='lat' dir='ltr'><strong>innocentiam</strong></span> <span class='ocrx_word' id='word_1_158' title='bbox 1610 2192 1911 2259; x_wconf 88' lang='lat' dir='ltr'><strong>laudare:</strong></span> <span class='ocrx_word' id='word_1_159' title='bbox 1974 2190 2092 2259; x_wconf 85' lang='lat' dir='ltr'><strong>sed</strong></span> <span class='ocrx_word' id='word_1_160' title='bbox 2146 2193 2230 2257; x_wconf 87' lang='lat' dir='ltr'><strong>ad</strong></span> 
     </span>
     <span class='ocr_line' id='line_1_23' title="bbox 270 2278 2231 2368; baseline -0.004 -18"><span class='ocrx_word' id='word_1_161' title='bbox 270 2286 499 2351; x_wconf 91' lang='lat' dir='ltr'><strong>Deum</strong></span> <span class='ocrx_word' id='word_1_162' title='bbox 544 2283 763 2368; x_wconf 88' lang='lat' dir='ltr'><strong>ipsum</strong></span> <span class='ocrx_word' id='word_1_163' title='bbox 806 2293 910 2348; x_wconf 84' lang='lat' dir='ltr'><strong>est</strong></span> <span class='ocrx_word' id='word_1_164' title='bbox 952 2281 1484 2365; x_wconf 85' lang='lat' dir='ltr'><strong>confugiendum.</strong></span> <span class='ocrx_word' id='word_1_165' title='bbox 1531 2300 1615 2343; x_wconf 91' lang='lat' dir='ltr'><strong>ne</strong></span> <span class='ocrx_word' id='word_1_166' title='bbox 1659 2279 1866 2361; x_wconf 88' lang='lat' dir='ltr'><strong>ipsius</strong></span> <span class='ocrx_word' id='word_1_167' title='bbox 1909 2278 2231 2344; x_wconf 86' lang='lat' dir='ltr'><strong>auxilium</strong></span> 
     </span>
     <span class='ocr_line' id='line_1_24' title="bbox 267 2364 2233 2452; baseline -0.006 -14"><span class='ocrx_word' id='word_1_168' title='bbox 267 2370 751 2452; x_wconf 71' lang='lat' dir='ltr'><strong>contempsisse</strong></span> <span class='ocrx_word' id='word_1_169' title='bbox 791 2368 1152 2435; x_wconf 85' lang='lat' dir='ltr'><strong>videamur.</strong></span> <span class='ocrx_word' id='word_1_170' title='bbox 1198 2366 1428 2449; x_wconf 84' lang='lat' dir='ltr'><strong>Neque</strong></span> <span class='ocrx_word' id='word_1_171' title='bbox 1472 2364 1642 2430; x_wconf 86' lang='lat' dir='ltr'><strong>istud</strong></span> <span class='ocrx_word' id='word_1_172' title='bbox 1681 2364 1957 2448; x_wconf 82' lang='lat' dir='ltr'><strong>impedit</strong></span> <span class='ocrx_word' id='word_1_173' title='bbox 1979 2365 2233 2447; x_wconf 90' lang='lat' dir='ltr'><strong>quomi-</strong></span> 
     </span>
     <span class='ocr_line' id='line_1_25' title="bbox 267 2449 2235 2533; baseline -0.005 -11"><span class='ocrx_word' id='word_1_174' title='bbox 267 2479 408 2522; x_wconf 89' lang='lat' dir='ltr'><strong>nus</strong></span> <span class='ocrx_word' id='word_1_175' title='bbox 443 2477 561 2522; x_wconf 90' lang='lat' dir='ltr'><strong>nos</strong></span> <span class='ocrx_word' id='word_1_176' title='bbox 600 2457 744 2521; x_wconf 89' lang='lat' dir='ltr'><strong>iure</strong></span> <span class='ocrx_word' id='word_1_177' title='bbox 774 2466 997 2520; x_wconf 83' lang='lat' dir='ltr'><strong>nostro</strong></span> <span class='ocrx_word' id='word_1_178' title='bbox 1032 2464 1354 2530; x_wconf 88' lang='lat' dir='ltr'><strong>tueamur,</strong></span> <span class='ocrx_word' id='word_1_179' title='bbox 1398 2471 1759 2533; x_wconf 89' lang='lat' dir='ltr'><strong>eorumque</strong></span> <span class='ocrx_word' id='word_1_180' title='bbox 1802 2449 2119 2516; x_wconf 88' lang='lat' dir='ltr'><strong>malitiam</strong></span> <span class='ocrx_word' id='word_1_181' title='bbox 2165 2463 2235 2514; x_wconf 92' lang='lat' dir='ltr'><strong>et</strong></span> 
     </span>
     <span class='ocr_line' id='line_1_26' title="bbox 266 2534 2229 2626; baseline -0.005 -16"><span class='ocrx_word' id='word_1_182' title='bbox 266 2534 943 2626; x_wconf 79' lang='lat' dir='ltr'><strong>improbitatem,&#39;qui</strong></span> <span class='ocrx_word' id='word_1_183' title='bbox 988 2541 1134 2604; x_wconf 90' lang='lat' dir='ltr'><strong>sine</strong></span> <span class='ocrx_word' id='word_1_184' title='bbox 1176 2558 1372 2605; x_wconf 88' lang='lat' dir='ltr'><strong>causa</strong></span> <span class='ocrx_word' id='word_1_185' title='bbox 1406 2558 1524 2601; x_wconf 88' lang='lat' dir='ltr'><strong>nos</strong></span> <span class='ocrx_word' id='word_1_186' title='bbox 1571 2546 2068 2619; x_wconf 87' lang='lat' dir='ltr'><strong>persequuntur,</strong></span> <span class='ocrx_word' id='word_1_187' title='bbox 2115 2557 2229 2619; x_wconf 90' lang='lat' dir='ltr'><strong>pa-</strong></span> 
     </span>
     <span class='ocr_line' id='line_1_27' title="bbox 265 2622 2233 2708; baseline -0.004 -15"><span class='ocrx_word' id='word_1_188' title='bbox 265 2631 413 2694; x_wconf 84' lang='lat' dir='ltr'><strong>lam</strong></span> <span class='ocrx_word' id='word_1_189' title='bbox 437 2628 846 2708; x_wconf 87' lang='lat' dir='ltr'><strong>detegamus:</strong></span> <span class='ocrx_word' id='word_1_190' title='bbox 897 2646 979 2691; x_wconf 88' lang='lat' dir='ltr'><strong>ne</strong></span> <span class='ocrx_word' id='word_1_191' title='bbox 1001 2622 1397 2690; x_wconf 85' lang='lat' dir='ltr'><strong>offendiculo</strong></span> <span class='ocrx_word' id='word_1_192' title='bbox 1417 2623 1625 2688; x_wconf 87' lang='lat' dir='ltr'><strong>simus</strong></span> <span class='ocrx_word' id='word_1_193' title='bbox 1645 2642 1908 2687; x_wconf 89' lang='lat' dir='ltr'><strong>causam</strong></span> <span class='ocrx_word' id='word_1_194' title='bbox 1936 2632 2233 2687; x_wconf 84' lang='lat' dir='ltr'><strong>nostram</strong></span> 
     </span>
     <span class='ocr_line' id='line_1_28' title="bbox 266 2707 2232 2798; baseline -0.005 -19"><span class='ocrx_word' id='word_1_195' title='bbox 266 2713 751 2798; x_wconf 79' lang='lat' dir='ltr'><strong>ignorantibus,</strong></span> <span class='ocrx_word' id='word_1_196' title='bbox 807 2722 874 2777; x_wconf 93' lang='lat' dir='ltr'><strong>et</strong></span> <span class='ocrx_word' id='word_1_197' title='bbox 918 2732 1000 2777; x_wconf 90' lang='lat' dir='ltr'><strong>ne</strong></span> <span class='ocrx_word' id='word_1_198' title='bbox 1043 2709 1323 2775; x_wconf 87' lang='lat' dir='ltr'><strong>inauditi</strong></span> <span class='ocrx_word' id='word_1_199' title='bbox 1378 2707 1640 2773; x_wconf 85' lang='lat' dir='ltr'><strong>iniustis</strong></span> <span class='ocrx_word' id='word_1_200' title='bbox 1696 2707 1954 2773; x_wconf 86' lang='lat' dir='ltr'><strong>iudiciis</strong></span> <span class='ocrx_word' id='word_1_201' title='bbox 2008 2708 2232 2791; x_wconf 89' lang='lat' dir='ltr'><strong>oppri-</strong></span> 
     </span>
     <span class='ocr_line' id='line_1_29' title="bbox 267 2791 2232 2879; baseline -0.004 -14"><span class='ocrx_word' id='word_1_202' title='bbox 267 2819 532 2865; x_wconf 87' lang='lat' dir='ltr'><strong>namur.</strong></span> <span class='ocrx_word' id='word_1_203' title='bbox 573 2797 1053 2862; x_wconf 83' lang='lat' dir='ltr'><strong>Verumtamen</strong></span> <span class='ocrx_word' id='word_1_204' title='bbox 1097 2794 1168 2860; x_wconf 86' lang='lat' dir='ltr'><strong>in</strong></span> <span class='ocrx_word' id='word_1_205' title='bbox 1214 2795 1445 2879; x_wconf 89' lang='lat' dir='ltr'><strong>primis</strong></span> <span class='ocrx_word' id='word_1_206' title='bbox 1481 2791 1564 2857; x_wconf 89' lang='lat' dir='ltr'><strong>ad</strong></span> <span class='ocrx_word' id='word_1_207' title='bbox 1587 2792 1808 2858; x_wconf 88' lang='lat' dir='ltr'><strong>Deum</strong></span> <span class='ocrx_word' id='word_1_208' title='bbox 1840 2793 2232 2876; x_wconf 79' lang='lat' dir='ltr'><strong>confugien-</strong></span> 
     </span>
     <span class='ocr_line' id='line_1_30' title="bbox 265 2877 2232 2964; baseline -0.004 -13"><span class='ocrx_word' id='word_1_209' title='bbox 265 2887 435 2951; x_wconf 89' lang='lat' dir='ltr'><strong>dum</strong></span> <span class='ocrx_word' id='word_1_210' title='bbox 495 2904 640 2949; x_wconf 87' lang='lat' dir='ltr'><strong>esse</strong></span> <span class='ocrx_word' id='word_1_211' title='bbox 697 2884 1013 2948; x_wconf 88' lang='lat' dir='ltr'><strong>sciamus:</strong></span> <span class='ocrx_word' id='word_1_212' title='bbox 1094 2900 1610 2964; x_wconf 78' lang='lat' dir='ltr'><strong>persuasumque</strong></span> <span class='ocrx_word' id='word_1_213' title='bbox 1668 2877 2044 2955; x_wconf 87' lang='lat' dir='ltr'><strong>habeamus,</strong></span> <span class='ocrx_word' id='word_1_214' title='bbox 2112 2899 2232 2943; x_wconf 90' lang='lat' dir='ltr'><strong>nos</strong></span> 
     </span>
     <span class='ocr_line' id='line_1_31' title="bbox 268 2963 2233 3049; baseline -0.005 -13"><span class='ocrx_word' id='word_1_215' title='bbox 268 2972 434 3036; x_wconf 82' lang='lat' dir='ltr'><strong>licet</strong></span> <span class='ocrx_word' id='word_1_216' title='bbox 476 2971 769 3033; x_wconf 89' lang='lat' dir='ltr'><strong>omnium</strong></span> <span class='ocrx_word' id='word_1_217' title='bbox 816 2967 1079 3033; x_wconf 89' lang='lat' dir='ltr'><strong>iudiciis</strong></span> <span class='ocrx_word' id='word_1_218' title='bbox 1122 2976 1191 3033; x_wconf 88' lang='lat' dir='ltr'><strong>et</strong></span> <span class='ocrx_word' id='word_1_219' title='bbox 1224 2965 1392 3033; x_wconf 89' lang='lat' dir='ltr'><strong>odiis</strong></span> <span class='ocrx_word' id='word_1_220' title='bbox 1426 2984 1791 3049; x_wconf 84' lang='lat' dir='ltr'><strong>oppressos,</strong></span> <span class='ocrx_word' id='word_1_221' title='bbox 1838 2985 1879 3029; x_wconf 89' lang='lat' dir='ltr'><strong>a</strong></span> <span class='ocrx_word' id='word_1_222' title='bbox 1908 2964 2057 3029; x_wconf 89' lang='lat' dir='ltr'><strong>Deo</strong></span> <span class='ocrx_word' id='word_1_223' title='bbox 2088 2963 2233 3028; x_wconf 90' lang='lat' dir='ltr'><strong>sine</strong></span> 
     </span>
     <span class='ocr_line' id='line_1_32' title="bbox 271 3050 2230 3133; baseline -0.005 -11"><span class='ocrx_word' id='word_1_224' title='bbox 271 3056 591 3122; x_wconf 87' lang='lat' dir='ltr'><strong>humanis</strong></span> <span class='ocrx_word' id='word_1_225' title='bbox 633 3052 866 3119; x_wconf 89' lang='lat' dir='ltr'><strong>mediis</strong></span> <span class='ocrx_word' id='word_1_226' title='bbox 912 3050 1211 3117; x_wconf 84' lang='lat' dir='ltr'><strong>adiuvari</strong></span> <span class='ocrx_word' id='word_1_227' title='bbox 1258 3072 1465 3133; x_wconf 91' lang='lat' dir='ltr'><strong>posse,</strong></span> <span class='ocrx_word' id='word_1_228' title='bbox 1512 3066 1579 3114; x_wconf 90' lang='lat' dir='ltr'><strong>et</strong></span> <span class='ocrx_word' id='word_1_229' title='bbox 1622 3073 1705 3116; x_wconf 85' lang='lat' dir='ltr'><strong>ex</strong></span> <span class='ocrx_word' id='word_1_230' title='bbox 1753 3053 2045 3132; x_wconf 89' lang='lat' dir='ltr'><strong>ipsorum</strong></span> <span class='ocrx_word' id='word_1_231' title='bbox 2092 3071 2230 3114; x_wconf 90' lang='lat' dir='ltr'><strong>ma-</strong></span> 
     </span>
     <span class='ocr_line' id='line_1_33' title="bbox 272 3134 2229 3220; baseline -0.004 -13"><span class='ocrx_word' id='word_1_232' title='bbox 272 3141 477 3207; x_wconf 86' lang='lat' dir='ltr'><strong>nibus</strong></span> <span class='ocrx_word' id='word_1_233' title='bbox 535 3139 822 3206; x_wconf 89' lang='lat' dir='ltr'><strong>liberari.</strong></span> <span class='ocrx_word' id='word_1_234' title='bbox 908 3137 1047 3204; x_wconf 90' lang='lat' dir='ltr'><strong>Nos</strong></span> <span class='ocrx_word' id='word_1_235' title='bbox 1103 3137 1310 3220; x_wconf 89' lang='lat' dir='ltr'><strong>igitur</strong></span> <span class='ocrx_word' id='word_1_236' title='bbox 1365 3134 1511 3201; x_wconf 92' lang='lat' dir='ltr'><strong>Deo</strong></span> <span class='ocrx_word' id='word_1_237' title='bbox 1580 3134 1769 3201; x_wconf 91' lang='lat' dir='ltr'><strong>nobis</strong></span> <span class='ocrx_word' id='word_1_238' title='bbox 1821 3134 1905 3200; x_wconf 89' lang='lat' dir='ltr'><strong>ad</strong></span> <span class='ocrx_word' id='word_1_239' title='bbox 1963 3157 2035 3200; x_wconf 90' lang='lat' dir='ltr'><strong>se</strong></span> <span class='ocrx_word' id='word_1_240' title='bbox 2093 3146 2229 3201; x_wconf 90' lang='lat' dir='ltr'><strong>tam</strong></span> 
     </span>
     <span class='ocr_line' id='line_1_34' title="bbox 267 3220 2231 3305; baseline -0.005 -11"><span class='ocrx_word' id='word_1_241' title='bbox 267 3227 535 3294; x_wconf 81' lang='lat' dir='ltr'><strong>facilem</strong></span> <span class='ocrx_word' id='word_1_242' title='bbox 592 3245 923 3291; x_wconf 85' lang='lat' dir='ltr'><strong>accessum</strong></span> <span class='ocrx_word' id='word_1_243' title='bbox 970 3223 1196 3298; x_wconf 86' lang='lat' dir='ltr'><strong>dante,</strong></span> <span class='ocrx_word' id='word_1_244' title='bbox 1254 3236 1321 3287; x_wconf 90' lang='lat' dir='ltr'><strong>et</strong></span> <span class='ocrx_word' id='word_1_245' title='bbox 1365 3223 1487 3288; x_wconf 92' lang='lat' dir='ltr'><strong>hoc</strong></span> <span class='ocrx_word' id='word_1_246' title='bbox 1537 3221 1880 3305; x_wconf 88' lang='lat' dir='ltr'><strong>privilegio</strong></span> <span class='ocrx_word' id='word_1_247' title='bbox 1925 3220 2231 3298; x_wconf 84' lang='lat' dir='ltr'><strong>donante,</strong></span> 
     </span>
     <span class='ocr_line' id='line_1_35' title="bbox 269 3306 2232 3394; baseline -0.003 -16"><span class='ocrx_word' id='word_1_248' title='bbox 269 3327 360 3380; x_wconf 87' lang='lat' dir='ltr'><strong>ut</strong></span> <span class='ocrx_word' id='word_1_249' title='bbox 414 3312 625 3394; x_wconf 90' lang='lat' dir='ltr'><strong>ipsum</strong></span> <span class='ocrx_word' id='word_1_250' title='bbox 696 3312 762 3375; x_wconf 90' lang='lat' dir='ltr'><strong>in</strong></span> <span class='ocrx_word' id='word_1_251' title='bbox 820 3311 1145 3393; x_wconf 88' lang='lat' dir='ltr'><strong>angustiis</strong></span> <span class='ocrx_word' id='word_1_252' title='bbox 1203 3307 1504 3392; x_wconf 79' lang='lat' dir='ltr'><strong>precibus</strong></span> <span class='ocrx_word' id='word_1_253' title='bbox 1559 3306 1919 3373; x_wconf 86' lang='lat' dir='ltr'><strong>audeamus</strong></span> <span class='ocrx_word' id='word_1_254' title='bbox 1976 3327 2232 3389; x_wconf 86' lang='lat' dir='ltr'><strong>urgere,</strong></span> 
     </span>
     <span class='ocr_line' id='line_1_36' title="bbox 270 3393 2229 3479; baseline -0.005 -15"><span class='ocrx_word' id='word_1_255' title='bbox 270 3397 588 3464; x_wconf 85' lang='lat' dir='ltr'><strong>fiduciam</strong></span> <span class='ocrx_word' id='word_1_256' title='bbox 624 3397 696 3462; x_wconf 90' lang='lat' dir='ltr'><strong>in</strong></span> <span class='ocrx_word' id='word_1_257' title='bbox 740 3396 881 3479; x_wconf 89' lang='lat' dir='ltr'><strong>ipso</strong></span> <span class='ocrx_word' id='word_1_258' title='bbox 916 3394 1234 3461; x_wconf 88' lang='lat' dir='ltr'><strong>collocare</strong></span> <span class='ocrx_word' id='word_1_259' title='bbox 1257 3393 1607 3473; x_wconf 86' lang='lat' dir='ltr'><strong>discamus,</strong></span> <span class='ocrx_word' id='word_1_260' title='bbox 1652 3404 2027 3476; x_wconf 89' lang='lat' dir='ltr'><strong>opportuno</strong></span> <span class='ocrx_word' id='word_1_261' title='bbox 2064 3406 2229 3457; x_wconf 90' lang='lat' dir='ltr'><strong>tem·</strong></span> 
     </span>
     <span class='ocr_line' id='line_1_37' title="bbox 268 3478 2229 3567; baseline -0.004 -19"><span class='ocrx_word' id='word_1_262' title='bbox 268 3504 438 3567; x_wconf 81' lang='lat' dir='ltr'><strong>pore</strong></span> <span class='ocrx_word' id='word_1_263' title='bbox 495 3483 699 3564; x_wconf 88' lang='lat' dir='ltr'><strong>ipsius</strong></span> <span class='ocrx_word' id='word_1_264' title='bbox 759 3480 1085 3545; x_wconf 81' lang='lat' dir='ltr'><strong>auxilium</strong></span> <span class='ocrx_word' id='word_1_265' title='bbox 1141 3492 1616 3562; x_wconf 70' lang='lat' dir='ltr'><strong>exspectantes.</strong></span> <span class='ocrx_word' id='word_1_266' title='bbox 1713 3483 1930 3561; x_wconf 80' lang='lat' dir='ltr'><strong>Atque</strong></span> <span class='ocrx_word' id='word_1_267' title='bbox 1989 3479 2118 3542; x_wconf 88' lang='lat' dir='ltr'><strong>ista</strong></span> <span class='ocrx_word' id='word_1_268' title='bbox 2161 3478 2229 3542; x_wconf 91' lang='lat' dir='ltr'><strong>in</strong></span> 
     </span>
     <span class='ocr_line' id='line_1_38' title="bbox 268 3561 2227 3653; baseline -0.003 -21"><span class='ocrx_word' id='word_1_269' title='bbox 268 3588 523 3653; x_wconf 81' lang='lat' dir='ltr'><strong>genere</strong></span> <span class='ocrx_word' id='word_1_270' title='bbox 564 3566 805 3650; x_wconf 85' lang='lat' dir='ltr'><strong>psalmi</strong></span> <span class='ocrx_word' id='word_1_271' title='bbox 851 3567 1155 3632; x_wconf 89' lang='lat' dir='ltr'><strong>doctrina</strong></span> <span class='ocrx_word' id='word_1_272' title='bbox 1210 3565 1397 3630; x_wconf 89' lang='lat' dir='ltr'><strong>nobis</strong></span> <span class='ocrx_word' id='word_1_273' title='bbox 1460 3561 1869 3629; x_wconf 85' lang='lat' dir='ltr'><strong>meditanda:</strong></span> <span class='ocrx_word' id='word_1_274' title='bbox 1932 3575 1995 3629; x_wconf 89' lang='lat' dir='ltr'><strong>et</strong></span> <span class='ocrx_word' id='word_1_275' title='bbox 2039 3583 2227 3647; x_wconf 89' lang='lat' dir='ltr'><strong>prae-</strong></span> 
     </span>
     <span class='ocr_line' id='line_1_39' title="bbox 269 3648 2230 3732; baseline -0.004 -12"><span class='ocrx_word' id='word_1_276' title='bbox 269 3668 463 3720; x_wconf 78' lang='lat' dir='ltr'><strong>terea</strong></span> <span class='ocrx_word' id='word_1_277' title='bbox 506 3672 698 3718; x_wconf 87' lang='lat' dir='ltr'><strong>voces</strong></span> <span class='ocrx_word' id='word_1_278' title='bbox 761 3653 959 3717; x_wconf 88' lang='lat' dir='ltr'><strong>etiam</strong></span> <span class='ocrx_word' id='word_1_279' title='bbox 1026 3649 1491 3729; x_wconf 84' lang='lat' dir='ltr'><strong>observandae,</strong></span> <span class='ocrx_word' id='word_1_280' title='bbox 1549 3670 1751 3732; x_wconf 91' lang='lat' dir='ltr'><strong>quum</strong></span> <span class='ocrx_word' id='word_1_281' title='bbox 1806 3648 1941 3715; x_wconf 89' lang='lat' dir='ltr'><strong>Dei</strong></span> <span class='ocrx_word' id='word_1_282' title='bbox 2003 3649 2230 3715; x_wconf 90' lang='lat' dir='ltr'><strong>memi-</strong></span> 
     </span>
     <span class='ocr_line' id='line_1_40' title="bbox 272 3734 2228 3817; baseline -0.003 -13"><span class='ocrx_word' id='word_1_283' title='bbox 272 3738 403 3815; x_wconf 85' lang='lat' dir='ltr'><strong>nit,</strong></span> <span class='ocrx_word' id='word_1_284' title='bbox 441 3749 509 3803; x_wconf 90' lang='lat' dir='ltr'><strong>et</strong></span> <span class='ocrx_word' id='word_1_285' title='bbox 545 3738 836 3803; x_wconf 90' lang='lat' dir='ltr'><strong>nominis</strong></span> <span class='ocrx_word' id='word_1_286' title='bbox 860 3735 1269 3802; x_wconf 79' lang='lat' dir='ltr'><strong>fortitudinis</strong></span> <span class='ocrx_word' id='word_1_287' title='bbox 1291 3756 1364 3802; x_wconf 88' lang='lat' dir='ltr'><strong>ac</strong></span> <span class='ocrx_word' id='word_1_288' title='bbox 1391 3735 1687 3800; x_wconf 86' lang='lat' dir='ltr'><strong>veritatis</strong></span> <span class='ocrx_word' id='word_1_289' title='bbox 1731 3734 1962 3817; x_wconf 87' lang='lat' dir='ltr'><strong>ipsius.</strong></span> <span class='ocrx_word' id='word_1_290' title='bbox 2010 3734 2228 3800; x_wconf 89' lang='lat' dir='ltr'><strong>Deum</strong></span> 
     </span>
     <span class='ocr_line' id='line_1_41' title="bbox 269 3820 2226 3907; baseline -0.002 -19"><span class='ocrx_word' id='word_1_291' title='bbox 269 3824 484 3907; x_wconf 85' lang='lat' dir='ltr'><strong>igitur</strong></span> <span class='ocrx_word' id='word_1_292' title='bbox 519 3825 769 3890; x_wconf 90' lang='lat' dir='ltr'><strong>oraturi</strong></span> <span class='ocrx_word' id='word_1_293' title='bbox 794 3822 1078 3887; x_wconf 84' lang='lat' dir='ltr'><strong>Davidis</strong></span> <span class='ocrx_word' id='word_1_294' title='bbox 1101 3821 1419 3903; x_wconf 90' lang='lat' dir='ltr'><strong>exemplo,</strong></span> <span class='ocrx_word' id='word_1_295' title='bbox 1467 3820 1595 3885; x_wconf 87' lang='lat' dir='ltr'><strong>Dei</strong></span> <span class='ocrx_word' id='word_1_296' title='bbox 1635 3821 1887 3885; x_wconf 89' lang='lat' dir='ltr'><strong>nomini</strong></span> <span class='ocrx_word' id='word_1_297' title='bbox 1914 3831 2226 3903; x_wconf 89' lang='lat' dir='ltr'><strong>tanquam</strong></span> 
     </span>
     <span class='ocr_line' id='line_1_42' title="bbox 269 3904 2228 3995; baseline -0.004 -18"><span class='ocrx_word' id='word_1_298' title='bbox 269 3910 509 3995; x_wconf 81' lang='lat' dir='ltr'><strong>clypeo</strong></span> <span class='ocrx_word' id='word_1_299' title='bbox 568 3922 1027 3993; x_wconf 81' lang='lat' dir='ltr'><strong>protegamur:</strong></span> <span class='ocrx_word' id='word_1_300' title='bbox 1086 3928 1220 3971; x_wconf 91' lang='lat' dir='ltr'><strong>non</strong></span> <span class='ocrx_word' id='word_1_301' title='bbox 1277 3906 1541 3989; x_wconf 84' lang='lat' dir='ltr'><strong>quidem</strong></span> <span class='ocrx_word' id='word_1_302' title='bbox 1600 3904 1909 3971; x_wconf 88' lang='lat' dir='ltr'><strong>simulate</strong></span> <span class='ocrx_word' id='word_1_303' title='bbox 1972 3917 2043 3970; x_wconf 93' lang='lat' dir='ltr'><strong>ut</strong></span> <span class='ocrx_word' id='word_1_304' title='bbox 2132 3905 2228 3970; x_wconf 90' lang='lat' dir='ltr'><strong>le-</strong></span> 
     </span>
     <span class='ocr_line' id='line_1_43' title="bbox 270 3990 2225 4079; baseline -0.005 -16"><span class='ocrx_word' id='word_1_305' title='bbox 270 4016 554 4077; x_wconf 78' lang='lat' dir='ltr'><strong>tumque</strong></span> <span class='ocrx_word' id='word_1_306' title='bbox 618 3993 839 4061; x_wconf 86' lang='lat' dir='ltr'><strong>solent.</strong></span> <span class='ocrx_word' id='word_1_307' title='bbox 896 3992 1310 4079; x_wconf 76' lang='lat' dir='ltr'><strong>hypocritae,</strong></span> <span class='ocrx_word' id='word_1_308' title='bbox 1375 3990 1491 4057; x_wconf 89' lang='lat' dir='ltr'><strong>sed</strong></span> <span class='ocrx_word' id='word_1_309' title='bbox 1548 4000 2037 4057; x_wconf 84' lang='lat' dir='ltr'><strong>sacrosanctum</strong></span> <span class='ocrx_word' id='word_1_310' title='bbox 2165 3990 2225 4054; x_wconf 91' lang='lat' dir='ltr'><strong>ei</strong></span> 
     </span>
     <span class='ocr_line' id='line_1_44' title="bbox 271 4075 2226 4160; baseline -0.003 -13"><span class='ocrx_word' id='word_1_311' title='bbox 271 4101 519 4147; x_wconf 90' lang='lat' dir='ltr'><strong>nomen</strong></span> <span class='ocrx_word' id='word_1_312' title='bbox 576 4101 727 4147; x_wconf 88' lang='lat' dir='ltr'><strong>cum</strong></span> <span class='ocrx_word' id='word_1_313' title='bbox 786 4079 1160 4146; x_wconf 86' lang='lat' dir='ltr'><strong>reverentia</strong></span> <span class='ocrx_word' id='word_1_314' title='bbox 1215 4088 1630 4160; x_wconf 89' lang='lat' dir='ltr'><strong>usurpantes,</strong></span> <span class='ocrx_word' id='word_1_315' title='bbox 1687 4090 1754 4140; x_wconf 90' lang='lat' dir='ltr'><strong>et</strong></span> <span class='ocrx_word' id='word_1_316' title='bbox 1802 4075 2107 4141; x_wconf 86' lang='lat' dir='ltr'><strong>fiduciam</strong></span> <span class='ocrx_word' id='word_1_317' title='bbox 2152 4076 2226 4141; x_wconf 91' lang='lat' dir='ltr'><strong>in</strong></span> 
     </span>
     <span class='ocr_line' id='line_1_45' title="bbox 272 4161 2225 4246; baseline -0.004 -14"><span class='ocrx_word' id='word_1_318' title='bbox 272 4168 299 4231; x_wconf 87' lang='lat' dir='ltr'><strong>i</strong></span> <span class='ocrx_word' id='word_1_319' title='bbox 465 4166 875 4232; x_wconf 84' lang='lat' dir='ltr'><strong>collocantes.</strong></span> <span class='ocrx_word' id='word_1_320' title='bbox 937 4163 1226 4246; x_wconf 81' lang='lat' dir='ltr'><strong>Quinam</strong></span> <span class='ocrx_word' id='word_1_321' title='bbox 1270 4174 1493 4227; x_wconf 87' lang='lat' dir='ltr'><strong>autem</strong></span> <span class='ocrx_word' id='word_1_322' title='bbox 1541 4162 1607 4226; x_wconf 92' lang='lat' dir='ltr'><strong>id</strong></span> <span class='ocrx_word' id='word_1_323' title='bbox 1651 4161 1788 4239; x_wconf 87' lang='lat' dir='ltr'><strong>fiet,</strong></span> <span class='ocrx_word' id='word_1_324' title='bbox 1834 4163 1961 4227; x_wconf 89' lang='lat' dir='ltr'><strong>nisi</strong></span> <span class='ocrx_word' id='word_1_325' title='bbox 2006 4183 2225 4228; x_wconf 81' lang='lat' dir='ltr'><strong>coram</strong></span> 
     </span>
     <span class='ocr_line' id='line_1_46' title="bbox 270 4186 2220 4335; baseline -0.003 -19"><span class='ocrx_word' id='word_1_326' title='bbox 270 4186 427 4316; x_wconf 55' lang='lat'><strong>1322</strong></span> <span class='ocrx_word' id='word_1_327' title='bbox 471 4262 538 4317; x_wconf 90' lang='lat' dir='ltr'><strong>et</strong></span> <span class='ocrx_word' id='word_1_328' title='bbox 581 4252 790 4334; x_wconf 91' lang='lat' dir='ltr'><strong>ipsius</strong></span> <span class='ocrx_word' id='word_1_329' title='bbox 834 4251 1087 4335; x_wconf 90' lang='lat' dir='ltr'><strong>angelis</strong></span> <span class='ocrx_word' id='word_1_330' title='bbox 1131 4249 1372 4314; x_wconf 86' lang='lat' dir='ltr'><strong>bonum</strong></span> <span class='ocrx_word' id='word_1_331' title='bbox 1422 4247 1869 4315; x_wconf 89' lang='lat' dir='ltr'><strong>testimouium</strong></span> <span class='ocrx_word' id='word_1_332' title='bbox 1919 4247 2220 4313; x_wconf 83' lang='lat' dir='ltr'><strong>habueri·</strong></span> 
     </span>
     <span class='ocr_line' id='line_1_47' title="bbox 272 4334 2225 4416; baseline -0.003 -14"><span class='ocrx_word' id='word_1_333' title='bbox 272 4358 449 4416; x_wconf 87' lang='lat' dir='ltr'><strong>mus,</strong></span> <span class='ocrx_word' id='word_1_334' title='bbox 493 4358 614 4402; x_wconf 89' lang='lat' dir='ltr'><strong>nos</strong></span> <span class='ocrx_word' id='word_1_335' title='bbox 651 4350 908 4401; x_wconf 88' lang='lat' dir='ltr'><strong>tantum</strong></span> <span class='ocrx_word' id='word_1_336' title='bbox 945 4337 1233 4400; x_wconf 85' lang='lat' dir='ltr'><strong>intentos</strong></span> <span class='ocrx_word' id='word_1_337' title='bbox 1256 4334 1326 4400; x_wconf 92' lang='lat' dir='ltr'><strong>in</strong></span> <span class='ocrx_word' id='word_1_338' title='bbox 1361 4334 1567 4416; x_wconf 87' lang='lat' dir='ltr'><strong>ipsius</strong></span> <span class='ocrx_word' id='word_1_339' title='bbox 1587 4334 1836 4398; x_wconf 81' lang='lat' dir='ltr'><strong>cultum</strong></span> <span class='ocrx_word' id='word_1_340' title='bbox 1860 4347 1927 4398; x_wconf 89' lang='lat' dir='ltr'><strong>et</strong></span> <span class='ocrx_word' id='word_1_341' title='bbox 1949 4354 2225 4398; x_wconf 86' lang='lat' dir='ltr'><strong>venera-</strong></span> 
     </span>
     <span class='ocr_line' id='line_1_48' title="bbox 274 4420 2225 4503; baseline -0.004 -14"><span class='ocrx_word' id='word_1_342' title='bbox 274 4424 557 4489; x_wconf 78' lang='lat' dir='ltr'><strong>tionem:</strong></span> <span class='ocrx_word' id='word_1_343' title='bbox 609 4434 677 4488; x_wconf 90' lang='lat' dir='ltr'><strong>et</strong></span> <span class='ocrx_word' id='word_1_344' title='bbox 734 4421 906 4487; x_wconf 82' lang='lat' dir='ltr'><strong>velle</strong></span> <span class='ocrx_word' id='word_1_345' title='bbox 963 4442 1112 4486; x_wconf 90' lang='lat' dir='ltr'><strong>cum</strong></span> <span class='ocrx_word' id='word_1_346' title='bbox 1171 4420 1490 4503; x_wconf 87' lang='lat' dir='ltr'><strong>proximis</strong></span> <span class='ocrx_word' id='word_1_347' title='bbox 1542 4420 1639 4483; x_wconf 91' lang='lat' dir='ltr'><strong>ita</strong></span> <span class='ocrx_word' id='word_1_348' title='bbox 1690 4420 2098 4497; x_wconf 84' lang='lat' dir='ltr'><strong>conversari,</strong></span> <span class='ocrx_word' id='word_1_349' title='bbox 2152 4430 2225 4484; x_wconf 91' lang='lat' dir='ltr'><strong>ut</strong></span> 
     </span>
     <span class='ocr_line' id='line_1_49' title="bbox 273 4504 2223 4582; baseline -0.002 -9"><span class='ocrx_word' id='word_1_350' title='bbox 273 4507 444 4573; x_wconf 90' lang='lat' dir='ltr'><strong>nulli</strong></span> <span class='ocrx_word' id='word_1_351' title='bbox 502 4508 712 4574; x_wconf 86' lang='lat' dir='ltr'><strong>simus</strong></span> <span class='ocrx_word' id='word_1_352' title='bbox 769 4506 1253 4582; x_wconf 88' lang='lat' dir='ltr'><strong>contumeliosi,</strong></span> <span class='ocrx_word' id='word_1_353' title='bbox 1314 4527 1433 4573; x_wconf 91' lang='lat' dir='ltr'><strong>nec</strong></span> <span class='ocrx_word' id='word_1_354' title='bbox 1492 4505 1694 4571; x_wconf 89' lang='lat' dir='ltr'><strong>etiam</strong></span> <span class='ocrx_word' id='word_1_355' title='bbox 1754 4505 1999 4571; x_wconf 87' lang='lat' dir='ltr'><strong>iniurii.</strong></span> <span class='ocrx_word' id='word_1_356' title='bbox 2086 4504 2223 4570; x_wconf 90' lang='lat' dir='ltr'><strong>Nos</strong></span> 
     </span>
     <span class='ocr_line' id='line_1_50' title="bbox 272 4590 2227 4677; baseline -0.002 -18"><span class='ocrx_word' id='word_1_357' title='bbox 272 4595 478 4677; x_wconf 85' lang='lat' dir='ltr'><strong>igitur</strong></span> <span class='ocrx_word' id='word_1_358' title='bbox 524 4594 648 4659; x_wconf 89' lang='lat' dir='ltr'><strong>hac</strong></span> <span class='ocrx_word' id='word_1_359' title='bbox 696 4593 867 4659; x_wconf 87' lang='lat' dir='ltr'><strong>bona</strong></span> <span class='ocrx_word' id='word_1_360' title='bbox 923 4591 1325 4658; x_wconf 88' lang='lat' dir='ltr'><strong>conscientia</strong></span> <span class='ocrx_word' id='word_1_361' title='bbox 1384 4590 1552 4667; x_wconf 82' lang='lat' dir='ltr'><strong>freti,</strong></span> <span class='ocrx_word' id='word_1_362' title='bbox 1611 4606 1679 4655; x_wconf 89' lang='lat' dir='ltr'><strong>et</strong></span> <span class='ocrx_word' id='word_1_363' title='bbox 1735 4592 1915 4655; x_wconf 88' lang='lat' dir='ltr'><strong>omni</strong></span> <span class='ocrx_word' id='word_1_364' title='bbox 1958 4590 2227 4656; x_wconf 90' lang='lat' dir='ltr'><strong>simula-</strong></span> 
     </span>
     <span class='ocr_line' id='line_1_51' title="bbox 275 4674 2225 4755; baseline -0.003 -11"><span class='ocrx_word' id='word_1_365' title='bbox 275 4682 453 4744; x_wconf 87' lang='lat' dir='ltr'><strong>tione</strong></span> <span class='ocrx_word' id='word_1_366' title='bbox 509 4694 578 4745; x_wconf 90' lang='lat' dir='ltr'><strong>et</strong></span> <span class='ocrx_word' id='word_1_367' title='bbox 632 4677 1021 4745; x_wconf 87' lang='lat' dir='ltr'><strong>crudelitate</strong></span> <span class='ocrx_word' id='word_1_368' title='bbox 1084 4676 1289 4755; x_wconf 84' lang='lat' dir='ltr'><strong>vacui,</strong></span> <span class='ocrx_word' id='word_1_369' title='bbox 1346 4675 1569 4742; x_wconf 89' lang='lat' dir='ltr'><strong>Deum</strong></span> <span class='ocrx_word' id='word_1_370' title='bbox 1631 4678 2033 4753; x_wconf 83' lang='lat' dir='ltr'><strong>invocantes,</strong></span> <span class='ocrx_word' id='word_1_371' title='bbox 2094 4674 2225 4740; x_wconf 92' lang='lat' dir='ltr'><strong>Dei</strong></span> 
     </span>
     <span class='ocr_line' id='line_1_52' title="bbox 276 4761 2224 4844; baseline -0.003 -14"><span class='ocrx_word' id='word_1_372' title='bbox 276 4786 514 4830; x_wconf 85' lang='lat' dir='ltr'><strong>nomen</strong></span> <span class='ocrx_word' id='word_1_373' title='bbox 576 4784 986 4831; x_wconf 85' lang='lat' dir='ltr'><strong>assumemus</strong></span> <span class='ocrx_word' id='word_1_374' title='bbox 1043 4783 1192 4827; x_wconf 91' lang='lat' dir='ltr'><strong>cum</strong></span> <span class='ocrx_word' id='word_1_375' title='bbox 1258 4761 1530 4838; x_wconf 86' lang='lat' dir='ltr'><strong>fiducia,</strong></span> <span class='ocrx_word' id='word_1_376' title='bbox 1596 4774 1665 4826; x_wconf 90' lang='lat' dir='ltr'><strong>et</strong></span> <span class='ocrx_word' id='word_1_377' title='bbox 1730 4762 1842 4826; x_wconf 91' lang='lat' dir='ltr'><strong>illo</strong></span> <span class='ocrx_word' id='word_1_378' title='bbox 1908 4775 2224 4844; x_wconf 85' lang='lat' dir='ltr'><strong>tanquam</strong></span> 
     </span>
     <span class='ocr_line' id='line_1_53' title="bbox 274 4846 2226 4934; baseline -0.002 -19"><span class='ocrx_word' id='word_1_379' title='bbox 274 4851 508 4934; x_wconf 81' lang='lat' dir='ltr'><strong>clypeo</strong></span> <span class='ocrx_word' id='word_1_380' title='bbox 567 4862 633 4915; x_wconf 92' lang='lat' dir='ltr'><strong>et</strong></span> <span class='ocrx_word' id='word_1_381' title='bbox 690 4848 1174 4933; x_wconf 82' lang='lat' dir='ltr'><strong>propugnaculo</strong></span> <span class='ocrx_word' id='word_1_382' title='bbox 1232 4858 1548 4931; x_wconf 90' lang='lat' dir='ltr'><strong>tegemur.</strong></span> <span class='ocrx_word' id='word_1_383' title='bbox 1630 4846 1959 4928; x_wconf 76' lang='lat' dir='ltr'><strong>Quoniam</strong></span> <span class='ocrx_word' id='word_1_384' title='bbox 2006 4849 2226 4930; x_wconf 87' lang='lat' dir='ltr'><strong>itaque</strong></span> 
     </span>
     <span class='ocr_line' id='line_1_54' title="bbox 273 4932 2230 5018; baseline -0.001 -18"><span class='ocrx_word' id='word_1_385' title='bbox 273 4935 460 5002; x_wconf 83' lang='lat' dir='ltr'><strong>Deus</strong></span> <span class='ocrx_word' id='word_1_386' title='bbox 495 4951 599 5003; x_wconf 88' lang='lat' dir='ltr'><strong>est</strong></span> <span class='ocrx_word' id='word_1_387' title='bbox 638 4937 1069 5018; x_wconf 90' lang='lat' dir='ltr'><strong>omnipotens,</strong></span> <span class='ocrx_word' id='word_1_388' title='bbox 1114 4943 1182 4997; x_wconf 89' lang='lat' dir='ltr'><strong>et</strong></span> <span class='ocrx_word' id='word_1_389' title='bbox 1225 4954 1343 4998; x_wconf 90' lang='lat' dir='ltr'><strong>nos</strong></span> <span class='ocrx_word' id='word_1_390' title='bbox 1384 4932 1512 4998; x_wconf 90' lang='lat' dir='ltr'><strong>sibi</strong></span> <span class='ocrx_word' id='word_1_391' title='bbox 1555 4932 1921 5016; x_wconf 86' lang='lat' dir='ltr'><strong>coniunxit,</strong></span> <span class='ocrx_word' id='word_1_392' title='bbox 1980 4944 2048 4998; x_wconf 90' lang='lat' dir='ltr'><strong>et</strong></span> <span class='ocrx_word' id='word_1_393' title='bbox 2091 4933 2230 5016; x_wconf 89' lang='lat' dir='ltr'><strong>qui·</strong></span> 
     </span>
     <span class='ocr_line' id='line_1_55' title="bbox 274 5018 2227 5104; baseline 0 -19"><span class='ocrx_word' id='word_1_394' title='bbox 274 5025 428 5085; x_wconf 89' lang='lat' dir='ltr'><strong>dem</strong></span> <span class='ocrx_word' id='word_1_395' title='bbox 466 5021 727 5087; x_wconf 83' lang='lat' dir='ltr'><strong>vinculo</strong></span> <span class='ocrx_word' id='word_1_396' title='bbox 762 5019 1205 5104; x_wconf 86' lang='lat' dir='ltr'><strong>inseparabili,</strong></span> <span class='ocrx_word' id='word_1_397' title='bbox 1250 5018 1374 5083; x_wconf 89' lang='lat' dir='ltr'><strong>hoc</strong></span> <span class='ocrx_word' id='word_1_398' title='bbox 1409 5040 1541 5083; x_wconf 92' lang='lat' dir='ltr'><strong>uno</strong></span> <span class='ocrx_word' id='word_1_399' title='bbox 1564 5028 1911 5084; x_wconf 90' lang='lat' dir='ltr'><strong>contentos</strong></span> <span class='ocrx_word' id='word_1_400' title='bbox 1944 5039 2086 5085; x_wconf 85' lang='lat' dir='ltr'><strong>esse</strong></span> <span class='ocrx_word' id='word_1_401' title='bbox 2111 5040 2227 5085; x_wconf 83' lang='lat' dir='ltr'><strong>nos</strong></span> 
     </span>
     <span class='ocr_line' id='line_1_56' title="bbox 274 5121 559 5171; baseline 0.007 -2"><span class='ocrx_word' id='word_1_402' title='bbox 274 5128 314 5169; x_wconf 87' lang='grc' dir='ltr'>Ο</span> <span class='ocrx_word' id='word_1_403' title='bbox 365 5121 559 5171; x_wconf 63' lang='lat' dir='ltr'><strong>orbet-</strong></span> 
     </span>
    </p>

    <p class='ocr_par' dir='ltr' id='par_1_3' title="bbox 319 5127 2222 5272">
     <span class='ocr_line' id='line_1_57' title="bbox 319 5127 2222 5272; baseline -0.002 -15"><span class='ocrx_word' id='word_1_404' title='bbox 319 5127 363 5189; x_wconf 65' lang='grc' dir='ltr'>Ρ</span> <span class='ocrx_word' id='word_1_405' title='bbox 449 5193 539 5257; x_wconf 80' lang='lat' dir='ltr'><strong>Et</strong></span> <span class='ocrx_word' id='word_1_406' title='bbox 584 5191 663 5257; x_wconf 88' lang='lat' dir='ltr'><strong>de</strong></span> <span class='ocrx_word' id='word_1_407' title='bbox 706 5192 836 5256; x_wconf 91' lang='lat' dir='ltr'><strong>Dei</strong></span> <span class='ocrx_word' id='word_1_408' title='bbox 883 5190 1146 5256; x_wconf 88' lang='lat' dir='ltr'><strong>nomine</strong></span> <span class='ocrx_word' id='word_1_409' title='bbox 1190 5211 1320 5272; x_wconf 91' lang='lat' dir='ltr'><strong>quo</strong></span> <span class='ocrx_word' id='word_1_410' title='bbox 1365 5188 1682 5257; x_wconf 81' lang='lat' dir='ltr'><strong>seDavid</strong></span> <span class='ocrx_word' id='word_1_411' title='bbox 1727 5198 1954 5256; x_wconf 85' lang='lat' dir='ltr'><strong>tuetur</strong></span> <span class='ocrx_word' id='word_1_412' title='bbox 1996 5191 2063 5254; x_wconf 89' lang='lat' dir='ltr'><strong>in</strong></span> <span class='ocrx_word' id='word_1_413' title='bbox 2112 5189 2222 5254; x_wconf 85' lang='lat' dir='ltr'><strong>ad·</strong></span> 
     </span>
    </p>
   </div>
   <div class='ocr_carea' id='block_1_3' title="bbox 482 5292 1344 5363">
    <p class='ocr_par' dir='ltr' id='par_1_4' title="bbox 482 5292 1344 5363">
     <span class='ocr_line' id='line_1_58' title="bbox 482 5292 1344 5363; baseline -0.001 -14"><span class='ocrx_word' id='word_1_414' title='bbox 482 5292 923 5363; x_wconf 61' lang='lat' dir='ltr'><strong>mumma.</strong></span> <span class='ocrx_word' id='word_1_415' title='bbox 996 5292 1115 5350; x_wconf 70' lang='lat'><strong>701.</strong></span> <span class='ocrx_word' id='word_1_416' title='bbox 1146 5292 1344 5349; x_wconf 75' lang='lat' dir='ltr'><strong>xxx.</strong></span> 
     </span>
    </p>
   </div>
   <div class='ocr_carea' id='block_1_4' title="bbox 1555 293 3005 365">
    <p class='ocr_par' dir='ltr' id='par_1_5' title="bbox 1555 293 3005 365">
     <span class='ocr_line' id='line_1_59' title="bbox 1555 293 3005 365; baseline 0.003 -5"><span class='ocrx_word' id='word_1_417' title='bbox 1555 295 1654 360; x_wconf 88' lang='lat' dir='ltr'><strong>IN</strong></span> <span class='ocrx_word' id='word_1_418' title='bbox 1700 296 1754 361; x_wconf 84' lang='grc' dir='ltr'><strong>Ι.</strong></span> <span class='ocrx_word' id='word_1_419' title='bbox 1802 295 1982 362; x_wconf 89' lang='lat' dir='ltr'><strong>LIB.</strong></span> <span class='ocrx_word' id='word_1_420' title='bbox 2032 293 2437 362; x_wconf 75' lang='lat' dir='ltr'><strong>SAMUEL.</strong></span> <span class='ocrx_word' id='word_1_421' title='bbox 2484 294 2686 362; x_wconf 79' lang='lat' dir='ltr'><strong>GAP.</strong></span> <span class='ocrx_word' id='word_1_422' title='bbox 2733 295 3005 365; x_wconf 79' lang='lat' dir='ltr'><strong>XXVI.</strong></span> 
     </span>
    </p>
   </div>
   <div class='ocr_carea' id='block_1_5' title="bbox 4170 298 4303 366">
    <p class='ocr_par' dir='ltr' id='par_1_6' title="bbox 4170 298 4303 366">
     <span class='ocr_line' id='line_1_60' title="bbox 4170 298 4303 366; baseline 0.008 -1"><span class='ocrx_word' id='word_1_423' title='bbox 4170 298 4303 366; x_wconf 81' lang='lat'><strong>578</strong></span> 
     </span>
    </p>
   </div>
   <div class='ocr_carea' id='block_1_6' title="bbox 2335 481 4384 2705">
    <p class='ocr_par' dir='ltr' id='par_1_7' title="bbox 2335 481 4384 2705">
     <span class='ocr_line' id='line_1_61' title="bbox 2341 481 4302 569; baseline 0.004 -21"><span class='ocrx_word' id='word_1_424' title='bbox 2341 481 2555 549; x_wconf 83' lang='lat' dir='ltr'><strong>versis</strong></span> <span class='ocrx_word' id='word_1_425' title='bbox 2615 483 2968 551; x_wconf 87' lang='lat' dir='ltr'><strong>hactenus:</strong></span> <span class='ocrx_word' id='word_1_426' title='bbox 3039 486 3497 569; x_wconf 83' lang='lat' dir='ltr'><strong>expendamus</strong></span> <span class='ocrx_word' id='word_1_427' title='bbox 3549 486 3749 553; x_wconf 87' lang='lat' dir='ltr'><strong>etiam</strong></span> <span class='ocrx_word' id='word_1_428' title='bbox 3817 506 4044 554; x_wconf 83' lang='lat' dir='ltr'><strong>vocem</strong></span> <span class='ocrx_word' id='word_1_429' title='bbox 4110 486 4302 556; x_wconf 84' lang='lat' dir='ltr'><strong>illam</strong></span> 
     </span>
     <span class='ocr_line' id='line_1_62' title="bbox 2337 567 4384 655; baseline 0.004 -22"><span class='ocrx_word' id='word_1_430' title='bbox 2337 567 2746 635; x_wconf 83' lang='lat' dir='ltr'><strong>fortitudinis</strong></span> <span class='ocrx_word' id='word_1_431' title='bbox 2801 589 2998 651; x_wconf 90' lang='lat' dir='ltr'><strong>quam</strong></span> <span class='ocrx_word' id='word_1_432' title='bbox 3057 570 3376 638; x_wconf 87' lang='lat' dir='ltr'><strong>liberatus</strong></span> <span class='ocrx_word' id='word_1_433' title='bbox 3431 594 3469 637; x_wconf 92' lang='lat' dir='ltr'><strong>e</strong></span> <span class='ocrx_word' id='word_1_434' title='bbox 3509 572 3820 655; x_wconf 89' lang='lat' dir='ltr'><strong>periculis</strong></span> <span class='ocrx_word' id='word_1_435' title='bbox 3881 592 4014 638; x_wconf 90' lang='lat' dir='ltr'><strong>non</strong></span> <span class='ocrx_word' id='word_1_436' title='bbox 4061 573 4179 641; x_wconf 89' lang='lat' dir='ltr'><strong>abs</strong></span> <span class='ocrx_word' id='word_1_437' title='bbox 4225 595 4316 641; x_wconf 82' lang='lat' dir='ltr'><strong>re·</strong></span> <span class='ocrx_word' id='word_1_438' title='bbox 4375 588 4384 597; x_wconf 83' lang='lat'><strong>‘</strong></span> 
     </span>
     <span class='ocr_line' id='line_1_63' title="bbox 2339 655 4299 741; baseline 0.004 -23"><span class='ocrx_word' id='word_1_439' title='bbox 2339 667 2638 739; x_wconf 71' lang='lat' dir='ltr'><strong>usurpat.</strong></span> <span class='ocrx_word' id='word_1_440' title='bbox 2725 655 2902 720; x_wconf 89' lang='lat' dir='ltr'><strong>Nam</strong></span> <span class='ocrx_word' id='word_1_441' title='bbox 2947 666 3146 737; x_wconf 90' lang='lat' dir='ltr'><strong>prout</strong></span> <span class='ocrx_word' id='word_1_442' title='bbox 3185 655 3269 721; x_wconf 88' lang='lat' dir='ltr'><strong>ad</strong></span> <span class='ocrx_word' id='word_1_443' title='bbox 3330 657 3766 723; x_wconf 84' lang='lat' dir='ltr'><strong>diffidentiam</strong></span> <span class='ocrx_word' id='word_1_444' title='bbox 3814 658 4141 741; x_wconf 83' lang='lat' dir='ltr'><strong>proclives</strong></span> <span class='ocrx_word' id='word_1_445' title='bbox 4185 679 4299 725; x_wconf 89' lang='lat' dir='ltr'><strong>su·</strong></span> 
     </span>
     <span class='ocr_line' id='line_1_64' title="bbox 2340 740 4300 828; baseline 0.003 -25"><span class='ocrx_word' id='word_1_446' title='bbox 2340 760 2511 814; x_wconf 81' lang='lat' dir='ltr'><strong>mus,</strong></span> <span class='ocrx_word' id='word_1_447' title='bbox 2554 740 2666 805; x_wconf 90' lang='lat' dir='ltr'><strong>ubi</strong></span> <span class='ocrx_word' id='word_1_448' title='bbox 2711 740 3003 822; x_wconf 88' lang='lat' dir='ltr'><strong>pericula</strong></span> <span class='ocrx_word' id='word_1_449' title='bbox 3025 742 3349 822; x_wconf 86' lang='lat' dir='ltr'><strong>quaedam</strong></span> <span class='ocrx_word' id='word_1_450' title='bbox 3394 743 3737 828; x_wconf 88' lang='lat' dir='ltr'><strong>ingruunt,</strong></span> <span class='ocrx_word' id='word_1_451' title='bbox 3785 745 4000 809; x_wconf 89' lang='lat' dir='ltr'><strong>subito</strong></span> <span class='ocrx_word' id='word_1_452' title='bbox 4044 755 4300 810; x_wconf 85' lang='lat' dir='ltr'><strong>terrore</strong></span> 
     </span>
     <span class='ocr_line' id='line_1_65' title="bbox 2339 826 4298 913; baseline 0.004 -23"><span class='ocrx_word' id='word_1_453' title='bbox 2339 827 2771 906; x_wconf 87' lang='lat' dir='ltr'><strong>concutimur,</strong></span> <span class='ocrx_word' id='word_1_454' title='bbox 2838 837 2906 890; x_wconf 90' lang='lat' dir='ltr'><strong>et</strong></span> <span class='ocrx_word' id='word_1_455' title='bbox 2967 826 3156 909; x_wconf 88' lang='lat' dir='ltr'><strong>quasi</strong></span> <span class='ocrx_word' id='word_1_456' title='bbox 3219 830 3421 893; x_wconf 91' lang='lat' dir='ltr'><strong>rebus</strong></span> <span class='ocrx_word' id='word_1_457' title='bbox 3489 828 3843 911; x_wconf 87' lang='lat' dir='ltr'><strong>deploratis</strong></span> <span class='ocrx_word' id='word_1_458' title='bbox 3909 828 4298 913; x_wconf 68' lang='lat' dir='ltr'><strong>affligimur:</strong></span> 
     </span>
     <span class='ocr_line' id='line_1_66' title="bbox 2342 908 4299 996; baseline 0.004 -20"><span class='ocrx_word' id='word_1_459' title='bbox 2342 908 2474 977; x_wconf 87' lang='lat' dir='ltr'><strong>Sed</strong></span> <span class='ocrx_word' id='word_1_460' title='bbox 2536 910 2920 977; x_wconf 87' lang='lat' dir='ltr'><strong>discendum</strong></span> <span class='ocrx_word' id='word_1_461' title='bbox 2978 913 3280 996; x_wconf 86' lang='lat' dir='ltr'><strong>exemplo</strong></span> <span class='ocrx_word' id='word_1_462' title='bbox 3331 911 3614 979; x_wconf 80' lang='lat' dir='ltr'><strong>Davidis</strong></span> <span class='ocrx_word' id='word_1_463' title='bbox 3662 912 3744 976; x_wconf 88' lang='lat' dir='ltr'><strong>ad</strong></span> <span class='ocrx_word' id='word_1_464' title='bbox 3797 916 4015 980; x_wconf 90' lang='lat' dir='ltr'><strong>Deum</strong></span> <span class='ocrx_word' id='word_1_465' title='bbox 4073 916 4299 983; x_wconf 85' lang='lat' dir='ltr'><strong>oculos</strong></span> 
     </span>
     <span class='ocr_line' id='line_1_67' title="bbox 2338 995 4300 1100; baseline 0.004 -39"><span class='ocrx_word' id='word_1_466' title='bbox 2338 995 2748 1074; x_wconf 88' lang='lat' dir='ltr'><strong>attollendos,</strong></span> <span class='ocrx_word' id='word_1_467' title='bbox 2793 1006 2869 1061; x_wconf 88' lang='lat' dir='ltr'><strong>ut</strong></span> <span class='ocrx_word' id='word_1_468' title='bbox 2915 997 3225 1062; x_wconf 84' lang='lat' dir='ltr'><strong>virtutem</strong></span> <span class='ocrx_word' id='word_1_469' title='bbox 3267 1012 3337 1063; x_wconf 91' lang='lat' dir='ltr'><strong>et</strong></span> <span class='ocrx_word' id='word_1_470' title='bbox 3378 998 3835 1064; x_wconf 89' lang='lat' dir='ltr'><strong>fortitudinem</strong></span> <span class='ocrx_word' id='word_1_471' title='bbox 3881 1000 4092 1081; x_wconf 89' lang='lat' dir='ltr'><strong>ipsius</strong></span> <span class='ocrx_word' id='word_1_472' title='bbox 4136 1021 4300 1100; x_wconf 84' lang='lat' dir='ltr'><strong>erga</strong></span> 
     </span>
     <span class='ocr_line' id='line_1_68' title="bbox 2338 1080 4299 1166; baseline 0.004 -21"><span class='ocrx_word' id='word_1_473' title='bbox 2338 1103 2457 1146; x_wconf 88' lang='lat' dir='ltr'><strong>nos</strong></span> <span class='ocrx_word' id='word_1_474' title='bbox 2493 1080 3042 1147; x_wconf 88' lang='lat' dir='ltr'><strong>inaestimabilem</strong></span> <span class='ocrx_word' id='word_1_475' title='bbox 3080 1083 3674 1166; x_wconf 87' lang='lat' dir='ltr'><strong>apprehendamus,</strong></span> <span class='ocrx_word' id='word_1_476' title='bbox 3721 1097 3787 1149; x_wconf 89' lang='lat' dir='ltr'><strong>et</strong></span> <span class='ocrx_word' id='word_1_477' title='bbox 3808 1084 3892 1149; x_wconf 89' lang='lat' dir='ltr'><strong>ad</strong></span> <span class='ocrx_word' id='word_1_478' title='bbox 3916 1106 4060 1151; x_wconf 86' lang='lat' dir='ltr'><strong>eam</strong></span> <span class='ocrx_word' id='word_1_479' title='bbox 4097 1086 4299 1153; x_wconf 75' lang='lat' dir='ltr'><strong>variis</strong></span> 
     </span>
     <span class='ocr_line' id='line_1_69' title="bbox 2338 1165 4299 1251; baseline 0.005 -21"><span class='ocrx_word' id='word_1_480' title='bbox 2338 1167 2564 1232; x_wconf 84' lang='lat' dir='ltr'><strong>afflicti</strong></span> <span class='ocrx_word' id='word_1_481' title='bbox 2606 1165 3075 1232; x_wconf 76' lang='lat' dir='ltr'><strong>tentationibus</strong></span> <span class='ocrx_word' id='word_1_482' title='bbox 3096 1169 3590 1251; x_wconf 82' lang='lat' dir='ltr'><strong>confugiamus:</strong></span> <span class='ocrx_word' id='word_1_483' title='bbox 3627 1191 3704 1237; x_wconf 90' lang='lat' dir='ltr'><strong>ac</strong></span> <span class='ocrx_word' id='word_1_484' title='bbox 3739 1171 3893 1236; x_wconf 89' lang='lat' dir='ltr'><strong>licet</strong></span> <span class='ocrx_word' id='word_1_485' title='bbox 3919 1173 4088 1237; x_wconf 84' lang='lat' dir='ltr'><strong>vires</strong></span> <span class='ocrx_word' id='word_1_486' title='bbox 4115 1173 4299 1239; x_wconf 88' lang='lat' dir='ltr'><strong>Deus</strong></span> 
     </span>
     <span class='ocr_line' id='line_1_70' title="bbox 2337 1251 4298 1337; baseline 0.003 -20"><span class='ocrx_word' id='word_1_487' title='bbox 2337 1251 2714 1335; x_wconf 85' lang='lat' dir='ltr'><strong>suppeditet</strong></span> <span class='ocrx_word' id='word_1_488' title='bbox 2770 1251 2853 1317; x_wconf 89' lang='lat' dir='ltr'><strong>ad</strong></span> <span class='ocrx_word' id='word_1_489' title='bbox 2912 1252 3138 1319; x_wconf 88' lang='lat' dir='ltr'><strong>hostes</strong></span> <span class='ocrx_word' id='word_1_490' title='bbox 3196 1254 3665 1337; x_wconf 86' lang='lat' dir='ltr'><strong>profligandos,</strong></span> <span class='ocrx_word' id='word_1_491' title='bbox 3725 1256 4157 1323; x_wconf 89' lang='lat' dir='ltr'><strong>nihilominus</strong></span> <span class='ocrx_word' id='word_1_492' title='bbox 4213 1256 4298 1322; x_wconf 89' lang='lat' dir='ltr'><strong>ad</strong></span> 
     </span>
     <span class='ocr_line' id='line_1_71' title="bbox 2339 1337 4298 1424; baseline 0.003 -22"><span class='ocrx_word' id='word_1_493' title='bbox 2339 1337 2660 1403; x_wconf 86' lang='lat' dir='ltr'><strong>virtutem</strong></span> <span class='ocrx_word' id='word_1_494' title='bbox 2703 1337 2887 1402; x_wconf 89' lang='lat' dir='ltr'><strong>illam</strong></span> <span class='ocrx_word' id='word_1_495' title='bbox 2932 1337 3081 1416; x_wconf 91' lang='lat' dir='ltr'><strong>Dei,</strong></span> <span class='ocrx_word' id='word_1_496' title='bbox 3142 1337 3224 1404; x_wconf 88' lang='lat' dir='ltr'><strong>de</strong></span> <span class='ocrx_word' id='word_1_497' title='bbox 3268 1359 3400 1422; x_wconf 87' lang='lat' dir='ltr'><strong>qua</strong></span> <span class='ocrx_word' id='word_1_498' title='bbox 3441 1338 3664 1406; x_wconf 83' lang='lat' dir='ltr'><strong>David</strong></span> <span class='ocrx_word' id='word_1_499' title='bbox 3709 1340 4019 1424; x_wconf 90' lang='lat' dir='ltr'><strong>loquitur,</strong></span> <span class='ocrx_word' id='word_1_500' title='bbox 4074 1363 4298 1409; x_wconf 87' lang='lat' dir='ltr'><strong>assur·</strong></span> 
     </span>
     <span class='ocr_line' id='line_1_72' title="bbox 2337 1423 4298 1511; baseline 0.003 -24"><span class='ocrx_word' id='word_1_501' title='bbox 2337 1428 2607 1505; x_wconf 79' lang='lat' dir='ltr'><strong>gam‘us:</strong></span> <span class='ocrx_word' id='word_1_502' title='bbox 2653 1444 2737 1489; x_wconf 91' lang='lat' dir='ltr'><strong>ne</strong></span> <span class='ocrx_word' id='word_1_503' title='bbox 2781 1423 2841 1488; x_wconf 91' lang='lat' dir='ltr'><strong>si</strong></span> <span class='ocrx_word' id='word_1_504' title='bbox 2866 1423 3116 1489; x_wconf 83' lang='lat' dir='ltr'><strong>viribus</strong></span> <span class='ocrx_word' id='word_1_505' title='bbox 3156 1423 3403 1505; x_wconf 90' lang='lat' dir='ltr'><strong>pollere</strong></span> <span class='ocrx_word' id='word_1_506' title='bbox 3448 1427 3640 1493; x_wconf 91' lang='lat' dir='ltr'><strong>nobis</strong></span> <span class='ocrx_word' id='word_1_507' title='bbox 3676 1427 4020 1493; x_wconf 90' lang='lat' dir='ltr'><strong>videamur</strong></span> <span class='ocrx_word' id='word_1_508' title='bbox 4055 1426 4298 1511; x_wconf 87' lang='lat' dir='ltr'><strong>quibus</strong></span> 
     </span>
     <span class='ocr_line' id='line_1_73' title="bbox 2337 1506 4302 1592; baseline 0.004 -22"><span class='ocrx_word' id='word_1_509' title='bbox 2337 1506 2736 1574; x_wconf 88' lang='lat' dir='ltr'><strong>adversariis</strong></span> <span class='ocrx_word' id='word_1_510' title='bbox 2795 1507 3160 1574; x_wconf 87' lang='lat' dir='ltr'><strong>resistendo</strong></span> <span class='ocrx_word' id='word_1_511' title='bbox 3220 1531 3410 1592; x_wconf 89' lang='lat' dir='ltr'><strong>pares</strong></span> <span class='ocrx_word' id='word_1_512' title='bbox 3482 1512 3724 1590; x_wconf 86' lang='lat' dir='ltr'><strong>simus,</strong></span> <span class='ocrx_word' id='word_1_513' title='bbox 3792 1513 4003 1578; x_wconf 83' lang='lat' dir='ltr'><strong>divini</strong></span> <span class='ocrx_word' id='word_1_514' title='bbox 4065 1513 4302 1579; x_wconf 88' lang='lat' dir='ltr'><strong>auxilii</strong></span> 
     </span>
     <span class='ocr_line' id='line_1_74' title="bbox 2337 1594 4306 1682; baseline 0.004 -25"><span class='ocrx_word' id='word_1_515' title='bbox 2337 1594 2759 1658; x_wconf 85' lang='lat' dir='ltr'><strong>immemores</strong></span> <span class='ocrx_word' id='word_1_516' title='bbox 2822 1595 3201 1678; x_wconf 83' lang='lat' dir='ltr'><strong>arrogantia</strong></span> <span class='ocrx_word' id='word_1_517' title='bbox 3268 1610 3496 1662; x_wconf 89' lang='lat' dir='ltr'><strong>nostra</strong></span> <span class='ocrx_word' id='word_1_518' title='bbox 3562 1618 3938 1680; x_wconf 85' lang='lat' dir='ltr'><strong>pereamus,</strong></span> <span class='ocrx_word' id='word_1_519' title='bbox 4005 1599 4306 1682; x_wconf 80' lang='lat' dir='ltr'><strong>quando·</strong></span> 
     </span>
     <span class='ocr_line' id='line_1_75' title="bbox 2337 1678 4300 1761; baseline 0.004 -18"><span class='ocrx_word' id='word_1_520' title='bbox 2337 1678 2604 1760; x_wconf 91' lang='lat' dir='ltr'><strong>quidem</strong></span> <span class='ocrx_word' id='word_1_521' title='bbox 2648 1679 2837 1745; x_wconf 89' lang='lat' dir='ltr'><strong>obliti</strong></span> <span class='ocrx_word' id='word_1_522' title='bbox 2882 1680 3200 1746; x_wconf 84' lang='lat' dir='ltr'><strong>fuerimus</strong></span> <span class='ocrx_word' id='word_1_523' title='bbox 3248 1683 3685 1749; x_wconf 83' lang='lat' dir='ltr'><strong>invocationis</strong></span> <span class='ocrx_word' id='word_1_524' title='bbox 3724 1683 3937 1749; x_wconf 84' lang='lat' dir='ltr'><strong>divini</strong></span> <span class='ocrx_word' id='word_1_525' title='bbox 3983 1684 4300 1761; x_wconf 81' lang='lat' dir='ltr'><strong>nominis,</strong></span> 
     </span>
     <span class='ocr_line' id='line_1_76' title="bbox 2337 1763 4299 1853; baseline 0.004 -25"><span class='ocrx_word' id='word_1_526' title='bbox 2337 1785 2505 1847; x_wconf 87' lang='lat' dir='ltr'><strong>quae</strong></span> <span class='ocrx_word' id='word_1_527' title='bbox 2542 1763 2738 1831; x_wconf 89' lang='lat' dir='ltr'><strong>unica</strong></span> <span class='ocrx_word' id='word_1_528' title='bbox 2759 1765 2933 1832; x_wconf 87' lang='lat' dir='ltr'><strong>ratio</strong></span> <span class='ocrx_word' id='word_1_529' title='bbox 2958 1776 3060 1831; x_wconf 87' lang='lat' dir='ltr'><strong>est</strong></span> <span class='ocrx_word' id='word_1_530' title='bbox 3084 1766 3393 1833; x_wconf 82' lang='lat' dir='ltr'><strong>victoriae</strong></span> <span class='ocrx_word' id='word_1_531' title='bbox 3415 1767 3827 1835; x_wconf 86' lang='lat' dir='ltr'><strong>obtinendae.</strong></span> <span class='ocrx_word' id='word_1_532' title='bbox 3876 1768 4299 1853; x_wconf 87' lang='lat' dir='ltr'><strong>Quapropter</strong></span> 
     </span>
     <span class='ocr_line' id='line_1_77' title="bbox 2335 1850 4303 1936; baseline 0.005 -23"><span class='ocrx_word' id='word_1_533' title='bbox 2335 1850 2478 1914; x_wconf 82' lang='lat' dir='ltr'><strong>sive</strong></span> <span class='ocrx_word' id='word_1_534' title='bbox 2523 1850 2726 1932; x_wconf 89' lang='lat' dir='ltr'><strong>copiis</strong></span> <span class='ocrx_word' id='word_1_535' title='bbox 2770 1865 2837 1917; x_wconf 90' lang='lat' dir='ltr'><strong>et</strong></span> <span class='ocrx_word' id='word_1_536' title='bbox 2875 1850 3124 1917; x_wconf 84' lang='lat' dir='ltr'><strong>viribus</strong></span> <span class='ocrx_word' id='word_1_537' title='bbox 3167 1853 3475 1920; x_wconf 82' lang='lat' dir='ltr'><strong>instructi</strong></span> <span class='ocrx_word' id='word_1_538' title='bbox 3520 1875 3710 1936; x_wconf 90' lang='lat' dir='ltr'><strong>pares</strong></span> <span class='ocrx_word' id='word_1_539' title='bbox 3744 1856 3954 1921; x_wconf 88' lang='lat' dir='ltr'><strong>simus</strong></span> <span class='ocrx_word' id='word_1_540' title='bbox 4003 1856 4303 1923; x_wconf 87' lang='lat' dir='ltr'><strong>hostibus</strong></span> 
     </span>
     <span class='ocr_line' id='line_1_78' title="bbox 2335 1935 4305 2018; baseline 0.004 -19"><span class='ocrx_word' id='word_1_541' title='bbox 2335 1935 2718 2013; x_wconf 87' lang='lat' dir='ltr'><strong>resistendo,</strong></span> <span class='ocrx_word' id='word_1_542' title='bbox 2765 1937 2908 2002; x_wconf 83' lang='lat' dir='ltr'><strong>sive</strong></span> <span class='ocrx_word' id='word_1_543' title='bbox 2948 1936 3182 2003; x_wconf 88' lang='lat' dir='ltr'><strong>mediis</strong></span> <span class='ocrx_word' id='word_1_544' title='bbox 3227 1940 3534 2006; x_wconf 88' lang='lat' dir='ltr'><strong>omnibus</strong></span> <span class='ocrx_word' id='word_1_545' title='bbox 3580 1939 3898 2018; x_wconf 88' lang='lat' dir='ltr'><strong>destituti,</strong></span> <span class='ocrx_word' id='word_1_546' title='bbox 3944 1939 4164 2006; x_wconf 88' lang='lat' dir='ltr'><strong>Deum</strong></span> <span class='ocrx_word' id='word_1_547' title='bbox 4199 1942 4305 2006; x_wconf 90' lang='lat' dir='ltr'><strong>in·</strong></span> 
     </span>
     <span class='ocr_line' id='line_1_79' title="bbox 2336 2019 4306 2097; baseline 0.003 -12"><span class='ocrx_word' id='word_1_548' title='bbox 2336 2042 2572 2087; x_wconf 86' lang='lat' dir='ltr'><strong>vocare</strong></span> <span class='ocrx_word' id='word_1_549' title='bbox 2632 2019 2980 2097; x_wconf 88' lang='lat' dir='ltr'><strong>discamus,</strong></span> <span class='ocrx_word' id='word_1_550' title='bbox 3041 2038 3110 2088; x_wconf 92' lang='lat' dir='ltr'><strong>et</strong></span> <span class='ocrx_word' id='word_1_551' title='bbox 3166 2023 3552 2090; x_wconf 87' lang='lat' dir='ltr'><strong>ardentibus</strong></span> <span class='ocrx_word' id='word_1_552' title='bbox 3602 2027 3770 2091; x_wconf 81' lang='lat' dir='ltr'><strong>votis</strong></span> <span class='ocrx_word' id='word_1_553' title='bbox 3828 2025 4186 2094; x_wconf 88' lang='lat' dir='ltr'><strong>sollicitare</strong></span> <span class='ocrx_word' id='word_1_554' title='bbox 4234 2038 4306 2092; x_wconf 89' lang='lat' dir='ltr'><strong>ut</strong></span> 
     </span>
     <span class='ocr_line' id='line_1_80' title="bbox 2336 2106 4303 2179; baseline 0.004 -8"><span class='ocrx_word' id='word_1_555' title='bbox 2336 2106 2657 2171; x_wconf 83' lang='lat' dir='ltr'><strong>virtutem</strong></span> <span class='ocrx_word' id='word_1_556' title='bbox 2693 2128 2883 2173; x_wconf 88' lang='lat' dir='ltr'><strong>suam</strong></span> <span class='ocrx_word' id='word_1_557' title='bbox 2922 2126 2990 2172; x_wconf 90' lang='lat' dir='ltr'><strong>et</strong></span> <span class='ocrx_word' id='word_1_558' title='bbox 3026 2108 3540 2175; x_wconf 86' lang='lat' dir='ltr'><strong>misericordiam</strong></span> <span class='ocrx_word' id='word_1_559' title='bbox 3575 2127 3841 2177; x_wconf 86' lang='lat' dir='ltr'><strong>exserat</strong></span> <span class='ocrx_word' id='word_1_560' title='bbox 3876 2113 3946 2176; x_wconf 89' lang='lat' dir='ltr'><strong>in</strong></span> <span class='ocrx_word' id='word_1_561' title='bbox 3988 2114 4177 2179; x_wconf 92' lang='lat' dir='ltr'><strong>nobis</strong></span> <span class='ocrx_word' id='word_1_562' title='bbox 4201 2126 4303 2178; x_wconf 90' lang='lat' dir='ltr'><strong>tu-</strong></span> 
     </span>
     <span class='ocr_line' id='line_1_81' title="bbox 2338 2190 4302 2282; baseline 0.005 -25"><span class='ocrx_word' id='word_1_563' title='bbox 2338 2190 2558 2258; x_wconf 88' lang='lat' dir='ltr'><strong>tandis</strong></span> <span class='ocrx_word' id='word_1_564' title='bbox 2602 2207 2670 2258; x_wconf 90' lang='lat' dir='ltr'><strong>et</strong></span> <span class='ocrx_word' id='word_1_565' title='bbox 2712 2193 3149 2277; x_wconf 84' lang='lat' dir='ltr'><strong>protegendis,</strong></span> <span class='ocrx_word' id='word_1_566' title='bbox 3194 2208 3261 2259; x_wconf 85' lang='lat' dir='ltr'><strong>et</strong></span> <span class='ocrx_word' id='word_1_567' title='bbox 3303 2217 3376 2261; x_wconf 89' lang='lat' dir='ltr'><strong>re</strong></span> <span class='ocrx_word' id='word_1_568' title='bbox 3417 2196 3562 2278; x_wconf 87' lang='lat' dir='ltr'><strong>ipsa</strong></span> <span class='ocrx_word' id='word_1_569' title='bbox 3584 2198 3950 2264; x_wconf 87' lang='lat' dir='ltr'><strong>sentiamus</strong></span> <span class='ocrx_word' id='word_1_570' title='bbox 3970 2198 4052 2264; x_wconf 84' lang='lat' dir='ltr'><strong>ab</strong></span> <span class='ocrx_word' id='word_1_571' title='bbox 4089 2199 4302 2282; x_wconf 87' lang='lat' dir='ltr'><strong>ipsius</strong></span> 
     </span>
     <span class='ocr_line' id='line_1_82' title="bbox 2337 2277 4300 2364; baseline 0.004 -21"><span class='ocrx_word' id='word_1_572' title='bbox 2337 2277 2477 2343; x_wconf 90' lang='lat' dir='ltr'><strong>sola</strong></span> <span class='ocrx_word' id='word_1_573' title='bbox 2541 2278 2826 2343; x_wconf 86' lang='lat' dir='ltr'><strong>bonitate</strong></span> <span class='ocrx_word' id='word_1_574' title='bbox 2886 2299 3152 2345; x_wconf 89' lang='lat' dir='ltr'><strong>manere</strong></span> <span class='ocrx_word' id='word_1_575' title='bbox 3211 2279 3528 2364; x_wconf 88' lang='lat' dir='ltr'><strong>quidquid</strong></span> <span class='ocrx_word' id='word_1_576' title='bbox 3590 2282 3910 2349; x_wconf 88' lang='lat' dir='ltr'><strong>bonorum</strong></span> <span class='ocrx_word' id='word_1_577' title='bbox 3957 2282 4300 2351; x_wconf 86' lang='lat' dir='ltr'><strong>habemus.</strong></span> 
     </span>
     <span class='ocr_line' id='line_1_83' title="bbox 2341 2362 4300 2453; baseline 0.003 -24"><span class='ocrx_word' id='word_1_578' title='bbox 2341 2364 2551 2430; x_wconf 90' lang='lat' dir='ltr'><strong>Porro</strong></span> <span class='ocrx_word' id='word_1_579' title='bbox 2594 2362 2814 2429; x_wconf 84' lang='lat' dir='ltr'><strong>David</strong></span> <span class='ocrx_word' id='word_1_580' title='bbox 2861 2363 3083 2430; x_wconf 91' lang='lat' dir='ltr'><strong>Deum</strong></span> <span class='ocrx_word' id='word_1_581' title='bbox 3141 2364 3462 2434; x_wconf 81' lang='lat' dir='ltr'><strong>invocans</strong></span> <span class='ocrx_word' id='word_1_582' title='bbox 3506 2369 3633 2434; x_wconf 86' lang='lat' dir='ltr'><strong>ait:</strong></span> <span class='ocrx_word' id='word_1_583' title='bbox 3692 2368 3969 2439; x_wconf 66' lang='lat' dir='ltr'><strong>Domine</strong></span> <span class='ocrx_word' id='word_1_584' title='bbox 4011 2371 4083 2435; x_wconf 72' lang='lat' dir='ltr'><strong>in</strong></span> <span class='ocrx_word' id='word_1_585' title='bbox 4122 2369 4300 2453; x_wconf 69' lang='lat' dir='ltr'><strong>forti·</strong></span> 
     </span>
     <span class='ocr_line' id='line_1_84' title="bbox 2338 2449 4301 2536; baseline 0.004 -24"><span class='ocrx_word' id='word_1_586' title='bbox 2338 2449 2558 2515; x_wconf 78' lang='lat' dir='ltr'><strong>tudine</strong></span> <span class='ocrx_word' id='word_1_587' title='bbox 2611 2454 2726 2514; x_wconf 78' lang='lat' dir='ltr'><strong>tua</strong></span> <span class='ocrx_word' id='word_1_588' title='bbox 2768 2449 2987 2515; x_wconf 78' lang='lat' dir='ltr'><strong>iudica</strong></span> <span class='ocrx_word' id='word_1_589' title='bbox 3027 2471 3160 2516; x_wconf 83' lang='lat' dir='ltr'><strong>me.-</strong></span> <span class='ocrx_word' id='word_1_590' title='bbox 3219 2471 3348 2534; x_wconf 88' lang='lat' dir='ltr'><strong>qua</strong></span> <span class='ocrx_word' id='word_1_591' title='bbox 3395 2473 3556 2519; x_wconf 80' lang='lat' dir='ltr'><strong>voce</strong></span> <span class='ocrx_word' id='word_1_592' title='bbox 3599 2454 3956 2536; x_wconf 73' lang='lat' dir='ltr'><strong>iudicandi,</strong></span> <span class='ocrx_word' id='word_1_593' title='bbox 4024 2476 4154 2521; x_wconf 88' lang='lat' dir='ltr'><strong>uon</strong></span> <span class='ocrx_word' id='word_1_594' title='bbox 4203 2469 4301 2519; x_wconf 83' lang='lat' dir='ltr'><strong>te·</strong></span> 
     </span>
     <span class='ocr_line' id='line_1_85' title="bbox 2341 2535 4299 2625; baseline 0.004 -26"><span class='ocrx_word' id='word_1_595' title='bbox 2341 2556 2519 2601; x_wconf 85' lang='lat' dir='ltr'><strong>mere</strong></span> <span class='ocrx_word' id='word_1_596' title='bbox 2564 2537 2796 2601; x_wconf 90' lang='lat' dir='ltr'><strong>utitur.</strong></span> <span class='ocrx_word' id='word_1_597' title='bbox 2843 2535 3013 2601; x_wconf 89' lang='lat' dir='ltr'><strong>Nam</strong></span> <span class='ocrx_word' id='word_1_598' title='bbox 3060 2537 3156 2601; x_wconf 86' lang='lat' dir='ltr'><strong>ita</strong></span> <span class='ocrx_word' id='word_1_599' title='bbox 3191 2549 3410 2604; x_wconf 88' lang='lat' dir='ltr'><strong>ratum</strong></span> <span class='ocrx_word' id='word_1_600' title='bbox 3438 2539 3597 2606; x_wconf 85' lang='lat' dir='ltr'><strong>facit</strong></span> <span class='ocrx_word' id='word_1_601' title='bbox 3639 2538 3810 2623; x_wconf 89' lang='lat' dir='ltr'><strong>quod</strong></span> <span class='ocrx_word' id='word_1_602' title='bbox 3847 2541 4041 2625; x_wconf 87' lang='lat' dir='ltr'><strong>attigi</strong></span> <span class='ocrx_word' id='word_1_603' title='bbox 4078 2561 4299 2624; x_wconf 84' lang='lat' dir='ltr'><strong>supra,</strong></span> 
     </span>
     <span class='ocr_line' id='line_1_86' title="bbox 2340 2619 4303 2705; baseline 0.003 -21"><span class='ocrx_word' id='word_1_604' title='bbox 2340 2641 2461 2686; x_wconf 90' lang='lat' dir='ltr'><strong>nos</strong></span> <span class='ocrx_word' id='word_1_605' title='bbox 2504 2619 2637 2684; x_wconf 92' lang='lat' dir='ltr'><strong>Dei</strong></span> <span class='ocrx_word' id='word_1_606' title='bbox 2698 2641 2937 2686; x_wconf 88' lang='lat' dir='ltr'><strong>nomen</strong></span> <span class='ocrx_word' id='word_1_607' title='bbox 2984 2622 3049 2685; x_wconf 89' lang='lat' dir='ltr'><strong>in</strong></span> <span class='ocrx_word' id='word_1_608' title='bbox 3111 2622 3433 2689; x_wconf 87' lang='lat' dir='ltr'><strong>auxilium</strong></span> <span class='ocrx_word' id='word_1_609' title='bbox 3500 2636 3799 2692; x_wconf 88' lang='lat' dir='ltr'><strong>nostrum</strong></span> <span class='ocrx_word' id='word_1_610' title='bbox 3846 2624 4303 2705; x_wconf 71' lang='lat' dir='ltr'><strong>advocatur-os,</strong></span> 
     </span>
    </p>
   </div>
   <div class='ocr_carea' id='block_1_7' title="bbox 2335 2708 4402 2794">
    <p class='ocr_par' dir='ltr' id='par_1_8' title="bbox 2335 2708 4402 2794">
     <span class='ocr_line' id='line_1_87' title="bbox 2335 2708 4402 2794; baseline 0.005 -23"><span class='ocrx_word' id='word_1_611' title='bbox 2335 2717 2640 2791; x_wconf 89' lang='lat' dir='ltr'><strong>oportere</strong></span> <span class='ocrx_word' id='word_1_612' title='bbox 2705 2728 2790 2772; x_wconf 88' lang='lat' dir='ltr'><strong>ex</strong></span> <span class='ocrx_word' id='word_1_613' title='bbox 2848 2708 3069 2773; x_wconf 89' lang='lat' dir='ltr'><strong>auimo</strong></span> <span class='ocrx_word' id='word_1_614' title='bbox 3128 2719 3195 2772; x_wconf 88' lang='lat' dir='ltr'><strong>et</strong></span> <span class='ocrx_word' id='word_1_615' title='bbox 3253 2708 3507 2775; x_wconf 84' lang='lat' dir='ltr'><strong>sincere</strong></span> <span class='ocrx_word' id='word_1_616' title='bbox 3569 2712 3802 2777; x_wconf 88' lang='lat' dir='ltr'><strong>testari</strong></span> <span class='ocrx_word' id='word_1_617' title='bbox 3861 2732 4086 2777; x_wconf 90' lang='lat' dir='ltr'><strong>coram</strong></span> <span class='ocrx_word' id='word_1_618' title='bbox 4156 2712 4300 2794; x_wconf 90' lang='lat' dir='ltr'><strong>ipso</strong></span> <span class='ocrx_word' id='word_1_619' title='bbox 4399 2778 4402 2781; x_wconf 85' lang='lat'><strong>.</strong></span> 
     </span>
    </p>
   </div>
   <div class='ocr_carea' id='block_1_8' title="bbox 2330 2791 4316 5274">
    <p class='ocr_par' dir='ltr' id='par_1_9' title="bbox 2330 2791 4316 5274">
     <span class='ocr_line' id='line_1_88' title="bbox 2338 2791 4300 2879; baseline 0.004 -23"><span class='ocrx_word' id='word_1_620' title='bbox 2338 2791 2554 2857; x_wconf 88' lang='lat' dir='ltr'><strong>iudice</strong></span> <span class='ocrx_word' id='word_1_621' title='bbox 2601 2812 2804 2874; x_wconf 88' lang='lat' dir='ltr'><strong>posse,</strong></span> <span class='ocrx_word' id='word_1_622' title='bbox 2867 2812 2986 2857; x_wconf 86' lang='lat' dir='ltr'><strong>nos</strong></span> <span class='ocrx_word' id='word_1_623' title='bbox 3043 2792 3298 2859; x_wconf 89' lang='lat' dir='ltr'><strong>sincere</strong></span> <span class='ocrx_word' id='word_1_624' title='bbox 3360 2796 3584 2861; x_wconf 90' lang='lat' dir='ltr'><strong>testari</strong></span> <span class='ocrx_word' id='word_1_625' title='bbox 3629 2817 3848 2865; x_wconf 87' lang='lat' dir='ltr'><strong>coram</strong></span> <span class='ocrx_word' id='word_1_626' title='bbox 3897 2799 4038 2879; x_wconf 90' lang='lat' dir='ltr'><strong>ipso</strong></span> <span class='ocrx_word' id='word_1_627' title='bbox 4083 2819 4300 2879; x_wconf 86' lang='lat' dir='ltr'><strong>agere,</strong></span> 
     </span>
     <span class='ocr_line' id='line_1_89' title="bbox 2337 2879 4300 2964; baseline 0.005 -24"><span class='ocrx_word' id='word_1_628' title='bbox 2337 2896 2732 2960; x_wconf 88' lang='lat' dir='ltr'><strong>causamque</strong></span> <span class='ocrx_word' id='word_1_629' title='bbox 2789 2891 3082 2947; x_wconf 86' lang='lat' dir='ltr'><strong>nostram</strong></span> <span class='ocrx_word' id='word_1_630' title='bbox 3141 2879 3378 2945; x_wconf 89' lang='lat' dir='ltr'><strong>bonam</strong></span> <span class='ocrx_word' id='word_1_631' title='bbox 3438 2893 3505 2945; x_wconf 92' lang='lat' dir='ltr'><strong>et</strong></span> <span class='ocrx_word' id='word_1_632' title='bbox 3559 2881 3803 2947; x_wconf 85' lang='lat' dir='ltr'><strong>iustam</strong></span> <span class='ocrx_word' id='word_1_633' title='bbox 3863 2902 4038 2958; x_wconf 83' lang='lat' dir='ltr'><strong>esse.</strong></span> <span class='ocrx_word' id='word_1_634' title='bbox 4101 2894 4300 2964; x_wconf 83' lang='lat' dir='ltr'><strong>atque</strong></span> 
     </span>
     <span class='ocr_line' id='line_1_90' title="bbox 2337 2962 4299 3064; baseline 0.002 -37"><span class='ocrx_word' id='word_1_635' title='bbox 2337 2962 2436 3027; x_wconf 92' lang='lat' dir='ltr'><strong>illi</strong></span> <span class='ocrx_word' id='word_1_636' title='bbox 2483 2963 2765 3045; x_wconf 89' lang='lat' dir='ltr'><strong>probari.</strong></span> <span class='ocrx_word' id='word_1_637' title='bbox 2814 2963 2978 3028; x_wconf 90' lang='lat' dir='ltr'><strong>Nam</strong></span> <span class='ocrx_word' id='word_1_638' title='bbox 3017 2964 3153 3030; x_wconf 82' lang='lat' dir='ltr'><strong>fere</strong></span> <span class='ocrx_word' id='word_1_639' title='bbox 3177 2965 3254 3029; x_wconf 82' lang='lat' dir='ltr'><strong>fit</strong></span> <span class='ocrx_word' id='word_1_640' title='bbox 3279 2966 3486 3064; x_wconf 83' lang='lat' dir='ltr'><strong>utqui</strong></span> <span class='ocrx_word' id='word_1_641' title='bbox 3513 2965 3753 3031; x_wconf 87' lang='lat' dir='ltr'><strong>malam</strong></span> <span class='ocrx_word' id='word_1_642' title='bbox 3779 2988 4046 3033; x_wconf 86' lang='lat' dir='ltr'><strong>causam</strong></span> <span class='ocrx_word' id='word_1_643' title='bbox 4069 2980 4299 3052; x_wconf 84' lang='lat' dir='ltr'><strong>agunt,</strong></span> 
     </span>
     <span class='ocr_line' id='line_1_91' title="bbox 2336 3048 4301 3133; baseline 0.003 -21"><span class='ocrx_word' id='word_1_644' title='bbox 2336 3059 2560 3113; x_wconf 91' lang='lat' dir='ltr'><strong>tamen</strong></span> <span class='ocrx_word' id='word_1_645' title='bbox 2584 3048 2762 3115; x_wconf 92' lang='lat' dir='ltr'><strong>illius</strong></span> <span class='ocrx_word' id='word_1_646' title='bbox 2787 3049 3144 3117; x_wconf 89' lang='lat' dir='ltr'><strong>bonitatam</strong></span> <span class='ocrx_word' id='word_1_647' title='bbox 3183 3049 3591 3133; x_wconf 71' lang='lat' dir='ltr'><strong>praedicent:</strong></span> <span class='ocrx_word' id='word_1_648' title='bbox 3631 3051 3817 3117; x_wconf 86' lang='lat' dir='ltr'><strong>facile</strong></span> <span class='ocrx_word' id='word_1_649' title='bbox 3841 3065 3942 3118; x_wconf 87' lang='lat' dir='ltr'><strong>est</strong></span> <span class='ocrx_word' id='word_1_650' title='bbox 3971 3055 4145 3118; x_wconf 89' lang='lat' dir='ltr'><strong>enim</strong></span> <span class='ocrx_word' id='word_1_651' title='bbox 4175 3052 4301 3119; x_wconf 79' lang='lat' dir='ltr'><strong>bo·</strong></span> 
     </span>
     <span class='ocr_line' id='line_1_92' title="bbox 2340 3134 4298 3221; baseline 0.004 -25"><span class='ocrx_word' id='word_1_652' title='bbox 2340 3134 2625 3200; x_wconf 82' lang='lat' dir='ltr'><strong>minibus</strong></span> <span class='ocrx_word' id='word_1_653' title='bbox 2668 3136 3042 3218; x_wconf 87' lang='lat' dir='ltr'><strong>imponere:</strong></span> <span class='ocrx_word' id='word_1_654' title='bbox 3103 3150 3172 3200; x_wconf 90' lang='lat' dir='ltr'><strong>et</strong></span> <span class='ocrx_word' id='word_1_655' title='bbox 3228 3137 3612 3219; x_wconf 85' lang='lat' dir='ltr'><strong>saepissime</strong></span> <span class='ocrx_word' id='word_1_656' title='bbox 3670 3135 4107 3205; x_wconf 87' lang='lat' dir='ltr'><strong>oculatissimi</strong></span> <span class='ocrx_word' id='word_1_657' title='bbox 4151 3139 4298 3221; x_wconf 86' lang='lat' dir='ltr'><strong>qui-</strong></span> 
     </span>
     <span class='ocr_line' id='line_1_93' title="bbox 2336 3220 4301 3308; baseline 0.003 -25"><span class='ocrx_word' id='word_1_658' title='bbox 2336 3240 2465 3303; x_wconf 87' lang='lat' dir='ltr'><strong>que</strong></span> <span class='ocrx_word' id='word_1_659' title='bbox 2508 3221 2816 3304; x_wconf 86' lang='lat' dir='ltr'><strong>caligant.</strong></span> <span class='ocrx_word' id='word_1_660' title='bbox 2885 3220 3109 3302; x_wconf 85' lang='lat' dir='ltr'><strong>Quare</strong></span> <span class='ocrx_word' id='word_1_661' title='bbox 3154 3221 3484 3287; x_wconf 87' lang='lat' dir='ltr'><strong>discamue</strong></span> <span class='ocrx_word' id='word_1_662' title='bbox 3528 3220 3883 3306; x_wconf 87' lang='lat' dir='ltr'><strong>diligenter</strong></span> <span class='ocrx_word' id='word_1_663' title='bbox 3925 3224 4301 3308; x_wconf 85' lang='lat' dir='ltr'><strong>expendere</strong></span> 
     </span>
     <span class='ocr_line' id='line_1_94' title="bbox 2337 3306 4300 3388; baseline 0.004 -19"><span class='ocrx_word' id='word_1_664' title='bbox 2337 3325 2473 3369; x_wconf 91' lang='lat' dir='ltr'><strong>non</strong></span> <span class='ocrx_word' id='word_1_665' title='bbox 2520 3316 2778 3372; x_wconf 87' lang='lat' dir='ltr'><strong>tantum</strong></span> <span class='ocrx_word' id='word_1_666' title='bbox 2824 3306 2995 3371; x_wconf 83' lang='lat' dir='ltr'><strong>facta</strong></span> <span class='ocrx_word' id='word_1_667' title='bbox 3040 3318 3334 3388; x_wconf 90' lang='lat' dir='ltr'><strong>externa,</strong></span> <span class='ocrx_word' id='word_1_668' title='bbox 3394 3306 3511 3373; x_wconf 89' lang='lat' dir='ltr'><strong>sed</strong></span> <span class='ocrx_word' id='word_1_669' title='bbox 3555 3308 3580 3372; x_wconf 92' lang='lat' dir='ltr'><strong>i</strong></span> <span class='ocrx_word' id='word_1_670' title='bbox 3659 3316 3732 3375; x_wconf 89' lang='lat' dir='ltr'><strong>as</strong></span> <span class='ocrx_word' id='word_1_671' title='bbox 3788 3310 3989 3375; x_wconf 87' lang='lat' dir='ltr'><strong>etiam</strong></span> <span class='ocrx_word' id='word_1_672' title='bbox 4035 3324 4300 3377; x_wconf 84' lang='lat' dir='ltr'><strong>nostras</strong></span> 
     </span>
     <span class='ocr_line' id='line_1_95' title="bbox 2335 3390 4302 3481; baseline 0.003 -24"><span class='ocrx_word' id='word_1_673' title='bbox 2335 3390 2765 3474; x_wconf 87' lang='lat' dir='ltr'><strong>cogitationes</strong></span> <span class='ocrx_word' id='word_1_674' title='bbox 2808 3408 2876 3457; x_wconf 89' lang='lat' dir='ltr'><strong>et</strong></span> <span class='ocrx_word' id='word_1_675' title='bbox 2919 3392 3320 3477; x_wconf 76' lang='lat' dir='ltr'><strong>affectiones,</strong></span> <span class='ocrx_word' id='word_1_676' title='bbox 3383 3404 3455 3459; x_wconf 90' lang='lat' dir='ltr'><strong>ut</strong></span> <span class='ocrx_word' id='word_1_677' title='bbox 3514 3415 3554 3458; x_wconf 91' lang='lat' dir='ltr'><strong>a</strong></span> <span class='ocrx_word' id='word_1_678' title='bbox 3645 3395 3868 3461; x_wconf 90' lang='lat' dir='ltr'><strong>Deum</strong></span> <span class='ocrx_word' id='word_1_679' title='bbox 3909 3395 4302 3481; x_wconf 83' lang='lat' dir='ltr'><strong>confugien-</strong></span> 
     </span>
     <span class='ocr_line' id='line_1_96' title="bbox 2334 3478 4302 3561; baseline 0.003 -18"><span class='ocrx_word' id='word_1_680' title='bbox 2334 3489 2436 3543; x_wconf 87' lang='lat' dir='ltr'><strong>tes</strong></span> <span class='ocrx_word' id='word_1_681' title='bbox 2496 3497 2651 3542; x_wconf 82' lang='lat' dir='ltr'><strong>vere</strong></span> <span class='ocrx_word' id='word_1_682' title='bbox 2708 3478 2933 3543; x_wconf 87' lang='lat' dir='ltr'><strong>testari</strong></span> <span class='ocrx_word' id='word_1_683' title='bbox 2994 3479 3341 3561; x_wconf 86' lang='lat' dir='ltr'><strong>possimus,</strong></span> <span class='ocrx_word' id='word_1_684' title='bbox 3401 3500 3518 3545; x_wconf 88' lang='lat' dir='ltr'><strong>nos</strong></span> <span class='ocrx_word' id='word_1_685' title='bbox 3562 3490 3745 3546; x_wconf 86' lang='lat' dir='ltr'><strong>recta</strong></span> <span class='ocrx_word' id='word_1_686' title='bbox 3789 3481 4191 3548; x_wconf 88' lang='lat' dir='ltr'><strong>conscientia</strong></span> <span class='ocrx_word' id='word_1_687' title='bbox 4233 3493 4302 3549; x_wconf 92' lang='lat' dir='ltr'><strong>et</strong></span> 
     </span>
     <span class='ocr_line' id='line_1_97' title="bbox 2334 3562 4316 3653; baseline 0.004 -25"><span class='ocrx_word' id='word_1_688' title='bbox 2334 3583 2573 3628; x_wconf 90' lang='lat' dir='ltr'><strong>causae</strong></span> <span class='ocrx_word' id='word_1_689' title='bbox 2620 3562 2910 3628; x_wconf 85' lang='lat' dir='ltr'><strong>bonitate</strong></span> <span class='ocrx_word' id='word_1_690' title='bbox 2953 3563 3157 3641; x_wconf 81' lang='lat' dir='ltr'><strong>fretos</strong></span> <span class='ocrx_word' id='word_1_691' title='bbox 3201 3564 3284 3629; x_wconf 89' lang='lat' dir='ltr'><strong>ad</strong></span> <span class='ocrx_word' id='word_1_692' title='bbox 3328 3566 3548 3647; x_wconf 90' lang='lat' dir='ltr'><strong>ipsum</strong></span> <span class='ocrx_word' id='word_1_693' title='bbox 3594 3564 3923 3650; x_wconf 85' lang='lat' dir='ltr'><strong>accedere,</strong></span> <span class='ocrx_word' id='word_1_694' title='bbox 3983 3580 4051 3633; x_wconf 87' lang='lat' dir='ltr'><strong>et</strong></span> <span class='ocrx_word' id='word_1_695' title='bbox 4093 3570 4316 3653; x_wconf 82' lang='lat' dir='ltr'><strong>ipsius·</strong></span> 
     </span>
     <span class='ocr_line' id='line_1_98' title="bbox 2334 3648 4301 3738; baseline 0.004 -25"><span class='ocrx_word' id='word_1_696' title='bbox 2334 3668 2527 3731; x_wconf 90' lang='lat' dir='ltr'><strong>opem</strong></span> <span class='ocrx_word' id='word_1_697' title='bbox 2571 3648 2944 3731; x_wconf 86' lang='lat' dir='ltr'><strong>implorare,</strong></span> <span class='ocrx_word' id='word_1_698' title='bbox 2991 3658 3066 3713; x_wconf 91' lang='lat' dir='ltr'><strong>ut</strong></span> <span class='ocrx_word' id='word_1_699' title='bbox 3107 3670 3377 3717; x_wconf 87' lang='lat' dir='ltr'><strong>causam</strong></span> <span class='ocrx_word' id='word_1_700' title='bbox 3423 3659 3715 3716; x_wconf 87' lang='lat' dir='ltr'><strong>nostram</strong></span> <span class='ocrx_word' id='word_1_701' title='bbox 3752 3650 4021 3721; x_wconf 89' lang='lat' dir='ltr'><strong>iudicet.</strong></span> <span class='ocrx_word' id='word_1_702' title='bbox 4071 3654 4301 3738; x_wconf 84' lang='lat' dir='ltr'><strong>Neque</strong></span> 
     </span>
     <span class='ocr_line' id='line_1_99' title="bbox 2336 3732 4300 3820; baseline 0.005 -22"><span class='ocrx_word' id='word_1_703' title='bbox 2336 3753 2495 3801; x_wconf 82' lang='lat' dir='ltr'><strong>vero</strong></span> <span class='ocrx_word' id='word_1_704' title='bbox 2539 3732 2764 3799; x_wconf 89' lang='lat' dir='ltr'><strong>Deum</strong></span> <span class='ocrx_word' id='word_1_705' title='bbox 2822 3735 3074 3799; x_wconf 83' lang='lat' dir='ltr'><strong>moveri</strong></span> <span class='ocrx_word' id='word_1_706' title='bbox 3137 3750 3359 3801; x_wconf 80' lang='lat' dir='ltr'><strong>nostra</strong></span> <span class='ocrx_word' id='word_1_707' title='bbox 3416 3734 3741 3819; x_wconf 85' lang='lat' dir='ltr'><strong>dignitate</strong></span> <span class='ocrx_word' id='word_1_708' title='bbox 3788 3750 3857 3801; x_wconf 87' lang='lat' dir='ltr'><strong>et</strong></span> <span class='ocrx_word' id='word_1_709' title='bbox 3900 3741 4158 3820; x_wconf 91' lang='lat' dir='ltr'><strong>merito,</strong></span> <span class='ocrx_word' id='word_1_710' title='bbox 4223 3752 4300 3807; x_wconf 88' lang='lat' dir='ltr'><strong>ut</strong></span> 
     </span>
     <span class='ocr_line' id='line_1_100' title="bbox 2335 3819 4294 3910; baseline 0.004 -25"><span class='ocrx_word' id='word_1_711' title='bbox 2335 3819 2547 3885; x_wconf 90' lang='lat' dir='ltr'><strong>solent</strong></span> <span class='ocrx_word' id='word_1_712' title='bbox 2590 3819 2918 3909; x_wconf 84' lang='lat' dir='ltr'><strong>mortales,</strong></span> <span class='ocrx_word' id='word_1_713' title='bbox 2961 3820 3476 3886; x_wconf 87' lang='lat' dir='ltr'><strong>existimandum</strong></span> <span class='ocrx_word' id='word_1_714' title='bbox 3515 3834 3646 3887; x_wconf 89' lang='lat' dir='ltr'><strong>est:</strong></span> <span class='ocrx_word' id='word_1_715' title='bbox 3693 3821 3810 3888; x_wconf 88' lang='lat' dir='ltr'><strong>sed</strong></span> <span class='ocrx_word' id='word_1_716' title='bbox 3836 3831 4096 3889; x_wconf 85' lang='lat' dir='ltr'><strong>tantum</strong></span> <span class='ocrx_word' id='word_1_717' title='bbox 4143 3848 4294 3910; x_wconf 87' lang='lat' dir='ltr'><strong>pro-</strong></span> 
     </span>
     <span class='ocr_line' id='line_1_101' title="bbox 2333 3905 4294 3993; baseline 0.004 -24"><span class='ocrx_word' id='word_1_718' title='bbox 2333 3905 2506 3971; x_wconf 86' lang='lat' dir='ltr'><strong>fiteri</strong></span> <span class='ocrx_word' id='word_1_719' title='bbox 2567 3915 2828 3988; x_wconf 88' lang='lat' dir='ltr'><strong>oportet</strong></span> <span class='ocrx_word' id='word_1_720' title='bbox 2882 3926 3002 3970; x_wconf 86' lang='lat' dir='ltr'><strong>nos</strong></span> <span class='ocrx_word' id='word_1_721' title='bbox 3060 3906 3340 3971; x_wconf 91' lang='lat' dir='ltr'><strong>candide</strong></span> <span class='ocrx_word' id='word_1_722' title='bbox 3397 3918 3464 3971; x_wconf 89' lang='lat' dir='ltr'><strong>et</strong></span> <span class='ocrx_word' id='word_1_723' title='bbox 3520 3910 3776 3974; x_wconf 89' lang='lat' dir='ltr'><strong>sincere</strong></span> <span class='ocrx_word' id='word_1_724' title='bbox 3819 3928 4036 3993; x_wconf 86' lang='lat' dir='ltr'><strong>agere,</strong></span> <span class='ocrx_word' id='word_1_725' title='bbox 4098 3924 4168 3977; x_wconf 87' lang='lat' dir='ltr'><strong>et</strong></span> <span class='ocrx_word' id='word_1_726' title='bbox 4207 3912 4294 3977; x_wconf 85' lang='lat' dir='ltr'><strong>ad</strong></span> 
     </span>
     <span class='ocr_line' id='line_1_102' title="bbox 2332 3990 4296 4075; baseline 0.004 -20"><span class='ocrx_word' id='word_1_727' title='bbox 2332 3991 2553 4073; x_wconf 89' lang='lat' dir='ltr'><strong>ipsum</strong></span> <span class='ocrx_word' id='word_1_728' title='bbox 2600 3990 2881 4057; x_wconf 89' lang='lat' dir='ltr'><strong>iudicem</strong></span> <span class='ocrx_word' id='word_1_729' title='bbox 2927 3992 3299 4075; x_wconf 85' lang='lat' dir='ltr'><strong>confugere,</strong></span> <span class='ocrx_word' id='word_1_730' title='bbox 3344 3993 3617 4075; x_wconf 90' lang='lat' dir='ltr'><strong>eiusque</strong></span> <span class='ocrx_word' id='word_1_731' title='bbox 3663 3993 4179 4061; x_wconf 87' lang='lat' dir='ltr'><strong>misericordiam</strong></span> <span class='ocrx_word' id='word_1_732' title='bbox 4225 4012 4296 4062; x_wconf 89' lang='lat' dir='ltr'><strong>et</strong></span> 
     </span>
     <span class='ocr_line' id='line_1_103' title="bbox 2332 4075 4294 4159; baseline 0.003 -17"><span class='ocrx_word' id='word_1_733' title='bbox 2332 4097 2522 4158; x_wconf 93' lang='lat' dir='ltr'><strong>opem</strong></span> <span class='ocrx_word' id='word_1_734' title='bbox 2566 4077 2933 4159; x_wconf 90' lang='lat' dir='ltr'><strong>implorare.</strong></span> <span class='ocrx_word' id='word_1_735' title='bbox 3024 4076 3196 4142; x_wconf 87' lang='lat' dir='ltr'><strong>Cum</strong></span> <span class='ocrx_word' id='word_1_736' title='bbox 3243 4075 3628 4145; x_wconf 83' lang='lat' dir='ltr'><strong>fortitudine</strong></span> <span class='ocrx_word' id='word_1_737' title='bbox 3672 4092 3741 4147; x_wconf 91' lang='lat' dir='ltr'><strong>et</strong></span> <span class='ocrx_word' id='word_1_738' title='bbox 3787 4080 4025 4151; x_wconf 75' lang='lat' dir='ltr'><strong>virtute</strong></span> <span class='ocrx_word' id='word_1_739' title='bbox 4073 4082 4294 4148; x_wconf 86' lang='lat' dir='ltr'><strong>David</strong></span> 
     </span>
     <span class='ocr_line' id='line_1_104' title="bbox 2333 4161 4292 4246; baseline 0.003 -19"><span class='ocrx_word' id='word_1_740' title='bbox 2333 4161 2530 4227; x_wconf 88' lang='lat' dir='ltr'><strong>etiam</strong></span> <span class='ocrx_word' id='word_1_741' title='bbox 2576 4161 2704 4227; x_wconf 91' lang='lat' dir='ltr'><strong>Dei</strong></span> <span class='ocrx_word' id='word_1_742' title='bbox 2753 4161 3098 4229; x_wconf 83' lang='lat' dir='ltr'><strong>veritatem</strong></span> <span class='ocrx_word' id='word_1_743' title='bbox 3143 4163 3437 4243; x_wconf 84' lang='lat' dir='ltr'><strong>advocat,</strong></span> <span class='ocrx_word' id='word_1_744' title='bbox 3494 4165 3666 4246; x_wconf 90' lang='lat' dir='ltr'><strong>quod</strong></span> <span class='ocrx_word' id='word_1_745' title='bbox 3721 4176 3788 4230; x_wconf 88' lang='lat' dir='ltr'><strong>et</strong></span> <span class='ocrx_word' id='word_1_746' title='bbox 3833 4163 4292 4232; x_wconf 80' lang='lat' dir='ltr'><strong>observatione</strong></span> 
     </span>
     <span class='ocr_line' id='line_1_105' title="bbox 2334 4246 4292 4332; baseline 0.003 -19"><span class='ocrx_word' id='word_1_747' title='bbox 2334 4247 2609 4332; x_wconf 88' lang='lat' dir='ltr'><strong>dignum</strong></span> <span class='ocrx_word' id='word_1_748' title='bbox 2673 4258 2793 4313; x_wconf 91' lang='lat' dir='ltr'><strong>est.</strong></span> <span class='ocrx_word' id='word_1_749' title='bbox 2885 4246 3118 4330; x_wconf 90' lang='lat' dir='ltr'><strong>Neque</strong></span> <span class='ocrx_word' id='word_1_750' title='bbox 3186 4250 3362 4315; x_wconf 88' lang='lat' dir='ltr'><strong>enim</strong></span> <span class='ocrx_word' id='word_1_751' title='bbox 3421 4251 3588 4315; x_wconf 88' lang='lat' dir='ltr'><strong>satis</strong></span> <span class='ocrx_word' id='word_1_752' title='bbox 3642 4257 3820 4315; x_wconf 85' lang='lat' dir='ltr'><strong>esset</strong></span> <span class='ocrx_word' id='word_1_753' title='bbox 3869 4251 4090 4315; x_wconf 88' lang='lat' dir='ltr'><strong>animo</strong></span> <span class='ocrx_word' id='word_1_754' title='bbox 4132 4273 4292 4318; x_wconf 87' lang='lat' dir='ltr'><strong>con-</strong></span> 
     </span>
     <span class='ocr_line' id='line_1_106' title="bbox 2330 4332 4290 4424; baseline 0.002 -24"><span class='ocrx_word' id='word_1_755' title='bbox 2330 4332 2581 4416; x_wconf 89' lang='lat' dir='ltr'><strong>cepisse</strong></span> <span class='ocrx_word' id='word_1_756' title='bbox 2607 4333 2731 4398; x_wconf 90' lang='lat' dir='ltr'><strong>Dei</strong></span> <span class='ocrx_word' id='word_1_757' title='bbox 2776 4337 3138 4417; x_wconf 86' lang='lat' dir='ltr'><strong>potentiam</strong></span> <span class='ocrx_word' id='word_1_758' title='bbox 3185 4334 3268 4400; x_wconf 89' lang='lat' dir='ltr'><strong>ad</strong></span> <span class='ocrx_word' id='word_1_759' title='bbox 3316 4356 3435 4401; x_wconf 87' lang='lat' dir='ltr'><strong>nos</strong></span> <span class='ocrx_word' id='word_1_760' title='bbox 3477 4334 3731 4402; x_wconf 84' lang='lat' dir='ltr'><strong>auxilio</strong></span> <span class='ocrx_word' id='word_1_761' title='bbox 3775 4355 3894 4399; x_wconf 88' lang='lat' dir='ltr'><strong>suo</strong></span> <span class='ocrx_word' id='word_1_762' title='bbox 3939 4337 4290 4424; x_wconf 83' lang='lat' dir='ltr'><strong>iuvandos,</strong></span> 
     </span>
     <span class='ocr_line' id='line_1_107' title="bbox 2331 4420 4292 4507; baseline 0.003 -22"><span class='ocrx_word' id='word_1_763' title='bbox 2331 4436 2398 4485; x_wconf 89' lang='lat' dir='ltr'><strong>et</strong></span> <span class='ocrx_word' id='word_1_764' title='bbox 2444 4439 2791 4502; x_wconf 91' lang='lat' dir='ltr'><strong>persuasos</strong></span> <span class='ocrx_word' id='word_1_765' title='bbox 2836 4439 2980 4485; x_wconf 91' lang='lat' dir='ltr'><strong>esse</strong></span> <span class='ocrx_word' id='word_1_766' title='bbox 3026 4440 3144 4484; x_wconf 90' lang='lat' dir='ltr'><strong>nos</strong></span> <span class='ocrx_word' id='word_1_767' title='bbox 3179 4422 3252 4487; x_wconf 89' lang='lat' dir='ltr'><strong>in</strong></span> <span class='ocrx_word' id='word_1_768' title='bbox 3302 4421 3511 4504; x_wconf 87' lang='lat' dir='ltr'><strong>ipsius</strong></span> <span class='ocrx_word' id='word_1_769' title='bbox 3556 4420 3926 4487; x_wconf 82' lang='lat' dir='ltr'><strong>clientelam</strong></span> <span class='ocrx_word' id='word_1_770' title='bbox 3973 4439 4292 4507; x_wconf 88' lang='lat' dir='ltr'><strong>receptos,</strong></span> 
     </span>
     <span class='ocr_line' id='line_1_108' title="bbox 2331 4504 4294 4592; baseline 0.003 -21"><span class='ocrx_word' id='word_1_771' title='bbox 2331 4526 2453 4571; x_wconf 88' lang='lat' dir='ltr'><strong>nos</strong></span> <span class='ocrx_word' id='word_1_772' title='bbox 2509 4504 2714 4586; x_wconf 87' lang='lat' dir='ltr'><strong>ipsius</strong></span> <span class='ocrx_word' id='word_1_773' title='bbox 2773 4504 3090 4588; x_wconf 89' lang='lat' dir='ltr'><strong>populum</strong></span> <span class='ocrx_word' id='word_1_774' title='bbox 3147 4528 3323 4591; x_wconf 85' lang='lat' dir='ltr'><strong>esse,</strong></span> <span class='ocrx_word' id='word_1_775' title='bbox 3395 4516 3464 4572; x_wconf 90' lang='lat' dir='ltr'><strong>et</strong></span> <span class='ocrx_word' id='word_1_776' title='bbox 3521 4507 3727 4570; x_wconf 86' lang='lat' dir='ltr'><strong>nostri</strong></span> <span class='ocrx_word' id='word_1_777' title='bbox 3785 4525 4010 4571; x_wconf 86' lang='lat' dir='ltr'><strong>curam</strong></span> <span class='ocrx_word' id='word_1_778' title='bbox 4073 4508 4294 4592; x_wconf 89' lang='lat' dir='ltr'><strong>ipsum</strong></span> 
     </span>
     <span class='ocr_line' id='line_1_109' title="bbox 2331 4590 4292 4676; baseline 0.004 -20"><span class='ocrx_word' id='word_1_779' title='bbox 2331 4611 2593 4676; x_wconf 88' lang='lat' dir='ltr'><strong>gerere,</strong></span> <span class='ocrx_word' id='word_1_780' title='bbox 2667 4591 3079 4673; x_wconf 86' lang='lat' dir='ltr'><strong>salutemque</strong></span> <span class='ocrx_word' id='word_1_781' title='bbox 3152 4610 3573 4674; x_wconf 83' lang='lat' dir='ltr'><strong>promovere:</strong></span> <span class='ocrx_word' id='word_1_782' title='bbox 3636 4590 3762 4654; x_wconf 88' lang='lat' dir='ltr'><strong>nisi</strong></span> <span class='ocrx_word' id='word_1_783' title='bbox 3823 4591 4027 4672; x_wconf 85' lang='lat' dir='ltr'><strong>ipsius</strong></span> <span class='ocrx_word' id='word_1_784' title='bbox 4085 4595 4292 4664; x_wconf 85' lang='lat' dir='ltr'><strong>etiam</strong></span> 
     </span>
     <span class='ocr_line' id='line_1_110' title="bbox 2333 4676 4292 4762; baseline 0.002 -20"><span class='ocrx_word' id='word_1_785' title='bbox 2333 4676 2874 4760; x_wconf 89' lang='lat' dir='ltr'><strong>promissionibus</strong></span> <span class='ocrx_word' id='word_1_786' title='bbox 2928 4679 3341 4759; x_wconf 88' lang='lat' dir='ltr'><strong>potissimum</strong></span> <span class='ocrx_word' id='word_1_787' title='bbox 3403 4677 3785 4754; x_wconf 87' lang='lat' dir='ltr'><strong>niteremur,</strong></span> <span class='ocrx_word' id='word_1_788' title='bbox 3846 4677 3987 4742; x_wconf 88' lang='lat' dir='ltr'><strong>sine</strong></span> <span class='ocrx_word' id='word_1_789' title='bbox 4045 4682 4292 4762; x_wconf 84' lang='lat' dir='ltr'><strong>quibus</strong></span> 
     </span>
     <span class='ocr_line' id='line_1_111' title="bbox 2331 4761 4292 4848; baseline 0.002 -21"><span class='ocrx_word' id='word_1_790' title='bbox 2331 4761 2570 4828; x_wconf 89' lang='lat' dir='ltr'><strong>incerti</strong></span> <span class='ocrx_word' id='word_1_791' title='bbox 2634 4782 2894 4845; x_wconf 88' lang='lat' dir='ltr'><strong>semper</strong></span> <span class='ocrx_word' id='word_1_792' title='bbox 2972 4763 3471 4839; x_wconf 87' lang='lat' dir='ltr'><strong>fluctuaremus,</strong></span> <span class='ocrx_word' id='word_1_793' title='bbox 3552 4776 3620 4825; x_wconf 87' lang='lat' dir='ltr'><strong>et</strong></span> <span class='ocrx_word' id='word_1_794' title='bbox 3683 4761 3862 4827; x_wconf 88' lang='lat' dir='ltr'><strong>anxii</strong></span> <span class='ocrx_word' id='word_1_795' title='bbox 3932 4761 4014 4827; x_wconf 88' lang='lat' dir='ltr'><strong>de</strong></span> <span class='ocrx_word' id='word_1_796' title='bbox 4078 4766 4292 4848; x_wconf 87' lang='lat' dir='ltr'><strong>ipsius</strong></span> 
     </span>
     <span class='ocr_line' id='line_1_112' title="bbox 2331 4845 4290 4925; baseline 0.002 -10"><span class='ocrx_word' id='word_1_797' title='bbox 2331 4847 2580 4915; x_wconf 87' lang='lat' dir='ltr'><strong>auxilio</strong></span> <span class='ocrx_word' id='word_1_798' title='bbox 2626 4846 3092 4925; x_wconf 86' lang='lat' dir='ltr'><strong>dubitaremus,</strong></span> <span class='ocrx_word' id='word_1_799' title='bbox 3138 4862 3206 4912; x_wconf 91' lang='lat' dir='ltr'><strong>et</strong></span> <span class='ocrx_word' id='word_1_800' title='bbox 3250 4847 3474 4912; x_wconf 90' lang='lat' dir='ltr'><strong>multis</strong></span> <span class='ocrx_word' id='word_1_801' title='bbox 3518 4845 4018 4914; x_wconf 87' lang='lat' dir='ltr'><strong>difficultatibus</strong></span> <span class='ocrx_word' id='word_1_802' title='bbox 4050 4853 4290 4918; x_wconf 85' lang='lat' dir='ltr'><strong>obrue-</strong></span> 
     </span>
     <span class='ocr_line' id='line_1_113' title="bbox 2333 4930 4290 5017; baseline 0.003 -16"><span class='ocrx_word' id='word_1_803' title='bbox 2333 4954 2574 5001; x_wconf 87' lang='lat' dir='ltr'><strong>remur.</strong></span> <span class='ocrx_word' id='word_1_804' title='bbox 2664 4933 3129 5017; x_wconf 88' lang='lat' dir='ltr'><strong>Quamobrem,</strong></span> <span class='ocrx_word' id='word_1_805' title='bbox 3188 4948 3261 4997; x_wconf 90' lang='lat' dir='ltr'><strong>ut</strong></span> <span class='ocrx_word' id='word_1_806' title='bbox 3319 4933 3400 4997; x_wconf 92' lang='lat' dir='ltr'><strong>de</strong></span> <span class='ocrx_word' id='word_1_807' title='bbox 3441 4930 3572 4996; x_wconf 92' lang='lat' dir='ltr'><strong>Dei</strong></span> <span class='ocrx_word' id='word_1_808' title='bbox 3632 4933 3924 5014; x_wconf 89' lang='lat' dir='ltr'><strong>potentia</strong></span> <span class='ocrx_word' id='word_1_809' title='bbox 3976 4938 4290 5006; x_wconf 82' lang='lat' dir='ltr'><strong>certiores</strong></span> 
     </span>
     <span class='ocr_line' id='line_1_114' title="bbox 2333 5018 4288 5101; baseline 0.002 -15"><span class='ocrx_word' id='word_1_810' title='bbox 2333 5021 2596 5099; x_wconf 86' lang='lat' dir='ltr'><strong>fiamus,</strong></span> <span class='ocrx_word' id='word_1_811' title='bbox 2616 5030 2685 5083; x_wconf 93' lang='lat' dir='ltr'><strong>et</strong></span> <span class='ocrx_word' id='word_1_812' title='bbox 2707 5019 2776 5083; x_wconf 92' lang='lat' dir='ltr'><strong>in</strong></span> <span class='ocrx_word' id='word_1_813' title='bbox 2799 5018 2916 5084; x_wconf 89' lang='lat' dir='ltr'><strong>illa</strong></span> <span class='ocrx_word' id='word_1_814' title='bbox 2930 5021 3486 5101; x_wconf 87' lang='lat' dir='ltr'><strong>conquiescamus,</strong></span> <span class='ocrx_word' id='word_1_815' title='bbox 3511 5022 3780 5099; x_wconf 87' lang='lat' dir='ltr'><strong>eiusque</strong></span> <span class='ocrx_word' id='word_1_816' title='bbox 3795 5038 4288 5091; x_wconf 84' lang='lat' dir='ltr'><strong>sacrosanctum</strong></span> 
     </span>
     <span class='ocr_line' id='line_1_115' title="bbox 2333 5104 4292 5187; baseline 0.003 -16"><span class='ocrx_word' id='word_1_817' title='bbox 2333 5126 2576 5171; x_wconf 89' lang='lat' dir='ltr'><strong>nomen</strong></span> <span class='ocrx_word' id='word_1_818' title='bbox 2633 5104 2939 5170; x_wconf 90' lang='lat' dir='ltr'><strong>omnibus</strong></span> <span class='ocrx_word' id='word_1_819' title='bbox 2998 5104 3304 5187; x_wconf 87' lang='lat' dir='ltr'><strong>periculis</strong></span> <span class='ocrx_word' id='word_1_820' title='bbox 3358 5123 3784 5185; x_wconf 88' lang='lat' dir='ltr'><strong>opponamus,</strong></span> <span class='ocrx_word' id='word_1_821' title='bbox 3845 5109 4292 5185; x_wconf 87' lang='lat' dir='ltr'><strong>promissioni-</strong></span> 
     </span>
     <span class='ocr_line' id='line_1_116' title="bbox 2334 5188 4294 5274; baseline 0.002 -15"><span class='ocrx_word' id='word_1_822' title='bbox 2334 5193 2457 5259; x_wconf 88' lang='lat' dir='ltr'><strong>bus</strong></span> <span class='ocrx_word' id='word_1_823' title='bbox 2500 5188 2744 5257; x_wconf 81' lang='lat' dir='ltr'><strong>divinis</strong></span> <span class='ocrx_word' id='word_1_824' title='bbox 2801 5188 3151 5256; x_wconf 89' lang='lat' dir='ltr'><strong>nitendum</strong></span> <span class='ocrx_word' id='word_1_825' title='bbox 3209 5202 3344 5255; x_wconf 89' lang='lat' dir='ltr'><strong>est:</strong></span> <span class='ocrx_word' id='word_1_826' title='bbox 3406 5204 3551 5253; x_wconf 88' lang='lat' dir='ltr'><strong>tum</strong></span> <span class='ocrx_word' id='word_1_827' title='bbox 3608 5189 3898 5255; x_wconf 87' lang='lat' dir='ltr'><strong>maxime</strong></span> <span class='ocrx_word' id='word_1_828' title='bbox 3957 5213 4162 5274; x_wconf 88' lang='lat' dir='ltr'><strong>quum</strong></span> <span class='ocrx_word' id='word_1_829' title='bbox 4204 5199 4294 5262; x_wconf 81' lang='lat' dir='ltr'><strong>de</strong></span> 
     </span>
    </p>
   </div>
   <div class='ocr_carea' id='block_1_9' title="bbox 4975 2805 4977 3800">
    <p class='ocr_par' dir='ltr' id='par_1_10' title="bbox 4975 2805 4977 3800">
     <span class='ocr_line' id='line_1_117' title="bbox 4975 2805 4977 3800; baseline 0 0"><span class='ocrx_word' id='word_1_830' title='bbox 4975 2805 4977 3800; x_wconf 95' lang='lat' dir='ltr'><strong> </strong></span> 
     </span>
    </p>
   </div>
  </div>
 </body>
</html>
