5059 6059
332 324 447 392 489

1656 325 1755 392 IN
1800 326 1855 392 1.
1901 325 2084 393 LIB.
2120 326 2522 394 SAMUEL.
2570 323 2768 394 OAP.
2821 325 2936 393 VI.

4141 327 4272 395 490

328 513 523 598 posito
544 511 892 580 bestiarum
917 512 1216 596 exemplo
1237 514 1617 596 exprobrari
1633 537 1651 594 ;
1686 514 2228 599 quemadmodum
2331 516 2554 584 uuum
2621 536 2839 584 orcam
2892 514 3178 598 Domini,
3247 511 3615 593 descendite,
3678 515 3739 579 d
3797 514 4070 582 reducite
4131 535 4270 583 eam

327 609 502 666 notae
552 607 707 665 sunt
763 598 916 665 illae
971 599 1144 682 apud
1188 600 1576 683 prophetam
1624 601 1861 666 isaiam
1905 602 2231 684 interpre-
2329 605 2418 671 ad
2460 623 2592 671 vos.

326 684 618 749 tationes:
682 683 893 750 Rlios
955 684 1230 762 educavi,
1311 687 1406 752 ait
1466 686 1802 766 Dominus,
1883 693 1942 752 et
2002 687 2232 753 extuli:

2502 686 2848 771 Quomodo
2905 685 3229 753 redditam
3287 705 3328 751 a
3369 681 3750 750 Philistaeis
3794 703 4015 752 arcam
4055 686 4269 756 Israe-

326 770 444 851 ὄρει·
480 775 679 836 andem
718 768 1062 851 deficientes
1101 770 1550 838 rebellaverunt
1577 792 1693 838 me.
1781 773 2083 872 Amoset‘t
2122 771 2232 839 bos
2327 774 2487 842 litae
2563 773 2945 859 receperint,
3020 771 3131 839 hio
3210 770 3498 855 primum
3578 768 4080 853 0¹P⁹¹¹d0⁰d¹¹m
4146 785 4262 853 0⁸⁸·

312 874 710 937 posse-§somn
764 876 968 932 saum,
1034 862 1092 922 et
1149 858 1374 924 asim
1424 877 1728 941 praesepe
1781 859 2027 925 dommi
2088 858 2229 924 sui.-

322 942 511 1009 Israel
548 962 671 1009 aon
714 943 1007 1026 aquoscit,
1053 943 1333 1024 populus
1386 963 1564 1009 menos
1603 964 1729 1012 non
1769 943 2226 1010 animadverta-

320 1027 511 1110 Quasi
572 1029 774 1094 dicat:
845 1028 1083 1093 Videte
1140 1029 1364 1095 brutas
1427 1029 1575 1096 illas
1637 1030 2004 1097 animantes
2066 1029 2228 1095 adeo

319 1125 690 1194 mansuetas,
737 1123 815 1179 ut
857 1123 1088 1198 sponte
1130 1135 1273 1182 sese
1316 1115 1687 1196 subiiciant,
1728 1125 1796 1181 et
1836 1115 2226 1201 magistrum

315 1220 382 1266 ac
439 1217 870 1284 possessorem
935 1221 1130 1266 suum
1194 1211 1573 1285 agnoscant,
1654 1222 1874 1286 equos,
1938 1203 2226 1285 iuquam,

317 1288 516 1366 boves,
580 1288 819 1363 asinos,
880 1306 1002 1351 vos
1062 1306 1217 1353 vero
1271 1306 1491 1352 nonne
1543 1285 1755 1353 brutis
1809 1286 2005 1372 longe
2069 1288 2227 1354 estis

314 1369 690 1438 deteriores?
776 1370 1097 1437 Videmus
1152 1370 1307 1456 quid
1363 1372 1502 1440 suis
1559 1373 1884 1439 Dominus
1942 1373 2223 1452 obiiciat,

311 1479 379 1524 ac
428 1456 695 1540 proinde
752 1456 1076 1540 quomodo
1148 1458 1500 1523 amentiam
1550 1457 1928 1525 hominibus
1993 1479 2226 1544 expro-

311 1543 460 1620 bret,
503 1543 673 1626 quod
715 1543 933 1609 Deum
978 1543 1261 1609 alienum
1307 1564 1347 1608 a
1388 1565 1459 1610 se
1500 1543 1802 1625 habeant,
1852 1565 2050 1628 seque
2092 1565 2222 1610 non

308 1629 542 1713 possint
573 1631 716 1695 eius
758 1630 1089 1712 potentiae
1131 1629 1482 1697 subiicere:
1526 1650 1731 1714 quare
1774 1630 1991 1696 danda
2032 1630 2223 1697 nobis

308 1726 397 1780 est
449 1734 666 1799 opera,
727 1724 805 1780 ut
857 1715 1370 1798 quotiescunque
1435 1736 1554 1781 uos
1612 1718 1793 1783 Deus
1856 1715 2223 1801 compellat,

307 1821 481 1866 aures
534 1801 869 1884 erigamus
932 1811 998 1865 et
1056 1802 1347 1867 animum
1401 1802 1834 1882 attendamus,
1892 1821 1968 1868 ac
2025 1821 2222 1886 quam

306 1886 781 1971 praescripserit
837 1886 1034 1966 viam,
1097 1908 1440 1970 nusquam,
1496 1908 1709 1972 neque
1761 1887 1843 1953 ad
1903 1887 2223 1967 dextram,

307 1991 497 2055 neque
554 1970 642 2038 ad
685 1972 1021 2039 sinistram
1065 1971 1467 2039 declinantes
1525 1994 1894 2058 sequamur,
1952 1983 2032 2040 ut
2073 1981 2220 2039 tan·

306 2058 437 2122 dem
479 2059 755 2124 verbum
798 2057 1007 2142 ipsius
1050 2059 1329 2143 sequuti,
1376 2067 1621 2126 metam
1662 2059 2065 2145 propositam
2107 2059 2224 2125 ob·

307 2144 634 2210 tineamus.

453 2230 655 2316 Agite
697 2249 876 2312 vero,
917 2228 1177 2309 fratres,
1220 2234 1326 2296 etc.

838 2624 1336 2709 HOMILIA
1380 2622 1689 2707 XXVI.

449 2828 549 2896 13.
586 2828 799 2896 Por-ro
822 2827 1247 2896 Bethsamitae
1277 2829 1578 2896 metebant
1606 2829 1883 2896 tricinam
1915 2830 1990 2896 ὄπ
2020 2828 2214 2897 vaae:

295 2919 345 2981 et
392 2913 693 2982 elevantes
754 2913 960 2981 oeulos
1013 2933 1183 2991 suos,
1244 2916 1542 2982 viderunt
1602 2934 1837 2996 aream,
1900 2920 1956 2981 d
2006 2917 2218 3000 ,occisi

295 3007 440 3084 wit,
507 3021 710 3085 quum
776 3000 1098 3066 vidissent.
1188 3001 1289 3067 14„
1348 3000 1439 3068 Et
1488 3001 1854 3084 plaustrum
1916 3004 2085 3068 venit
2142 3004 2217 3068 in

293 3083 2003 3257 ‚mmmmmffiwffiw
2011 3091 2215 3242 mm

293 3278 499 3410 mm.
426 3263 1381 3446 mammam&
1420 3258 1861 3427 mss?
1882 3257 2212 3429 tm

294 3430 406 3497 lom
440 3451 605 3515 quae
661 3434 798 3497 erat
836 3433 1021 3494 suna
1060 3450 1217 3511 eam,
1275 3451 1347 3497 m
1387 3451 1516 3514 qua
1571 3438 1751 3499 erant
1790 3451 1948 3498 vasa
1990 3452 2212 3512 aurea,

292 3519 341 3580 et
380 3521 730 3599 pomerum
789 3534 982 3595 super
1036 3514 1311 3598 lapidem
1368 3517 1697 3601 grandem.
1798 3516 1944 3584 Vm·
2006 3522 2213 3584 autem

296 3599 711 3670 Bethsamitae
777 3599 1123 3668 obtuderunt
1185 3601 1563 3689 holocausta,
1625 3608 1684 3670 et
1742 3603 2214 3670 enmzavmmt

294 3689 559 3756 victimas
613 3691 690 3754 in
729 3689 834 3755 die
873 3686 992 3752 ina
1032 3688 1324 3755 Domino.
1413 3690 1516 3756 16.
1560 3689 1651 3755 Et
1698 3690 1970 3774 qumque
2007 3696 2212 3756 satra-

290 3793 397 3853 pae
435 3773 970 3842 Phaisthinomm
1009 3774 1315 3860 viderunt,
1360 3779 1419 3841 et
1448 3776 1686 3842 reversi
1723 3781 1868 3841 emet
1897 3775 1972 3840 in
2012 3773 2211 3841 Aeca-

292 3879 389 3925 ron
425 3863 495 3927 in
533 3863 646 3927 die
685 3861 818 3928 ὄῑῑα.
921 3860 1020 3927 17.
1083 3860 1179 3926 Ηό
1217 3867 1366 3927 sunt
1405 3867 1610 3927 autem
1652 3863 1766 3928 ani
1804 3862 2003 3941 aurei,
2057 3880 2214 3944 quos

291 3948 681 4014 raididenmt
733 3946 1091 4014 Philistum
1138 3968 1264 4029 pro
1318 3947 1534 4014 delicto
1588 3945 1903 4013 Domino:
1968 3948 2211 4013 Motus

290 4051 500 4099 maon.-
566 4035 760 4101 Gaza
820 4053 1051 4100 unum.-
1110 4033 1387 4099 Ascalon
1459 4053 1692 4099 unum.-
1760 4032 1918 4100 Geth
1977 4052 2211 4098 unum.-

289 4117 559 4186 Amaron
640 4139 859 4186 unam.
948 4119 1049 4185 18.
1133 4117 1222 4184 Ec
1296 4139 1509 4186 mures
1572 4139 1798 4186 aureos
1872 4118 2210 4186 meandum

288 4222 602 4272 mmm
671 4206 927 4272 urbium
980 4204 1334 4271 Philistiim
1395 4206 1670 4289 quinque
1712 4205 2206 4288 provincias-unt,

288 4289 357 4354 ab
399 4292 548 4358 arbe
604 4298 881 4370 murata,
935 4311 1132 4375 usque
1185 4291 1272 4357 ad
1325 4291 1545 4357 villam
1599 4312 1763 4375 quae
1802 4296 1937 4357 erat
1975 4290 2209 4373 absque

288 4397 469 4456 maro,
525 4383 585 4444 d
624 4397 823 4460 usque
863 4378 951 4445 ad
993 4376 1157 4442 Abel
1206 4397 1504 4461 maynum
1540 4398 1732 4460 super
1771 4396 2208 4529 qumxosue-

287 4468 420 4529 runt
469 4483 694 4531 aream
736 4464 1001 4531 Domini
1049 4483 1213 4546 quae
1263 4468 1399 4530 erat
1451 4483 1650 4546 usque
1707 4464 1782 4529 in
1821 4464 1925 4529 die
1988 4463 2095 4530 'la
2134 4463 2206 4528 in

289 4568 432 4629 cyro
486 4550 723 4616 Iosuae
766 4548 1207 4616 Bethsamitae.
1297 4549 1400 4615 19.
1448 4549 1775 4617 Percussit
1830 4554 2036 4615 autem
2075 4546 2207 4615 Do-

287 4635 485 4700 minus
517 4636 596 4702 de
628 4637 792 4702 viris
818 4633 1329 4714 Beth-samiam,
1365 4656 1435 4701 eo
1468 4636 1633 4719 quod
1662 4635 1965 4702 vidissent
1989 4652 2206 4702 arcam

287 4718 569 4820 quini:
606 4725 676 4822 ⁶et
720 4722 1035 4804 percussit
1080 4722 1158 4788 de
1192 4723 1429 4823 populo
1468 4724 1862 4821 septuaqinta
1900 4722 2091 4805 viros,
2150 4725 2205 4786 et

287 4807 1318 4974 Wffifflssoemffisffa
1368 4807 1964 4995 ,maffia
1952 4825 2187 4992 mm·
2136 4825 2204 4956 αἴ

290 4975 382 5042 20.
419 4977 505 5044 1¹}
543 4981 842 5046 <inerunt
880 5001 1011 5044 vm
1052 4977 1519 5046 Beth-eamme:
1577 4979 1735 5062 ραις
1762 4983 1998 5060 potent
2036 4983 2204 5043 stare

287 5064 354 5127 in
402 5071 721 5147 conspectu
767 5064 1035 5132 Domini
1071 5065 1199 5132 Dei
1249 5067 1451 5131 sancti
1502 5063 1741 5132 huicce?
1799 5069 1858 5131 et
1896 5064 1983 5130 ad
2021 5083 2204 5147 quem

288 5149 603 5216 adscendet
663 5173 707 5218 a
782 5151 1009 5217 nobis?
1106 5151 1210 5217 21.
1285 5149 1424 5217 ms
1792 5151 2053 5217 nuncios
2115 5150 2202 5216 ad

288 5233 647 5304 habitatores
703 5235 1217 5319 Cariath-ierim,
1258 5237 1548 5305 decedes.-
1728 5240 2002 5307 uoeermtt
2038 5237 2201 5304 Pho·-

2324 861 2885 1014 2532‘11253332
2938 857 4262 1039 332322‘31211’33‘uf320rffl012312222

2326 1032 2720 1101 sacrificium
2777 1029 3112 1109 obtulisse,
3169 1036 3239 1095 et
3296 1027 3726 1093 nihilomlnus
3766 1027 4024 1112 ingenti
4067 1031 4261 1117 plaga

2326 1118 2525 1185 fuisse
2560 1136 2921 1204 percussos,
2956 1115 3232 1182 sublatis
3263 1112 3583 1178 nimirum
3617 1110 3699 1177 de
3721 1112 3962 1196 populo
4000 1127 4262 1199 septua-

2325 1205 2513 1289 ginta
2583 1203 2770 1283 viris,
2849 1212 2917 1268 et
2979 1200 3269 1285 quinque
3332 1197 3623 1264 millibus
3687 1196 3770 1263 de
3842 1199 4049 1281 plebe,
4127 1203 4257 1282 vel,

2325 1289 2745 1376 septuaginta
2789 1288 2967 1368 viris,
3011 1288 3124 1371 qui
3165 1289 3376 1351 instar
3417 1284 3703 1367 quinque
3746 1283 4026 1350 millium
4070 1302 4257 1356 eraut

2323 1376 2395 1442 in
2439 1375 2697 1460 populo,
2742 1394 2904 1459 quos
2958 1381 3226 1458 propter
3266 1369 3709 1438 curiositatem
3747 1368 3935 1436 Deus
3977 1375 4254 1460 castiga-

2323 1462 2441 1537 vit,
2507 1460 2679 1546 quod
2745 1480 2963 1526 aream
3028 1458 3158 1524 Dei
3220 1455 3486 1540 propius
3554 1454 4018 1539 inspexissent,
4083 1461 4253 1543 quod

2322 1547 2468 1632 lege
2547 1545 2947 1631 prohibitum
3027 1548 3204 1610 erat:
3281 1549 3350 1606 et
3409 1539 3582 1606 unde
3660 1549 3845 1605 metu
3919 1546 4252 1627 perculsos

2322 1653 2543 1700 arcam
2587 1632 2816 1717 procul
2857 1653 2898 1698 a
2930 1651 3002 1697 se
3036 1646 3376 1695 removere
3407 1624 3754 1705 studuisse,
3800 1634 3870 1691 et
3901 1640 4250 1712 propteroa

2322 1719 2593 1785 nuntios
2646 1718 2729 1784 ad
2785 1718 3183 1784 habitatores
3228 1711 3694 1779 Cariathiarim
3750 1711 4024 1794 misisse,
4085 1737 4252 1800 quae

2322 1804 2449 1871 fuit
2470 1805 2630 1871 urbs
2667 1803 3119 1871 Israelitarum
3155 1798 3445 1875 ulterior,
3480 1816 3523 1860 a
3542 1795 3777 1880 quibus
3798 1819 3950 1866 arca
3970 1814 4247 1886 recepta,

2324 1897 2391 1957 et
2445 1891 2516 1956 iu
2573 1890 2836 1955 domum
2880 1885 3228 1954 Abinadab
3284 1884 3358 1949 iu
3415 1882 3645 1949 Gabaa
3698 1881 3883 1949 illata
3939 1895 4055 1953 est.
4144 1890 4252 1956 Ex

2325 1974 2561 2060 quibus
2618 1976 3040 2060 conspicuum
3095 1978 3197 2038 est
3253 1968 3602 2067 Israelitas·
3650 1968 3724 2032 in
3777 1989 3895 2035 suo
3946 1970 4131 2040 luctu
4188 1985 4256 2043 et

2325 2061 2787 2128 afflictionibus
2849 2081 2984 2126 nou
3061 2066 3287 2125 tamen
3348 2054 3478 2120 Dei
3555 2061 3855 2120 timorem
3923 2058 4252 2143 abiecisse,

2322 2147 2480 2214 licet
2519 2148 2811 2233 graviter
2852 2146 2934 2213 ab
2976 2165 3052 2212 eo
3096 2141 3307 2228 puniti
3348 2140 3500 2217 sint,
3556 2148 3636 2205 ut
3683 2159 3771 2205 ne
3812 2160 3885 2206 se
3926 2144 4252 2228 erigerent

2325 2233 2638 2301 radicitus
2700 2253 2813 2299 eos
2872 2230 3100 2299 tollere
3165 2226 3336 2294 velle
3399 2225 3754 2291 videretur.
3855 2226 4106 2298 Verum
4171 2232 4252 2301 de

2324 2320 2471 2385 istis
2523 2340 2565 2386 a
2615 2316 2927 2386 Samuele
2979 2310 3371 2401 praemoniti
3413 2312 3696 2392 fueraut,
3746 2319 3822 2377 ut
3861 2311 4007 2380 Deo
4061 2338 4251 2402 prae-

2327 2403 2570 2471 dictam
2616 2426 2732 2489 per
2776 2401 3151 2472 Samuelem
3186 2396 3545 2466 vindictam
3588 2407 3936 2466 exercente
3976 2406 4252 2471 occasio·

2326 2510 2475 2557 nem
2530 2490 2885 2557 habuerint
2925 2509 3068 2556 sese
3123 2484 3226 2552 illi
3266 2480 3672 2561 subiiciendi,
3729 2491 3799 2548 et
4034 2500 4250 2558 torum

2323 2597 2591 2644 suorum
2626 2576 2866 2642 iustam
2899 2572 3306 2660 punitionem
3341 2566 3755 2653 agnoscendi.
3874 2594 4033 2658 aepe
4074 2576 4249 2644 enim

2324 2662 2645 2749 contingit
2678 2661 2976 2728 homiues
3009 2676 3274 2727 securos
3307 2655 3437 2721 Dm
3477 2657 4017 2754 comminationes
4057 2664 4246 2748 parvi

2322 2747 2555 2829 facere,
2610 2747 2718 2815 vel
2776 2767 3043 2831 prorsus
3096 2751 3532 2821 contemnere,
3588 2741 3719 2806 msi
3761 2740 3946 2810 Deus
3987 2750 4247 2833 magnis

2320 2833 2559 2900 ictibus
2593 2832 2952 2899 contundat
2984 2849 3111 2910 eos,
3146 2836 3215 2893 et
3239 2825 3323 2891 ad
3345 2835 3756 2909 peccatorum
3779 2829 4243 2900 confessionem

2319 2919 2562 3004 adigat,
2595 2938 2672 2985 ac
2704 2919 2937 2983 seriam
2957 2915 3443 3000 poenitentiam,
3478 2909 3653 2994 quod
3685 2933 4020 2998 nunquam
4056 2930 4248 2985 erant

2318 3004 2608 3088 alioquin
2650 3002 2887 3071 facturi
2927 2999 3292 3085 compellat.
3379 2997 3680 3080 Namque
3721 3006 3862 3065 tam
3905 3001 4072 3070 altas
4107 3005 4246 3089 egit

2316 3089 2572 3157 radices
2625 3089 2699 3154 in
2764 3088 2953 3155 uobis
3008 3083 3405 3170 arrogantia,
3466 3090 3544 3147 ut
3595 3102 3931 3167 nunquam
3995 3089 4121 3156 nisi
4174 3092 4245 3158 vi

2316 3176 2519 3243 coacti
2584 3174 2665 3241 ad
2742 3173 3181 3240 humilitatem
3259 3168 3678 3236 adducamur.
3776 3171 3884 3237 Ita
3945 3174 4245 3243 videmus

2316 3260 2425 3327 hic
2487 3260 2826 3328 Israelitas
2888 3259 3005 3327 ubi
3066 3258 3274 3325 iustas
3336 3273 3409 3322 se
3473 3252 3620 3319 Deo
3684 3253 3940 3325 dedisse
4001 3281 4243 3343 peenas

2314 3354 2750 3433 agnoverunt,
2823 3345 3071 3412 maiore
3145 3349 3326 3410 metu
3389 3338 3742 3439 perculsos,
3809 3365 3885 3411 ac
3956 3347 4241 3414 multum

2311 3432 2469 3517 ipsis
2511 3433 2832 3517 profuisse
2873 3431 3203 3515 captivam
3243 3427 3316 3493 in
3350 3425 3657 3491 mambae
3697 3427 3985 3497 hostium
4022 3452 4238 3501 arcam

2310 3519 2391 3585 ad
2474 3528 2735 3618 tempus
2811 3518 3029 3584 fuisse.
3116 3514 3183 3582 N
3182 3532 3417 3597 amque
3480 3528 3893 3595 agnoverunt
3959 3517 4054 3584 ita
4116 3517 4240 3619 sibi

2311 3623 2624 3756 aasz&
2650 3611 2985 3755 effi
3025 3598 4238 3775 tezszdffiaffipzzuffffi

2310 3774 2470 3860 pulo
2504 3775 2712 3859 ipsius
2745 3771 3075 3842 censendi.
3136 3769 3398 3837 Profuit
3432 3776 3652 3834 autem
3693 3771 3854 3856 ipsis
3894 3771 4057 3841 haec
4097 3796 4235 3843 cas·

2309 3862 2539 3944 tigatio
2613 3857 2697 3926 ad
2776 3857 3311 3935 emendationem,
3402 3863 3596 3938 atque
3673 3856 3915 3926 idcimo
3993 3862 4237 3929 maiore

2307 3965 2459 4013 cum
2525 3945 2775 4012 laetitia
2829 3944 3211 4012 redeuntem
3274 3960 3490 4008 arcam
3554 3953 3986 4027 exceperunt:
4063 3945 4235 4012 Deo-

2308 4052 2461 4118 que
2503 4030 2898 4099 sacrificium
2978 4027 3193 4095 laudis
3260 4025 3656 4094 obtulerunt.
3746 4031 3962 4113 Atque
4022 4031 4237 4115 potuit

2307 4120 2432 4186 ista
2504 4116 2753 4184 laetitia
2822 4113 3104 4184 carnalis
3180 4133 3342 4194 esse,
3415 4112 3958 4195 quemadmodum
4034 4136 4235 4201 supra

2307 4204 2592 4270 vidimus
2632 4203 2810 4286 ipsos
2863 4211 3140 4268 externo
3196 4200 3321 4266 hoc
3361 4198 3549 4283 signo
3602 4201 3814 4285 magis
3854 4199 4055 4268 fuisse
4097 4202 4233 4286 glo-

2306 4292 2524 4368 riatos,
2583 4297 2651 4354 et
2703 4289 3018 4354 maiorem
3072 4287 3143 4351 in
3198 4305 3278 4352 eo
3332 4282 3639 4351 fiduciam
3695 4286 3991 4370 posuisse
4031 4306 4231 4370 quam

2303 4377 2376 4443 in
2428 4374 2699 4458 reliquis
2763 4374 3064 4440 omnibus
3136 4371 3262 4437 Dei
3315 4370 3874 4472 promissionibps,
3941 4370 4098 4472 adeo
4156 4381 4235 4437 ut

2303 4455 3267 4615 20311-:202002032023‘1‘2203223
3307 4464 3636 4644 επ·
3674 4456 4232 4643 stanam

2303 4632 2681 4720 hypocritas
2702 4639 2976 4697 externa
3008 4648 3562 4697 caeremomarum
3596 4637 3663 4694 et
3703 4636 3950 4694 rituum
4040 4646 4234 4711 ompa

2303 4739 2463 4804 prae
2512 4716 2800 4785 caeteris
2861 4717 3154 4800 insignes
3209 4723 3277 4781 et
3332 4715 3710 4798 conspicuos
3774 4733 3948 4780 esse:
3994 4650 4230 4778 ffieum

2301 4807 2556 4871 interea
2597 4801 2727 4870 fide
2769 4810 2837 4868 et
2879 4800 3281 4886 poenitentia
3317 4821 3448 4866 nou
3490 4801 3888 4866 invocantes.
3931 4800 4031 4864 Ac
4072 4818 4233 4865 sane

2302 4887 2659 4958 verisimile
2680 4897 2781 4954 eet
2801 4887 3243 4954 Betheemitas
3280 4905 3494 4952 arcam
3520 4883 3701 4950 illam
3723 4903 3963 4969 magno
3992 4884 4228 4950 affectu

2302 4985 2370 5044 et
2410 4994 2654 5060 magno
2707 4993 2856 5040 cum
2912 4973 3150 5059 gaudio
3205 4969 3548 5055 recepisse,
3616 4978 3814 5053 atque
3855 4968 3998 5035 eius
4039 4989 4225 5053 prae·

2304 5062 2521 5130 sentia
2578 5080 2973 5145 magnopere
3036 5058 3406 5134 delectatos,
3473 5075 3684 5139 neque
3743 5062 3964 5121 tamen
4031 5055 4233 5122 altius

2301 5167 2497 5233 quam
2529 5146 2606 5211 in
2646 5146 2909 5231 signum
2953 5152 3296 5212 externum
3340 5143 3576 5208 mentis
3605 5139 3826 5209 oculos
3869 5140 4227 5217 sustulisse.

2302 5254 2438 5301 nou
2479 5240 2905 5318 agnoscentes
2939 5247 3347 5315 nequaquam
3381 5228 3644 5313 signum
3677 5225 3843 5293 illud
3884 5237 4234 5294 externum
