<?xml version="1.0" encoding="UTF-8"?>
<!DOCTYPE html PUBLIC "-//W3C//DTD XHTML 1.0 Transitional//EN"
    "http://www.w3.org/TR/xhtml1/DTD/xhtml1-transitional.dtd">
<html xmlns="http://www.w3.org/1999/xhtml" xml:lang="en" lang="en">
 <head>
  <title>
</title>
<meta http-equiv="Content-Type" content="text/html;charset=utf-8" />
  <meta name='ocr-system' content='tesseract 3.04.00' />
  <meta name='ocr-capabilities' content='ocr_page ocr_carea ocr_par ocr_line ocrx_word'/>
</head>
<body>
  <div class='ocr_page' id='page_1' title='image "./ioanniscalvinio07unkngoog_0835.png"; bbox 0 0 5059 6059; ppageno 0'>
   <div class='ocr_carea' id='block_1_1' title="bbox 323 417 430 495">
    <p class='ocr_par' dir='ltr' id='par_1_1' title="bbox 323 417 430 495">
     <span class='ocr_line' id='line_1_1' title="bbox 323 417 430 495; baseline -0.056 -2"><span class='ocrx_word' id='word_1_1' title='bbox 323 417 430 495; x_wconf 65' lang='lat'><strong>501</strong></span> 
     </span>
    </p>
   </div>
   <div class='ocr_carea' id='block_1_2' title="bbox 180 603 2265 5412">
    <p class='ocr_par' dir='ltr' id='par_1_2' title="bbox 316 603 2264 1631">
     <span class='ocr_line' id='line_1_2' title="bbox 321 603 2258 688; baseline -0.004 -14"><span class='ocrx_word' id='word_1_2' title='bbox 321 625 469 681; x_wconf 84' lang='lat' dir='ltr'><strong>num</strong></span> <span class='ocrx_word' id='word_1_3' title='bbox 528 603 655 688; x_wconf 89' lang='lat' dir='ltr'><strong>ipsi</strong></span> <span class='ocrx_word' id='word_1_4' title='bbox 714 625 847 671; x_wconf 91' lang='lat' dir='ltr'><strong>non</strong></span> <span class='ocrx_word' id='word_1_5' title='bbox 908 605 1354 684; x_wconf 86' lang='lat' dir='ltr'><strong>adhibeamus,</strong></span> <span class='ocrx_word' id='word_1_6' title='bbox 1414 619 1528 685; x_wconf 86' lang='lat' dir='ltr'><strong>aut</strong></span> <span class='ocrx_word' id='word_1_7' title='bbox 1587 607 1645 674; x_wconf 90' lang='lat' dir='ltr'><strong>si</strong></span> <span class='ocrx_word' id='word_1_8' title='bbox 1701 605 1885 673; x_wconf 84' lang='lat' dir='ltr'><strong>nobis</strong></span> <span class='ocrx_word' id='word_1_9' title='bbox 1944 613 2258 687; x_wconf 87' lang='lat' dir='ltr'><strong>tanquam</strong></span> 
     </span>
     <span class='ocr_line' id='line_1_3' title="bbox 321 690 2258 777; baseline -0.004 -16"><span class='ocrx_word' id='word_1_10' title='bbox 321 693 772 761; x_wconf 69' lang='lat' dir='ltr'><strong>instrumentis</strong></span> <span class='ocrx_word' id='word_1_11' title='bbox 817 691 914 756; x_wconf 90' lang='lat' dir='ltr'><strong>uti</strong></span> <span class='ocrx_word' id='word_1_12' title='bbox 964 692 1119 757; x_wconf 85' lang='lat' dir='ltr'><strong>velit</strong></span> <span class='ocrx_word' id='word_1_13' title='bbox 1163 695 1244 760; x_wconf 91' lang='lat' dir='ltr'><strong>ad</strong></span> <span class='ocrx_word' id='word_1_14' title='bbox 1289 694 1510 760; x_wconf 88' lang='lat' dir='ltr'><strong>hostes</strong></span> <span class='ocrx_word' id='word_1_15' title='bbox 1555 690 2077 777; x_wconf 85' lang='lat' dir='ltr'><strong>prosternendos,</strong></span> <span class='ocrx_word' id='word_1_16' title='bbox 2123 700 2258 754; x_wconf 89' lang='lat' dir='ltr'><strong>tam</strong></span> 
     </span>
     <span class='ocr_line' id='line_1_4' title="bbox 325 777 2258 861; baseline -0.004 -15"><span class='ocrx_word' id='word_1_17' title='bbox 325 777 502 845; x_wconf 77' lang='lat' dir='ltr'><strong>facile</strong></span> <span class='ocrx_word' id='word_1_18' title='bbox 548 778 894 860; x_wconf 89' lang='lat' dir='ltr'><strong>negotium</strong></span> <span class='ocrx_word' id='word_1_19' title='bbox 932 779 1335 857; x_wconf 75' lang='lat' dir='ltr'><strong>effecturum,</strong></span> <span class='ocrx_word' id='word_1_20' title='bbox 1382 790 1456 845; x_wconf 92' lang='lat' dir='ltr'><strong>ut</strong></span> <span class='ocrx_word' id='word_1_21' title='bbox 1497 780 1772 847; x_wconf 90' lang='lat' dir='ltr'><strong>iocando</strong></span> <span class='ocrx_word' id='word_1_22' title='bbox 1806 778 2027 861; x_wconf 87' lang='lat' dir='ltr'><strong>potius</strong></span> <span class='ocrx_word' id='word_1_23' title='bbox 2063 797 2258 860; x_wconf 89' lang='lat' dir='ltr'><strong>quam</strong></span> 
     </span>
     <span class='ocr_line' id='line_1_5' title="bbox 321 860 2262 948; baseline -0.003 -17"><span class='ocrx_word' id='word_1_24' title='bbox 321 860 554 946; x_wconf 86' lang='lat' dir='ltr'><strong>aliquid</strong></span> <span class='ocrx_word' id='word_1_25' title='bbox 617 862 874 947; x_wconf 86' lang='lat' dir='ltr'><strong>agendo</strong></span> <span class='ocrx_word' id='word_1_26' title='bbox 935 863 1105 930; x_wconf 92' lang='lat' dir='ltr'><strong>serio</strong></span> <span class='ocrx_word' id='word_1_27' title='bbox 1162 886 1471 948; x_wconf 88' lang='lat' dir='ltr'><strong>magnam</strong></span> <span class='ocrx_word' id='word_1_28' title='bbox 1533 866 1873 932; x_wconf 83' lang='lat' dir='ltr'><strong>victoriam</strong></span> <span class='ocrx_word' id='word_1_29' title='bbox 1933 864 2062 928; x_wconf 87' lang='lat' dir='ltr'><strong>iam</strong></span> <span class='ocrx_word' id='word_1_30' title='bbox 2125 862 2262 926; x_wconf 89' lang='lat' dir='ltr'><strong>adi-</strong></span> 
     </span>
     <span class='ocr_line' id='line_1_6' title="bbox 319 947 2259 1036; baseline -0.002 -22"><span class='ocrx_word' id='word_1_31' title='bbox 319 952 665 1034; x_wconf 74' lang='lat' dir='ltr'><strong>piscamur.</strong></span> <span class='ocrx_word' id='word_1_32' title='bbox 734 947 908 1013; x_wconf 86' lang='lat' dir='ltr'><strong>Nam</strong></span> <span class='ocrx_word' id='word_1_33' title='bbox 954 952 1077 1016; x_wconf 88' lang='lat' dir='ltr'><strong>etsi</strong></span> <span class='ocrx_word' id='word_1_34' title='bbox 1117 950 1336 1016; x_wconf 80' lang='lat' dir='ltr'><strong>David</strong></span> <span class='ocrx_word' id='word_1_35' title='bbox 1377 953 1609 1036; x_wconf 83' lang='lat' dir='ltr'><strong>viginti</strong></span> <span class='ocrx_word' id='word_1_36' title='bbox 1647 961 1927 1034; x_wconf 89' lang='lat' dir='ltr'><strong>quatuor</strong></span> <span class='ocrx_word' id='word_1_37' title='bbox 1950 949 2259 1013; x_wconf 89' lang='lat' dir='ltr'><strong>horarum</strong></span> 
     </span>
     <span class='ocr_line' id='line_1_7' title="bbox 319 1035 2259 1121; baseline -0.003 -18"><span class='ocrx_word' id='word_1_38' title='bbox 319 1035 545 1119; x_wconf 86' lang='lat' dir='ltr'><strong>spatio,</strong></span> <span class='ocrx_word' id='word_1_39' title='bbox 589 1053 631 1098; x_wconf 88' lang='lat' dir='ltr'><strong>a</strong></span> <span class='ocrx_word' id='word_1_40' title='bbox 677 1055 953 1117; x_wconf 87' lang='lat' dir='ltr'><strong>vespera</strong></span> <span class='ocrx_word' id='word_1_41' title='bbox 987 1037 1302 1103; x_wconf 88' lang='lat' dir='ltr'><strong>nimirum</strong></span> <span class='ocrx_word' id='word_1_42' title='bbox 1337 1036 1420 1102; x_wconf 87' lang='lat' dir='ltr'><strong>ad</strong></span> <span class='ocrx_word' id='word_1_43' title='bbox 1458 1058 1821 1121; x_wconf 81' lang='lat' dir='ltr'><strong>vesperam,</strong></span> <span class='ocrx_word' id='word_1_44' title='bbox 1867 1036 2091 1101; x_wconf 88' lang='lat' dir='ltr'><strong>hostes</strong></span> <span class='ocrx_word' id='word_1_45' title='bbox 2114 1054 2259 1117; x_wconf 88' lang='lat' dir='ltr'><strong>per-</strong></span> 
     </span>
     <span class='ocr_line' id='line_1_8' title="bbox 319 1117 2263 1203; baseline -0.003 -14"><span class='ocrx_word' id='word_1_46' title='bbox 319 1117 645 1203; x_wconf 81' lang='lat' dir='ltr'><strong>sequendo</strong></span> <span class='ocrx_word' id='word_1_47' title='bbox 711 1119 1060 1201; x_wconf 87' lang='lat' dir='ltr'><strong>iaborarit,</strong></span> <span class='ocrx_word' id='word_1_48' title='bbox 1134 1123 1316 1191; x_wconf 89' lang='lat' dir='ltr'><strong>iocus</strong></span> <span class='ocrx_word' id='word_1_49' title='bbox 1383 1136 1604 1189; x_wconf 86' lang='lat' dir='ltr'><strong>tamen</strong></span> <span class='ocrx_word' id='word_1_50' title='bbox 1660 1126 1839 1190; x_wconf 85' lang='lat' dir='ltr'><strong>visus</strong></span> <span class='ocrx_word' id='word_1_51' title='bbox 1906 1132 2037 1198; x_wconf 86' lang='lat' dir='ltr'><strong>est,</strong></span> <span class='ocrx_word' id='word_1_52' title='bbox 2120 1121 2263 1185; x_wconf 91' lang='lat' dir='ltr'><strong>Deo</strong></span> 
     </span>
     <span class='ocr_line' id='line_1_9' title="bbox 317 1206 2263 1294; baseline -0.002 -21"><span class='ocrx_word' id='word_1_53' title='bbox 317 1225 612 1273; x_wconf 86' lang='lat' dir='ltr'><strong>mensam</strong></span> <span class='ocrx_word' id='word_1_54' title='bbox 682 1206 824 1288; x_wconf 90' lang='lat' dir='ltr'><strong>ipso</strong></span> <span class='ocrx_word' id='word_1_55' title='bbox 888 1206 1097 1273; x_wconf 79' lang='lat' dir='ltr'><strong>veluti</strong></span> <span class='ocrx_word' id='word_1_56' title='bbox 1165 1222 1631 1294; x_wconf 81' lang='lat' dir='ltr'><strong>praeparante.</strong></span> <span class='ocrx_word' id='word_1_57' title='bbox 1697 1220 1766 1275; x_wconf 90' lang='lat' dir='ltr'><strong>et</strong></span> <span class='ocrx_word' id='word_1_58' title='bbox 1820 1206 1902 1271; x_wconf 91' lang='lat' dir='ltr'><strong>de</strong></span> <span class='ocrx_word' id='word_1_59' title='bbox 1967 1206 2263 1279; x_wconf 77' lang='lat' dir='ltr'><strong>hostibus</strong></span> 
     </span>
     <span class='ocr_line' id='line_1_10' title="bbox 319 1290 2261 1379; baseline -0.002 -22"><span class='ocrx_word' id='word_1_60' title='bbox 319 1290 880 1374; x_wconf 76' lang='lat' dir='ltr'><strong>triumphantibus</strong></span> <span class='ocrx_word' id='word_1_61' title='bbox 905 1294 1226 1378; x_wconf 78' lang='lat' dir='ltr'><strong>genioque</strong></span> <span class='ocrx_word' id='word_1_62' title='bbox 1247 1295 1743 1379; x_wconf 77' lang='lat' dir='ltr'><strong>indulgentibus</strong></span> <span class='ocrx_word' id='word_1_63' title='bbox 1767 1294 2103 1359; x_wconf 85' lang='lat' dir='ltr'><strong>victoriam</strong></span> <span class='ocrx_word' id='word_1_64' title='bbox 2129 1292 2261 1356; x_wconf 88' lang='lat' dir='ltr'><strong>lar·</strong></span> 
     </span>
     <span class='ocr_line' id='line_1_11' title="bbox 316 1378 2260 1463; baseline 0 -22"><span class='ocrx_word' id='word_1_65' title='bbox 316 1379 533 1462; x_wconf 87' lang='lat' dir='ltr'><strong>giente</strong></span> <span class='ocrx_word' id='word_1_66' title='bbox 592 1388 726 1441; x_wconf 91' lang='lat' dir='ltr'><strong>tam</strong></span> <span class='ocrx_word' id='word_1_67' title='bbox 786 1378 1042 1443; x_wconf 79' lang='lat' dir='ltr'><strong>facilem</strong></span> <span class='ocrx_word' id='word_1_68' title='bbox 1101 1391 1176 1446; x_wconf 89' lang='lat' dir='ltr'><strong>ut</strong></span> <span class='ocrx_word' id='word_1_69' title='bbox 1234 1383 1529 1463; x_wconf 87' lang='lat' dir='ltr'><strong>occupati</strong></span> <span class='ocrx_word' id='word_1_70' title='bbox 1589 1392 1843 1447; x_wconf 88' lang='lat' dir='ltr'><strong>tantum</strong></span> <span class='ocrx_word' id='word_1_71' title='bbox 1904 1380 2150 1443; x_wconf 76' lang='lat' dir='ltr'><strong>milites</strong></span> <span class='ocrx_word' id='word_1_72' title='bbox 2190 1378 2260 1441; x_wconf 91' lang='lat' dir='ltr'><strong>in</strong></span> 
     </span>
     <span class='ocr_line' id='line_1_12' title="bbox 316 1461 2264 1552; baseline 0.001 -24"><span class='ocrx_word' id='word_1_73' title='bbox 316 1462 444 1529; x_wconf 89' lang='lat' dir='ltr'><strong>illis</strong></span> <span class='ocrx_word' id='word_1_74' title='bbox 467 1461 965 1544; x_wconf 86' lang='lat' dir='ltr'><strong>interficiendis,</strong></span> <span class='ocrx_word' id='word_1_75' title='bbox 1010 1470 1281 1547; x_wconf 89' lang='lat' dir='ltr'><strong>quinon</strong></span> <span class='ocrx_word' id='word_1_76' title='bbox 1304 1467 1385 1532; x_wconf 92' lang='lat' dir='ltr'><strong>ad</strong></span> <span class='ocrx_word' id='word_1_77' title='bbox 1422 1488 1732 1552; x_wconf 87' lang='lat' dir='ltr'><strong>pugnam,</strong></span> <span class='ocrx_word' id='word_1_78' title='bbox 1780 1463 1893 1531; x_wconf 91' lang='lat' dir='ltr'><strong>sed</strong></span> <span class='ocrx_word' id='word_1_79' title='bbox 1933 1463 2013 1529; x_wconf 92' lang='lat' dir='ltr'><strong>ad</strong></span> <span class='ocrx_word' id='word_1_80' title='bbox 2038 1464 2264 1547; x_wconf 85' lang='lat' dir='ltr'><strong>epulas</strong></span> 
     </span>
     <span class='ocr_line' id='line_1_13' title="bbox 317 1562 995 1631; baseline -0.003 -14"><span class='ocrx_word' id='word_1_81' title='bbox 317 1570 384 1617; x_wconf 88' lang='lat' dir='ltr'><strong>se</strong></span> <span class='ocrx_word' id='word_1_82' title='bbox 426 1562 995 1631; x_wconf 79' lang='lat' dir='ltr'><strong>comparaverant.</strong></span> 
     </span>
    </p>

    <p class='ocr_par' dir='ltr' id='par_1_3' title="bbox 258 1632 2265 3954">
     <span class='ocr_line' id='line_1_14' title="bbox 484 1632 2265 1720; baseline 0.002 -21"><span class='ocrx_word' id='word_1_83' title='bbox 484 1632 837 1701; x_wconf 77' lang='lat' dir='ltr'><strong>Caeterum</strong></span> <span class='ocrx_word' id='word_1_84' title='bbox 883 1634 1041 1705; x_wconf 88' lang='lat' dir='ltr'><strong>hinc</strong></span> <span class='ocrx_word' id='word_1_85' title='bbox 1098 1641 1294 1704; x_wconf 88' lang='lat' dir='ltr'><strong>etiam</strong></span> <span class='ocrx_word' id='word_1_86' title='bbox 1344 1637 1777 1705; x_wconf 85' lang='lat' dir='ltr'><strong>admonemur</strong></span> <span class='ocrx_word' id='word_1_87' title='bbox 1818 1657 2078 1720; x_wconf 86' lang='lat' dir='ltr'><strong>semper</strong></span> <span class='ocrx_word' id='word_1_88' title='bbox 2122 1657 2265 1703; x_wconf 90' lang='lat' dir='ltr'><strong>esse</strong></span> 
     </span>
     <span class='ocr_line' id='line_1_15' title="bbox 314 1719 2264 1808; baseline 0 -21"><span class='ocrx_word' id='word_1_89' title='bbox 314 1719 505 1787; x_wconf 86' lang='lat' dir='ltr'><strong>nobis</strong></span> <span class='ocrx_word' id='word_1_90' title='bbox 550 1720 941 1800; x_wconf 85' lang='lat' dir='ltr'><strong>cavendum,</strong></span> <span class='ocrx_word' id='word_1_91' title='bbox 999 1734 1067 1789; x_wconf 89' lang='lat' dir='ltr'><strong>et</strong></span> <span class='ocrx_word' id='word_1_92' title='bbox 1112 1725 1296 1790; x_wconf 84' lang='lat' dir='ltr'><strong>velut</strong></span> <span class='ocrx_word' id='word_1_93' title='bbox 1337 1724 1405 1789; x_wconf 91' lang='lat' dir='ltr'><strong>in</strong></span> <span class='ocrx_word' id='word_1_94' title='bbox 1462 1724 1728 1808; x_wconf 88' lang='lat' dir='ltr'><strong>specula</strong></span> <span class='ocrx_word' id='word_1_95' title='bbox 1771 1722 2264 1789; x_wconf 88' lang='lat' dir='ltr'><strong>consistendum</strong></span> 
     </span>
     <span class='ocr_line' id='line_1_16' title="bbox 310 1804 2262 1888; baseline 0.001 -16"><span class='ocrx_word' id='word_1_96' title='bbox 310 1805 467 1872; x_wconf 90' lang='lat' dir='ltr'><strong>licet</strong></span> <span class='ocrx_word' id='word_1_97' title='bbox 512 1804 646 1869; x_wconf 88' lang='lat' dir='ltr'><strong>alta</strong></span> <span class='ocrx_word' id='word_1_98' title='bbox 706 1826 862 1888; x_wconf 89' lang='lat' dir='ltr'><strong>pace</strong></span> <span class='ocrx_word' id='word_1_99' title='bbox 926 1819 995 1873; x_wconf 88' lang='lat' dir='ltr'><strong>et</strong></span> <span class='ocrx_word' id='word_1_100' title='bbox 1037 1808 1234 1876; x_wconf 88' lang='lat' dir='ltr'><strong>rebus</strong></span> <span class='ocrx_word' id='word_1_101' title='bbox 1276 1810 1564 1876; x_wconf 81' lang='lat' dir='ltr'><strong>maxime</strong></span> <span class='ocrx_word' id='word_1_102' title='bbox 1620 1809 1924 1877; x_wconf 90' lang='lat' dir='ltr'><strong>secundis</strong></span> <span class='ocrx_word' id='word_1_103' title='bbox 1969 1821 2262 1874; x_wconf 85' lang='lat' dir='ltr'><strong>utamur:</strong></span> 
     </span>
     <span class='ocr_line' id='line_1_17' title="bbox 313 1891 2261 1980; baseline 0 -21"><span class='ocrx_word' id='word_1_104' title='bbox 313 1911 467 1959; x_wconf 82' lang='lat' dir='ltr'><strong>nam</strong></span> <span class='ocrx_word' id='word_1_105' title='bbox 517 1891 639 1955; x_wconf 88' lang='lat' dir='ltr'><strong>etsi</strong></span> <span class='ocrx_word' id='word_1_106' title='bbox 689 1891 868 1955; x_wconf 87' lang='lat' dir='ltr'><strong>nulla</strong></span> <span class='ocrx_word' id='word_1_107' title='bbox 917 1898 1305 1962; x_wconf 76' lang='lat' dir='ltr'><strong>necessitate</strong></span> <span class='ocrx_word' id='word_1_108' title='bbox 1351 1917 1719 1980; x_wconf 81' lang='lat' dir='ltr'><strong>urgeamur,</strong></span> <span class='ocrx_word' id='word_1_109' title='bbox 1765 1905 1831 1960; x_wconf 93' lang='lat' dir='ltr'><strong>et</strong></span> <span class='ocrx_word' id='word_1_110' title='bbox 1870 1896 2067 1977; x_wconf 90' lang='lat' dir='ltr'><strong>paulo</strong></span> <span class='ocrx_word' id='word_1_111' title='bbox 2103 1895 2261 1960; x_wconf 89' lang='lat' dir='ltr'><strong>libe·</strong></span> 
     </span>
     <span class='ocr_line' id='line_1_18' title="bbox 307 1977 2261 2064; baseline 0.001 -21"><span class='ocrx_word' id='word_1_112' title='bbox 307 1978 448 2043; x_wconf 87' lang='lat' dir='ltr'><strong>rius</strong></span> <span class='ocrx_word' id='word_1_113' title='bbox 496 1977 722 2043; x_wconf 80' lang='lat' dir='ltr'><strong>vivere</strong></span> <span class='ocrx_word' id='word_1_114' title='bbox 767 1977 952 2043; x_wconf 91' lang='lat' dir='ltr'><strong>nullo</strong></span> <span class='ocrx_word' id='word_1_115' title='bbox 1011 1981 1373 2048; x_wconf 78' lang='lat' dir='ltr'><strong>facessente</strong></span> <span class='ocrx_word' id='word_1_116' title='bbox 1430 1982 1618 2047; x_wconf 87' lang='lat' dir='ltr'><strong>nobis</strong></span> <span class='ocrx_word' id='word_1_117' title='bbox 1676 1982 2011 2064; x_wconf 86' lang='lat' dir='ltr'><strong>negotium</strong></span> <span class='ocrx_word' id='word_1_118' title='bbox 2059 1980 2261 2063; x_wconf 86' lang='lat' dir='ltr'><strong>possi-</strong></span> 
     </span>
     <span class='ocr_line' id='line_1_19' title="bbox 304 2063 2265 2150; baseline 0 -21"><span class='ocrx_word' id='word_1_119' title='bbox 304 2083 477 2142; x_wconf 88' lang='lat' dir='ltr'><strong>mus,</strong></span> <span class='ocrx_word' id='word_1_120' title='bbox 535 2063 838 2129; x_wconf 77' lang='lat' dir='ltr'><strong>fraenare</strong></span> <span class='ocrx_word' id='word_1_121' title='bbox 885 2074 1101 2132; x_wconf 91' lang='lat' dir='ltr'><strong>tamen</strong></span> <span class='ocrx_word' id='word_1_122' title='bbox 1161 2076 1422 2150; x_wconf 87' lang='lat' dir='ltr'><strong>oportet</strong></span> <span class='ocrx_word' id='word_1_123' title='bbox 1467 2081 1726 2134; x_wconf 89' lang='lat' dir='ltr'><strong>nostros</strong></span> <span class='ocrx_word' id='word_1_124' title='bbox 1783 2067 2135 2150; x_wconf 87' lang='lat' dir='ltr'><strong>appetitus,</strong></span> <span class='ocrx_word' id='word_1_125' title='bbox 2196 2077 2265 2130; x_wconf 89' lang='lat' dir='ltr'><strong>et</strong></span> 
     </span>
     <span class='ocr_line' id='line_1_20' title="bbox 304 2147 2265 2236; baseline -0.001 -19"><span class='ocrx_word' id='word_1_126' title='bbox 304 2149 605 2223; x_wconf 76' lang='lat' dir='ltr'><strong>habenas</strong></span> <span class='ocrx_word' id='word_1_127' title='bbox 648 2147 974 2217; x_wconf 78' lang='lat' dir='ltr'><strong>adducere</strong></span> <span class='ocrx_word' id='word_1_128' title='bbox 1019 2175 1102 2218; x_wconf 91' lang='lat' dir='ltr'><strong>ne</strong></span> <span class='ocrx_word' id='word_1_129' title='bbox 1138 2154 1382 2220; x_wconf 87' lang='lat' dir='ltr'><strong>feroces</strong></span> <span class='ocrx_word' id='word_1_130' title='bbox 1419 2175 1617 2236; x_wconf 88' lang='lat' dir='ltr'><strong>equos</strong></span> <span class='ocrx_word' id='word_1_131' title='bbox 1652 2152 2005 2218; x_wconf 90' lang='lat' dir='ltr'><strong>imitemur.</strong></span> <span class='ocrx_word' id='word_1_132' title='bbox 2047 2151 2265 2217; x_wconf 81' lang='lat' dir='ltr'><strong>Multa</strong></span> 
     </span>
     <span class='ocr_line' id='line_1_21' title="bbox 304 2234 2261 2322; baseline 0.001 -23"><span class='ocrx_word' id='word_1_133' title='bbox 304 2234 561 2319; x_wconf 89' lang='lat' dir='ltr'><strong>passim</strong></span> <span class='ocrx_word' id='word_1_134' title='bbox 605 2249 959 2305; x_wconf 88' lang='lat' dir='ltr'><strong>occurrunt</strong></span> <span class='ocrx_word' id='word_1_135' title='bbox 1001 2239 1305 2322; x_wconf 85' lang='lat' dir='ltr'><strong>exempla</strong></span> <span class='ocrx_word' id='word_1_136' title='bbox 1349 2241 1417 2304; x_wconf 91' lang='lat' dir='ltr'><strong>in</strong></span> <span class='ocrx_word' id='word_1_137' title='bbox 1464 2240 1685 2315; x_wconf 91' lang='lat' dir='ltr'><strong>sacris,</strong></span> <span class='ocrx_word' id='word_1_138' title='bbox 1733 2258 1956 2304; x_wconf 90' lang='lat' dir='ltr'><strong>eornm</strong></span> <span class='ocrx_word' id='word_1_139' title='bbox 2003 2238 2115 2321; x_wconf 89' lang='lat' dir='ltr'><strong>qui</strong></span> <span class='ocrx_word' id='word_1_140' title='bbox 2158 2259 2261 2302; x_wconf 91' lang='lat' dir='ltr'><strong>re-</strong></span> 
     </span>
     <span class='ocr_line' id='line_1_22' title="bbox 303 2319 2263 2410; baseline 0.002 -23"><span class='ocrx_word' id='word_1_141' title='bbox 303 2321 430 2389; x_wconf 84' lang='lat' dir='ltr'><strong>bus</strong></span> <span class='ocrx_word' id='word_1_142' title='bbox 487 2319 798 2387; x_wconf 85' lang='lat' dir='ltr'><strong>secundis</strong></span> <span class='ocrx_word' id='word_1_143' title='bbox 848 2324 952 2388; x_wconf 86' lang='lat' dir='ltr'><strong>usi</strong></span> <span class='ocrx_word' id='word_1_144' title='bbox 1010 2336 1076 2391; x_wconf 88' lang='lat' dir='ltr'><strong>et</strong></span> <span class='ocrx_word' id='word_1_145' title='bbox 1130 2326 1325 2409; x_wconf 91' lang='lat' dir='ltr'><strong>genio</strong></span> <span class='ocrx_word' id='word_1_146' title='bbox 1383 2326 1799 2410; x_wconf 85' lang='lat' dir='ltr'><strong>indulgentes</strong></span> <span class='ocrx_word' id='word_1_147' title='bbox 1842 2324 2263 2405; x_wconf 81' lang='lat' dir='ltr'><strong>gravissimas</strong></span> 
     </span>
     <span class='ocr_line' id='line_1_23' title="bbox 298 2406 2260 2490; baseline 0.003 -21"><span class='ocrx_word' id='word_1_148' title='bbox 298 2426 557 2490; x_wconf 88' lang='lat' dir='ltr'><strong>poenas</strong></span> <span class='ocrx_word' id='word_1_149' title='bbox 591 2406 662 2470; x_wconf 90' lang='lat' dir='ltr'><strong>in</strong></span> <span class='ocrx_word' id='word_1_150' title='bbox 707 2427 779 2472; x_wconf 86' lang='lat' dir='ltr'><strong>se</strong></span> <span class='ocrx_word' id='word_1_151' title='bbox 823 2406 1229 2477; x_wconf 83' lang='lat' dir='ltr'><strong>derivarunt.</strong></span> <span class='ocrx_word' id='word_1_152' title='bbox 1276 2410 1463 2478; x_wconf 89' lang='lat' dir='ltr'><strong>Deus</strong></span> <span class='ocrx_word' id='word_1_153' title='bbox 1503 2414 1681 2477; x_wconf 92' lang='lat' dir='ltr'><strong>enim</strong></span> <span class='ocrx_word' id='word_1_154' title='bbox 1718 2409 1864 2475; x_wconf 80' lang='lat' dir='ltr'><strong>vult</strong></span> <span class='ocrx_word' id='word_1_155' title='bbox 1897 2430 2017 2475; x_wconf 88' lang='lat' dir='ltr'><strong>nos</strong></span> <span class='ocrx_word' id='word_1_156' title='bbox 2054 2410 2260 2474; x_wconf 85' lang='lat' dir='ltr'><strong>vitam</strong></span> 
     </span>
     <span class='ocr_line' id='line_1_24' title="bbox 298 2490 2258 2577; baseline 0.001 -20"><span class='ocrx_word' id='word_1_157' title='bbox 298 2511 506 2576; x_wconf 84' lang='lat' dir='ltr'><strong>agere</strong></span> <span class='ocrx_word' id='word_1_158' title='bbox 553 2512 707 2559; x_wconf 88' lang='lat' dir='ltr'><strong>cum</strong></span> <span class='ocrx_word' id='word_1_159' title='bbox 752 2490 973 2576; x_wconf 89' lang='lat' dir='ltr'><strong>aliqua</strong></span> <span class='ocrx_word' id='word_1_160' title='bbox 1012 2516 1168 2563; x_wconf 90' lang='lat' dir='ltr'><strong>cura</strong></span> <span class='ocrx_word' id='word_1_161' title='bbox 1214 2508 1280 2562; x_wconf 91' lang='lat' dir='ltr'><strong>et</strong></span> <span class='ocrx_word' id='word_1_162' title='bbox 1321 2495 1777 2573; x_wconf 88' lang='lat' dir='ltr'><strong>sollicitudine,</strong></span> <span class='ocrx_word' id='word_1_163' title='bbox 1824 2515 1953 2560; x_wconf 90' lang='lat' dir='ltr'><strong>non</strong></span> <span class='ocrx_word' id='word_1_164' title='bbox 1999 2495 2258 2577; x_wconf 89' lang='lat' dir='ltr'><strong>quidem</strong></span> 
     </span>
     <span class='ocr_line' id='line_1_25' title="bbox 293 2576 2258 2666; baseline 0.001 -21"><span class='ocrx_word' id='word_1_165' title='bbox 293 2576 379 2645; x_wconf 85' lang='lat' dir='ltr'><strong>de</strong></span> <span class='ocrx_word' id='word_1_166' title='bbox 439 2578 658 2660; x_wconf 87' lang='lat' dir='ltr'><strong>ipsius</strong></span> <span class='ocrx_word' id='word_1_167' title='bbox 717 2580 1131 2663; x_wconf 87' lang='lat' dir='ltr'><strong>providentia</strong></span> <span class='ocrx_word' id='word_1_168' title='bbox 1185 2593 1254 2649; x_wconf 90' lang='lat' dir='ltr'><strong>et</strong></span> <span class='ocrx_word' id='word_1_169' title='bbox 1308 2604 1465 2649; x_wconf 87' lang='lat' dir='ltr'><strong>cura</strong></span> <span class='ocrx_word' id='word_1_170' title='bbox 1521 2582 1783 2666; x_wconf 88' lang='lat' dir='ltr'><strong>speciali</strong></span> <span class='ocrx_word' id='word_1_171' title='bbox 1846 2581 2080 2648; x_wconf 85' lang='lat' dir='ltr'><strong>diffisi:</strong></span> <span class='ocrx_word' id='word_1_172' title='bbox 2145 2581 2258 2647; x_wconf 87' lang='lat' dir='ltr'><strong>sed</strong></span> 
     </span>
     <span class='ocr_line' id='line_1_26' title="bbox 298 2664 2259 2750; baseline 0.002 -21"><span class='ocrx_word' id='word_1_173' title='bbox 298 2685 388 2729; x_wconf 87' lang='lat' dir='ltr'><strong>ne</strong></span> <span class='ocrx_word' id='word_1_174' title='bbox 433 2664 578 2728; x_wconf 91' lang='lat' dir='ltr'><strong>otio</strong></span> <span class='ocrx_word' id='word_1_175' title='bbox 622 2673 692 2728; x_wconf 91' lang='lat' dir='ltr'><strong>et</strong></span> <span class='ocrx_word' id='word_1_176' title='bbox 750 2668 1224 2750; x_wconf 85' lang='lat' dir='ltr'><strong>tranquillitate</strong></span> <span class='ocrx_word' id='word_1_177' title='bbox 1282 2669 1631 2737; x_wconf 87' lang='lat' dir='ltr'><strong>abutamur</strong></span> <span class='ocrx_word' id='word_1_178' title='bbox 1674 2669 1740 2733; x_wconf 90' lang='lat' dir='ltr'><strong>in</strong></span> <span class='ocrx_word' id='word_1_179' title='bbox 1802 2667 1946 2734; x_wconf 93' lang='lat' dir='ltr'><strong>cibo</strong></span> <span class='ocrx_word' id='word_1_180' title='bbox 1990 2676 2057 2732; x_wconf 90' lang='lat' dir='ltr'><strong>et</strong></span> <span class='ocrx_word' id='word_1_181' title='bbox 2102 2679 2259 2750; x_wconf 91' lang='lat' dir='ltr'><strong>potu</strong></span> 
     </span>
     <span class='ocr_line' id='line_1_27' title="bbox 295 2748 2261 2837; baseline 0.002 -22"><span class='ocrx_word' id='word_1_182' title='bbox 295 2750 481 2815; x_wconf 85' lang='lat' dir='ltr'><strong>vitae</strong></span> <span class='ocrx_word' id='word_1_183' title='bbox 530 2748 919 2817; x_wconf 71' lang='lat' dir='ltr'><strong>felicitatem</strong></span> <span class='ocrx_word' id='word_1_184' title='bbox 975 2766 1313 2837; x_wconf 89' lang='lat' dir='ltr'><strong>ponentes.</strong></span> <span class='ocrx_word' id='word_1_185' title='bbox 1404 2753 1848 2837; x_wconf 76' lang='lat' dir='ltr'><strong>Quamobrem</strong></span> <span class='ocrx_word' id='word_1_186' title='bbox 1895 2753 2261 2818; x_wconf 88' lang='lat' dir='ltr'><strong>sollicitudo</strong></span> 
     </span>
     <span class='ocr_line' id='line_1_28' title="bbox 290 2833 2261 2924; baseline 0.002 -24"><span class='ocrx_word' id='word_1_187' title='bbox 290 2834 415 2900; x_wconf 87' lang='lat' dir='ltr'><strong>illa</strong></span> <span class='ocrx_word' id='word_1_188' title='bbox 461 2833 557 2899; x_wconf 91' lang='lat' dir='ltr'><strong>de</strong></span> <span class='ocrx_word' id='word_1_189' title='bbox 601 2855 731 2918; x_wconf 89' lang='lat' dir='ltr'><strong>qua</strong></span> <span class='ocrx_word' id='word_1_190' title='bbox 775 2836 1105 2920; x_wconf 89' lang='lat' dir='ltr'><strong>loquimur</strong></span> <span class='ocrx_word' id='word_1_191' title='bbox 1148 2862 1296 2907; x_wconf 90' lang='lat' dir='ltr'><strong>cum</strong></span> <span class='ocrx_word' id='word_1_192' title='bbox 1333 2863 1589 2907; x_wconf 86' lang='lat' dir='ltr'><strong>summa</strong></span> <span class='ocrx_word' id='word_1_193' title='bbox 1613 2860 1770 2924; x_wconf 87' lang='lat' dir='ltr'><strong>paee</strong></span> <span class='ocrx_word' id='word_1_194' title='bbox 1790 2851 1857 2906; x_wconf 89' lang='lat' dir='ltr'><strong>et</strong></span> <span class='ocrx_word' id='word_1_195' title='bbox 1890 2839 2261 2922; x_wconf 87' lang='lat' dir='ltr'><strong>tranquilli·</strong></span> 
     </span>
     <span class='ocr_line' id='line_1_29' title="bbox 287 2922 2258 3009; baseline 0.001 -20"><span class='ocrx_word' id='word_1_196' title='bbox 287 2929 434 2989; x_wconf 82' lang='lat' dir='ltr'><strong>tate</strong></span> <span class='ocrx_word' id='word_1_197' title='bbox 483 2922 846 2988; x_wconf 90' lang='lat' dir='ltr'><strong>coniuncta</strong></span> <span class='ocrx_word' id='word_1_198' title='bbox 889 2934 1012 2991; x_wconf 92' lang='lat' dir='ltr'><strong>est.</strong></span> <span class='ocrx_word' id='word_1_199' title='bbox 1080 2927 1272 2994; x_wconf 90' lang='lat' dir='ltr'><strong>Unde</strong></span> <span class='ocrx_word' id='word_1_200' title='bbox 1314 2949 1473 2994; x_wconf 82' lang='lat' dir='ltr'><strong>vero</strong></span> <span class='ocrx_word' id='word_1_201' title='bbox 1517 2926 1961 3009; x_wconf 88' lang='lat' dir='ltr'><strong>tranquillitas</strong></span> <span class='ocrx_word' id='word_1_202' title='bbox 2005 2925 2134 2991; x_wconf 92' lang='lat' dir='ltr'><strong>nisi</strong></span> <span class='ocrx_word' id='word_1_203' title='bbox 2175 2947 2258 2990; x_wconf 85' lang='lat' dir='ltr'><strong>ex</strong></span> 
     </span>
     <span class='ocr_line' id='line_1_30' title="bbox 280 3005 2262 3093; baseline 0.002 -21"><span class='ocrx_word' id='word_1_204' title='bbox 280 3005 409 3072; x_wconf 87' lang='lat' dir='ltr'><strong>illa</strong></span> <span class='ocrx_word' id='word_1_205' title='bbox 456 3009 901 3090; x_wconf 79' lang='lat' dir='ltr'><strong>persuasione</strong></span> <span class='ocrx_word' id='word_1_206' title='bbox 936 3033 1135 3093; x_wconf 90' lang='lat' dir='ltr'><strong>quam</strong></span> <span class='ocrx_word' id='word_1_207' title='bbox 1173 3013 1418 3079; x_wconf 89' lang='lat' dir='ltr'><strong>habent</strong></span> <span class='ocrx_word' id='word_1_208' title='bbox 1453 3012 1677 3079; x_wconf 84' lang='lat' dir='ltr'><strong>fideles</strong></span> <span class='ocrx_word' id='word_1_209' title='bbox 1712 3012 1929 3078; x_wconf 90' lang='lat' dir='ltr'><strong>Deum</strong></span> <span class='ocrx_word' id='word_1_210' title='bbox 1967 3012 2036 3076; x_wconf 89' lang='lat' dir='ltr'><strong>in</strong></span> <span class='ocrx_word' id='word_1_211' title='bbox 2073 3031 2262 3076; x_wconf 85' lang='lat' dir='ltr'><strong>suam</strong></span> 
     </span>
     <span class='ocr_line' id='line_1_31' title="bbox 278 3091 2261 3182; baseline 0.001 -22"><span class='ocrx_word' id='word_1_212' title='bbox 278 3091 683 3160; x_wconf 83' lang='lat' dir='ltr'><strong>clientelam</strong></span> <span class='ocrx_word' id='word_1_213' title='bbox 744 3093 919 3177; x_wconf 86' lang='lat' dir='ltr'><strong>ipsos</strong></span> <span class='ocrx_word' id='word_1_214' title='bbox 975 3103 1331 3182; x_wconf 84' lang='lat' dir='ltr'><strong>accepisse,</strong></span> <span class='ocrx_word' id='word_1_215' title='bbox 1397 3107 1463 3164; x_wconf 91' lang='lat' dir='ltr'><strong>et</strong></span> <span class='ocrx_word' id='word_1_216' title='bbox 1522 3119 1640 3182; x_wconf 88' lang='lat' dir='ltr'><strong>pro</strong></span> <span class='ocrx_word' id='word_1_217' title='bbox 1697 3099 1987 3181; x_wconf 87' lang='lat' dir='ltr'><strong>ipsorum</strong></span> <span class='ocrx_word' id='word_1_218' title='bbox 2048 3097 2261 3162; x_wconf 86' lang='lat' dir='ltr'><strong>salute</strong></span> 
     </span>
     <span class='ocr_line' id='line_1_32' title="bbox 273 3179 2261 3268; baseline 0.003 -27"><span class='ocrx_word' id='word_1_219' title='bbox 273 3188 626 3263; x_wconf 85' lang='lat' dir='ltr'><strong>perpetuo</strong></span> <span class='ocrx_word' id='word_1_220' title='bbox 689 3179 982 3264; x_wconf 85' lang='lat' dir='ltr'><strong>vigilare,</strong></span> <span class='ocrx_word' id='word_1_221' title='bbox 1040 3183 1316 3268; x_wconf 90' lang='lat' dir='ltr'><strong>ideoque</strong></span> <span class='ocrx_word' id='word_1_222' title='bbox 1373 3184 1513 3250; x_wconf 79' lang='lat' dir='ltr'><strong>fore</strong></span> <span class='ocrx_word' id='word_1_223' title='bbox 1568 3194 1644 3250; x_wconf 88' lang='lat' dir='ltr'><strong>ut</strong></span> <span class='ocrx_word' id='word_1_224' title='bbox 1696 3185 1872 3266; x_wconf 90' lang='lat' dir='ltr'><strong>ipsos</strong></span> <span class='ocrx_word' id='word_1_225' title='bbox 1918 3202 2261 3266; x_wconf 86' lang='lat' dir='ltr'><strong>nunquam</strong></span> 
     </span>
     <span class='ocr_line' id='line_1_33' title="bbox 279 3261 2263 3353; baseline 0.002 -23"><span class='ocrx_word' id='word_1_226' title='bbox 279 3261 620 3330; x_wconf 78' lang='lat' dir='ltr'><strong>deserat?</strong></span> <span class='ocrx_word' id='word_1_227' title='bbox 689 3264 1159 3335; x_wconf 87' lang='lat' dir='ltr'><strong>Verumtamen</strong></span> <span class='ocrx_word' id='word_1_228' title='bbox 1217 3273 1344 3336; x_wconf 91' lang='lat' dir='ltr'><strong>ista</strong></span> <span class='ocrx_word' id='word_1_229' title='bbox 1403 3271 1737 3353; x_wconf 88' lang='lat' dir='ltr'><strong>persuasio</strong></span> <span class='ocrx_word' id='word_1_230' title='bbox 1795 3290 1927 3334; x_wconf 90' lang='lat' dir='ltr'><strong>non</strong></span> <span class='ocrx_word' id='word_1_231' title='bbox 1988 3266 2263 3352; x_wconf 90' lang='lat' dir='ltr'><strong>impedit</strong></span> 
     </span>
     <span class='ocr_line' id='line_1_34' title="bbox 271 3354 2261 3439; baseline 0.002 -25"><span class='ocrx_word' id='word_1_232' title='bbox 271 3370 528 3435; x_wconf 80' lang='lat' dir='ltr'><strong>preces</strong></span> <span class='ocrx_word' id='word_1_233' title='bbox 579 3370 745 3432; x_wconf 85' lang='lat' dir='ltr'><strong>quas</strong></span> <span class='ocrx_word' id='word_1_234' title='bbox 790 3354 1093 3423; x_wconf 87' lang='lat' dir='ltr'><strong>omnibus</strong></span> <span class='ocrx_word' id='word_1_235' title='bbox 1146 3356 1322 3422; x_wconf 90' lang='lat' dir='ltr'><strong>horis</strong></span> <span class='ocrx_word' id='word_1_236' title='bbox 1367 3356 1448 3421; x_wconf 88' lang='lat' dir='ltr'><strong>ad</strong></span> <span class='ocrx_word' id='word_1_237' title='bbox 1493 3358 1705 3439; x_wconf 89' lang='lat' dir='ltr'><strong>ipsum</strong></span> <span class='ocrx_word' id='word_1_238' title='bbox 1751 3354 2024 3421; x_wconf 86' lang='lat' dir='ltr'><strong>fundere</strong></span> <span class='ocrx_word' id='word_1_239' title='bbox 2068 3356 2261 3419; x_wconf 89' lang='lat' dir='ltr'><strong>debe-</strong></span> 
     </span>
     <span class='ocr_line' id='line_1_35' title="bbox 272 3435 2261 3526; baseline 0.003 -25"><span class='ocrx_word' id='word_1_240' title='bbox 272 3457 463 3514; x_wconf 88' lang='lat' dir='ltr'><strong>mus,</strong></span> <span class='ocrx_word' id='word_1_241' title='bbox 494 3435 1058 3518; x_wconf 86' lang='lat' dir='ltr'><strong>quemadmodum</strong></span> <span class='ocrx_word' id='word_1_242' title='bbox 1086 3442 1303 3509; x_wconf 84' lang='lat' dir='ltr'><strong>David</strong></span> <span class='ocrx_word' id='word_1_243' title='bbox 1341 3442 1642 3526; x_wconf 82' lang='lat' dir='ltr'><strong>exemplo</strong></span> <span class='ocrx_word' id='word_1_244' title='bbox 1674 3463 1792 3508; x_wconf 87' lang='lat' dir='ltr'><strong>suo</strong></span> <span class='ocrx_word' id='word_1_245' title='bbox 1830 3442 2033 3517; x_wconf 87' lang='lat' dir='ltr'><strong>docet,</strong></span> <span class='ocrx_word' id='word_1_246' title='bbox 2059 3462 2261 3523; x_wconf 90' lang='lat' dir='ltr'><strong>quum</strong></span> 
     </span>
     <span class='ocr_line' id='line_1_36' title="bbox 272 3521 2259 3598; baseline 0.001 -8"><span class='ocrx_word' id='word_1_247' title='bbox 272 3523 411 3598; x_wconf 86' lang='lat' dir='ltr'><strong>ait,</strong></span> <span class='ocrx_word' id='word_1_248' title='bbox 516 3521 813 3589; x_wconf 91' lang='lat' dir='ltr'><strong>Domine</strong></span> <span class='ocrx_word' id='word_1_249' title='bbox 879 3525 949 3590; x_wconf 92' lang='lat' dir='ltr'><strong>in</strong></span> <span class='ocrx_word' id='word_1_250' title='bbox 1015 3547 1249 3594; x_wconf 89' lang='lat' dir='ltr'><strong>manus</strong></span> <span class='ocrx_word' id='word_1_251' title='bbox 1313 3538 1463 3594; x_wconf 87' lang='lat' dir='ltr'><strong>tuas</strong></span> <span class='ocrx_word' id='word_1_252' title='bbox 1529 3527 1908 3595; x_wconf 90' lang='lat' dir='ltr'><strong>commendo</strong></span> <span class='ocrx_word' id='word_1_253' title='bbox 1971 3529 2259 3592; x_wconf 87' lang='lat' dir='ltr'><strong>animam</strong></span> 
     </span>
     <span class='ocr_line' id='line_1_37' title="bbox 268 3605 2262 3695; baseline 0.003 -22"><span class='ocrx_word' id='word_1_254' title='bbox 268 3626 543 3673; x_wconf 81' lang='lat' dir='ltr'><strong>meam.</strong></span> <span class='ocrx_word' id='word_1_255' title='bbox 639 3605 819 3674; x_wconf 86' lang='lat' dir='ltr'><strong>Hinc</strong></span> <span class='ocrx_word' id='word_1_256' title='bbox 877 3611 1083 3694; x_wconf 87' lang='lat' dir='ltr'><strong>igitur</strong></span> <span class='ocrx_word' id='word_1_257' title='bbox 1140 3613 1432 3679; x_wconf 89' lang='lat' dir='ltr'><strong>fidelium</strong></span> <span class='ocrx_word' id='word_1_258' title='bbox 1494 3614 1609 3680; x_wconf 90' lang='lat' dir='ltr'><strong>illa</strong></span> <span class='ocrx_word' id='word_1_259' title='bbox 1665 3612 2032 3681; x_wconf 89' lang='lat' dir='ltr'><strong>sollicitudo</strong></span> <span class='ocrx_word' id='word_1_260' title='bbox 2090 3611 2262 3695; x_wconf 90' lang='lat' dir='ltr'><strong>quod</strong></span> 
     </span>
     <span class='ocr_line' id='line_1_38' title="bbox 266 3696 2261 3782; baseline 0.001 -21"><span class='ocrx_word' id='word_1_261' title='bbox 266 3696 470 3761; x_wconf 77' lang='lat' dir='ltr'><strong>vitae</strong></span> <span class='ocrx_word' id='word_1_262' title='bbox 522 3713 696 3759; x_wconf 87' lang='lat' dir='ltr'><strong>suae</strong></span> <span class='ocrx_word' id='word_1_263' title='bbox 754 3696 1207 3764; x_wconf 86' lang='lat' dir='ltr'><strong>infirmitatem</strong></span> <span class='ocrx_word' id='word_1_264' title='bbox 1269 3711 1334 3764; x_wconf 90' lang='lat' dir='ltr'><strong>et</strong></span> <span class='ocrx_word' id='word_1_265' title='bbox 1391 3701 1894 3766; x_wconf 85' lang='lat' dir='ltr'><strong>inconstantiam</strong></span> <span class='ocrx_word' id='word_1_266' title='bbox 1949 3700 2261 3782; x_wconf 89' lang='lat' dir='ltr'><strong>sentiunt,</strong></span> 
     </span>
     <span class='ocr_line' id='line_1_39' title="bbox 260 3784 2259 3868; baseline 0.002 -23"><span class='ocrx_word' id='word_1_267' title='bbox 260 3792 335 3846; x_wconf 86' lang='lat' dir='ltr'><strong>et</strong></span> <span class='ocrx_word' id='word_1_268' title='bbox 386 3791 743 3862; x_wconf 81' lang='lat' dir='ltr'><strong>tanquam</strong></span> <span class='ocrx_word' id='word_1_269' title='bbox 790 3801 829 3844; x_wconf 91' lang='lat' dir='ltr'><strong>a</strong></span> <span class='ocrx_word' id='word_1_270' title='bbox 872 3785 1057 3849; x_wconf 90' lang='lat' dir='ltr'><strong>tenui</strong></span> <span class='ocrx_word' id='word_1_271' title='bbox 1114 3786 1249 3851; x_wconf 88' lang='lat' dir='ltr'><strong>filio</strong></span> <span class='ocrx_word' id='word_1_272' title='bbox 1294 3784 1685 3868; x_wconf 89' lang='lat' dir='ltr'><strong>pendentem</strong></span> <span class='ocrx_word' id='word_1_273' title='bbox 1731 3789 1969 3863; x_wconf 86' lang='lat' dir='ltr'><strong>sciunt,</strong></span> <span class='ocrx_word' id='word_1_274' title='bbox 2029 3796 2095 3849; x_wconf 92' lang='lat' dir='ltr'><strong>et</strong></span> <span class='ocrx_word' id='word_1_275' title='bbox 2134 3785 2259 3849; x_wconf 89' lang='lat' dir='ltr'><strong>cir-</strong></span> 
     </span>
     <span class='ocr_line' id='line_1_40' title="bbox 258 3865 2261 3954; baseline 0.002 -23"><span class='ocrx_word' id='word_1_276' title='bbox 258 3865 712 3931; x_wconf 84' lang='lat' dir='ltr'><strong>cumstantia</strong></span> <span class='ocrx_word' id='word_1_277' title='bbox 771 3869 1060 3949; x_wconf 88' lang='lat' dir='ltr'><strong>pericula</strong></span> <span class='ocrx_word' id='word_1_278' title='bbox 1116 3884 1548 3954; x_wconf 86' lang='lat' dir='ltr'><strong>cognoscunt,</strong></span> <span class='ocrx_word' id='word_1_279' title='bbox 1609 3892 1690 3935; x_wconf 84' lang='lat' dir='ltr'><strong>ex</strong></span> <span class='ocrx_word' id='word_1_280' title='bbox 1744 3872 1979 3954; x_wconf 87' lang='lat' dir='ltr'><strong>quibus</strong></span> <span class='ocrx_word' id='word_1_281' title='bbox 2038 3870 2261 3936; x_wconf 90' lang='lat' dir='ltr'><strong>nullus</strong></span> 
     </span>
    </p>

    <p class='ocr_par' dir='ltr' id='par_1_4' title="bbox 180 3949 2261 5412">
     <span class='ocr_line' id='line_1_41' title="bbox 253 3949 2260 4039; baseline 0 -21"><span class='ocrx_word' id='word_1_282' title='bbox 253 3949 640 4021; x_wconf 79' lang='lat' dir='ltr'><strong>evadendi</strong></span> <span class='ocrx_word' id='word_1_283' title='bbox 685 3950 865 4019; x_wconf 89' lang='lat' dir='ltr'><strong>locus</strong></span> <span class='ocrx_word' id='word_1_284' title='bbox 910 3955 1200 4036; x_wconf 90' lang='lat' dir='ltr'><strong>daretur,</strong></span> <span class='ocrx_word' id='word_1_285' title='bbox 1247 3956 1372 4021; x_wconf 90' lang='lat' dir='ltr'><strong>nisi</strong></span> <span class='ocrx_word' id='word_1_286' title='bbox 1415 3954 1601 4021; x_wconf 90' lang='lat' dir='ltr'><strong>Deus</strong></span> <span class='ocrx_word' id='word_1_287' title='bbox 1644 3957 1782 4039; x_wconf 88' lang='lat' dir='ltr'><strong>ipse</strong></span> <span class='ocrx_word' id='word_1_288' title='bbox 1825 3977 2015 4038; x_wconf 91' lang='lat' dir='ltr'><strong>opem</strong></span> <span class='ocrx_word' id='word_1_289' title='bbox 2062 3956 2260 4019; x_wconf 79' lang='lat' dir='ltr'><strong>ferret</strong></span> 
     </span>
     <span class='ocr_line' id='line_1_42' title="bbox 250 4036 2261 4124; baseline 0.001 -20"><span class='ocrx_word' id='word_1_290' title='bbox 250 4036 787 4104; x_wconf 83' lang='lat' dir='ltr'><strong>laborantibus.</strong></span> <span class='ocrx_word' id='word_1_291' title='bbox 847 4038 1038 4120; x_wconf 77' lang='lat' dir='ltr'><strong>Quae</strong></span> <span class='ocrx_word' id='word_1_292' title='bbox 1081 4062 1240 4106; x_wconf 90' lang='lat' dir='ltr'><strong>sane</strong></span> <span class='ocrx_word' id='word_1_293' title='bbox 1285 4063 1412 4107; x_wconf 90' lang='lat' dir='ltr'><strong>non</strong></span> <span class='ocrx_word' id='word_1_294' title='bbox 1438 4041 1518 4108; x_wconf 90' lang='lat' dir='ltr'><strong>ad</strong></span> <span class='ocrx_word' id='word_1_295' title='bbox 1543 4042 2058 4124; x_wconf 87' lang='lat' dir='ltr'><strong>desperationem</strong></span> <span class='ocrx_word' id='word_1_296' title='bbox 2085 4043 2261 4124; x_wconf 85' lang='lat' dir='ltr'><strong>ipsos</strong></span> 
     </span>
     <span class='ocr_line' id='line_1_43' title="bbox 241 4121 2261 4209; baseline 0.001 -19"><span class='ocrx_word' id='word_1_297' title='bbox 241 4123 625 4207; x_wconf 82' lang='lat' dir='ltr'><strong>impellit:</strong></span> <span class='ocrx_word' id='word_1_298' title='bbox 671 4121 786 4188; x_wconf 89' lang='lat' dir='ltr'><strong>sed</strong></span> <span class='ocrx_word' id='word_1_299' title='bbox 851 4130 1067 4208; x_wconf 88' lang='lat' dir='ltr'><strong>potius</strong></span> <span class='ocrx_word' id='word_1_300' title='bbox 1123 4128 1410 4193; x_wconf 87' lang='lat' dir='ltr'><strong>studium</strong></span> <span class='ocrx_word' id='word_1_301' title='bbox 1472 4128 1543 4192; x_wconf 92' lang='lat' dir='ltr'><strong>in</strong></span> <span class='ocrx_word' id='word_1_302' title='bbox 1599 4128 1757 4209; x_wconf 84' lang='lat' dir='ltr'><strong>ipsis</strong></span> <span class='ocrx_word' id='word_1_303' title='bbox 1805 4128 2261 4192; x_wconf 85' lang='lat' dir='ltr'><strong>vehementius</strong></span> 
     </span>
     <span class='ocr_line' id='line_1_44' title="bbox 240 4211 2258 4295; baseline 0 -20"><span class='ocrx_word' id='word_1_304' title='bbox 240 4211 613 4295; x_wconf 84' lang='lat' dir='ltr'><strong>precibus</strong></span> <span class='ocrx_word' id='word_1_305' title='bbox 662 4212 1074 4295; x_wconf 83' lang='lat' dir='ltr'><strong>confugiendi</strong></span> <span class='ocrx_word' id='word_1_306' title='bbox 1122 4212 1442 4278; x_wconf 87' lang='lat' dir='ltr'><strong>adDeum</strong></span> <span class='ocrx_word' id='word_1_307' title='bbox 1488 4225 1553 4277; x_wconf 90' lang='lat' dir='ltr'><strong>et</strong></span> <span class='ocrx_word' id='word_1_308' title='bbox 1593 4213 1844 4279; x_wconf 88' lang='lat' dir='ltr'><strong>alarum</strong></span> <span class='ocrx_word' id='word_1_309' title='bbox 1888 4213 2093 4295; x_wconf 89' lang='lat' dir='ltr'><strong>ipsius</strong></span> <span class='ocrx_word' id='word_1_310' title='bbox 2115 4233 2258 4277; x_wconf 88' lang='lat' dir='ltr'><strong>um-</strong></span> 
     </span>
     <span class='ocr_line' id='line_1_45' title="bbox 240 4295 2257 4381; baseline -0 -18"><span class='ocrx_word' id='word_1_311' title='bbox 240 4297 460 4363; x_wconf 86' lang='lat' dir='ltr'><strong>bram</strong></span> <span class='ocrx_word' id='word_1_312' title='bbox 508 4295 887 4377; x_wconf 80' lang='lat' dir='ltr'><strong>expetendi</strong></span> <span class='ocrx_word' id='word_1_313' title='bbox 924 4300 1184 4365; x_wconf 83' lang='lat' dir='ltr'><strong>excitat.</strong></span> <span class='ocrx_word' id='word_1_314' title='bbox 1232 4298 1408 4381; x_wconf 80' lang='lat' dir='ltr'><strong>Quid</strong></span> <span class='ocrx_word' id='word_1_315' title='bbox 1448 4320 1604 4366; x_wconf 85' lang='lat' dir='ltr'><strong>vero</strong></span> <span class='ocrx_word' id='word_1_316' title='bbox 1625 4313 1854 4363; x_wconf 88' lang='lat' dir='ltr'><strong>contra</strong></span> <span class='ocrx_word' id='word_1_317' title='bbox 1888 4297 2257 4363; x_wconf 81' lang='lat' dir='ltr'><strong>increduli?</strong></span> 
     </span>
     <span class='ocr_line' id='line_1_46' title="bbox 235 4371 2258 4467; baseline 0 -19"><span class='ocrx_word' id='word_1_318' title='bbox 235 4371 575 4448; x_wconf 68' lang='lat' dir='ltr'><strong>Temere</strong></span> <span class='ocrx_word' id='word_1_319' title='bbox 633 4400 707 4445; x_wconf 90' lang='lat' dir='ltr'><strong>se</strong></span> <span class='ocrx_word' id='word_1_320' title='bbox 752 4380 820 4445; x_wconf 90' lang='lat' dir='ltr'><strong>in</strong></span> <span class='ocrx_word' id='word_1_321' title='bbox 865 4386 1137 4466; x_wconf 84' lang='lat' dir='ltr'><strong>quaevis</strong></span> <span class='ocrx_word' id='word_1_322' title='bbox 1179 4385 1467 4467; x_wconf 89' lang='lat' dir='ltr'><strong>pericula</strong></span> <span class='ocrx_word' id='word_1_323' title='bbox 1511 4385 1883 4460; x_wconf 73' lang='lat' dir='ltr'><strong>conficiunt,</strong></span> <span class='ocrx_word' id='word_1_324' title='bbox 1945 4396 2258 4466; x_wconf 86' lang='lat' dir='ltr'><strong>tanquam</strong></span> 
     </span>
     <span class='ocr_line' id='line_1_47' title="bbox 226 4468 2257 4555; baseline 0 -21"><span class='ocrx_word' id='word_1_325' title='bbox 226 4468 554 4555; x_wconf 84' lang='lat' dir='ltr'><strong>penitus</strong></span> <span class='ocrx_word' id='word_1_326' title='bbox 603 4473 943 4534; x_wconf 81' lang='lat' dir='ltr'><strong>excaecati</strong></span> <span class='ocrx_word' id='word_1_327' title='bbox 981 4480 1047 4536; x_wconf 90' lang='lat' dir='ltr'><strong>et</strong></span> <span class='ocrx_word' id='word_1_328' title='bbox 1082 4471 1360 4554; x_wconf 88' lang='lat' dir='ltr'><strong>stupidi:</strong></span> <span class='ocrx_word' id='word_1_329' title='bbox 1407 4472 1775 4553; x_wconf 81' lang='lat' dir='ltr'><strong>quasivero</strong></span> <span class='ocrx_word' id='word_1_330' title='bbox 1801 4472 2016 4537; x_wconf 90' lang='lat' dir='ltr'><strong>Deum</strong></span> <span class='ocrx_word' id='word_1_331' title='bbox 2040 4472 2257 4554; x_wconf 90' lang='lat' dir='ltr'><strong>ipsum</strong></span> 
     </span>
     <span class='ocr_line' id='line_1_48' title="bbox 224 4557 2257 4640; baseline 0 -20"><span class='ocrx_word' id='word_1_332' title='bbox 224 4565 775 4640; x_wconf 79' lang='lat' dir='ltr'><strong>provocarent,</strong></span> <span class='ocrx_word' id='word_1_333' title='bbox 831 4568 897 4619; x_wconf 91' lang='lat' dir='ltr'><strong>et</strong></span> <span class='ocrx_word' id='word_1_334' title='bbox 953 4558 1321 4623; x_wconf 85' lang='lat' dir='ltr'><strong>excaecatis</strong></span> <span class='ocrx_word' id='word_1_335' title='bbox 1365 4558 1569 4622; x_wconf 89' lang='lat' dir='ltr'><strong>oculis</strong></span> <span class='ocrx_word' id='word_1_336' title='bbox 1632 4559 1775 4622; x_wconf 90' lang='lat' dir='ltr'><strong>sine</strong></span> <span class='ocrx_word' id='word_1_337' title='bbox 1819 4557 2257 4639; x_wconf 89' lang='lat' dir='ltr'><strong>periculorum</strong></span> 
     </span>
     <span class='ocr_line' id='line_1_49' title="bbox 218 4637 2257 4725; baseline -0.002 -16"><span class='ocrx_word' id='word_1_338' title='bbox 218 4637 835 4725; x_wconf 75' lang='lat' dir='ltr'><strong>apprehensione</strong></span> <span class='ocrx_word' id='word_1_339' title='bbox 880 4642 1097 4708; x_wconf 91' lang='lat' dir='ltr'><strong>Deum</strong></span> <span class='ocrx_word' id='word_1_340' title='bbox 1143 4644 1361 4725; x_wconf 89' lang='lat' dir='ltr'><strong>ipsum</strong></span> <span class='ocrx_word' id='word_1_341' title='bbox 1406 4642 1820 4708; x_wconf 87' lang='lat' dir='ltr'><strong>lacesserent.</strong></span> <span class='ocrx_word' id='word_1_342' title='bbox 1886 4639 2078 4722; x_wconf 80' lang='lat' dir='ltr'><strong>Quae</strong></span> <span class='ocrx_word' id='word_1_343' title='bbox 2122 4643 2257 4724; x_wconf 89' lang='lat' dir='ltr'><strong>spi-</strong></span> 
     </span>
     <span class='ocr_line' id='line_1_50' title="bbox 213 4725 2254 4810; baseline -0.001 -16"><span class='ocrx_word' id='word_1_344' title='bbox 213 4725 535 4794; x_wconf 81' lang='lat' dir='ltr'><strong>ritualis</strong></span> <span class='ocrx_word' id='word_1_345' title='bbox 592 4736 713 4788; x_wconf 84' lang='lat' dir='ltr'><strong>est</strong></span> <span class='ocrx_word' id='word_1_346' title='bbox 756 4726 1038 4794; x_wconf 91' lang='lat' dir='ltr'><strong>ebrietas</strong></span> <span class='ocrx_word' id='word_1_347' title='bbox 1083 4727 1163 4793; x_wconf 92' lang='lat' dir='ltr'><strong>de</strong></span> <span class='ocrx_word' id='word_1_348' title='bbox 1205 4749 1332 4810; x_wconf 90' lang='lat' dir='ltr'><strong>qua</strong></span> <span class='ocrx_word' id='word_1_349' title='bbox 1354 4749 1548 4810; x_wconf 87' lang='lat' dir='ltr'><strong>saepe</strong></span> <span class='ocrx_word' id='word_1_350' title='bbox 1570 4729 1639 4793; x_wconf 89' lang='lat' dir='ltr'><strong>in</strong></span> <span class='ocrx_word' id='word_1_351' title='bbox 1663 4727 1866 4794; x_wconf 87' lang='lat' dir='ltr'><strong>sacris</strong></span> <span class='ocrx_word' id='word_1_352' title='bbox 1888 4728 2134 4792; x_wconf 90' lang='lat' dir='ltr'><strong>mentio</strong></span> <span class='ocrx_word' id='word_1_353' title='bbox 2158 4729 2254 4792; x_wconf 86' lang='lat' dir='ltr'><strong>fit.</strong></span> 
     </span>
     <span class='ocr_line' id='line_1_51' title="bbox 210 4812 2257 4897; baseline -0.002 -15"><span class='ocrx_word' id='word_1_354' title='bbox 210 4812 377 4882; x_wconf 76' lang='lat' dir='ltr'><strong>Sed</strong></span> <span class='ocrx_word' id='word_1_355' title='bbox 438 4822 720 4878; x_wconf 83' lang='lat' dir='ltr'><strong>tamen</strong></span> <span class='ocrx_word' id='word_1_356' title='bbox 764 4833 843 4877; x_wconf 91' lang='lat' dir='ltr'><strong>ea</strong></span> <span class='ocrx_word' id='word_1_357' title='bbox 905 4835 1062 4896; x_wconf 90' lang='lat' dir='ltr'><strong>pace</strong></span> <span class='ocrx_word' id='word_1_358' title='bbox 1118 4824 1183 4879; x_wconf 92' lang='lat' dir='ltr'><strong>et</strong></span> <span class='ocrx_word' id='word_1_359' title='bbox 1243 4813 1715 4897; x_wconf 87' lang='lat' dir='ltr'><strong>tranquillitate</strong></span> <span class='ocrx_word' id='word_1_360' title='bbox 1768 4834 1898 4877; x_wconf 90' lang='lat' dir='ltr'><strong>non</strong></span> <span class='ocrx_word' id='word_1_361' title='bbox 1943 4813 2257 4878; x_wconf 86' lang='lat' dir='ltr'><strong>fruuntur</strong></span> 
     </span>
     <span class='ocr_line' id='line_1_52' title="bbox 207 4896 2255 4986; baseline -0.002 -20"><span class='ocrx_word' id='word_1_362' title='bbox 207 4921 365 4986; x_wconf 82' lang='lat' dir='ltr'><strong>qua</strong></span> <span class='ocrx_word' id='word_1_363' title='bbox 418 4896 734 4974; x_wconf 88' lang='lat' dir='ltr'><strong>fideles,</strong></span> <span class='ocrx_word' id='word_1_364' title='bbox 776 4919 972 4980; x_wconf 86' lang='lat' dir='ltr'><strong>quam</strong></span> <span class='ocrx_word' id='word_1_365' title='bbox 1026 4899 1187 4983; x_wconf 87' lang='lat' dir='ltr'><strong>ipsis</strong></span> <span class='ocrx_word' id='word_1_366' title='bbox 1229 4898 1415 4964; x_wconf 90' lang='lat' dir='ltr'><strong>Deus</strong></span> <span class='ocrx_word' id='word_1_367' title='bbox 1476 4900 1727 4980; x_wconf 86' lang='lat' dir='ltr'><strong>adimit,</strong></span> <span class='ocrx_word' id='word_1_368' title='bbox 1783 4908 1851 4963; x_wconf 93' lang='lat' dir='ltr'><strong>et</strong></span> <span class='ocrx_word' id='word_1_369' title='bbox 1896 4898 2096 4963; x_wconf 79' lang='lat' dir='ltr'><strong>variis</strong></span> <span class='ocrx_word' id='word_1_370' title='bbox 2137 4899 2255 4964; x_wconf 88' lang='lat' dir='ltr'><strong>sti·</strong></span> 
     </span>
     <span class='ocr_line' id='line_1_53' title="bbox 200 4985 2256 5065; baseline -0.004 -10"><span class='ocrx_word' id='word_1_371' title='bbox 200 4985 449 5055; x_wconf 86' lang='lat' dir='ltr'><strong>mulis</strong></span> <span class='ocrx_word' id='word_1_372' title='bbox 507 4985 880 5065; x_wconf 77' lang='lat' dir='ltr'><strong>exagitat:</strong></span> <span class='ocrx_word' id='word_1_373' title='bbox 940 4986 1102 5052; x_wconf 90' lang='lat' dir='ltr'><strong>adeo</strong></span> <span class='ocrx_word' id='word_1_374' title='bbox 1160 4997 1233 5050; x_wconf 90' lang='lat' dir='ltr'><strong>ut</strong></span> <span class='ocrx_word' id='word_1_375' title='bbox 1290 4987 1430 5050; x_wconf 89' lang='lat' dir='ltr'><strong>sine</strong></span> <span class='ocrx_word' id='word_1_376' title='bbox 1485 5006 1683 5052; x_wconf 88' lang='lat' dir='ltr'><strong>causa</strong></span> <span class='ocrx_word' id='word_1_377' title='bbox 1740 4995 2129 5059; x_wconf 88' lang='lat' dir='ltr'><strong>terreantur,</strong></span> <span class='ocrx_word' id='word_1_378' title='bbox 2190 4994 2256 5047; x_wconf 90' lang='lat' dir='ltr'><strong>et</strong></span> 
     </span>
     <span class='ocr_line' id='line_1_54' title="bbox 196 5071 2255 5153; baseline -0.005 -10"><span class='ocrx_word' id='word_1_379' title='bbox 196 5073 301 5143; x_wconf 85' lang='lat' dir='ltr'><strong>ad</strong></span> <span class='ocrx_word' id='word_1_380' title='bbox 355 5072 712 5137; x_wconf 81' lang='lat' dir='ltr'><strong>umbrae</strong></span> <span class='ocrx_word' id='word_1_381' title='bbox 747 5091 905 5136; x_wconf 88' lang='lat' dir='ltr'><strong>suae</strong></span> <span class='ocrx_word' id='word_1_382' title='bbox 949 5083 1372 5153; x_wconf 90' lang='lat' dir='ltr'><strong>conspectum</strong></span> <span class='ocrx_word' id='word_1_383' title='bbox 1416 5071 1789 5147; x_wconf 85' lang='lat' dir='ltr'><strong>formident,</strong></span> <span class='ocrx_word' id='word_1_384' title='bbox 1834 5079 1910 5134; x_wconf 92' lang='lat' dir='ltr'><strong>ut</strong></span> <span class='ocrx_word' id='word_1_385' title='bbox 1931 5071 2255 5153; x_wconf 90' lang='lat' dir='ltr'><strong>scriptura</strong></span> 
     </span>
     <span class='ocr_line' id='line_1_55' title="bbox 194 5154 2254 5246; baseline -0.004 -19"><span class='ocrx_word' id='word_1_386' title='bbox 194 5160 593 5246; x_wconf 79' lang='lat' dir='ltr'><strong>loquitur.</strong></span> <span class='ocrx_word' id='word_1_387' title='bbox 709 5154 1016 5239; x_wconf 88' lang='lat' dir='ltr'><strong>Denique</strong></span> <span class='ocrx_word' id='word_1_388' title='bbox 1073 5155 1270 5223; x_wconf 89' lang='lat' dir='ltr'><strong>rebus</strong></span> <span class='ocrx_word' id='word_1_389' title='bbox 1330 5158 1655 5240; x_wconf 89' lang='lat' dir='ltr'><strong>prosperis</strong></span> <span class='ocrx_word' id='word_1_390' title='bbox 1712 5158 1807 5223; x_wconf 92' lang='lat' dir='ltr'><strong>sic</strong></span> <span class='ocrx_word' id='word_1_391' title='bbox 1862 5165 2126 5220; x_wconf 89' lang='lat' dir='ltr'><strong>utamur</strong></span> <span class='ocrx_word' id='word_1_392' title='bbox 2170 5175 2254 5218; x_wconf 93' lang='lat' dir='ltr'><strong>ne</strong></span> 
     </span>
     <span class='ocr_line' id='line_1_56' title="bbox 184 5240 2254 5324; baseline -0.006 -6"><span class='ocrx_word' id='word_1_393' title='bbox 184 5246 799 5321; x_wconf 77' lang='lat' dir='ltr'><strong>insolescamus,</strong></span> <span class='ocrx_word' id='word_1_394' title='bbox 846 5252 911 5308; x_wconf 91' lang='lat' dir='ltr'><strong>et</strong></span> <span class='ocrx_word' id='word_1_395' title='bbox 945 5252 1164 5309; x_wconf 90' lang='lat' dir='ltr'><strong>tamen</strong></span> <span class='ocrx_word' id='word_1_396' title='bbox 1209 5243 1279 5307; x_wconf 91' lang='lat' dir='ltr'><strong>in</strong></span> <span class='ocrx_word' id='word_1_397' title='bbox 1300 5241 1447 5307; x_wconf 88' lang='lat' dir='ltr'><strong>Deo</strong></span> <span class='ocrx_word' id='word_1_398' title='bbox 1483 5243 1925 5308; x_wconf 88' lang='lat' dir='ltr'><strong>exhilaremur</strong></span> <span class='ocrx_word' id='word_1_399' title='bbox 1959 5240 2254 5324; x_wconf 87' lang='lat' dir='ltr'><strong>persuasi</strong></span> 
     </span>
     <span class='ocr_line' id='line_1_57' title="bbox 180 5325 2250 5412; baseline -0.007 -8"><span class='ocrx_word' id='word_1_400' title='bbox 180 5339 455 5403; x_wconf 87' lang='lat' dir='ltr'><strong>Deum</strong></span> <span class='ocrx_word' id='word_1_401' title='bbox 564 5326 777 5412; x_wconf 82' lang='lat' dir='ltr'><strong>quod</strong></span> <span class='ocrx_word' id='word_1_402' title='bbox 852 5328 924 5394; x_wconf 89' lang='lat' dir='ltr'><strong>in</strong></span> <span class='ocrx_word' id='word_1_403' title='bbox 1002 5328 1287 5395; x_wconf 84' lang='lat' dir='ltr'><strong>Psalmis</strong></span> <span class='ocrx_word' id='word_1_404' title='bbox 1365 5330 1706 5411; x_wconf 87' lang='lat' dir='ltr'><strong>profitetur</strong></span> <span class='ocrx_word' id='word_1_405' title='bbox 1790 5325 2250 5411; x_wconf 74' lang='lat' dir='ltr'><strong>perfecturum,</strong></span> 
     </span>
    </p>
   </div>
   <div class='ocr_carea' id='block_1_3' title="bbox 1606 411 3012 499">
    <p class='ocr_par' dir='ltr' id='par_1_5' title="bbox 1606 411 3012 499">
     <span class='ocr_line' id='line_1_58' title="bbox 1606 411 3012 499; baseline -0.001 -19"><span class='ocrx_word' id='word_1_406' title='bbox 1606 413 1709 480; x_wconf 88' lang='lat' dir='ltr'><strong>IN</strong></span> <span class='ocrx_word' id='word_1_407' title='bbox 1754 414 1807 480; x_wconf 92' lang='lat'><strong>1.</strong></span> <span class='ocrx_word' id='word_1_408' title='bbox 1853 414 2035 480; x_wconf 89' lang='lat' dir='ltr'><strong>LIB.</strong></span> <span class='ocrx_word' id='word_1_409' title='bbox 2084 411 2488 480; x_wconf 71' lang='lat' dir='ltr'><strong>SAMUEL.</strong></span> <span class='ocrx_word' id='word_1_410' title='bbox 2536 412 2735 478; x_wconf 90' lang='lat' dir='ltr'><strong>OAP.</strong></span> <span class='ocrx_word' id='word_1_411' title='bbox 2781 412 3012 499; x_wconf 82' lang='lat' dir='ltr'><strong>XXX.</strong></span> 
     </span>
    </p>
   </div>
   <div class='ocr_carea' id='block_1_4' title="bbox 4181 421 4312 487">
    <p class='ocr_par' dir='ltr' id='par_1_6' title="bbox 4181 421 4312 487">
     <span class='ocr_line' id='line_1_59' title="bbox 4181 421 4312 487; baseline 0.015 -2"><span class='ocrx_word' id='word_1_412' title='bbox 4181 421 4312 487; x_wconf 78' lang='lat'><strong>702</strong></span> 
     </span>
    </p>
   </div>
   <div class='ocr_carea' id='block_1_5' title="bbox 2357 601 4306 4641">
    <p class='ocr_par' dir='ltr' id='par_1_7' title="bbox 2357 601 4306 4641">
     <span class='ocr_line' id='line_1_60' title="bbox 2365 601 4305 691; baseline 0.004 -22"><span class='ocrx_word' id='word_1_413' title='bbox 2365 624 2598 684; x_wconf 91' lang='lat' dir='ltr'><strong>nempe</strong></span> <span class='ocrx_word' id='word_1_414' title='bbox 2641 623 2712 668; x_wconf 92' lang='lat' dir='ltr'><strong>se</strong></span> <span class='ocrx_word' id='word_1_415' title='bbox 2757 602 3010 675; x_wconf 86' lang='lat' dir='ltr'><strong>dilectis</strong></span> <span class='ocrx_word' id='word_1_416' title='bbox 3032 601 3172 668; x_wconf 90' lang='lat' dir='ltr'><strong>suis</strong></span> <span class='ocrx_word' id='word_1_417' title='bbox 3199 602 3421 668; x_wconf 90' lang='lat' dir='ltr'><strong>omnia</strong></span> <span class='ocrx_word' id='word_1_418' title='bbox 3441 604 3807 669; x_wconf 88' lang='lat' dir='ltr'><strong>necessaria</strong></span> <span class='ocrx_word' id='word_1_419' title='bbox 3843 603 4305 691; x_wconf 89' lang='lat' dir='ltr'><strong>benignissime</strong></span> 
     </span>
     <span class='ocr_line' id='line_1_61' title="bbox 2365 689 4304 779; baseline 0.005 -26"><span class='ocrx_word' id='word_1_420' title='bbox 2365 690 2779 772; x_wconf 84' lang='lat' dir='ltr'><strong>largiturum.</strong></span> <span class='ocrx_word' id='word_1_421' title='bbox 2861 689 3222 773; x_wconf 79' lang='lat' dir='ltr'><strong>Fugiamus</strong></span> <span class='ocrx_word' id='word_1_422' title='bbox 3279 690 3500 771; x_wconf 88' lang='lat' dir='ltr'><strong>itaque</strong></span> <span class='ocrx_word' id='word_1_423' title='bbox 3553 697 3886 772; x_wconf 86' lang='lat' dir='ltr'><strong>stuporem</strong></span> <span class='ocrx_word' id='word_1_424' title='bbox 3945 692 4130 757; x_wconf 86' lang='lat' dir='ltr'><strong>illum</strong></span> <span class='ocrx_word' id='word_1_425' title='bbox 4193 698 4304 779; x_wconf 91' lang='lat' dir='ltr'><strong>qui</strong></span> 
     </span>
     <span class='ocr_line' id='line_1_62' title="bbox 2362 774 4303 865; baseline 0.004 -24"><span class='ocrx_word' id='word_1_426' title='bbox 2362 778 2503 841; x_wconf 91' lang='lat' dir='ltr'><strong>sine</strong></span> <span class='ocrx_word' id='word_1_427' title='bbox 2549 796 2746 840; x_wconf 86' lang='lat' dir='ltr'><strong>causa</strong></span> <span class='ocrx_word' id='word_1_428' title='bbox 2788 774 3022 840; x_wconf 90' lang='lat' dir='ltr'><strong>deinde</strong></span> <span class='ocrx_word' id='word_1_429' title='bbox 3067 774 3252 840; x_wconf 90' lang='lat' dir='ltr'><strong>nobis</strong></span> <span class='ocrx_word' id='word_1_430' title='bbox 3309 795 3618 857; x_wconf 82' lang='lat' dir='ltr'><strong>pavorem</strong></span> <span class='ocrx_word' id='word_1_431' title='bbox 3666 776 3916 854; x_wconf 70' lang='lat' dir='ltr'><strong>afferat,</strong></span> <span class='ocrx_word' id='word_1_432' title='bbox 3982 779 4303 865; x_wconf 88' lang='lat' dir='ltr'><strong>rebusque</strong></span> 
     </span>
     <span class='ocr_line' id='line_1_63' title="bbox 2362 859 4303 950; baseline 0.001 -24"><span class='ocrx_word' id='word_1_433' title='bbox 2362 859 2667 926; x_wconf 83' lang='lat' dir='ltr'><strong>secundis</strong></span> <span class='ocrx_word' id='word_1_434' title='bbox 2711 871 2777 924; x_wconf 85' lang='lat' dir='ltr'><strong>et</strong></span> <span class='ocrx_word' id='word_1_435' title='bbox 2799 862 2933 925; x_wconf 84' lang='lat' dir='ltr'><strong>otio</strong></span> <span class='ocrx_word' id='word_1_436' title='bbox 2969 881 3045 927; x_wconf 89' lang='lat' dir='ltr'><strong>ac</strong></span> <span class='ocrx_word' id='word_1_437' title='bbox 3090 860 3562 943; x_wconf 86' lang='lat' dir='ltr'><strong>tranquillitate</strong></span> <span class='ocrx_word' id='word_1_438' title='bbox 3594 860 3691 929; x_wconf 88' lang='lat' dir='ltr'><strong>sic</strong></span> <span class='ocrx_word' id='word_1_439' title='bbox 3726 872 3994 929; x_wconf 81' lang='lat' dir='ltr'><strong>utamur</strong></span> <span class='ocrx_word' id='word_1_440' title='bbox 4039 876 4110 929; x_wconf 90' lang='lat' dir='ltr'><strong>ut</strong></span> <span class='ocrx_word' id='word_1_441' title='bbox 4154 888 4303 950; x_wconf 66' lang='lat' dir='ltr'><strong>per·</strong></span> 
     </span>
     <span class='ocr_line' id='line_1_64' title="bbox 2363 944 4302 1030; baseline 0.005 -19"><span class='ocrx_word' id='word_1_442' title='bbox 2363 960 2561 1030; x_wconf 89' lang='lat' dir='ltr'><strong>petuo</strong></span> <span class='ocrx_word' id='word_1_443' title='bbox 2609 946 2971 1029; x_wconf 88' lang='lat' dir='ltr'><strong>vigilemus,</strong></span> <span class='ocrx_word' id='word_1_444' title='bbox 3016 957 3083 1011; x_wconf 91' lang='lat' dir='ltr'><strong>et</strong></span> <span class='ocrx_word' id='word_1_445' title='bbox 3116 945 3248 1010; x_wconf 91' lang='lat' dir='ltr'><strong>Dei</strong></span> <span class='ocrx_word' id='word_1_446' title='bbox 3285 944 3623 1014; x_wconf 85' lang='lat' dir='ltr'><strong>custodiae</strong></span> <span class='ocrx_word' id='word_1_447' title='bbox 3661 968 3778 1013; x_wconf 85' lang='lat' dir='ltr'><strong>nos</strong></span> <span class='ocrx_word' id='word_1_448' title='bbox 3801 951 4302 1021; x_wconf 83' lang='lat' dir='ltr'><strong>committamus.</strong></span> 
     </span>
     <span class='ocr_line' id='line_1_65' title="bbox 2363 1030 4302 1114; baseline 0.004 -15"><span class='ocrx_word' id='word_1_449' title='bbox 2363 1032 2717 1099; x_wconf 84' lang='lat' dir='ltr'><strong>Caeterum</strong></span> <span class='ocrx_word' id='word_1_450' title='bbox 2759 1033 2816 1096; x_wconf 91' lang='lat' dir='ltr'><strong>si</strong></span> <span class='ocrx_word' id='word_1_451' title='bbox 2861 1054 2980 1097; x_wconf 91' lang='lat' dir='ltr'><strong>nos</strong></span> <span class='ocrx_word' id='word_1_452' title='bbox 3016 1030 3243 1099; x_wconf 87' lang='lat' dir='ltr'><strong>multis</strong></span> <span class='ocrx_word' id='word_1_453' title='bbox 3304 1031 3608 1114; x_wconf 87' lang='lat' dir='ltr'><strong>periculis</strong></span> <span class='ocrx_word' id='word_1_454' title='bbox 3652 1032 3847 1100; x_wconf 89' lang='lat' dir='ltr'><strong>obiici</strong></span> <span class='ocrx_word' id='word_1_455' title='bbox 3901 1046 3970 1101; x_wconf 87' lang='lat' dir='ltr'><strong>et</strong></span> <span class='ocrx_word' id='word_1_456' title='bbox 4014 1042 4302 1106; x_wconf 82' lang='lat' dir='ltr'><strong>exerceri</strong></span> 
     </span>
     <span class='ocr_line' id='line_1_66' title="bbox 2366 1117 4304 1193; baseline 0.005 -9"><span class='ocrx_word' id='word_1_457' title='bbox 2366 1120 2549 1184; x_wconf 90' lang='lat' dir='ltr'><strong>Deus</strong></span> <span class='ocrx_word' id='word_1_458' title='bbox 2610 1117 2755 1182; x_wconf 82' lang='lat' dir='ltr'><strong>vult</strong></span> <span class='ocrx_word' id='word_1_459' title='bbox 2819 1129 3040 1183; x_wconf 89' lang='lat' dir='ltr'><strong>nostro</strong></span> <span class='ocrx_word' id='word_1_460' title='bbox 3100 1118 3266 1182; x_wconf 92' lang='lat' dir='ltr'><strong>bono</strong></span> <span class='ocrx_word' id='word_1_461' title='bbox 3322 1118 3388 1183; x_wconf 89' lang='lat' dir='ltr'><strong>id</strong></span> <span class='ocrx_word' id='word_1_462' title='bbox 3440 1118 3584 1183; x_wconf 87' lang='lat' dir='ltr'><strong>fieri</strong></span> <span class='ocrx_word' id='word_1_463' title='bbox 3645 1120 3965 1187; x_wconf 86' lang='lat' dir='ltr'><strong>sciamus:</strong></span> <span class='ocrx_word' id='word_1_464' title='bbox 4036 1146 4189 1190; x_wconf 85' lang='lat' dir='ltr'><strong>nam</strong></span> <span class='ocrx_word' id='word_1_465' title='bbox 4245 1129 4304 1193; x_wconf 83' lang='lat' dir='ltr'><strong>si</strong></span> 
     </span>
     <span class='ocr_line' id='line_1_67' title="bbox 2361 1203 4303 1295; baseline 0.005 -27"><span class='ocrx_word' id='word_1_466' title='bbox 2361 1225 2563 1288; x_wconf 89' lang='lat' dir='ltr'><strong>quum</strong></span> <span class='ocrx_word' id='word_1_467' title='bbox 2610 1203 2898 1286; x_wconf 86' lang='lat' dir='ltr'><strong>undique</strong></span> <span class='ocrx_word' id='word_1_468' title='bbox 2943 1204 3240 1269; x_wconf 88' lang='lat' dir='ltr'><strong>hostibus</strong></span> <span class='ocrx_word' id='word_1_469' title='bbox 3284 1206 3644 1287; x_wconf 86' lang='lat' dir='ltr'><strong>cingamur,</strong></span> <span class='ocrx_word' id='word_1_470' title='bbox 3690 1215 3759 1271; x_wconf 89' lang='lat' dir='ltr'><strong>et</strong></span> <span class='ocrx_word' id='word_1_471' title='bbox 3804 1208 3969 1273; x_wconf 84' lang='lat' dir='ltr'><strong>varii</strong></span> <span class='ocrx_word' id='word_1_472' title='bbox 4014 1211 4303 1295; x_wconf 85' lang='lat' dir='ltr'><strong>undique</strong></span> 
     </span>
     <span class='ocr_line' id='line_1_68' title="bbox 2364 1289 4301 1381; baseline 0.005 -26"><span class='ocrx_word' id='word_1_473' title='bbox 2364 1311 2658 1355; x_wconf 88' lang='lat' dir='ltr'><strong>rumores</strong></span> <span class='ocrx_word' id='word_1_474' title='bbox 2702 1289 3074 1368; x_wconf 88' lang='lat' dir='ltr'><strong>audiantur,</strong></span> <span class='ocrx_word' id='word_1_475' title='bbox 3131 1300 3198 1353; x_wconf 93' lang='lat' dir='ltr'><strong>et</strong></span> <span class='ocrx_word' id='word_1_476' title='bbox 3243 1290 3431 1355; x_wconf 89' lang='lat' dir='ltr'><strong>multi</strong></span> <span class='ocrx_word' id='word_1_477' title='bbox 3477 1290 3621 1357; x_wconf 85' lang='lat' dir='ltr'><strong>dira</strong></span> <span class='ocrx_word' id='word_1_478' title='bbox 3663 1292 3850 1358; x_wconf 90' lang='lat' dir='ltr'><strong>nobis</strong></span> <span class='ocrx_word' id='word_1_479' title='bbox 3894 1295 4301 1381; x_wconf 88' lang='lat' dir='ltr'><strong>minitentur,</strong></span> 
     </span>
     <span class='ocr_line' id='line_1_69' title="bbox 2366 1376 4303 1460; baseline 0.005 -19"><span class='ocrx_word' id='word_1_480' title='bbox 2366 1396 2486 1441; x_wconf 89' lang='lat' dir='ltr'><strong>nos</strong></span> <span class='ocrx_word' id='word_1_481' title='bbox 2532 1389 2750 1440; x_wconf 88' lang='lat' dir='ltr'><strong>tamen</strong></span> <span class='ocrx_word' id='word_1_482' title='bbox 2796 1376 3155 1441; x_wconf 88' lang='lat' dir='ltr'><strong>insolenter</strong></span> <span class='ocrx_word' id='word_1_483' title='bbox 3198 1376 3389 1441; x_wconf 89' lang='lat' dir='ltr'><strong>rebus</strong></span> <span class='ocrx_word' id='word_1_484' title='bbox 3433 1377 3674 1441; x_wconf 81' lang='lat' dir='ltr'><strong>nostris</strong></span> <span class='ocrx_word' id='word_1_485' title='bbox 3732 1379 4000 1460; x_wconf 89' lang='lat' dir='ltr'><strong>utimur,</strong></span> <span class='ocrx_word' id='word_1_486' title='bbox 4055 1393 4126 1447; x_wconf 90' lang='lat' dir='ltr'><strong>et</strong></span> <span class='ocrx_word' id='word_1_487' title='bbox 4170 1385 4303 1451; x_wconf 83' lang='lat' dir='ltr'><strong>otio</strong></span> 
     </span>
     <span class='ocr_line' id='line_1_70' title="bbox 2365 1461 4303 1552; baseline 0.006 -27"><span class='ocrx_word' id='word_1_488' title='bbox 2365 1462 2785 1541; x_wconf 87' lang='lat' dir='ltr'><strong>inebriamur,</strong></span> <span class='ocrx_word' id='word_1_489' title='bbox 2839 1461 2998 1545; x_wconf 91' lang='lat' dir='ltr'><strong>quid</strong></span> <span class='ocrx_word' id='word_1_490' title='bbox 3044 1461 3230 1526; x_wconf 89' lang='lat' dir='ltr'><strong>nobis</strong></span> <span class='ocrx_word' id='word_1_491' title='bbox 3273 1464 3458 1527; x_wconf 85' lang='lat' dir='ltr'><strong>fieret</strong></span> <span class='ocrx_word' id='word_1_492' title='bbox 3500 1464 3554 1528; x_wconf 91' lang='lat' dir='ltr'><strong>si</strong></span> <span class='ocrx_word' id='word_1_493' title='bbox 3600 1472 3976 1530; x_wconf 87' lang='lat' dir='ltr'><strong>terrestrem</strong></span> <span class='ocrx_word' id='word_1_494' title='bbox 4023 1468 4303 1552; x_wconf 85' lang='lat' dir='ltr'><strong>aliquem</strong></span> 
     </span>
     <span class='ocr_line' id='line_1_71' title="bbox 2364 1547 4302 1632; baseline 0.004 -21"><span class='ocrx_word' id='word_1_495' title='bbox 2364 1547 2740 1630; x_wconf 87' lang='lat' dir='ltr'><strong>paradisum</strong></span> <span class='ocrx_word' id='word_1_496' title='bbox 2787 1548 2964 1613; x_wconf 87' lang='lat' dir='ltr'><strong>nacti</strong></span> <span class='ocrx_word' id='word_1_497' title='bbox 3009 1567 3319 1627; x_wconf 81' lang='lat' dir='ltr'><strong>essemus,</strong></span> <span class='ocrx_word' id='word_1_498' title='bbox 3360 1558 3428 1613; x_wconf 87' lang='lat' dir='ltr'><strong>et</strong></span> <span class='ocrx_word' id='word_1_499' title='bbox 3471 1547 3756 1632; x_wconf 90' lang='lat' dir='ltr'><strong>undique</strong></span> <span class='ocrx_word' id='word_1_500' title='bbox 3781 1550 3970 1616; x_wconf 87' lang='lat' dir='ltr'><strong>nobis</strong></span> <span class='ocrx_word' id='word_1_501' title='bbox 4012 1555 4302 1627; x_wconf 83' lang='lat' dir='ltr'><strong>mundus</strong></span> 
     </span>
     <span class='ocr_line' id='line_1_72' title="bbox 2363 1632 4306 1724; baseline 0.005 -26"><span class='ocrx_word' id='word_1_502' title='bbox 2363 1634 2507 1698; x_wconf 89' lang='lat' dir='ltr'><strong>sine</strong></span> <span class='ocrx_word' id='word_1_503' title='bbox 2542 1632 2739 1698; x_wconf 87' lang='lat' dir='ltr'><strong>ullius</strong></span> <span class='ocrx_word' id='word_1_504' title='bbox 2761 1633 3033 1715; x_wconf 87' lang='lat' dir='ltr'><strong>periculi</strong></span> <span class='ocrx_word' id='word_1_505' title='bbox 3058 1635 3424 1716; x_wconf 89' lang='lat' dir='ltr'><strong>suspicione</strong></span> <span class='ocrx_word' id='word_1_506' title='bbox 3445 1632 3810 1700; x_wconf 82' lang='lat' dir='ltr'><strong>arrideret?</strong></span> <span class='ocrx_word' id='word_1_507' title='bbox 3859 1636 4000 1701; x_wconf 86' lang='lat' dir='ltr'><strong>Nae</strong></span> <span class='ocrx_word' id='word_1_508' title='bbox 4038 1660 4306 1724; x_wconf 84' lang='lat' dir='ltr'><strong>magno·</strong></span> 
     </span>
     <span class='ocr_line' id='line_1_73' title="bbox 2366 1719 4302 1802; baseline 0.005 -19"><span class='ocrx_word' id='word_1_509' title='bbox 2366 1741 2519 1802; x_wconf 87' lang='lat' dir='ltr'><strong>pere</strong></span> <span class='ocrx_word' id='word_1_510' title='bbox 2565 1719 2988 1784; x_wconf 89' lang='lat' dir='ltr'><strong>metuendum</strong></span> <span class='ocrx_word' id='word_1_511' title='bbox 3033 1730 3223 1795; x_wconf 88' lang='lat' dir='ltr'><strong>esset,</strong></span> <span class='ocrx_word' id='word_1_512' title='bbox 3270 1741 3354 1785; x_wconf 92' lang='lat' dir='ltr'><strong>ne</strong></span> <span class='ocrx_word' id='word_1_513' title='bbox 3396 1722 3571 1785; x_wconf 90' lang='lat' dir='ltr'><strong>omni</strong></span> <span class='ocrx_word' id='word_1_514' title='bbox 3608 1740 3766 1786; x_wconf 88' lang='lat' dir='ltr'><strong>cura</strong></span> <span class='ocrx_word' id='word_1_515' title='bbox 3809 1722 4060 1788; x_wconf 86' lang='lat' dir='ltr'><strong>abiecta</strong></span> <span class='ocrx_word' id='word_1_516' title='bbox 4088 1727 4302 1793; x_wconf 83' lang='lat' dir='ltr'><strong>Deum</strong></span> 
     </span>
     <span class='ocr_line' id='line_1_74' title="bbox 2365 1804 4302 1891; baseline 0.005 -21"><span class='ocrx_word' id='word_1_517' title='bbox 2365 1807 2564 1871; x_wconf 87' lang='lat' dir='ltr'><strong>etiam</strong></span> <span class='ocrx_word' id='word_1_518' title='bbox 2607 1805 2918 1870; x_wconf 85' lang='lat' dir='ltr'><strong>oblivioni</strong></span> <span class='ocrx_word' id='word_1_519' title='bbox 2965 1804 3390 1872; x_wconf 88' lang='lat' dir='ltr'><strong>traderemus.</strong></span> <span class='ocrx_word' id='word_1_520' title='bbox 3435 1805 3675 1871; x_wconf 88' lang='lat' dir='ltr'><strong>Nostro</strong></span> <span class='ocrx_word' id='word_1_521' title='bbox 3726 1807 3930 1891; x_wconf 87' lang='lat' dir='ltr'><strong>igitur</strong></span> <span class='ocrx_word' id='word_1_522' title='bbox 3963 1812 4302 1879; x_wconf 89' lang='lat' dir='ltr'><strong>commodo</strong></span> 
     </span>
     <span class='ocr_line' id='line_1_75' title="bbox 2364 1890 4304 1974; baseline 0.004 -17"><span class='ocrx_word' id='word_1_523' title='bbox 2364 1894 2441 1957; x_wconf 88' lang='lat' dir='ltr'><strong>fit</strong></span> <span class='ocrx_word' id='word_1_524' title='bbox 2486 1904 2560 1955; x_wconf 90' lang='lat' dir='ltr'><strong>ut</strong></span> <span class='ocrx_word' id='word_1_525' title='bbox 2595 1890 2882 1973; x_wconf 89' lang='lat' dir='ltr'><strong>undique</strong></span> <span class='ocrx_word' id='word_1_526' title='bbox 2919 1894 3260 1974; x_wconf 88' lang='lat' dir='ltr'><strong>cingamur</strong></span> <span class='ocrx_word' id='word_1_527' title='bbox 3295 1891 3610 1970; x_wconf 84' lang='lat' dir='ltr'><strong>hostibus,</strong></span> <span class='ocrx_word' id='word_1_528' title='bbox 3656 1902 3730 1958; x_wconf 91' lang='lat' dir='ltr'><strong>ut</strong></span> <span class='ocrx_word' id='word_1_529' title='bbox 3751 1894 3944 1959; x_wconf 92' lang='lat' dir='ltr'><strong>multi</strong></span> <span class='ocrx_word' id='word_1_530' title='bbox 3978 1898 4304 1965; x_wconf 88' lang='lat' dir='ltr'><strong>tumultus</strong></span> 
     </span>
     <span class='ocr_line' id='line_1_76' title="bbox 2362 1976 4306 2066; baseline 0.003 -23"><span class='ocrx_word' id='word_1_531' title='bbox 2362 1978 2752 2056; x_wconf 86' lang='lat' dir='ltr'><strong>excitentur,</strong></span> <span class='ocrx_word' id='word_1_532' title='bbox 2816 1990 2888 2042; x_wconf 90' lang='lat' dir='ltr'><strong>ut</strong></span> <span class='ocrx_word' id='word_1_533' title='bbox 2942 1976 3170 2043; x_wconf 86' lang='lat' dir='ltr'><strong>multis</strong></span> <span class='ocrx_word' id='word_1_534' title='bbox 3223 1978 3422 2044; x_wconf 90' lang='lat' dir='ltr'><strong>minis</strong></span> <span class='ocrx_word' id='word_1_535' title='bbox 3479 1987 3876 2046; x_wconf 86' lang='lat' dir='ltr'><strong>terreamur:</strong></span> <span class='ocrx_word' id='word_1_536' title='bbox 3939 2002 4174 2066; x_wconf 89' lang='lat' dir='ltr'><strong>nempe</strong></span> <span class='ocrx_word' id='word_1_537' title='bbox 4228 1994 4306 2055; x_wconf 81' lang='lat' dir='ltr'><strong>ut</strong></span> 
     </span>
     <span class='ocr_line' id='line_1_77' title="bbox 2366 2063 4305 2149; baseline 0.004 -21"><span class='ocrx_word' id='word_1_538' title='bbox 2366 2064 2488 2131; x_wconf 85' lang='lat' dir='ltr'><strong>hac</strong></span> <span class='ocrx_word' id='word_1_539' title='bbox 2546 2064 2803 2127; x_wconf 88' lang='lat' dir='ltr'><strong>ratione</strong></span> <span class='ocrx_word' id='word_1_540' title='bbox 2858 2063 3184 2131; x_wconf 87' lang='lat' dir='ltr'><strong>discamus</strong></span> <span class='ocrx_word' id='word_1_541' title='bbox 3241 2074 3529 2129; x_wconf 86' lang='lat' dir='ltr'><strong>nostram</strong></span> <span class='ocrx_word' id='word_1_542' title='bbox 3587 2064 3871 2148; x_wconf 87' lang='lat' dir='ltr'><strong>inopiam</strong></span> <span class='ocrx_word' id='word_1_543' title='bbox 3916 2069 4177 2149; x_wconf 89' lang='lat' dir='ltr'><strong>sentire,</strong></span> <span class='ocrx_word' id='word_1_544' title='bbox 4234 2078 4305 2137; x_wconf 88' lang='lat' dir='ltr'><strong>et</strong></span> 
     </span>
     <span class='ocr_line' id='line_1_78' title="bbox 2359 2148 4306 2238; baseline 0.004 -24"><span class='ocrx_word' id='word_1_545' title='bbox 2359 2150 2444 2214; x_wconf 87' lang='lat' dir='ltr'><strong>ad</strong></span> <span class='ocrx_word' id='word_1_546' title='bbox 2473 2150 2687 2214; x_wconf 90' lang='lat' dir='ltr'><strong>Deum</strong></span> <span class='ocrx_word' id='word_1_547' title='bbox 2725 2148 3207 2214; x_wconf 89' lang='lat' dir='ltr'><strong>ardentioribus</strong></span> <span class='ocrx_word' id='word_1_548' title='bbox 3231 2151 3398 2217; x_wconf 82' lang='lat' dir='ltr'><strong>votis</strong></span> <span class='ocrx_word' id='word_1_549' title='bbox 3440 2170 3800 2235; x_wconf 85' lang='lat' dir='ltr'><strong>assurgere,</strong></span> <span class='ocrx_word' id='word_1_550' title='bbox 3845 2163 3913 2217; x_wconf 91' lang='lat' dir='ltr'><strong>et</strong></span> <span class='ocrx_word' id='word_1_551' title='bbox 3934 2155 4056 2219; x_wconf 88' lang='lat' dir='ltr'><strong>sub</strong></span> <span class='ocrx_word' id='word_1_552' title='bbox 4099 2156 4306 2238; x_wconf 87' lang='lat' dir='ltr'><strong>ipsius</strong></span> 
     </span>
     <span class='ocr_line' id='line_1_79' title="bbox 2362 2234 4304 2320; baseline 0.005 -20"><span class='ocrx_word' id='word_1_553' title='bbox 2362 2234 2689 2320; x_wconf 87' lang='lat' dir='ltr'><strong>praesidio</strong></span> <span class='ocrx_word' id='word_1_554' title='bbox 2734 2238 2863 2301; x_wconf 88' lang='lat' dir='ltr'><strong>tuti</strong></span> <span class='ocrx_word' id='word_1_555' title='bbox 2908 2256 3069 2301; x_wconf 87' lang='lat' dir='ltr'><strong>esse.</strong></span> <span class='ocrx_word' id='word_1_556' title='bbox 3157 2236 3365 2301; x_wconf 88' lang='lat' dir='ltr'><strong>Porro</strong></span> <span class='ocrx_word' id='word_1_557' title='bbox 3410 2258 3492 2302; x_wconf 87' lang='lat' dir='ltr'><strong>ex</strong></span> <span class='ocrx_word' id='word_1_558' title='bbox 3539 2237 3662 2304; x_wconf 87' lang='lat' dir='ltr'><strong>hac</strong></span> <span class='ocrx_word' id='word_1_559' title='bbox 3707 2238 3981 2305; x_wconf 81' lang='lat' dir='ltr'><strong>victoria</strong></span> <span class='ocrx_word' id='word_1_560' title='bbox 4023 2240 4304 2311; x_wconf 75' lang='lat' dir='ltr'><strong>Davidis</strong></span> 
     </span>
     <span class='ocr_line' id='line_1_80' title="bbox 2362 2319 4301 2409; baseline 0.005 -24"><span class='ocrx_word' id='word_1_561' title='bbox 2362 2320 2527 2385; x_wconf 89' lang='lat' dir='ltr'><strong>illud</strong></span> <span class='ocrx_word' id='word_1_562' title='bbox 2573 2319 2821 2386; x_wconf 91' lang='lat' dir='ltr'><strong>dictum</strong></span> <span class='ocrx_word' id='word_1_563' title='bbox 2867 2332 3140 2406; x_wconf 86' lang='lat' dir='ltr'><strong>apparet</strong></span> <span class='ocrx_word' id='word_1_564' title='bbox 3161 2342 3394 2387; x_wconf 82' lang='lat' dir='ltr'><strong>verum</strong></span> <span class='ocrx_word' id='word_1_565' title='bbox 3425 2343 3568 2388; x_wconf 90' lang='lat' dir='ltr'><strong>esse</strong></span> <span class='ocrx_word' id='word_1_566' title='bbox 3603 2324 3773 2406; x_wconf 90' lang='lat' dir='ltr'><strong>quod</strong></span> <span class='ocrx_word' id='word_1_567' title='bbox 3797 2336 3951 2391; x_wconf 88' lang='lat' dir='ltr'><strong>ante</strong></span> <span class='ocrx_word' id='word_1_568' title='bbox 3996 2325 4301 2409; x_wconf 84' lang='lat' dir='ltr'><strong>diximus,</strong></span> 
     </span>
     <span class='ocr_line' id='line_1_81' title="bbox 2364 2405 4300 2481; baseline 0.005 -9"><span class='ocrx_word' id='word_1_569' title='bbox 2364 2428 2497 2473; x_wconf 89' lang='lat' dir='ltr'><strong>non</strong></span> <span class='ocrx_word' id='word_1_570' title='bbox 2563 2427 2704 2472; x_wconf 88' lang='lat' dir='ltr'><strong>esse</strong></span> <span class='ocrx_word' id='word_1_571' title='bbox 2768 2405 2913 2477; x_wconf 90' lang='lat' dir='ltr'><strong>Deo</strong></span> <span class='ocrx_word' id='word_1_572' title='bbox 2978 2407 3249 2474; x_wconf 84' lang='lat' dir='ltr'><strong>difficile</strong></span> <span class='ocrx_word' id='word_1_573' title='bbox 3313 2409 3653 2475; x_wconf 79' lang='lat' dir='ltr'><strong>victoriam</strong></span> <span class='ocrx_word' id='word_1_574' title='bbox 3731 2411 4086 2478; x_wconf 88' lang='lat' dir='ltr'><strong>concedere</strong></span> <span class='ocrx_word' id='word_1_575' title='bbox 4151 2436 4300 2481; x_wconf 89' lang='lat' dir='ltr'><strong>cum</strong></span> 
     </span>
     <span class='ocr_line' id='line_1_82' title="bbox 2363 2492 4297 2577; baseline -0.001 -17"><span class='ocrx_word' id='word_1_576' title='bbox 2363 2494 2602 2577; x_wconf 82' lang='lat' dir='ltr'><strong>exigua</strong></span> <span class='ocrx_word' id='word_1_577' title='bbox 2658 2513 2856 2557; x_wconf 90' lang='lat' dir='ltr'><strong>manu</strong></span> <span class='ocrx_word' id='word_1_578' title='bbox 2916 2492 3232 2560; x_wconf 85' lang='lat' dir='ltr'><strong>adversus</strong></span> <span class='ocrx_word' id='word_1_579' title='bbox 3286 2495 3614 2561; x_wconf 88' lang='lat' dir='ltr'><strong>infinitam</strong></span> <span class='ocrx_word' id='word_1_580' title='bbox 3673 2495 3955 2562; x_wconf 86' lang='lat' dir='ltr'><strong>hostium</strong></span> <span class='ocrx_word' id='word_1_581' title='bbox 4002 2499 4297 2566; x_wconf 75' lang='lat' dir='ltr'><strong>multitu·</strong></span> 
     </span>
     <span class='ocr_line' id='line_1_83' title="bbox 2364 2579 4301 2667; baseline 0.005 -23"><span class='ocrx_word' id='word_1_582' title='bbox 2364 2579 2617 2645; x_wconf 87' lang='lat' dir='ltr'><strong>dinem:</strong></span> <span class='ocrx_word' id='word_1_583' title='bbox 2691 2579 3240 2661; x_wconf 89' lang='lat' dir='ltr'><strong>quemadmodum</strong></span> <span class='ocrx_word' id='word_1_584' title='bbox 3302 2582 3372 2644; x_wconf 88' lang='lat' dir='ltr'><strong>in</strong></span> <span class='ocrx_word' id='word_1_585' title='bbox 3427 2580 3687 2645; x_wconf 86' lang='lat' dir='ltr'><strong>Davide</strong></span> <span class='ocrx_word' id='word_1_586' title='bbox 3742 2583 3830 2648; x_wconf 90' lang='lat' dir='ltr'><strong>sit</strong></span> <span class='ocrx_word' id='word_1_587' title='bbox 3881 2586 4301 2667; x_wconf 81' lang='lat' dir='ltr'><strong>conspicuum</strong></span> 
     </span>
     <span class='ocr_line' id='line_1_84' title="bbox 2363 2663 4302 2748; baseline 0.003 -17"><span class='ocrx_word' id='word_1_588' title='bbox 2363 2667 2475 2748; x_wconf 85' lang='lat' dir='ltr'><strong>qui</strong></span> <span class='ocrx_word' id='word_1_589' title='bbox 2535 2663 3035 2748; x_wconf 83' lang='lat' dir='ltr'><strong>quadringentis</strong></span> <span class='ocrx_word' id='word_1_590' title='bbox 3092 2675 3350 2730; x_wconf 90' lang='lat' dir='ltr'><strong>tantum</strong></span> <span class='ocrx_word' id='word_1_591' title='bbox 3409 2667 3758 2732; x_wconf 84' lang='lat' dir='ltr'><strong>comitatus</strong></span> <span class='ocrx_word' id='word_1_592' title='bbox 3821 2669 4138 2736; x_wconf 88' lang='lat' dir='ltr'><strong>militibus</strong></span> <span class='ocrx_word' id='word_1_593' title='bbox 4206 2683 4302 2737; x_wconf 86' lang='lat' dir='ltr'><strong>tot</strong></span> 
     </span>
     <span class='ocr_line' id='line_1_85' title="bbox 2362 2750 4304 2837; baseline 0.003 -20"><span class='ocrx_word' id='word_1_594' title='bbox 2362 2750 2880 2817; x_wconf 87' lang='lat' dir='ltr'><strong>Amalecitarum</strong></span> <span class='ocrx_word' id='word_1_595' title='bbox 2948 2750 3158 2816; x_wconf 87' lang='lat' dir='ltr'><strong>millia</strong></span> <span class='ocrx_word' id='word_1_596' title='bbox 3222 2752 3625 2836; x_wconf 80' lang='lat' dir='ltr'><strong>profligavit,</strong></span> <span class='ocrx_word' id='word_1_597' title='bbox 3706 2761 3780 2818; x_wconf 87' lang='lat' dir='ltr'><strong>ut</strong></span> <span class='ocrx_word' id='word_1_598' title='bbox 3843 2754 4304 2837; x_wconf 81' lang='lat' dir='ltr'><strong>quadringenti</strong></span> 
     </span>
     <span class='ocr_line' id='line_1_86' title="bbox 2364 2836 4304 2925; baseline 0.003 -22"><span class='ocrx_word' id='word_1_599' title='bbox 2364 2849 2621 2905; x_wconf 88' lang='lat' dir='ltr'><strong>tantum</strong></span> <span class='ocrx_word' id='word_1_600' title='bbox 2659 2837 3046 2921; x_wconf 88' lang='lat' dir='ltr'><strong>superstites</strong></span> <span class='ocrx_word' id='word_1_601' title='bbox 3088 2836 3246 2919; x_wconf 86' lang='lat' dir='ltr'><strong>fuga</strong></span> <span class='ocrx_word' id='word_1_602' title='bbox 3289 2840 3411 2905; x_wconf 89' lang='lat' dir='ltr'><strong>sibi</strong></span> <span class='ocrx_word' id='word_1_603' title='bbox 3448 2837 3922 2925; x_wconf 85' lang='lat' dir='ltr'><strong>consuluerint,</strong></span> <span class='ocrx_word' id='word_1_604' title='bbox 3966 2853 4032 2905; x_wconf 89' lang='lat' dir='ltr'><strong>et</strong></span> <span class='ocrx_word' id='word_1_605' title='bbox 4068 2842 4156 2908; x_wconf 79' lang='lat'><strong>24</strong></span> <span class='ocrx_word' id='word_1_606' title='bbox 4194 2844 4304 2908; x_wconf 89' lang='lat' dir='ltr'><strong>ho·</strong></span> 
     </span>
     <span class='ocr_line' id='line_1_87' title="bbox 2363 2923 4303 3010; baseline 0.002 -19"><span class='ocrx_word' id='word_1_607' title='bbox 2363 2943 2589 2991; x_wconf 86' lang='lat' dir='ltr'><strong>rarum</strong></span> <span class='ocrx_word' id='word_1_608' title='bbox 2633 2925 2842 3006; x_wconf 89' lang='lat' dir='ltr'><strong>spatio</strong></span> <span class='ocrx_word' id='word_1_609' title='bbox 2888 2923 3227 2988; x_wconf 80' lang='lat' dir='ltr'><strong>victoriam</strong></span> <span class='ocrx_word' id='word_1_610' title='bbox 3277 2923 3358 2988; x_wconf 89' lang='lat' dir='ltr'><strong>de</strong></span> <span class='ocrx_word' id='word_1_611' title='bbox 3393 2934 3488 2988; x_wconf 76' lang='lat' dir='ltr'><strong>tot</strong></span> <span class='ocrx_word' id='word_1_612' title='bbox 3538 2924 3833 2990; x_wconf 84' lang='lat' dir='ltr'><strong>hostibus</strong></span> <span class='ocrx_word' id='word_1_613' title='bbox 3868 2941 4303 3010; x_wconf 85' lang='lat' dir='ltr'><strong>consequutus</strong></span> 
     </span>
     <span class='ocr_line' id='line_1_88' title="bbox 2362 3008 4302 3092; baseline 0.002 -16"><span class='ocrx_word' id='word_1_614' title='bbox 2362 3010 2468 3086; x_wconf 90' lang='lat' dir='ltr'><strong>sit,</strong></span> <span class='ocrx_word' id='word_1_615' title='bbox 2532 3020 2912 3092; x_wconf 86' lang='lat' dir='ltr'><strong>tantamque</strong></span> <span class='ocrx_word' id='word_1_616' title='bbox 2957 3008 3243 3074; x_wconf 89' lang='lat' dir='ltr'><strong>hostium</strong></span> <span class='ocrx_word' id='word_1_617' title='bbox 3290 3020 3574 3092; x_wconf 89' lang='lat' dir='ltr'><strong>stragem</strong></span> <span class='ocrx_word' id='word_1_618' title='bbox 3619 3008 3914 3077; x_wconf 88' lang='lat' dir='ltr'><strong>ediderit.</strong></span> <span class='ocrx_word' id='word_1_619' title='bbox 4003 3012 4302 3079; x_wconf 88' lang='lat' dir='ltr'><strong>Profecto</strong></span> 
     </span>
     <span class='ocr_line' id='line_1_89' title="bbox 2365 3093 4304 3182; baseline 0.003 -22"><span class='ocrx_word' id='word_1_620' title='bbox 2365 3094 2629 3160; x_wconf 80' lang='lat' dir='ltr'><strong>videtur</strong></span> <span class='ocrx_word' id='word_1_621' title='bbox 2669 3095 2809 3179; x_wconf 88' lang='lat' dir='ltr'><strong>ipse</strong></span> <span class='ocrx_word' id='word_1_622' title='bbox 2853 3093 3040 3161; x_wconf 90' lang='lat' dir='ltr'><strong>Deus</strong></span> <span class='ocrx_word' id='word_1_623' title='bbox 3097 3097 3472 3181; x_wconf 86' lang='lat' dir='ltr'><strong>profligatos</strong></span> <span class='ocrx_word' id='word_1_624' title='bbox 3527 3094 3746 3162; x_wconf 79' lang='lat' dir='ltr'><strong>hostes</strong></span> <span class='ocrx_word' id='word_1_625' title='bbox 3789 3096 4067 3180; x_wconf 86' lang='lat' dir='ltr'><strong>praedae</strong></span> <span class='ocrx_word' id='word_1_626' title='bbox 4110 3121 4304 3182; x_wconf 83' lang='lat' dir='ltr'><strong>expo-</strong></span> 
     </span>
     <span class='ocr_line' id='line_1_90' title="bbox 2364 3179 4299 3265; baseline 0.001 -17"><span class='ocrx_word' id='word_1_627' title='bbox 2364 3183 2596 3261; x_wconf 89' lang='lat' dir='ltr'><strong>suisse,</strong></span> <span class='ocrx_word' id='word_1_628' title='bbox 2655 3192 2721 3246; x_wconf 92' lang='lat' dir='ltr'><strong>et</strong></span> <span class='ocrx_word' id='word_1_629' title='bbox 2761 3179 3008 3246; x_wconf 81' lang='lat' dir='ltr'><strong>Davidi</strong></span> <span class='ocrx_word' id='word_1_630' title='bbox 3053 3182 3494 3265; x_wconf 89' lang='lat' dir='ltr'><strong>militibusque</strong></span> <span class='ocrx_word' id='word_1_631' title='bbox 3548 3182 3752 3263; x_wconf 87' lang='lat' dir='ltr'><strong>ipsius</strong></span> <span class='ocrx_word' id='word_1_632' title='bbox 3794 3203 4087 3249; x_wconf 89' lang='lat' dir='ltr'><strong>mensam</strong></span> <span class='ocrx_word' id='word_1_633' title='bbox 4134 3196 4299 3250; x_wconf 86' lang='lat' dir='ltr'><strong>stra-</strong></span> 
     </span>
     <span class='ocr_line' id='line_1_91' title="bbox 2368 3266 4301 3354; baseline 0.003 -22"><span class='ocrx_word' id='word_1_634' title='bbox 2368 3270 2555 3344; x_wconf 86' lang='lat' dir='ltr'><strong>visse,</strong></span> <span class='ocrx_word' id='word_1_635' title='bbox 2602 3276 2669 3332; x_wconf 93' lang='lat' dir='ltr'><strong>et</strong></span> <span class='ocrx_word' id='word_1_636' title='bbox 2711 3266 2795 3332; x_wconf 90' lang='lat' dir='ltr'><strong>ad</strong></span> <span class='ocrx_word' id='word_1_637' title='bbox 2839 3268 3056 3333; x_wconf 90' lang='lat' dir='ltr'><strong>cibum</strong></span> <span class='ocrx_word' id='word_1_638' title='bbox 3100 3277 3167 3333; x_wconf 92' lang='lat' dir='ltr'><strong>et</strong></span> <span class='ocrx_word' id='word_1_639' title='bbox 3189 3279 3413 3351; x_wconf 89' lang='lat' dir='ltr'><strong>potum</strong></span> <span class='ocrx_word' id='word_1_640' title='bbox 3451 3269 3781 3348; x_wconf 83' lang='lat' dir='ltr'><strong>invitasse,</strong></span> <span class='ocrx_word' id='word_1_641' title='bbox 3823 3268 3985 3334; x_wconf 90' lang='lat' dir='ltr'><strong>adeo</strong></span> <span class='ocrx_word' id='word_1_642' title='bbox 4007 3281 4085 3335; x_wconf 89' lang='lat' dir='ltr'><strong>ut</strong></span> <span class='ocrx_word' id='word_1_643' title='bbox 4106 3270 4301 3354; x_wconf 88' lang='lat' dir='ltr'><strong>plane</strong></span> 
     </span>
     <span class='ocr_line' id='line_1_92' title="bbox 2364 3352 4298 3438; baseline 0.003 -20"><span class='ocrx_word' id='word_1_644' title='bbox 2364 3352 2734 3419; x_wconf 88' lang='lat' dir='ltr'><strong>admirabili</strong></span> <span class='ocrx_word' id='word_1_645' title='bbox 2787 3353 3044 3419; x_wconf 88' lang='lat' dir='ltr'><strong>ratione</strong></span> <span class='ocrx_word' id='word_1_646' title='bbox 3101 3356 3432 3438; x_wconf 86' lang='lat' dir='ltr'><strong>negotium</strong></span> <span class='ocrx_word' id='word_1_647' title='bbox 3478 3353 3655 3419; x_wconf 87' lang='lat' dir='ltr'><strong>istud</strong></span> <span class='ocrx_word' id='word_1_648' title='bbox 3699 3355 3885 3419; x_wconf 89' lang='lat' dir='ltr'><strong>Deus</strong></span> <span class='ocrx_word' id='word_1_649' title='bbox 3927 3357 4298 3424; x_wconf 83' lang='lat' dir='ltr'><strong>confecerit.</strong></span> 
     </span>
     <span class='ocr_line' id='line_1_93' title="bbox 2361 3439 4299 3524; baseline 0.003 -20"><span class='ocrx_word' id='word_1_650' title='bbox 2361 3439 2542 3505; x_wconf 86' lang='lat' dir='ltr'><strong>Hinc</strong></span> <span class='ocrx_word' id='word_1_651' title='bbox 2586 3439 2824 3503; x_wconf 90' lang='lat' dir='ltr'><strong>iterum</strong></span> <span class='ocrx_word' id='word_1_652' title='bbox 2872 3439 3198 3506; x_wconf 89' lang='lat' dir='ltr'><strong>discamus</strong></span> <span class='ocrx_word' id='word_1_653' title='bbox 3242 3461 3360 3506; x_wconf 90' lang='lat' dir='ltr'><strong>nos</strong></span> <span class='ocrx_word' id='word_1_654' title='bbox 3403 3440 3559 3505; x_wconf 90' lang='lat' dir='ltr'><strong>licet</strong></span> <span class='ocrx_word' id='word_1_655' title='bbox 3602 3440 3808 3504; x_wconf 90' lang='lat' dir='ltr'><strong>simus</strong></span> <span class='ocrx_word' id='word_1_656' title='bbox 3853 3440 4138 3524; x_wconf 88' lang='lat' dir='ltr'><strong>impares</strong></span> <span class='ocrx_word' id='word_1_657' title='bbox 4183 3443 4299 3508; x_wconf 90' lang='lat' dir='ltr'><strong>ho-</strong></span> 
     </span>
     <span class='ocr_line' id='line_1_94' title="bbox 2361 3525 4300 3607; baseline 0.003 -18"><span class='ocrx_word' id='word_1_658' title='bbox 2361 3527 2615 3590; x_wconf 89' lang='lat' dir='ltr'><strong>minum</strong></span> <span class='ocrx_word' id='word_1_659' title='bbox 2668 3525 2977 3607; x_wconf 88' lang='lat' dir='ltr'><strong>opinione</strong></span> <span class='ocrx_word' id='word_1_660' title='bbox 3035 3525 3318 3591; x_wconf 89' lang='lat' dir='ltr'><strong>hostium</strong></span> <span class='ocrx_word' id='word_1_661' title='bbox 3377 3526 3629 3591; x_wconf 83' lang='lat' dir='ltr'><strong>viribus</strong></span> <span class='ocrx_word' id='word_1_662' title='bbox 3700 3525 4094 3604; x_wconf 89' lang='lat' dir='ltr'><strong>resistendo,</strong></span> <span class='ocrx_word' id='word_1_663' title='bbox 4169 3549 4300 3594; x_wconf 92' lang='lat' dir='ltr'><strong>non</strong></span> 
     </span>
     <span class='ocr_line' id='line_1_95' title="bbox 2360 3610 4300 3696; baseline 0.001 -19"><span class='ocrx_word' id='word_1_664' title='bbox 2360 3622 2662 3695; x_wconf 91' lang='lat' dir='ltr'><strong>oportere</strong></span> <span class='ocrx_word' id='word_1_665' title='bbox 2729 3622 2948 3676; x_wconf 90' lang='lat' dir='ltr'><strong>tamen</strong></span> <span class='ocrx_word' id='word_1_666' title='bbox 3015 3612 3309 3677; x_wconf 88' lang='lat' dir='ltr'><strong>animum</strong></span> <span class='ocrx_word' id='word_1_667' title='bbox 3370 3610 3806 3696; x_wconf 90' lang='lat' dir='ltr'><strong>despondere,</strong></span> <span class='ocrx_word' id='word_1_668' title='bbox 3893 3620 3959 3676; x_wconf 88' lang='lat' dir='ltr'><strong>et</strong></span> <span class='ocrx_word' id='word_1_669' title='bbox 4023 3612 4104 3677; x_wconf 93' lang='lat' dir='ltr'><strong>de</strong></span> <span class='ocrx_word' id='word_1_670' title='bbox 4169 3614 4300 3679; x_wconf 91' lang='lat' dir='ltr'><strong>Dei</strong></span> 
     </span>
     <span class='ocr_line' id='line_1_96' title="bbox 2361 3694 4300 3782; baseline 0.002 -19"><span class='ocrx_word' id='word_1_671' title='bbox 2361 3697 2608 3763; x_wconf 87' lang='lat' dir='ltr'><strong>auxilio</strong></span> <span class='ocrx_word' id='word_1_672' title='bbox 2667 3694 3043 3779; x_wconf 85' lang='lat' dir='ltr'><strong>desperare,</strong></span> <span class='ocrx_word' id='word_1_673' title='bbox 3116 3719 3306 3780; x_wconf 89' lang='lat' dir='ltr'><strong>quem</strong></span> <span class='ocrx_word' id='word_1_674' title='bbox 3362 3710 3609 3764; x_wconf 88' lang='lat' dir='ltr'><strong>certum</strong></span> <span class='ocrx_word' id='word_1_675' title='bbox 3666 3706 3768 3761; x_wconf 89' lang='lat' dir='ltr'><strong>est</strong></span> <span class='ocrx_word' id='word_1_676' title='bbox 3823 3718 4018 3782; x_wconf 88' lang='lat' dir='ltr'><strong>posse</strong></span> <span class='ocrx_word' id='word_1_677' title='bbox 4078 3699 4300 3767; x_wconf 87' lang='lat' dir='ltr'><strong>hostes</strong></span> 
     </span>
     <span class='ocr_line' id='line_1_97' title="bbox 2360 3781 4298 3868; baseline 0.002 -20"><span class='ocrx_word' id='word_1_678' title='bbox 2360 3784 2658 3849; x_wconf 85' lang='lat' dir='ltr'><strong>infinitos</strong></span> <span class='ocrx_word' id='word_1_679' title='bbox 2703 3783 2842 3848; x_wconf 90' lang='lat' dir='ltr'><strong>sola</strong></span> <span class='ocrx_word' id='word_1_680' title='bbox 2885 3805 3004 3849; x_wconf 89' lang='lat' dir='ltr'><strong>sua</strong></span> <span class='ocrx_word' id='word_1_681' title='bbox 3052 3784 3295 3848; x_wconf 85' lang='lat' dir='ltr'><strong>virtute</strong></span> <span class='ocrx_word' id='word_1_682' title='bbox 3340 3785 3440 3848; x_wconf 80' lang='lat' dir='ltr'><strong>vel</strong></span> <span class='ocrx_word' id='word_1_683' title='bbox 3486 3781 3622 3849; x_wconf 91' lang='lat' dir='ltr'><strong>solo</strong></span> <span class='ocrx_word' id='word_1_684' title='bbox 3664 3782 3824 3847; x_wconf 89' lang='lat' dir='ltr'><strong>flatu</strong></span> <span class='ocrx_word' id='word_1_685' title='bbox 3875 3785 4298 3868; x_wconf 88' lang='lat' dir='ltr'><strong>pessundare,</strong></span> 
     </span>
     <span class='ocr_line' id='line_1_98' title="bbox 2361 3867 4303 3952; baseline 0.002 -18"><span class='ocrx_word' id='word_1_686' title='bbox 2361 3889 2563 3952; x_wconf 83' lang='lat' dir='ltr'><strong>quum</strong></span> <span class='ocrx_word' id='word_1_687' title='bbox 2629 3869 2878 3934; x_wconf 87' lang='lat' dir='ltr'><strong>viribus</strong></span> <span class='ocrx_word' id='word_1_688' title='bbox 2934 3870 3236 3934; x_wconf 87' lang='lat' dir='ltr'><strong>omnibus</strong></span> <span class='ocrx_word' id='word_1_689' title='bbox 3301 3868 3598 3935; x_wconf 87' lang='lat' dir='ltr'><strong>destituti</strong></span> <span class='ocrx_word' id='word_1_690' title='bbox 3666 3867 4047 3935; x_wconf 83' lang='lat' dir='ltr'><strong>videbimur.</strong></span> <span class='ocrx_word' id='word_1_691' title='bbox 4138 3872 4303 3938; x_wconf 85' lang='lat' dir='ltr'><strong>Vult</strong></span> 
     </span>
     <span class='ocr_line' id='line_1_99' title="bbox 2361 3953 4304 4035; baseline 0.002 -15"><span class='ocrx_word' id='word_1_692' title='bbox 2361 3958 2536 4021; x_wconf 90' lang='lat' dir='ltr'><strong>enim</strong></span> <span class='ocrx_word' id='word_1_693' title='bbox 2599 3955 2780 4021; x_wconf 91' lang='lat' dir='ltr'><strong>Deus</strong></span> <span class='ocrx_word' id='word_1_694' title='bbox 2840 3977 2957 4020; x_wconf 89' lang='lat' dir='ltr'><strong>nos</strong></span> <span class='ocrx_word' id='word_1_695' title='bbox 3015 3956 3175 4021; x_wconf 88' lang='lat' dir='ltr'><strong>adeo</strong></span> <span class='ocrx_word' id='word_1_696' title='bbox 3233 3953 3477 4021; x_wconf 89' lang='lat' dir='ltr'><strong>debiles</strong></span> <span class='ocrx_word' id='word_1_697' title='bbox 3523 3965 3589 4018; x_wconf 89' lang='lat' dir='ltr'><strong>et</strong></span> <span class='ocrx_word' id='word_1_698' title='bbox 3645 3954 3942 4020; x_wconf 87' lang='lat' dir='ltr'><strong>infirmos</strong></span> <span class='ocrx_word' id='word_1_699' title='bbox 3996 3977 4169 4035; x_wconf 88' lang='lat' dir='ltr'><strong>esse,</strong></span> <span class='ocrx_word' id='word_1_700' title='bbox 4227 3968 4304 4023; x_wconf 90' lang='lat' dir='ltr'><strong>ut</strong></span> 
     </span>
     <span class='ocr_line' id='line_1_100' title="bbox 2362 4039 4301 4126; baseline 0.003 -23"><span class='ocrx_word' id='word_1_701' title='bbox 2362 4042 2542 4106; x_wconf 89' lang='lat' dir='ltr'><strong>omni</strong></span> <span class='ocrx_word' id='word_1_702' title='bbox 2578 4042 2953 4126; x_wconf 85' lang='lat' dir='ltr'><strong>arrogantia</strong></span> <span class='ocrx_word' id='word_1_703' title='bbox 2976 4042 3257 4126; x_wconf 89' lang='lat' dir='ltr'><strong>spoliati,</strong></span> <span class='ocrx_word' id='word_1_704' title='bbox 3300 4053 3366 4108; x_wconf 92' lang='lat' dir='ltr'><strong>et</strong></span> <span class='ocrx_word' id='word_1_705' title='bbox 3485 4039 3840 4106; x_wconf 89' lang='lat' dir='ltr'><strong>riculorum</strong></span> <span class='ocrx_word' id='word_1_706' title='bbox 3868 4043 4301 4108; x_wconf 87' lang='lat' dir='ltr'><strong>circumstan-</strong></span> 
     </span>
     <span class='ocr_line' id='line_1_101' title="bbox 2361 4064 4303 4213; baseline 0.003 -23"><span class='ocrx_word' id='word_1_707' title='bbox 2361 4128 2523 4191; x_wconf 89' lang='lat' dir='ltr'><strong>tium</strong></span> <span class='ocrx_word' id='word_1_708' title='bbox 2570 4126 3025 4213; x_wconf 86' lang='lat' dir='ltr'><strong>magnitudine</strong></span> <span class='ocrx_word' id='word_1_709' title='bbox 3071 4130 3298 4207; x_wconf 90' lang='lat' dir='ltr'><strong>territi,</strong></span> <span class='ocrx_word' id='word_1_710' title='bbox 3345 4064 3682 4212; x_wconf 58' lang='lat' dir='ltr'><strong>ad&#39;eipsum</strong></span> <span class='ocrx_word' id='word_1_711' title='bbox 3720 4128 4098 4193; x_wconf 89' lang='lat' dir='ltr'><strong>ardentibus</strong></span> <span class='ocrx_word' id='word_1_712' title='bbox 4136 4130 4303 4196; x_wconf 85' lang='lat' dir='ltr'><strong>votis</strong></span> 
     </span>
     <span class='ocr_line' id='line_1_102' title="bbox 2360 4214 4301 4297; baseline 0.001 -19"><span class='ocrx_word' id='word_1_713' title='bbox 2360 4214 2707 4296; x_wconf 88' lang='lat' dir='ltr'><strong>confugere</strong></span> <span class='ocrx_word' id='word_1_714' title='bbox 2730 4215 3075 4291; x_wconf 86' lang='lat' dir='ltr'><strong>discamus,</strong></span> <span class='ocrx_word' id='word_1_715' title='bbox 3123 4216 3281 4280; x_wconf 89' lang='lat' dir='ltr'><strong>utin</strong></span> <span class='ocrx_word' id='word_1_716' title='bbox 3306 4216 3493 4281; x_wconf 88' lang='lat' dir='ltr'><strong>nobis</strong></span> <span class='ocrx_word' id='word_1_717' title='bbox 3517 4215 3675 4280; x_wconf 89' lang='lat' dir='ltr'><strong>illud</strong></span> <span class='ocrx_word' id='word_1_718' title='bbox 3718 4215 4082 4296; x_wconf 88' lang='lat' dir='ltr'><strong>impleatur,</strong></span> <span class='ocrx_word' id='word_1_719' title='bbox 4128 4214 4301 4297; x_wconf 88' lang='lat' dir='ltr'><strong>quod</strong></span> 
     </span>
     <span class='ocr_line' id='line_1_103' title="bbox 2360 4297 4298 4385; baseline 0.002 -22"><span class='ocrx_word' id='word_1_720' title='bbox 2360 4299 2452 4363; x_wconf 89' lang='lat' dir='ltr'><strong>ait</strong></span> <span class='ocrx_word' id='word_1_721' title='bbox 2475 4297 2802 4364; x_wconf 89' lang='lat' dir='ltr'><strong>Dominus</strong></span> <span class='ocrx_word' id='word_1_722' title='bbox 2839 4322 2956 4383; x_wconf 91' lang='lat' dir='ltr'><strong>per</strong></span> <span class='ocrx_word' id='word_1_723' title='bbox 2993 4300 3398 4385; x_wconf 88' lang='lat' dir='ltr'><strong>prophetam,</strong></span> <span class='ocrx_word' id='word_1_724' title='bbox 3442 4323 3569 4367; x_wconf 88' lang='lat' dir='ltr'><strong>non</strong></span> <span class='ocrx_word' id='word_1_725' title='bbox 3595 4301 3917 4365; x_wconf 82' lang='lat' dir='ltr'><strong>currubus</strong></span> <span class='ocrx_word' id='word_1_726' title='bbox 3961 4309 4077 4363; x_wconf 87' lang='lat' dir='ltr'><strong>aut</strong></span> <span class='ocrx_word' id='word_1_727' title='bbox 4114 4301 4298 4384; x_wconf 85' lang='lat' dir='ltr'><strong>equis</strong></span> 
     </span>
     <span class='ocr_line' id='line_1_104' title="bbox 2358 4385 4301 4468; baseline 0.002 -19"><span class='ocrx_word' id='word_1_728' title='bbox 2358 4385 2699 4451; x_wconf 79' lang='lat' dir='ltr'><strong>victoriam</strong></span> <span class='ocrx_word' id='word_1_729' title='bbox 2746 4385 3016 4468; x_wconf 89' lang='lat' dir='ltr'><strong>acquiri,</strong></span> <span class='ocrx_word' id='word_1_730' title='bbox 3076 4385 3190 4450; x_wconf 91' lang='lat' dir='ltr'><strong>sed</strong></span> <span class='ocrx_word' id='word_1_731' title='bbox 3239 4388 3359 4452; x_wconf 90' lang='lat' dir='ltr'><strong>Dei</strong></span> <span class='ocrx_word' id='word_1_732' title='bbox 3405 4389 3647 4452; x_wconf 83' lang='lat' dir='ltr'><strong>virtute</strong></span> <span class='ocrx_word' id='word_1_733' title='bbox 3704 4385 3819 4467; x_wconf 90' lang='lat' dir='ltr'><strong>qui</strong></span> <span class='ocrx_word' id='word_1_734' title='bbox 3866 4405 4051 4449; x_wconf 88' lang='lat' dir='ltr'><strong>suam</strong></span> <span class='ocrx_word' id='word_1_735' title='bbox 4096 4387 4301 4453; x_wconf 91' lang='lat' dir='ltr'><strong>eccle·</strong></span> 
     </span>
     <span class='ocr_line' id='line_1_105' title="bbox 2357 4470 4297 4556; baseline -0.001 -19"><span class='ocrx_word' id='word_1_736' title='bbox 2357 4471 2520 4537; x_wconf 87' lang='lat' dir='ltr'><strong>siam</strong></span> <span class='ocrx_word' id='word_1_737' title='bbox 2567 4471 2660 4533; x_wconf 88' lang='lat' dir='ltr'><strong>ita</strong></span> <span class='ocrx_word' id='word_1_738' title='bbox 2702 4471 3042 4555; x_wconf 86' lang='lat' dir='ltr'><strong>gubernat,</strong></span> <span class='ocrx_word' id='word_1_739' title='bbox 3089 4483 3155 4536; x_wconf 92' lang='lat' dir='ltr'><strong>et</strong></span> <span class='ocrx_word' id='word_1_740' title='bbox 3176 4473 3578 4556; x_wconf 88' lang='lat' dir='ltr'><strong>superiorem</strong></span> <span class='ocrx_word' id='word_1_741' title='bbox 3610 4471 3747 4537; x_wconf 89' lang='lat' dir='ltr'><strong>suis</strong></span> <span class='ocrx_word' id='word_1_742' title='bbox 3784 4470 4080 4536; x_wconf 88' lang='lat' dir='ltr'><strong>hostibus</strong></span> <span class='ocrx_word' id='word_1_743' title='bbox 4124 4474 4297 4538; x_wconf 84' lang='lat' dir='ltr'><strong>facit.</strong></span> 
     </span>
     <span class='ocr_line' id='line_1_106' title="bbox 2526 4553 3256 4641; baseline 0.007 -22"><span class='ocrx_word' id='word_1_744' title='bbox 2526 4553 2671 4621; x_wconf 87' lang='lat' dir='ltr'><strong>Iam</strong></span> <span class='ocrx_word' id='word_1_745' title='bbox 2718 4578 2873 4623; x_wconf 85' lang='lat' dir='ltr'><strong>vero</strong></span> <span class='ocrx_word' id='word_1_746' title='bbox 2916 4559 3110 4641; x_wconf 87' lang='lat' dir='ltr'><strong>agite,</strong></span> <span class='ocrx_word' id='word_1_747' title='bbox 3152 4563 3256 4624; x_wconf 79' lang='lat' dir='ltr'><strong>ete.</strong></span> 
     </span>
    </p>
   </div>
  </div>
 </body>
</html>
