<?xml version="1.0" encoding="UTF-8"?>
<!DOCTYPE html PUBLIC "-//W3C//DTD XHTML 1.0 Transitional//EN"
    "http://www.w3.org/TR/xhtml1/DTD/xhtml1-transitional.dtd">
<html xmlns="http://www.w3.org/1999/xhtml" xml:lang="en" lang="en">
 <head>
  <title>
</title>
<meta http-equiv="Content-Type" content="text/html;charset=utf-8" />
  <meta name='ocr-system' content='tesseract 3.04.00' />
  <meta name='ocr-capabilities' content='ocr_page ocr_carea ocr_par ocr_line ocrx_word'/>
</head>
<body>
  <div class='ocr_page' id='page_1' title='image "./ioanniscalvinio07unkngoog_0402.png"; bbox 0 0 5059 6059; ppageno 0'>
   <div class='ocr_carea' id='block_1_1' title="bbox 880 333 1013 400">
    <p class='ocr_par' dir='ltr' id='par_1_1' title="bbox 880 333 1013 400">
     <span class='ocr_line' id='line_1_1' title="bbox 880 333 1013 400; baseline 0.015 -1"><span class='ocrx_word' id='word_1_1' title='bbox 880 333 1013 400; x_wconf 83' lang='lat'><strong>699</strong></span> 
     </span>
    </p>
   </div>
   <div class='ocr_carea' id='block_1_2' title="bbox 2528 330 4753 406">
    <p class='ocr_par' dir='ltr' id='par_1_2' title="bbox 2528 330 4753 406">
     <span class='ocr_line' id='line_1_2' title="bbox 2528 330 4753 406; baseline 0.002 -8"><span class='ocrx_word' id='word_1_2' title='bbox 2528 330 2937 398; x_wconf 84' lang='lat' dir='ltr'><strong>HOMILIA</strong></span> <span class='ocrx_word' id='word_1_3' title='bbox 2982 330 3209 398; x_wconf 85' lang='lat' dir='ltr'>XLII.</span> <span class='ocrx_word' id='word_1_4' title='bbox 4667 338 4753 406; x_wconf 81' lang='lat'><strong>700</strong></span> 
     </span>
    </p>
   </div>
   <div class='ocr_carea' id='block_1_3' title="bbox 878 519 4760 693">
    <p class='ocr_par' dir='ltr' id='par_1_3' title="bbox 878 519 4760 693">
     <span class='ocr_line' id='line_1_3' title="bbox 878 519 4757 613; baseline 0.001 -24"><span class='ocrx_word' id='word_1_5' title='bbox 878 531 1136 590; x_wconf 90' lang='lat' dir='ltr'><strong>tantum</strong></span> <span class='ocrx_word' id='word_1_6' title='bbox 1183 521 1323 586; x_wconf 87' lang='lat' dir='ltr'><strong>vioe</strong></span> <span class='ocrx_word' id='word_1_7' title='bbox 1366 520 1583 586; x_wconf 89' lang='lat' dir='ltr'><strong>Deum</strong></span> <span class='ocrx_word' id='word_1_8' title='bbox 1629 520 1710 585; x_wconf 88' lang='lat' dir='ltr'><strong>ad</strong></span> <span class='ocrx_word' id='word_1_9' title='bbox 1756 521 1922 586; x_wconf 90' lang='lat' dir='ltr'><strong>iram</strong></span> <span class='ocrx_word' id='word_1_10' title='bbox 1964 532 2406 605; x_wconf 89' lang='lat' dir='ltr'><strong>provocarunt</strong></span> <span class='ocrx_word' id='word_1_11' title='bbox 2421 569 2437 600; x_wconf 92' lang='lat'><strong>,</strong></span> <span class='ocrx_word' id='word_1_12' title='bbox 2484 529 2562 587; x_wconf 93' lang='lat' dir='ltr'><strong>ut</strong></span> <span class='ocrx_word' id='word_1_13' title='bbox 2603 522 2816 608; x_wconf 89' lang='lat' dir='ltr'><strong>virgis</strong></span> <span class='ocrx_word' id='word_1_14' title='bbox 2918 521 3228 586; x_wconf 89' lang='lat' dir='ltr'><strong>bonitatis</strong></span> <span class='ocrx_word' id='word_1_15' title='bbox 3274 529 3340 585; x_wconf 93' lang='lat' dir='ltr'><strong>et</strong></span> <span class='ocrx_word' id='word_1_16' title='bbox 3382 521 3621 587; x_wconf 80' lang='lat' dir='ltr'><strong>favoris</strong></span> <span class='ocrx_word' id='word_1_17' title='bbox 3675 519 3791 585; x_wconf 87' lang='lat' dir='ltr'><strong>dat</strong></span> <span class='ocrx_word' id='word_1_18' title='bbox 3831 521 4369 603; x_wconf 87' lang='lat' dir='ltr'><strong>experimentum,</strong></span> <span class='ocrx_word' id='word_1_19' title='bbox 4415 533 4575 589; x_wconf 76' lang='lat' dir='ltr'><strong>tanto</strong></span> <span class='ocrx_word' id='word_1_20' title='bbox 4608 531 4757 613; x_wconf 75' lang='lat' dir='ltr'><strong>magis</strong></span> 
     </span>
     <span class='ocr_line' id='line_1_4' title="bbox 878 604 4760 693; baseline 0 -18"><span class='ocrx_word' id='word_1_21' title='bbox 878 609 1026 675; x_wconf 85' lang='lat' dir='ltr'><strong>illos</strong></span> <span class='ocrx_word' id='word_1_22' title='bbox 1067 607 1334 674; x_wconf 82' lang='lat' dir='ltr'><strong>caedere</strong></span> <span class='ocrx_word' id='word_1_23' title='bbox 1376 615 1638 672; x_wconf 89' lang='lat' dir='ltr'><strong>coactus</strong></span> <span class='ocrx_word' id='word_1_24' title='bbox 1680 606 1803 672; x_wconf 90' lang='lat' dir='ltr'><strong>sit:</strong></span> <span class='ocrx_word' id='word_1_25' title='bbox 1863 606 1977 672; x_wconf 92' lang='lat' dir='ltr'><strong>sed</strong></span> <span class='ocrx_word' id='word_1_26' title='bbox 2027 606 2303 673; x_wconf 75' lang='lat' dir='ltr'>subinde</span> <span class='ocrx_word' id='word_1_27' title='bbox 2338 609 2423 672; x_wconf 90' lang='lat' dir='ltr'><strong>ad</strong></span> <span class='ocrx_word' id='word_1_28' title='bbox 2478 607 2816 693; x_wconf 80' lang='lat' dir='ltr'>ingenium</span> <span class='ocrx_word' id='word_1_29' title='bbox 2917 607 2985 672; x_wconf 93' lang='lat' dir='ltr'><strong>in</strong></span> <span class='ocrx_word' id='word_1_30' title='bbox 3043 606 3184 672; x_wconf 89' lang='lat' dir='ltr'><strong>eius</strong></span> <span class='ocrx_word' id='word_1_31' title='bbox 3238 605 3647 690; x_wconf 89' lang='lat' dir='ltr'><strong>providentia</strong></span> <span class='ocrx_word' id='word_1_32' title='bbox 3703 604 4268 689; x_wconf 89' lang='lat' dir='ltr'><strong>acquiescendum:</strong></span> <span class='ocrx_word' id='word_1_33' title='bbox 4329 628 4404 674; x_wconf 89' lang='lat' dir='ltr'><strong>ac</strong></span> <span class='ocrx_word' id='word_1_34' title='bbox 4455 610 4681 692; x_wconf 79' lang='lat' dir='ltr'>proinde</span> <span class='ocrx_word' id='word_1_35' title='bbox 4721 618 4760 682; x_wconf 70' lang='lat' dir='ltr'><strong>ei</strong></span> 
     </span>
    </p>
   </div>
   <div class='ocr_carea' id='block_1_4' title="bbox 884 692 1359 762">
    <p class='ocr_par' dir='ltr' id='par_1_4' title="bbox 884 692 1359 762">
     <span class='ocr_line' id='line_1_5' title="bbox 884 692 1359 762; baseline -0.015 1"><span class='ocrx_word' id='word_1_36' title='bbox 884 692 1130 762; x_wconf 87' lang='lat' dir='ltr'><strong>reversi</strong></span> <span class='ocrx_word' id='word_1_37' title='bbox 1186 702 1359 757; x_wconf 91' lang='lat' dir='ltr'><strong>sunt.</strong></span> 
     </span>
    </p>
   </div>
   <div class='ocr_carea' id='block_1_5' title="bbox 1471 690 4759 778">
    <p class='ocr_par' dir='ltr' id='par_1_5' title="bbox 1471 690 4759 778">
     <span class='ocr_line' id='line_1_6' title="bbox 1471 690 4759 778; baseline 0.003 -23"><span class='ocrx_word' id='word_1_38' title='bbox 1471 690 1614 757; x_wconf 92' lang='lat' dir='ltr'><strong>Deo</strong></span> <span class='ocrx_word' id='word_1_39' title='bbox 1679 693 1854 758; x_wconf 90' lang='lat' dir='ltr'><strong>enim</strong></span> <span class='ocrx_word' id='word_1_40' title='bbox 1917 692 2297 759; x_wconf 78' lang='lat' dir='ltr'><strong>liberatores</strong></span> <span class='ocrx_word' id='word_1_41' title='bbox 2366 691 2521 771; x_wconf 90' lang='lat' dir='ltr'><strong>illis,</strong></span> <span class='ocrx_word' id='word_1_42' title='bbox 2606 693 2817 777; x_wconf 91' lang='lat' dir='ltr'><strong>qualis</strong></span> <span class='ocrx_word' id='word_1_43' title='bbox 2916 693 2988 758; x_wconf 89' lang='lat' dir='ltr'><strong>in</strong></span> <span class='ocrx_word' id='word_1_44' title='bbox 3030 693 3216 758; x_wconf 90' lang='lat' dir='ltr'><strong>nobis</strong></span> <span class='ocrx_word' id='word_1_45' title='bbox 3260 692 3722 759; x_wconf 84' lang='lat' dir='ltr'><strong>conservandis</strong></span> <span class='ocrx_word' id='word_1_46' title='bbox 3767 692 3976 774; x_wconf 91' lang='lat' dir='ltr'><strong>ipsius</strong></span> <span class='ocrx_word' id='word_1_47' title='bbox 4020 694 4330 758; x_wconf 87' lang='lat' dir='ltr'><strong>virtutem</strong></span> <span class='ocrx_word' id='word_1_48' title='bbox 4375 701 4443 760; x_wconf 89' lang='lat' dir='ltr'><strong>et</strong></span> <span class='ocrx_word' id='word_1_49' title='bbox 4481 701 4759 778; x_wconf 76' lang='lat' dir='ltr'><strong>potentiam</strong></span> 
     </span>
    </p>
   </div>
   <div class='ocr_carea' id='block_1_6' title="bbox 881 776 4759 863">
    <p class='ocr_par' dir='ltr' id='par_1_6' title="bbox 881 776 4759 863">
     <span class='ocr_line' id='line_1_7' title="bbox 881 776 4759 863; baseline 0.001 -17"><span class='ocrx_word' id='word_1_50' title='bbox 881 781 1007 846; x_wconf 80' lang='lat' dir='ltr'><strong>fuit</strong></span> <span class='ocrx_word' id='word_1_51' title='bbox 1061 777 1344 861; x_wconf 89' lang='lat' dir='ltr'><strong>Iephthe</strong></span> <span class='ocrx_word' id='word_1_52' title='bbox 1389 787 1456 843; x_wconf 90' lang='lat' dir='ltr'><strong>et</strong></span> <span class='ocrx_word' id='word_1_53' title='bbox 1498 777 1630 856; x_wconf 88' lang='lat' dir='ltr'><strong>alii,</strong></span> <span class='ocrx_word' id='word_1_54' title='bbox 1686 779 2062 857; x_wconf 89' lang='lat' dir='ltr'><strong>suscitante,</strong></span> <span class='ocrx_word' id='word_1_55' title='bbox 2118 778 2554 845; x_wconf 74' lang='lat' dir='ltr'><strong>obedientiam</strong></span> <span class='ocrx_word' id='word_1_56' title='bbox 2615 799 2818 861; x_wconf 89' lang='lat' dir='ltr'><strong>quan-</strong></span> <span class='ocrx_word' id='word_1_57' title='bbox 2916 778 3396 863; x_wconf 86' lang='lat' dir='ltr'><strong>agnoverimus,</strong></span> <span class='ocrx_word' id='word_1_58' title='bbox 3457 776 3537 843; x_wconf 91' lang='lat' dir='ltr'><strong>de</strong></span> <span class='ocrx_word' id='word_1_59' title='bbox 3592 798 3718 861; x_wconf 84' lang='lat' dir='ltr'><strong>qua</strong></span> <span class='ocrx_word' id='word_1_60' title='bbox 3774 790 3991 843; x_wconf 88' lang='lat' dir='ltr'><strong>tamen</strong></span> <span class='ocrx_word' id='word_1_61' title='bbox 4054 778 4288 844; x_wconf 88' lang='lat' dir='ltr'><strong>deinde</strong></span> <span class='ocrx_word' id='word_1_62' title='bbox 4343 778 4617 846; x_wconf 87' lang='lat' dir='ltr'><strong>dubitare</strong></span> <span class='ocrx_word' id='word_1_63' title='bbox 4645 783 4759 851; x_wconf 79' lang='lat' dir='ltr'><strong>inci·</strong></span> 
     </span>
    </p>
   </div>
   <div class='ocr_carea' id='block_1_7' title="bbox 876 862 2816 5144">
    <p class='ocr_par' dir='ltr' id='par_1_7' title="bbox 882 862 2816 1378">
     <span class='ocr_line' id='line_1_8' title="bbox 883 862 2813 948; baseline -0.001 -17"><span class='ocrx_word' id='word_1_64' title='bbox 883 868 1033 932; x_wconf 85' lang='lat' dir='ltr'><strong>dam</strong></span> <span class='ocrx_word' id='word_1_65' title='bbox 1076 866 1146 929; x_wconf 92' lang='lat' dir='ltr'><strong>in</strong></span> <span class='ocrx_word' id='word_1_66' title='bbox 1190 872 1523 948; x_wconf 91' lang='lat' dir='ltr'><strong>posterum</strong></span> <span class='ocrx_word' id='word_1_67' title='bbox 1566 863 1984 944; x_wconf 75' lang='lat' dir='ltr'><strong>simulabant,</strong></span> <span class='ocrx_word' id='word_1_68' title='bbox 2029 863 2143 931; x_wconf 87' lang='lat' dir='ltr'><strong>sed</strong></span> <span class='ocrx_word' id='word_1_69' title='bbox 2189 874 2459 948; x_wconf 88' lang='lat' dir='ltr'><strong>repente</strong></span> <span class='ocrx_word' id='word_1_70' title='bbox 2501 862 2587 930; x_wconf 88' lang='lat' dir='ltr'><strong>ad</strong></span> <span class='ocrx_word' id='word_1_71' title='bbox 2627 866 2813 946; x_wconf 83' lang='lat' dir='ltr'><strong>inge·</strong></span> 
     </span>
     <span class='ocr_line' id='line_1_9' title="bbox 882 947 2816 1035; baseline -0.001 -18"><span class='ocrx_word' id='word_1_72' title='bbox 882 954 1064 1017; x_wconf 89' lang='lat' dir='ltr'><strong>nium</strong></span> <span class='ocrx_word' id='word_1_73' title='bbox 1123 950 1639 1015; x_wconf 81' lang='lat' dir='ltr'><strong>revertebantur.</strong></span> <span class='ocrx_word' id='word_1_74' title='bbox 1730 948 2062 1031; x_wconf 79' lang='lat' dir='ltr'><strong>Quamdiu</strong></span> <span class='ocrx_word' id='word_1_75' title='bbox 2104 950 2328 1033; x_wconf 88' lang='lat' dir='ltr'><strong>itaque</strong></span> <span class='ocrx_word' id='word_1_76' title='bbox 2370 950 2603 1035; x_wconf 88' lang='lat' dir='ltr'><strong>poenis</strong></span> <span class='ocrx_word' id='word_1_77' title='bbox 2647 947 2816 1016; x_wconf 84' lang='lat' dir='ltr'><strong>affli-</strong></span> 
     </span>
     <span class='ocr_line' id='line_1_10' title="bbox 883 1034 2806 1122; baseline -0.001 -19"><span class='ocrx_word' id='word_1_78' title='bbox 883 1039 1224 1122; x_wconf 86' lang='lat' dir='ltr'><strong>gebantur,</strong></span> <span class='ocrx_word' id='word_1_79' title='bbox 1304 1036 1359 1101; x_wconf 91' lang='lat' dir='ltr'><strong>si</strong></span> <span class='ocrx_word' id='word_1_80' title='bbox 1438 1034 1851 1101; x_wconf 80' lang='lat' dir='ltr'><strong>liberatorem</strong></span> <span class='ocrx_word' id='word_1_81' title='bbox 1916 1035 2100 1101; x_wconf 91' lang='lat' dir='ltr'><strong>Deus</strong></span> <span class='ocrx_word' id='word_1_82' title='bbox 2176 1034 2481 1117; x_wconf 88' lang='lat' dir='ltr'><strong>mitteret,</strong></span> <span class='ocrx_word' id='word_1_83' title='bbox 2564 1037 2806 1103; x_wconf 90' lang='lat' dir='ltr'><strong>mirum</strong></span> 
     </span>
     <span class='ocr_line' id='line_1_11' title="bbox 883 1119 2813 1190; baseline -0.001 -1"><span class='ocrx_word' id='word_1_84' title='bbox 883 1122 1181 1189; x_wconf 88' lang='lat' dir='ltr'><strong>ardorem</strong></span> <span class='ocrx_word' id='word_1_85' title='bbox 1240 1128 1310 1187; x_wconf 90' lang='lat' dir='ltr'><strong>et</strong></span> <span class='ocrx_word' id='word_1_86' title='bbox 1363 1119 1572 1186; x_wconf 75' lang='lat' dir='ltr'><strong>zelum</strong></span> <span class='ocrx_word' id='word_1_87' title='bbox 1632 1120 1714 1186; x_wconf 88' lang='lat' dir='ltr'><strong>ad</strong></span> <span class='ocrx_word' id='word_1_88' title='bbox 1769 1119 1986 1186; x_wconf 89' lang='lat' dir='ltr'><strong>Deum</strong></span> <span class='ocrx_word' id='word_1_89' title='bbox 2046 1142 2130 1187; x_wconf 89' lang='lat' dir='ltr'><strong>ex</strong></span> <span class='ocrx_word' id='word_1_90' title='bbox 2186 1120 2406 1187; x_wconf 90' lang='lat' dir='ltr'><strong>animo</strong></span> <span class='ocrx_word' id='word_1_91' title='bbox 2462 1121 2813 1190; x_wconf 90' lang='lat' dir='ltr'><strong>colendum</strong></span> 
     </span>
     <span class='ocr_line' id='line_1_12' title="bbox 883 1205 2810 1293; baseline -0.001 -18"><span class='ocrx_word' id='word_1_92' title='bbox 883 1228 1042 1293; x_wconf 81' lang='lat' dir='ltr'><strong>prae</strong></span> <span class='ocrx_word' id='word_1_93' title='bbox 1084 1228 1156 1275; x_wconf 89' lang='lat' dir='ltr'><strong>se</strong></span> <span class='ocrx_word' id='word_1_94' title='bbox 1196 1205 1512 1285; x_wconf 84' lang='lat' dir='ltr'><strong>ferebant,</strong></span> <span class='ocrx_word' id='word_1_95' title='bbox 1561 1206 1674 1272; x_wconf 89' lang='lat' dir='ltr'><strong>sed</strong></span> <span class='ocrx_word' id='word_1_96' title='bbox 1716 1214 2208 1273; x_wconf 89' lang='lat' dir='ltr'><strong>momentaneus</strong></span> <span class='ocrx_word' id='word_1_97' title='bbox 2250 1216 2506 1274; x_wconf 86' lang='lat' dir='ltr'><strong>tantum</strong></span> <span class='ocrx_word' id='word_1_98' title='bbox 2551 1206 2810 1292; x_wconf 88' lang='lat' dir='ltr'><strong>quidem</strong></span> 
     </span>
     <span class='ocr_line' id='line_1_13' title="bbox 883 1292 2811 1378; baseline -0.001 -17"><span class='ocrx_word' id='word_1_99' title='bbox 883 1304 1026 1361; x_wconf 90' lang='lat' dir='ltr'><strong>erat</strong></span> <span class='ocrx_word' id='word_1_100' title='bbox 1083 1304 1317 1373; x_wconf 87' lang='lat' dir='ltr'><strong>motus,</strong></span> <span class='ocrx_word' id='word_1_101' title='bbox 1374 1302 1688 1376; x_wconf 87' lang='lat' dir='ltr'><strong>tanquam</strong></span> <span class='ocrx_word' id='word_1_102' title='bbox 1746 1292 1921 1378; x_wconf 88' lang='lat' dir='ltr'><strong>ignis</strong></span> <span class='ocrx_word' id='word_1_103' title='bbox 1977 1315 2014 1358; x_wconf 93' lang='lat' dir='ltr'><strong>e</strong></span> <span class='ocrx_word' id='word_1_104' title='bbox 2057 1299 2267 1376; x_wconf 88' lang='lat' dir='ltr'><strong>stupa,</strong></span> <span class='ocrx_word' id='word_1_105' title='bbox 2328 1293 2436 1359; x_wconf 86' lang='lat' dir='ltr'><strong>vel</strong></span> <span class='ocrx_word' id='word_1_106' title='bbox 2470 1293 2686 1378; x_wconf 85' lang='lat' dir='ltr'><strong>fulgor</strong></span> <span class='ocrx_word' id='word_1_107' title='bbox 2728 1315 2811 1359; x_wconf 88' lang='lat' dir='ltr'><strong>ex</strong></span> 
     </span>
    </p>

    <p class='ocr_par' dir='ltr' id='par_1_8' title="bbox 880 1377 2814 3840">
     <span class='ocr_line' id='line_1_14' title="bbox 967 1377 2812 1463; baseline 0.001 -18"><span class='ocrx_word' id='word_1_108' title='bbox 967 1379 1078 1461; x_wconf 91' lang='lat' dir='ltr'><strong>lvi,</strong></span> <span class='ocrx_word' id='word_1_109' title='bbox 1135 1382 1248 1463; x_wconf 90' lang='lat' dir='ltr'><strong>qui</strong></span> <span class='ocrx_word' id='word_1_110' title='bbox 1303 1378 1526 1444; x_wconf 87' lang='lat' dir='ltr'><strong>statim</strong></span> <span class='ocrx_word' id='word_1_111' title='bbox 1588 1377 2046 1445; x_wconf 75' lang='lat' dir='ltr'><strong>evanescebat:</strong></span> <span class='ocrx_word' id='word_1_112' title='bbox 2104 1398 2179 1444; x_wconf 92' lang='lat' dir='ltr'><strong>ac</strong></span> <span class='ocrx_word' id='word_1_113' title='bbox 2234 1379 2500 1461; x_wconf 87' lang='lat' dir='ltr'><strong>proinde</strong></span> <span class='ocrx_word' id='word_1_114' title='bbox 2559 1381 2812 1462; x_wconf 85' lang='lat' dir='ltr'><strong>quoties</strong></span> 
     </span>
     <span class='ocr_line' id='line_1_15' title="bbox 887 1402 2809 1548; baseline -0.001 -16"><span class='ocrx_word' id='word_1_115' title='bbox 887 1402 1012 1533; x_wconf 45' lang='grc' dir='ltr'><strong>ξεί</strong></span> <span class='ocrx_word' id='word_1_116' title='bbox 1077 1485 1275 1530; x_wconf 91' lang='lat' dir='ltr'><strong>manu</strong></span> <span class='ocrx_word' id='word_1_117' title='bbox 1338 1465 1408 1529; x_wconf 90' lang='lat' dir='ltr'><strong>in</strong></span> <span class='ocrx_word' id='word_1_118' title='bbox 1476 1463 1844 1529; x_wconf 89' lang='lat' dir='ltr'><strong>libertatem</strong></span> <span class='ocrx_word' id='word_1_119' title='bbox 1906 1462 2123 1529; x_wconf 82' lang='lat' dir='ltr'><strong>vocati</strong></span> <span class='ocrx_word' id='word_1_120' title='bbox 2176 1474 2350 1544; x_wconf 90' lang='lat' dir='ltr'><strong>sunt,</strong></span> <span class='ocrx_word' id='word_1_121' title='bbox 2414 1485 2673 1548; x_wconf 87' lang='lat' dir='ltr'><strong>semper</strong></span> <span class='ocrx_word' id='word_1_122' title='bbox 2728 1465 2809 1530; x_wconf 88' lang='lat' dir='ltr'><strong>ad</strong></span> 
     </span>
     <span class='ocr_line' id='line_1_16' title="bbox 883 1549 2809 1634; baseline -0.002 -15"><span class='ocrx_word' id='word_1_123' title='bbox 883 1549 1355 1619; x_wconf 89' lang='lat' dir='ltr'><strong>contumaciam</strong></span> <span class='ocrx_word' id='word_1_124' title='bbox 1401 1569 1584 1615; x_wconf 91' lang='lat' dir='ltr'><strong>suam</strong></span> <span class='ocrx_word' id='word_1_125' title='bbox 1629 1549 1873 1616; x_wconf 87' lang='lat' dir='ltr'><strong>reversi</strong></span> <span class='ocrx_word' id='word_1_126' title='bbox 1914 1558 2086 1628; x_wconf 88' lang='lat' dir='ltr'><strong>sunt,</strong></span> <span class='ocrx_word' id='word_1_127' title='bbox 2131 1549 2475 1634; x_wconf 87' lang='lat' dir='ltr'><strong>Deumque</strong></span> <span class='ocrx_word' id='word_1_128' title='bbox 2518 1551 2602 1616; x_wconf 90' lang='lat' dir='ltr'><strong>ad</strong></span> <span class='ocrx_word' id='word_1_129' title='bbox 2644 1554 2809 1616; x_wconf 88' lang='lat' dir='ltr'><strong>iram</strong></span> 
     </span>
     <span class='ocr_line' id='line_1_17' title="bbox 882 1634 2813 1721; baseline 0.001 -18"><span class='ocrx_word' id='word_1_130' title='bbox 882 1656 1238 1721; x_wconf 86' lang='lat' dir='ltr'><strong>provocare</strong></span> <span class='ocrx_word' id='word_1_131' title='bbox 1293 1643 1660 1719; x_wconf 88' lang='lat' dir='ltr'><strong>coeperunt.</strong></span> <span class='ocrx_word' id='word_1_132' title='bbox 1760 1634 2001 1701; x_wconf 81' lang='lat' dir='ltr'><strong>Merito</strong></span> <span class='ocrx_word' id='word_1_133' title='bbox 2063 1636 2284 1718; x_wconf 88' lang='lat' dir='ltr'><strong>itaque</strong></span> <span class='ocrx_word' id='word_1_134' title='bbox 2341 1636 2611 1702; x_wconf 82' lang='lat' dir='ltr'><strong>Samuel</strong></span> <span class='ocrx_word' id='word_1_135' title='bbox 2668 1637 2813 1704; x_wconf 89' lang='lat' dir='ltr'><strong>istis</strong></span> 
     </span>
     <span class='ocr_line' id='line_1_18' title="bbox 882 1720 2812 1806; baseline -0.001 -17"><span class='ocrx_word' id='word_1_136' title='bbox 882 1723 1122 1803; x_wconf 88' lang='lat' dir='ltr'><strong>obiicit,</strong></span> <span class='ocrx_word' id='word_1_137' title='bbox 1178 1721 1350 1805; x_wconf 89' lang='lat' dir='ltr'><strong>quod</strong></span> <span class='ocrx_word' id='word_1_138' title='bbox 1408 1720 1652 1805; x_wconf 83' lang='lat' dir='ltr'><strong>duplici</strong></span> <span class='ocrx_word' id='word_1_139' title='bbox 1708 1720 1981 1786; x_wconf 89' lang='lat' dir='ltr'><strong>crimine</strong></span> <span class='ocrx_word' id='word_1_140' title='bbox 2038 1726 2440 1801; x_wconf 90' lang='lat' dir='ltr'><strong>tenerentur,</strong></span> <span class='ocrx_word' id='word_1_141' title='bbox 2505 1723 2812 1806; x_wconf 89' lang='lat' dir='ltr'><strong>quoniam</strong></span> 
     </span>
     <span class='ocr_line' id='line_1_19' title="bbox 885 1806 2810 1892; baseline -0.001 -18"><span class='ocrx_word' id='word_1_142' title='bbox 885 1829 924 1874; x_wconf 85' lang='lat' dir='ltr'><strong>a</strong></span> <span class='ocrx_word' id='word_1_143' title='bbox 969 1806 1110 1874; x_wconf 90' lang='lat' dir='ltr'><strong>Deo</strong></span> <span class='ocrx_word' id='word_1_144' title='bbox 1154 1806 1455 1892; x_wconf 85' lang='lat' dir='ltr'><strong>castigati</strong></span> <span class='ocrx_word' id='word_1_145' title='bbox 1497 1806 1667 1872; x_wconf 89' lang='lat' dir='ltr'><strong>nihil</strong></span> <span class='ocrx_word' id='word_1_146' title='bbox 1711 1806 2148 1890; x_wconf 75' lang='lat' dir='ltr'><strong>profecissent,</strong></span> <span class='ocrx_word' id='word_1_147' title='bbox 2194 1828 2404 1891; x_wconf 90' lang='lat' dir='ltr'><strong>neque</strong></span> <span class='ocrx_word' id='word_1_148' title='bbox 2437 1808 2810 1892; x_wconf 88' lang='lat' dir='ltr'><strong>castigatio·</strong></span> 
     </span>
     <span class='ocr_line' id='line_1_20' title="bbox 885 1891 2812 1977; baseline -0.001 -18"><span class='ocrx_word' id='word_1_149' title='bbox 885 1894 1077 1960; x_wconf 90' lang='lat' dir='ltr'><strong>nibus</strong></span> <span class='ocrx_word' id='word_1_150' title='bbox 1134 1892 1460 1959; x_wconf 89' lang='lat' dir='ltr'><strong>emendati</strong></span> <span class='ocrx_word' id='word_1_151' title='bbox 1517 1901 1753 1958; x_wconf 82' lang='lat' dir='ltr'><strong>essent.</strong></span> <span class='ocrx_word' id='word_1_152' title='bbox 1841 1891 2093 1958; x_wconf 87' lang='lat' dir='ltr'><strong>Idcirco</strong></span> <span class='ocrx_word' id='word_1_153' title='bbox 2139 1892 2322 1958; x_wconf 91' lang='lat' dir='ltr'><strong>Deus</strong></span> <span class='ocrx_word' id='word_1_154' title='bbox 2380 1894 2577 1959; x_wconf 90' lang='lat' dir='ltr'><strong>etiam</strong></span> <span class='ocrx_word' id='word_1_155' title='bbox 2638 1893 2812 1977; x_wconf 88' lang='lat' dir='ltr'><strong>apud</strong></span> 
     </span>
     <span class='ocr_line' id='line_1_21' title="bbox 881 1978 2812 2064; baseline -0.001 -19"><span class='ocrx_word' id='word_1_156' title='bbox 881 1980 1152 2047; x_wconf 76' lang='lat' dir='ltr'><strong>Esaiam</strong></span> <span class='ocrx_word' id='word_1_157' title='bbox 1244 1979 1580 2061; x_wconf 89' lang='lat' dir='ltr'><strong>rophetam</strong></span> <span class='ocrx_word' id='word_1_158' title='bbox 1624 1979 2064 2061; x_wconf 81' lang='lat' dir='ltr'><strong>conqueritur,</strong></span> <span class='ocrx_word' id='word_1_159' title='bbox 2108 1999 2178 2043; x_wconf 90' lang='lat' dir='ltr'><strong>se</strong></span> <span class='ocrx_word' id='word_1_160' title='bbox 2213 1978 2377 2043; x_wconf 91' lang='lat' dir='ltr'><strong>nihil</strong></span> <span class='ocrx_word' id='word_1_161' title='bbox 2411 1980 2812 2064; x_wconf 83' lang='lat' dir='ltr'><strong>promovisse</strong></span> 
     </span>
     <span class='ocr_line' id='line_1_22' title="bbox 880 2063 2811 2150; baseline -0.002 -17"><span class='ocrx_word' id='word_1_162' title='bbox 880 2067 1176 2150; x_wconf 87' lang='lat' dir='ltr'><strong>castigan</strong></span> <span class='ocrx_word' id='word_1_163' title='bbox 1224 2085 1262 2129; x_wconf 95' lang='lat' dir='ltr'><strong>o</strong></span> <span class='ocrx_word' id='word_1_164' title='bbox 1330 2063 1643 2147; x_wconf 90' lang='lat' dir='ltr'><strong>populum</strong></span> <span class='ocrx_word' id='word_1_165' title='bbox 1707 2083 1898 2129; x_wconf 91' lang='lat' dir='ltr'><strong>suum</strong></span> <span class='ocrx_word' id='word_1_166' title='bbox 1977 2063 2419 2131; x_wconf 80' lang='lat' dir='ltr'><strong>israeliticum.</strong></span> <span class='ocrx_word' id='word_1_167' title='bbox 2503 2063 2811 2149; x_wconf 89' lang='lat' dir='ltr'><strong>Operam,</strong></span> 
     </span>
     <span class='ocr_line' id='line_1_23' title="bbox 882 2147 2810 2236; baseline -0.002 -19"><span class='ocrx_word' id='word_1_168' title='bbox 882 2152 1114 2236; x_wconf 90' lang='lat' dir='ltr'><strong>inquit,</strong></span> <span class='ocrx_word' id='word_1_169' title='bbox 1171 2147 1445 2233; x_wconf 90' lang='lat' dir='ltr'><strong>perdidi,</strong></span> <span class='ocrx_word' id='word_1_170' title='bbox 1506 2148 1673 2232; x_wconf 90' lang='lat' dir='ltr'><strong>quod</strong></span> <span class='ocrx_word' id='word_1_171' title='bbox 1733 2148 1898 2214; x_wconf 90' lang='lat' dir='ltr'><strong>nihil</strong></span> <span class='ocrx_word' id='word_1_172' title='bbox 1955 2149 2042 2214; x_wconf 89' lang='lat' dir='ltr'><strong>sit</strong></span> <span class='ocrx_word' id='word_1_173' title='bbox 2096 2169 2251 2232; x_wconf 91' lang='lat' dir='ltr'><strong>prae</strong></span> <span class='ocrx_word' id='word_1_174' title='bbox 2293 2150 2546 2216; x_wconf 90' lang='lat' dir='ltr'><strong>ictuum</strong></span> <span class='ocrx_word' id='word_1_175' title='bbox 2590 2151 2810 2216; x_wconf 89' lang='lat' dir='ltr'><strong>multi·</strong></span> 
     </span>
     <span class='ocr_line' id='line_1_24' title="bbox 881 2236 2812 2320; baseline -0.001 -18"><span class='ocrx_word' id='word_1_176' title='bbox 881 2237 1114 2302; x_wconf 90' lang='lat' dir='ltr'><strong>tudine</strong></span> <span class='ocrx_word' id='word_1_177' title='bbox 1171 2236 1520 2319; x_wconf 88' lang='lat' dir='ltr'><strong>integrum,</strong></span> <span class='ocrx_word' id='word_1_178' title='bbox 1588 2246 1655 2301; x_wconf 90' lang='lat' dir='ltr'><strong>et</strong></span> <span class='ocrx_word' id='word_1_179' title='bbox 1709 2242 1932 2300; x_wconf 90' lang='lat' dir='ltr'><strong>tamen</strong></span> <span class='ocrx_word' id='word_1_180' title='bbox 1989 2254 2126 2299; x_wconf 90' lang='lat' dir='ltr'><strong>non</strong></span> <span class='ocrx_word' id='word_1_181' title='bbox 2170 2236 2429 2318; x_wconf 85' lang='lat' dir='ltr'><strong>egerint</strong></span> <span class='ocrx_word' id='word_1_182' title='bbox 2470 2236 2812 2320; x_wconf 89' lang='lat' dir='ltr'><strong>poeniten-</strong></span> 
     </span>
     <span class='ocr_line' id='line_1_25' title="bbox 884 2318 2814 2404; baseline 0 -17"><span class='ocrx_word' id='word_1_183' title='bbox 884 2324 1062 2388; x_wconf 88' lang='lat' dir='ltr'><strong>tiam.</strong></span> <span class='ocrx_word' id='word_1_184' title='bbox 1151 2318 1718 2402; x_wconf 73' lang='lat' dir='ltr'><strong>Quemadmodum</strong></span> <span class='ocrx_word' id='word_1_185' title='bbox 1778 2341 1933 2386; x_wconf 90' lang='lat' dir='ltr'><strong>vero</strong></span> <span class='ocrx_word' id='word_1_186' title='bbox 1987 2339 2224 2404; x_wconf 89' lang='lat' dir='ltr'><strong>parens</strong></span> <span class='ocrx_word' id='word_1_187' title='bbox 2285 2321 2521 2404; x_wconf 89' lang='lat' dir='ltr'><strong>aliquis</strong></span> <span class='ocrx_word' id='word_1_188' title='bbox 2565 2322 2814 2388; x_wconf 85' lang='lat' dir='ltr'><strong>frustra</strong></span> 
     </span>
     <span class='ocr_line' id='line_1_26' title="bbox 883 2405 2812 2473; baseline -0.001 -1"><span class='ocrx_word' id='word_1_189' title='bbox 883 2407 1153 2473; x_wconf 88' lang='lat' dir='ltr'><strong>tentatis</strong></span> <span class='ocrx_word' id='word_1_190' title='bbox 1196 2405 1498 2470; x_wconf 90' lang='lat' dir='ltr'><strong>omnibus</strong></span> <span class='ocrx_word' id='word_1_191' title='bbox 1539 2405 1747 2471; x_wconf 91' lang='lat' dir='ltr'><strong>modis</strong></span> <span class='ocrx_word' id='word_1_192' title='bbox 1781 2405 1989 2471; x_wconf 89' lang='lat' dir='ltr'><strong>filium</strong></span> <span class='ocrx_word' id='word_1_193' title='bbox 2035 2405 2116 2471; x_wconf 89' lang='lat' dir='ltr'><strong>ad</strong></span> <span class='ocrx_word' id='word_1_194' title='bbox 2150 2405 2487 2472; x_wconf 90' lang='lat' dir='ltr'><strong>meliorem</strong></span> <span class='ocrx_word' id='word_1_195' title='bbox 2522 2416 2812 2472; x_wconf 89' lang='lat' dir='ltr'><strong>mentem</strong></span> 
     </span>
     <span class='ocr_line' id='line_1_27' title="bbox 881 2490 2813 2575; baseline -0.001 -17"><span class='ocrx_word' id='word_1_196' title='bbox 881 2490 1248 2575; x_wconf 86' lang='lat' dir='ltr'><strong>revocandi,</strong></span> <span class='ocrx_word' id='word_1_197' title='bbox 1303 2510 1570 2573; x_wconf 88' lang='lat' dir='ltr'><strong>operam</strong></span> <span class='ocrx_word' id='word_1_198' title='bbox 1628 2511 1698 2557; x_wconf 92' lang='lat' dir='ltr'><strong>se</strong></span> <span class='ocrx_word' id='word_1_199' title='bbox 1752 2491 2039 2558; x_wconf 84' lang='lat' dir='ltr'><strong>inaniter</strong></span> <span class='ocrx_word' id='word_1_200' title='bbox 2097 2491 2333 2558; x_wconf 84' lang='lat' dir='ltr'><strong>lusisse</strong></span> <span class='ocrx_word' id='word_1_201' title='bbox 2389 2492 2813 2559; x_wconf 87' lang='lat' dir='ltr'><strong>vehementer</strong></span> 
     </span>
     <span class='ocr_line' id='line_1_28' title="bbox 887 2576 2814 2660; baseline 0 -17"><span class='ocrx_word' id='word_1_202' title='bbox 887 2578 1063 2643; x_wconf 87' lang='lat' dir='ltr'><strong>dolet</strong></span> <span class='ocrx_word' id='word_1_203' title='bbox 1105 2585 1173 2642; x_wconf 92' lang='lat' dir='ltr'><strong>et</strong></span> <span class='ocrx_word' id='word_1_204' title='bbox 1216 2577 1515 2660; x_wconf 85' lang='lat' dir='ltr'><strong>angitur:</strong></span> <span class='ocrx_word' id='word_1_205' title='bbox 1561 2577 1653 2642; x_wconf 90' lang='lat' dir='ltr'><strong>ita</strong></span> <span class='ocrx_word' id='word_1_206' title='bbox 1695 2576 1864 2644; x_wconf 90' lang='lat' dir='ltr'><strong>scire</strong></span> <span class='ocrx_word' id='word_1_207' title='bbox 1906 2576 2212 2643; x_wconf 88' lang='lat' dir='ltr'><strong>debemus</strong></span> <span class='ocrx_word' id='word_1_208' title='bbox 2258 2578 2474 2645; x_wconf 90' lang='lat' dir='ltr'><strong>Deum</strong></span> <span class='ocrx_word' id='word_1_209' title='bbox 2518 2599 2637 2645; x_wconf 90' lang='lat' dir='ltr'><strong>nos</strong></span> <span class='ocrx_word' id='word_1_210' title='bbox 2681 2578 2814 2644; x_wconf 85' lang='lat' dir='ltr'><strong>vir-</strong></span> 
     </span>
     <span class='ocr_line' id='line_1_29' title="bbox 887 2661 2811 2748; baseline 0 -18"><span class='ocrx_word' id='word_1_211' title='bbox 887 2664 1011 2748; x_wconf 85' lang='lat' dir='ltr'><strong>gis,</strong></span> <span class='ocrx_word' id='word_1_212' title='bbox 1066 2661 1236 2729; x_wconf 90' lang='lat' dir='ltr'><strong>idest</strong></span> <span class='ocrx_word' id='word_1_213' title='bbox 1297 2661 1572 2745; x_wconf 87' lang='lat' dir='ltr'><strong>flagellis</strong></span> <span class='ocrx_word' id='word_1_214' title='bbox 1635 2664 1789 2741; x_wconf 89' lang='lat' dir='ltr'><strong>suis,</strong></span> <span class='ocrx_word' id='word_1_215' title='bbox 1854 2663 2252 2743; x_wconf 89' lang='lat' dir='ltr'><strong>caedentem,</strong></span> <span class='ocrx_word' id='word_1_216' title='bbox 2318 2664 2667 2731; x_wconf 90' lang='lat' dir='ltr'><strong>admonere</strong></span> <span class='ocrx_word' id='word_1_217' title='bbox 2732 2664 2811 2730; x_wconf 91' lang='lat' dir='ltr'><strong>de</strong></span> 
     </span>
     <span class='ocr_line' id='line_1_30' title="bbox 885 2747 2809 2834; baseline -0.001 -19"><span class='ocrx_word' id='word_1_218' title='bbox 885 2749 1184 2834; x_wconf 87' lang='lat' dir='ltr'><strong>peccatis,</strong></span> <span class='ocrx_word' id='word_1_219' title='bbox 1229 2753 1304 2813; x_wconf 88' lang='lat' dir='ltr'><strong>ut</strong></span> <span class='ocrx_word' id='word_1_220' title='bbox 1344 2747 1423 2812; x_wconf 91' lang='lat' dir='ltr'><strong>ab</strong></span> <span class='ocrx_word' id='word_1_221' title='bbox 1466 2747 1596 2813; x_wconf 90' lang='lat' dir='ltr'><strong>illis</strong></span> <span class='ocrx_word' id='word_1_222' title='bbox 1640 2748 1723 2813; x_wconf 89' lang='lat' dir='ltr'><strong>ad</strong></span> <span class='ocrx_word' id='word_1_223' title='bbox 1766 2768 1996 2814; x_wconf 88' lang='lat' dir='ltr'><strong>sanam</strong></span> <span class='ocrx_word' id='word_1_224' title='bbox 2038 2759 2325 2814; x_wconf 90' lang='lat' dir='ltr'><strong>mentem</strong></span> <span class='ocrx_word' id='word_1_225' title='bbox 2372 2757 2809 2816; x_wconf 89' lang='lat' dir='ltr'><strong>transeamus:</strong></span> 
     </span>
     <span class='ocr_line' id='line_1_31' title="bbox 887 2833 2814 2916; baseline -0.001 -15"><span class='ocrx_word' id='word_1_226' title='bbox 887 2834 1001 2901; x_wconf 91' lang='lat' dir='ltr'><strong>sed</strong></span> <span class='ocrx_word' id='word_1_227' title='bbox 1043 2836 1100 2900; x_wconf 91' lang='lat' dir='ltr'><strong>si</strong></span> <span class='ocrx_word' id='word_1_228' title='bbox 1135 2834 1215 2898; x_wconf 88' lang='lat' dir='ltr'><strong>ad</strong></span> <span class='ocrx_word' id='word_1_229' title='bbox 1257 2833 1430 2900; x_wconf 91' lang='lat' dir='ltr'><strong>ictus</strong></span> <span class='ocrx_word' id='word_1_230' title='bbox 1464 2833 2006 2916; x_wconf 90' lang='lat' dir='ltr'><strong>obstupuerimus,</strong></span> <span class='ocrx_word' id='word_1_231' title='bbox 2050 2844 2119 2900; x_wconf 93' lang='lat' dir='ltr'><strong>et</strong></span> <span class='ocrx_word' id='word_1_232' title='bbox 2152 2834 2234 2900; x_wconf 90' lang='lat' dir='ltr'><strong>ad</strong></span> <span class='ocrx_word' id='word_1_233' title='bbox 2272 2834 2487 2901; x_wconf 89' lang='lat' dir='ltr'><strong>Deum</strong></span> <span class='ocrx_word' id='word_1_234' title='bbox 2520 2836 2814 2902; x_wconf 88' lang='lat' dir='ltr'><strong>converti</strong></span> 
     </span>
     <span class='ocr_line' id='line_1_32' title="bbox 886 2919 2813 3005; baseline 0.001 -20"><span class='ocrx_word' id='word_1_235' title='bbox 886 2919 1385 3005; x_wconf 84' lang='lat' dir='ltr'><strong>neglexerimus,</strong></span> <span class='ocrx_word' id='word_1_236' title='bbox 1464 2927 1712 2984; x_wconf 88' lang='lat' dir='ltr'><strong>cert-um</strong></span> <span class='ocrx_word' id='word_1_237' title='bbox 1792 2927 1893 2986; x_wconf 89' lang='lat' dir='ltr'><strong>est</strong></span> <span class='ocrx_word' id='word_1_238' title='bbox 1961 2941 2081 2986; x_wconf 90' lang='lat' dir='ltr'><strong>nos</strong></span> <span class='ocrx_word' id='word_1_239' title='bbox 2158 2919 2364 2987; x_wconf 85' lang='lat' dir='ltr'><strong>veluti</strong></span> <span class='ocrx_word' id='word_1_240' title='bbox 2443 2920 2813 3004; x_wconf 89' lang='lat' dir='ltr'><strong>deploratos</strong></span> 
     </span>
     <span class='ocr_line' id='line_1_33' title="bbox 884 3005 2812 3091; baseline 0 -20"><span class='ocrx_word' id='word_1_241' title='bbox 884 3006 1013 3089; x_wconf 88' lang='lat' dir='ltr'><strong>ipsi</strong></span> <span class='ocrx_word' id='word_1_242' title='bbox 1087 3006 1393 3071; x_wconf 89' lang='lat' dir='ltr'><strong>resistere</strong></span> <span class='ocrx_word' id='word_1_243' title='bbox 1457 3011 1524 3068; x_wconf 91' lang='lat' dir='ltr'><strong>et</strong></span> <span class='ocrx_word' id='word_1_244' title='bbox 1604 3005 1844 3071; x_wconf 89' lang='lat' dir='ltr'><strong>bellum</strong></span> <span class='ocrx_word' id='word_1_245' title='bbox 1923 3005 2209 3073; x_wconf 83' lang='lat' dir='ltr'><strong>inferre:</strong></span> <span class='ocrx_word' id='word_1_246' title='bbox 2289 3005 2812 3091; x_wconf 89' lang='lat' dir='ltr'><strong>quandoquidem</strong></span> 
     </span>
     <span class='ocr_line' id='line_1_34' title="bbox 883 3090 2812 3174; baseline 0.001 -17"><span class='ocrx_word' id='word_1_247' title='bbox 883 3091 1028 3157; x_wconf 88' lang='lat' dir='ltr'><strong>Deo</strong></span> <span class='ocrx_word' id='word_1_248' title='bbox 1073 3090 1153 3156; x_wconf 91' lang='lat' dir='ltr'><strong>de</strong></span> <span class='ocrx_word' id='word_1_249' title='bbox 1195 3101 1420 3155; x_wconf 89' lang='lat' dir='ltr'><strong>nostra</strong></span> <span class='ocrx_word' id='word_1_250' title='bbox 1462 3090 1673 3156; x_wconf 90' lang='lat' dir='ltr'><strong>salute</strong></span> <span class='ocrx_word' id='word_1_251' title='bbox 1716 3090 1989 3158; x_wconf 91' lang='lat' dir='ltr'><strong>sollicito</strong></span> <span class='ocrx_word' id='word_1_252' title='bbox 2024 3092 2329 3158; x_wconf 91' lang='lat' dir='ltr'><strong>nolumus</strong></span> <span class='ocrx_word' id='word_1_253' title='bbox 2362 3110 2590 3157; x_wconf 89' lang='lat' dir='ltr'><strong>aurem</strong></span> <span class='ocrx_word' id='word_1_254' title='bbox 2625 3112 2812 3174; x_wconf 89' lang='lat' dir='ltr'><strong>prae·</strong></span> 
     </span>
     <span class='ocr_line' id='line_1_35' title="bbox 883 3176 2813 3260; baseline -0.001 -17"><span class='ocrx_word' id='word_1_255' title='bbox 883 3179 1053 3259; x_wconf 90' lang='lat' dir='ltr'><strong>bere,</strong></span> <span class='ocrx_word' id='word_1_256' title='bbox 1112 3185 1181 3241; x_wconf 90' lang='lat' dir='ltr'><strong>et</strong></span> <span class='ocrx_word' id='word_1_257' title='bbox 1235 3176 1744 3242; x_wconf 89' lang='lat' dir='ltr'><strong>correctionibus</strong></span> <span class='ocrx_word' id='word_1_258' title='bbox 1799 3178 1975 3243; x_wconf 88' lang='lat' dir='ltr'><strong>illius</strong></span> <span class='ocrx_word' id='word_1_259' title='bbox 2033 3177 2384 3260; x_wconf 90' lang='lat' dir='ltr'><strong>emendari,</strong></span> <span class='ocrx_word' id='word_1_260' title='bbox 2452 3178 2688 3260; x_wconf 87' lang='lat' dir='ltr'><strong>quibus</strong></span> <span class='ocrx_word' id='word_1_261' title='bbox 2747 3185 2813 3241; x_wconf 91' lang='lat' dir='ltr'><strong>et</strong></span> 
     </span>
     <span class='ocr_line' id='line_1_36' title="bbox 880 3263 2813 3346; baseline 0 -18"><span class='ocrx_word' id='word_1_262' title='bbox 880 3263 1270 3331; x_wconf 85' lang='lat' dir='ltr'><strong>instruimur</strong></span> <span class='ocrx_word' id='word_1_263' title='bbox 1346 3270 1416 3327; x_wconf 91' lang='lat' dir='ltr'><strong>et</strong></span> <span class='ocrx_word' id='word_1_264' title='bbox 1494 3263 1897 3344; x_wconf 86' lang='lat' dir='ltr'><strong>corrigimur.</strong></span> <span class='ocrx_word' id='word_1_265' title='bbox 2005 3263 2380 3328; x_wconf 82' lang='lat' dir='ltr'><strong>Metuamus</strong></span> <span class='ocrx_word' id='word_1_266' title='bbox 2443 3264 2664 3346; x_wconf 89' lang='lat' dir='ltr'><strong>itaque</strong></span> <span class='ocrx_word' id='word_1_267' title='bbox 2731 3283 2813 3328; x_wconf 90' lang='lat' dir='ltr'><strong>ne</strong></span> 
     </span>
     <span class='ocr_line' id='line_1_37' title="bbox 882 3347 2811 3431; baseline -0.001 -16"><span class='ocrx_word' id='word_1_268' title='bbox 882 3347 1158 3415; x_wconf 86' lang='lat' dir='ltr'><strong>eandem</strong></span> <span class='ocrx_word' id='word_1_269' title='bbox 1215 3347 1759 3428; x_wconf 77' lang='lat' dir='ltr'><strong>criminationem,</strong></span> <span class='ocrx_word' id='word_1_270' title='bbox 1818 3368 2011 3431; x_wconf 90' lang='lat' dir='ltr'><strong>quam</strong></span> <span class='ocrx_word' id='word_1_271' title='bbox 2070 3350 2349 3431; x_wconf 91' lang='lat' dir='ltr'><strong>populus</strong></span> <span class='ocrx_word' id='word_1_272' title='bbox 2404 3347 2811 3425; x_wconf 69' lang='lat' dir='ltr'><strong>israeliticus,</strong></span> 
     </span>
     <span class='ocr_line' id='line_1_38' title="bbox 881 3430 2812 3519; baseline -0.001 -19"><span class='ocrx_word' id='word_1_273' title='bbox 881 3435 950 3500; x_wconf 91' lang='lat' dir='ltr'><strong>in</strong></span> <span class='ocrx_word' id='word_1_274' title='bbox 993 3455 1110 3500; x_wconf 90' lang='lat' dir='ltr'><strong>nos</strong></span> <span class='ocrx_word' id='word_1_275' title='bbox 1153 3452 1578 3508; x_wconf 83' lang='lat' dir='ltr'><strong>accersamus,</strong></span> <span class='ocrx_word' id='word_1_276' title='bbox 1623 3430 1791 3514; x_wconf 90' lang='lat' dir='ltr'><strong>quod</strong></span> <span class='ocrx_word' id='word_1_277' title='bbox 1830 3433 1955 3499; x_wconf 92' lang='lat' dir='ltr'><strong>Dei</strong></span> <span class='ocrx_word' id='word_1_278' title='bbox 1998 3433 2184 3499; x_wconf 91' lang='lat' dir='ltr'><strong>obliti</strong></span> <span class='ocrx_word' id='word_1_279' title='bbox 2228 3432 2465 3499; x_wconf 90' lang='lat' dir='ltr'><strong>simus:</strong></span> <span class='ocrx_word' id='word_1_280' title='bbox 2510 3444 2577 3500; x_wconf 89' lang='lat' dir='ltr'><strong>et</strong></span> <span class='ocrx_word' id='word_1_281' title='bbox 2612 3454 2812 3519; x_wconf 90' lang='lat' dir='ltr'><strong>quum</strong></span> 
     </span>
     <span class='ocr_line' id='line_1_39' title="bbox 883 3518 2814 3601; baseline -0.001 -16"><span class='ocrx_word' id='word_1_282' title='bbox 883 3519 1301 3585; x_wconf 85' lang='lat' dir='ltr'><strong>admonuerit</strong></span> <span class='ocrx_word' id='word_1_283' title='bbox 1343 3539 1483 3596; x_wconf 91' lang='lat' dir='ltr'><strong>nos,</strong></span> <span class='ocrx_word' id='word_1_284' title='bbox 1529 3528 1598 3582; x_wconf 86' lang='lat' dir='ltr'><strong>et</strong></span> <span class='ocrx_word' id='word_1_285' title='bbox 1640 3518 1721 3583; x_wconf 90' lang='lat' dir='ltr'><strong>ad</strong></span> <span class='ocrx_word' id='word_1_286' title='bbox 1768 3519 2230 3601; x_wconf 90' lang='lat' dir='ltr'><strong>poenitentiam</strong></span> <span class='ocrx_word' id='word_1_287' title='bbox 2265 3518 2567 3586; x_wconf 86' lang='lat' dir='ltr'><strong>hortatus</strong></span> <span class='ocrx_word' id='word_1_288' title='bbox 2601 3520 2814 3600; x_wconf 85' lang='lat' dir='ltr'><strong>fuerit,</strong></span> 
     </span>
     <span class='ocr_line' id='line_1_40' title="bbox 884 3604 2812 3688; baseline -0.001 -16"><span class='ocrx_word' id='word_1_289' title='bbox 884 3607 941 3672; x_wconf 92' lang='lat' dir='ltr'><strong>si</strong></span> <span class='ocrx_word' id='word_1_290' title='bbox 995 3606 1068 3670; x_wconf 93' lang='lat' dir='ltr'><strong>in</strong></span> <span class='ocrx_word' id='word_1_291' title='bbox 1125 3604 1408 3688; x_wconf 84' lang='lat' dir='ltr'><strong>peccatis</strong></span> <span class='ocrx_word' id='word_1_292' title='bbox 1468 3604 1711 3669; x_wconf 87' lang='lat' dir='ltr'><strong>nostris</strong></span> <span class='ocrx_word' id='word_1_293' title='bbox 1752 3613 1821 3670; x_wconf 91' lang='lat' dir='ltr'><strong>et</strong></span> <span class='ocrx_word' id='word_1_294' title='bbox 1860 3606 2267 3671; x_wconf 90' lang='lat' dir='ltr'><strong>contumacia</strong></span> <span class='ocrx_word' id='word_1_295' title='bbox 2307 3605 2812 3688; x_wconf 83' lang='lat' dir='ltr'><strong>perrexerimus,</strong></span> 
     </span>
     <span class='ocr_line' id='line_1_41' title="bbox 881 3688 2814 3757; baseline -0.001 0"><span class='ocrx_word' id='word_1_296' title='bbox 881 3690 1163 3757; x_wconf 88' lang='lat' dir='ltr'><strong>sciamus</strong></span> <span class='ocrx_word' id='word_1_297' title='bbox 1223 3708 1344 3756; x_wconf 89' lang='lat' dir='ltr'><strong>nos</strong></span> <span class='ocrx_word' id='word_1_298' title='bbox 1388 3690 1653 3755; x_wconf 90' lang='lat' dir='ltr'><strong>omnino</strong></span> <span class='ocrx_word' id='word_1_299' title='bbox 1694 3688 2175 3757; x_wconf 83' lang='lat' dir='ltr'><strong>inexcusabiles</strong></span> <span class='ocrx_word' id='word_1_300' title='bbox 2218 3710 2435 3757; x_wconf 90' lang='lat' dir='ltr'><strong>coram</strong></span> <span class='ocrx_word' id='word_1_301' title='bbox 2480 3689 2609 3757; x_wconf 91' lang='lat' dir='ltr'><strong>Dei</strong></span> <span class='ocrx_word' id='word_1_302' title='bbox 2651 3691 2814 3756; x_wconf 89' lang='lat' dir='ltr'><strong>solio</strong></span> 
     </span>
     <span class='ocr_line' id='line_1_42' title="bbox 883 3776 1158 3840; baseline -0.004 0"><span class='ocrx_word' id='word_1_303' title='bbox 883 3776 1158 3840; x_wconf 85' lang='lat' dir='ltr'><strong>futuros.</strong></span> 
     </span>
    </p>

    <p class='ocr_par' dir='ltr' id='par_1_9' title="bbox 876 3858 2814 5144">
     <span class='ocr_line' id='line_1_43' title="bbox 1056 3858 2813 3928; baseline 0.002 -3"><span class='ocrx_word' id='word_1_304' title='bbox 1056 3858 1348 3925; x_wconf 73' lang='lat' dir='ltr'><strong>Tandem</strong></span> <span class='ocrx_word' id='word_1_305' title='bbox 1414 3880 1568 3925; x_wconf 92' lang='lat' dir='ltr'><strong>vero</strong></span> <span class='ocrx_word' id='word_1_306' title='bbox 1636 3859 1905 3928; x_wconf 83' lang='lat' dir='ltr'><strong>Samuel</strong></span> <span class='ocrx_word' id='word_1_307' title='bbox 1974 3861 2169 3926; x_wconf 88' lang='lat' dir='ltr'><strong>etiam</strong></span> <span class='ocrx_word' id='word_1_308' title='bbox 2235 3861 2337 3926; x_wconf 90' lang='lat' dir='ltr'><strong>sui</strong></span> <span class='ocrx_word' id='word_1_309' title='bbox 2416 3862 2813 3928; x_wconf 80' lang='lat' dir='ltr'><strong>mentionem</strong></span> 
     </span>
     <span class='ocr_line' id='line_1_44' title="bbox 882 3944 2814 4030; baseline -0.001 -18"><span class='ocrx_word' id='word_1_310' title='bbox 882 3945 1057 4023; x_wconf 80' lang='lat' dir='ltr'><strong>facit,</strong></span> <span class='ocrx_word' id='word_1_311' title='bbox 1113 3954 1180 4009; x_wconf 91' lang='lat' dir='ltr'><strong>et</strong></span> <span class='ocrx_word' id='word_1_312' title='bbox 1221 3964 1293 4009; x_wconf 91' lang='lat' dir='ltr'><strong>se</strong></span> <span class='ocrx_word' id='word_1_313' title='bbox 1335 3944 1508 4009; x_wconf 85' lang='lat' dir='ltr'><strong>inter</strong></span> <span class='ocrx_word' id='word_1_314' title='bbox 1549 3944 1697 4012; x_wconf 92' lang='lat' dir='ltr'><strong>illos</strong></span> <span class='ocrx_word' id='word_1_315' title='bbox 1739 3945 2115 4012; x_wconf 86' lang='lat' dir='ltr'><strong>liberatores</strong></span> <span class='ocrx_word' id='word_1_316' title='bbox 2158 3956 2558 4030; x_wconf 90' lang='lat' dir='ltr'><strong>postremum</strong></span> <span class='ocrx_word' id='word_1_317' title='bbox 2605 3950 2814 4012; x_wconf 89' lang='lat' dir='ltr'><strong>nomi-</strong></span> 
     </span>
     <span class='ocr_line' id='line_1_45' title="bbox 881 4027 2813 4116; baseline -0.001 -18"><span class='ocrx_word' id='word_1_318' title='bbox 881 4039 998 4098; x_wconf 90' lang='lat' dir='ltr'><strong>nat</strong></span> <span class='ocrx_word' id='word_1_319' title='bbox 1009 4054 1027 4113; x_wconf 89' lang='lat'>;</span> <span class='ocrx_word' id='word_1_320' title='bbox 1073 4032 1143 4095; x_wconf 90' lang='lat' dir='ltr'><strong>in</strong></span> <span class='ocrx_word' id='word_1_321' title='bbox 1186 4049 1312 4114; x_wconf 88' lang='lat' dir='ltr'><strong>quo</strong></span> <span class='ocrx_word' id='word_1_322' title='bbox 1356 4027 1689 4097; x_wconf 83' lang='lat' dir='ltr'><strong>Israelitae</strong></span> <span class='ocrx_word' id='word_1_323' title='bbox 1733 4034 2062 4098; x_wconf 90' lang='lat' dir='ltr'><strong>maximae</strong></span> <span class='ocrx_word' id='word_1_324' title='bbox 2104 4031 2460 4116; x_wconf 89' lang='lat' dir='ltr'><strong>impietatis</strong></span> <span class='ocrx_word' id='word_1_325' title='bbox 2503 4052 2813 4099; x_wconf 88' lang='lat' dir='ltr'><strong>accusan-</strong></span> 
     </span>
     <span class='ocr_line' id='line_1_46' title="bbox 879 4115 2814 4204; baseline 0.001 -21"><span class='ocrx_word' id='word_1_326' title='bbox 879 4119 1123 4196; x_wconf 84' lang='lat' dir='ltr'><strong>tur‚&#39;et</strong></span> <span class='ocrx_word' id='word_1_327' title='bbox 1165 4115 1353 4199; x_wconf 89' lang='lat' dir='ltr'><strong>quasi</strong></span> <span class='ocrx_word' id='word_1_328' title='bbox 1394 4115 1475 4179; x_wconf 88' lang='lat' dir='ltr'><strong>ad</strong></span> <span class='ocrx_word' id='word_1_329' title='bbox 1511 4116 1844 4181; x_wconf 88' lang='lat' dir='ltr'><strong>cumulum</strong></span> <span class='ocrx_word' id='word_1_330' title='bbox 1890 4117 2153 4184; x_wconf 88' lang='lat' dir='ltr'><strong>venisse</strong></span> <span class='ocrx_word' id='word_1_331' title='bbox 2195 4126 2583 4204; x_wconf 86' lang='lat' dir='ltr'><strong>arguuntur.</strong></span> <span class='ocrx_word' id='word_1_332' title='bbox 2631 4119 2814 4185; x_wconf 89' lang='lat' dir='ltr'><strong>Deus</strong></span> 
     </span>
     <span class='ocr_line' id='line_1_47' title="bbox 879 4200 2813 4288; baseline -0.001 -18"><span class='ocrx_word' id='word_1_333' title='bbox 879 4203 1056 4270; x_wconf 90' lang='lat' dir='ltr'><strong>enim</strong></span> <span class='ocrx_word' id='word_1_334' title='bbox 1099 4201 1249 4268; x_wconf 91' lang='lat' dir='ltr'><strong>illos</strong></span> <span class='ocrx_word' id='word_1_335' title='bbox 1290 4221 1407 4284; x_wconf 93' lang='lat' dir='ltr'><strong>per</strong></span> <span class='ocrx_word' id='word_1_336' title='bbox 1459 4200 1662 4283; x_wconf 90' lang='lat' dir='ltr'><strong>ipsius</strong></span> <span class='ocrx_word' id='word_1_337' title='bbox 1721 4223 1985 4268; x_wconf 87' lang='lat' dir='ltr'><strong>manum</strong></span> <span class='ocrx_word' id='word_1_338' title='bbox 2029 4225 2115 4269; x_wconf 89' lang='lat' dir='ltr'><strong>ex</strong></span> <span class='ocrx_word' id='word_1_339' title='bbox 2158 4204 2448 4270; x_wconf 89' lang='lat' dir='ltr'><strong>hostium</strong></span> <span class='ocrx_word' id='word_1_340' title='bbox 2493 4212 2813 4288; x_wconf 84' lang='lat' dir='ltr'><strong>potestate</strong></span> 
     </span>
     <span class='ocr_line' id='line_1_48' title="bbox 876 4289 2813 4373; baseline -0.001 -18"><span class='ocrx_word' id='word_1_341' title='bbox 876 4291 952 4355; x_wconf 89' lang='lat' dir='ltr'><strong>in</strong></span> <span class='ocrx_word' id='word_1_342' title='bbox 1034 4289 1399 4355; x_wconf 88' lang='lat' dir='ltr'><strong>libertatem</strong></span> <span class='ocrx_word' id='word_1_343' title='bbox 1478 4299 1862 4365; x_wconf 89' lang='lat' dir='ltr'><strong>asseruerat,</strong></span> <span class='ocrx_word' id='word_1_344' title='bbox 1941 4310 2076 4356; x_wconf 91' lang='lat' dir='ltr'><strong>non</strong></span> <span class='ocrx_word' id='word_1_345' title='bbox 2154 4289 2346 4356; x_wconf 91' lang='lat' dir='ltr'><strong>aliter</strong></span> <span class='ocrx_word' id='word_1_346' title='bbox 2424 4310 2620 4372; x_wconf 90' lang='lat' dir='ltr'><strong>quam</strong></span> <span class='ocrx_word' id='word_1_347' title='bbox 2695 4310 2813 4373; x_wconf 90' lang='lat' dir='ltr'><strong>per</strong></span> 
     </span>
     <span class='ocr_line' id='line_1_49' title="bbox 884 4371 2811 4459; baseline 0 -19"><span class='ocrx_word' id='word_1_348' title='bbox 884 4375 1235 4459; x_wconf 89' lang='lat' dir='ltr'><strong>Iephthen,</strong></span> <span class='ocrx_word' id='word_1_349' title='bbox 1283 4371 1681 4450; x_wconf 83' lang='lat' dir='ltr'><strong>Gedeonem,</strong></span> <span class='ocrx_word' id='word_1_350' title='bbox 1740 4382 1806 4438; x_wconf 90' lang='lat' dir='ltr'><strong>et</strong></span> <span class='ocrx_word' id='word_1_351' title='bbox 1847 4373 2025 4456; x_wconf 91' lang='lat' dir='ltr'><strong>alios,</strong></span> <span class='ocrx_word' id='word_1_352' title='bbox 2068 4394 2344 4458; x_wconf 87' lang='lat' dir='ltr'><strong>quorum</strong></span> <span class='ocrx_word' id='word_1_353' title='bbox 2388 4394 2584 4457; x_wconf 91' lang='lat' dir='ltr'><strong>opera</strong></span> <span class='ocrx_word' id='word_1_354' title='bbox 2627 4375 2811 4442; x_wconf 92' lang='lat' dir='ltr'><strong>Deus</strong></span> 
     </span>
     <span class='ocr_line' id='line_1_50' title="bbox 884 4458 2813 4539; baseline 0.001 -14"><span class='ocrx_word' id='word_1_355' title='bbox 884 4460 968 4526; x_wconf 88' lang='lat' dir='ltr'><strong>ad</strong></span> <span class='ocrx_word' id='word_1_356' title='bbox 1027 4480 1181 4526; x_wconf 89' lang='lat' dir='ltr'><strong>suos</strong></span> <span class='ocrx_word' id='word_1_357' title='bbox 1238 4458 1668 4524; x_wconf 87' lang='lat' dir='ltr'><strong>vindicandos</strong></span> <span class='ocrx_word' id='word_1_358' title='bbox 1734 4479 1890 4525; x_wconf 91' lang='lat' dir='ltr'><strong>usus</strong></span> <span class='ocrx_word' id='word_1_359' title='bbox 1958 4461 2186 4539; x_wconf 84' lang='lat' dir='ltr'><strong>fuerat,</strong></span> <span class='ocrx_word' id='word_1_360' title='bbox 2253 4481 2371 4527; x_wconf 91' lang='lat' dir='ltr'><strong>sua</strong></span> <span class='ocrx_word' id='word_1_361' title='bbox 2434 4462 2682 4527; x_wconf 87' lang='lat' dir='ltr'><strong>virtute</strong></span> <span class='ocrx_word' id='word_1_362' title='bbox 2745 4472 2813 4527; x_wconf 89' lang='lat' dir='ltr'><strong>et</strong></span> 
     </span>
     <span class='ocr_line' id='line_1_51' title="bbox 883 4544 2811 4629; baseline -0.001 -16"><span class='ocrx_word' id='word_1_363' title='bbox 883 4547 1093 4613; x_wconf 89' lang='lat' dir='ltr'><strong>sancti</strong></span> <span class='ocrx_word' id='word_1_364' title='bbox 1169 4544 1437 4628; x_wconf 91' lang='lat' dir='ltr'><strong>spiritus</strong></span> <span class='ocrx_word' id='word_1_365' title='bbox 1504 4545 1786 4610; x_wconf 78' lang='lat' dir='ltr'><strong>efficacia</strong></span> <span class='ocrx_word' id='word_1_366' title='bbox 1853 4545 1998 4612; x_wconf 89' lang='lat' dir='ltr'><strong>illos</strong></span> <span class='ocrx_word' id='word_1_367' title='bbox 2060 4567 2314 4629; x_wconf 88' lang='lat' dir='ltr'><strong>regens,</strong></span> <span class='ocrx_word' id='word_1_368' title='bbox 2393 4545 2626 4629; x_wconf 90' lang='lat' dir='ltr'><strong>quibus</strong></span> <span class='ocrx_word' id='word_1_369' title='bbox 2691 4568 2811 4613; x_wconf 90' lang='lat' dir='ltr'><strong>suo</strong></span> 
     </span>
     <span class='ocr_line' id='line_1_52' title="bbox 887 4628 2810 4716; baseline -0.001 -17"><span class='ocrx_word' id='word_1_370' title='bbox 887 4641 1176 4716; x_wconf 91' lang='lat' dir='ltr'><strong>tempore</strong></span> <span class='ocrx_word' id='word_1_371' title='bbox 1222 4628 1488 4696; x_wconf 83' lang='lat' dir='ltr'><strong>Samuel</strong></span> <span class='ocrx_word' id='word_1_372' title='bbox 1533 4639 1945 4698; x_wconf 89' lang='lat' dir='ltr'><strong>successerat.</strong></span> <span class='ocrx_word' id='word_1_373' title='bbox 2003 4630 2312 4697; x_wconf 85' lang='lat' dir='ltr'><strong>Vidimus</strong></span> <span class='ocrx_word' id='word_1_374' title='bbox 2353 4642 2576 4698; x_wconf 90' lang='lat' dir='ltr'><strong>autem</strong></span> <span class='ocrx_word' id='word_1_375' title='bbox 2619 4653 2810 4715; x_wconf 86' lang='lat' dir='ltr'><strong>supe-</strong></span> 
     </span>
     <span class='ocr_line' id='line_1_53' title="bbox 885 4713 2813 4801; baseline 0 -18"><span class='ocrx_word' id='word_1_376' title='bbox 885 4719 1023 4784; x_wconf 90' lang='lat' dir='ltr'><strong>rius</strong></span> <span class='ocrx_word' id='word_1_377' title='bbox 1080 4713 1397 4800; x_wconf 91' lang='lat' dir='ltr'><strong>quomodo</strong></span> <span class='ocrx_word' id='word_1_378' title='bbox 1446 4716 1624 4781; x_wconf 90' lang='lat' dir='ltr'><strong>Deus</strong></span> <span class='ocrx_word' id='word_1_379' title='bbox 1682 4715 1860 4781; x_wconf 90' lang='lat' dir='ltr'><strong>illius</strong></span> <span class='ocrx_word' id='word_1_380' title='bbox 1903 4715 2435 4801; x_wconf 82' lang='lat' dir='ltr'><strong>gubernationem</strong></span> <span class='ocrx_word' id='word_1_381' title='bbox 2485 4718 2813 4801; x_wconf 87' lang='lat' dir='ltr'><strong>prosperis</strong></span> 
     </span>
     <span class='ocr_line' id='line_1_54' title="bbox 886 4800 2814 4887; baseline -0.002 -16"><span class='ocrx_word' id='word_1_382' title='bbox 886 4800 1285 4871; x_wconf 86' lang='lat' dir='ltr'><strong>successibus</strong></span> <span class='ocrx_word' id='word_1_383' title='bbox 1342 4811 1688 4885; x_wconf 89' lang='lat' dir='ltr'><strong>augustam</strong></span> <span class='ocrx_word' id='word_1_384' title='bbox 1754 4802 2024 4881; x_wconf 83' lang='lat' dir='ltr'><strong>fecisset,</strong></span> <span class='ocrx_word' id='word_1_385' title='bbox 2091 4823 2441 4887; x_wconf 88' lang='lat' dir='ltr'><strong>pacemque</strong></span> <span class='ocrx_word' id='word_1_386' title='bbox 2503 4812 2575 4868; x_wconf 92' lang='lat' dir='ltr'><strong>et</strong></span> <span class='ocrx_word' id='word_1_387' title='bbox 2630 4813 2814 4868; x_wconf 88' lang='lat' dir='ltr'><strong>tran-</strong></span> 
     </span>
     <span class='ocr_line' id='line_1_55' title="bbox 888 4886 2814 4973; baseline 0.001 -20"><span class='ocrx_word' id='word_1_388' title='bbox 888 4888 1280 4973; x_wconf 89' lang='lat' dir='ltr'><strong>quillitatem</strong></span> <span class='ocrx_word' id='word_1_389' title='bbox 1360 4886 1598 4972; x_wconf 91' lang='lat' dir='ltr'><strong>populo</strong></span> <span class='ocrx_word' id='word_1_390' title='bbox 1677 4889 2118 4966; x_wconf 87' lang='lat' dir='ltr'><strong>concessisset,</strong></span> <span class='ocrx_word' id='word_1_391' title='bbox 2205 4910 2339 4954; x_wconf 91' lang='lat' dir='ltr'><strong>non</strong></span> <span class='ocrx_word' id='word_1_392' title='bbox 2422 4887 2814 4955; x_wconf 90' lang='lat' dir='ltr'><strong>audentibus</strong></span> 
     </span>
     <span class='ocr_line' id='line_1_56' title="bbox 884 4971 2811 5060; baseline 0 -21"><span class='ocrx_word' id='word_1_393' title='bbox 884 4973 1183 5040; x_wconf 85' lang='lat' dir='ltr'><strong>hostibus</strong></span> <span class='ocrx_word' id='word_1_394' title='bbox 1218 4971 1531 5038; x_wconf 89' lang='lat' dir='ltr'><strong>adversus</strong></span> <span class='ocrx_word' id='word_1_395' title='bbox 1565 4973 1876 5056; x_wconf 90' lang='lat' dir='ltr'><strong>populum</strong></span> <span class='ocrx_word' id='word_1_396' title='bbox 1920 4976 2330 5053; x_wconf 89' lang='lat' dir='ltr'><strong>commoveri,</strong></span> <span class='ocrx_word' id='word_1_397' title='bbox 2373 4975 2811 5060; x_wconf 89' lang='lat' dir='ltr'><strong>quidquamve</strong></span> 
     </span>
     <span class='ocr_line' id='line_1_57' title="bbox 888 5059 2814 5144; baseline 0.001 -21"><span class='ocrx_word' id='word_1_398' title='bbox 888 5059 1137 5124; x_wconf 89' lang='lat' dir='ltr'><strong>moliri:</strong></span> <span class='ocrx_word' id='word_1_399' title='bbox 1195 5079 1391 5142; x_wconf 91' lang='lat' dir='ltr'><strong>quam</strong></span> <span class='ocrx_word' id='word_1_400' title='bbox 1434 5059 1713 5144; x_wconf 83' lang='lat' dir='ltr'><strong>gratiam</strong></span> <span class='ocrx_word' id='word_1_401' title='bbox 1759 5059 2032 5142; x_wconf 90' lang='lat' dir='ltr'><strong>populus</strong></span> <span class='ocrx_word' id='word_1_402' title='bbox 2076 5080 2207 5123; x_wconf 92' lang='lat' dir='ltr'><strong>non</strong></span> <span class='ocrx_word' id='word_1_403' title='bbox 2250 5060 2655 5144; x_wconf 87' lang='lat' dir='ltr'><strong>respiciebat,</strong></span> <span class='ocrx_word' id='word_1_404' title='bbox 2714 5067 2814 5126; x_wconf 89' lang='lat' dir='ltr'><strong>at-</strong></span> 
     </span>
    </p>
   </div>
   <div class='ocr_carea' id='block_1_8' title="bbox 2912 863 4795 4375">
    <p class='ocr_par' dir='ltr' id='par_1_10' title="bbox 2912 863 4795 4375">
     <span class='ocr_line' id='line_1_58' title="bbox 2913 863 4761 948; baseline 0.004 -19"><span class='ocrx_word' id='word_1_405' title='bbox 2913 866 3189 948; x_wconf 89' lang='lat' dir='ltr'><strong>piamus,</strong></span> <span class='ocrx_word' id='word_1_406' title='bbox 3232 872 3415 930; x_wconf 88' lang='lat' dir='ltr'><strong>tanto</strong></span> <span class='ocrx_word' id='word_1_407' title='bbox 3457 864 3742 948; x_wconf 89' lang='lat' dir='ltr'><strong>peiorem</strong></span> <span class='ocrx_word' id='word_1_408' title='bbox 3786 872 3852 928; x_wconf 90' lang='lat' dir='ltr'><strong>et</strong></span> <span class='ocrx_word' id='word_1_409' title='bbox 3886 863 4341 946; x_wconf 89' lang='lat' dir='ltr'><strong>improbiorem</strong></span> <span class='ocrx_word' id='word_1_410' title='bbox 4377 886 4515 931; x_wconf 88' lang='lat' dir='ltr'><strong>esse</strong></span> <span class='ocrx_word' id='word_1_411' title='bbox 4543 878 4761 936; x_wconf 76' lang='lat' dir='ltr'><strong>nostram</strong></span> 
     </span>
     <span class='ocr_line' id='line_1_59' title="bbox 2915 949 4761 1035; baseline 0.003 -21"><span class='ocrx_word' id='word_1_412' title='bbox 2915 949 3458 1017; x_wconf 87' lang='lat' dir='ltr'><strong>incredulitatem.</strong></span> <span class='ocrx_word' id='word_1_413' title='bbox 3524 949 3694 1015; x_wconf 87' lang='lat' dir='ltr'><strong>Nam</strong></span> <span class='ocrx_word' id='word_1_414' title='bbox 3729 949 3853 1015; x_wconf 90' lang='lat' dir='ltr'><strong>etsi</strong></span> <span class='ocrx_word' id='word_1_415' title='bbox 3889 970 4028 1015; x_wconf 90' lang='lat' dir='ltr'><strong>nun</strong></span> <span class='ocrx_word' id='word_1_416' title='bbox 4077 971 4229 1015; x_wconf 88' lang='lat' dir='ltr'><strong>uam</strong></span> <span class='ocrx_word' id='word_1_417' title='bbox 4262 971 4336 1015; x_wconf 89' lang='lat' dir='ltr'><strong>re</strong></span> <span class='ocrx_word' id='word_1_418' title='bbox 4370 952 4510 1035; x_wconf 86' lang='lat' dir='ltr'><strong>ipsa</strong></span> <span class='ocrx_word' id='word_1_419' title='bbox 4540 953 4761 1021; x_wconf 81' lang='lat' dir='ltr'><strong>divinum</strong></span> 
     </span>
     <span class='ocr_line' id='line_1_60' title="bbox 2913 1035 4763 1123; baseline 0.004 -23"><span class='ocrx_word' id='word_1_420' title='bbox 2913 1035 3230 1101; x_wconf 87' lang='lat' dir='ltr'><strong>auxilium</strong></span> <span class='ocrx_word' id='word_1_421' title='bbox 3289 1036 3542 1119; x_wconf 87' lang='lat' dir='ltr'><strong>experti</strong></span> <span class='ocrx_word' id='word_1_422' title='bbox 3601 1056 3909 1113; x_wconf 90' lang='lat' dir='ltr'><strong>essemus,</strong></span> <span class='ocrx_word' id='word_1_423' title='bbox 3967 1057 4040 1102; x_wconf 88' lang='lat' dir='ltr'><strong>so</strong></span> <span class='ocrx_word' id='word_1_424' title='bbox 4067 1057 4107 1101; x_wconf 90' lang='lat' dir='ltr'><strong>a</strong></span> <span class='ocrx_word' id='word_1_425' title='bbox 4163 1046 4384 1102; x_wconf 86' lang='lat' dir='ltr'><strong>tamen</strong></span> <span class='ocrx_word' id='word_1_426' title='bbox 4441 1039 4573 1104; x_wconf 86' lang='lat' dir='ltr'><strong>eius</strong></span> <span class='ocrx_word' id='word_1_427' title='bbox 4606 1044 4763 1123; x_wconf 84' lang='lat' dir='ltr'><strong>provi-</strong></span> 
     </span>
     <span class='ocr_line' id='line_1_61' title="bbox 2916 1120 4764 1206; baseline 0.003 -20"><span class='ocrx_word' id='word_1_428' title='bbox 2916 1120 3139 1187; x_wconf 89' lang='lat' dir='ltr'><strong>dentia</strong></span> <span class='ocrx_word' id='word_1_429' title='bbox 3194 1130 3261 1185; x_wconf 92' lang='lat' dir='ltr'><strong>et</strong></span> <span class='ocrx_word' id='word_1_430' title='bbox 3315 1120 3633 1206; x_wconf 89' lang='lat' dir='ltr'><strong>protectio</strong></span> <span class='ocrx_word' id='word_1_431' title='bbox 3692 1122 3852 1186; x_wconf 90' lang='lat' dir='ltr'><strong>satis</strong></span> <span class='ocrx_word' id='word_1_432' title='bbox 3894 1122 4155 1187; x_wconf 87' lang='lat' dir='ltr'><strong>firmum</strong></span> <span class='ocrx_word' id='word_1_433' title='bbox 4214 1142 4358 1188; x_wconf 88' lang='lat' dir='ltr'><strong>esse</strong></span> <span class='ocrx_word' id='word_1_434' title='bbox 4402 1125 4764 1192; x_wconf 85' lang='lat' dir='ltr'><strong>testimoninm</strong></span> 
     </span>
     <span class='ocr_line' id='line_1_62' title="bbox 2914 1206 4766 1291; baseline 0.003 -19"><span class='ocrx_word' id='word_1_435' title='bbox 2914 1208 3228 1273; x_wconf 87' lang='lat' dir='ltr'><strong>adversus</strong></span> <span class='ocrx_word' id='word_1_436' title='bbox 3279 1206 3546 1291; x_wconf 88' lang='lat' dir='ltr'><strong>quaevis</strong></span> <span class='ocrx_word' id='word_1_437' title='bbox 3588 1206 3881 1290; x_wconf 89' lang='lat' dir='ltr'><strong>pericula</strong></span> <span class='ocrx_word' id='word_1_438' title='bbox 3924 1228 4064 1274; x_wconf 87' lang='lat' dir='ltr'><strong>esse</strong></span> <span class='ocrx_word' id='word_1_439' title='bbox 4107 1208 4373 1275; x_wconf 90' lang='lat' dir='ltr'><strong>deberet</strong></span> <span class='ocrx_word' id='word_1_440' title='bbox 4414 1211 4603 1275; x_wconf 87' lang='lat' dir='ltr'><strong>semel</strong></span> <span class='ocrx_word' id='word_1_441' title='bbox 4638 1211 4766 1277; x_wconf 79' lang='lat' dir='ltr'><strong>illem</strong></span> 
     </span>
     <span class='ocr_line' id='line_1_63' title="bbox 2914 1292 4768 1376; baseline 0.001 -18"><span class='ocrx_word' id='word_1_442' title='bbox 2914 1293 3219 1376; x_wconf 89' lang='lat' dir='ltr'><strong>expertis.</strong></span> <span class='ocrx_word' id='word_1_443' title='bbox 3311 1293 3560 1358; x_wconf 89' lang='lat' dir='ltr'><strong>Verum</strong></span> <span class='ocrx_word' id='word_1_444' title='bbox 3620 1292 3730 1358; x_wconf 88' lang='lat' dir='ltr'><strong>ubi</strong></span> <span class='ocrx_word' id='word_1_445' title='bbox 3788 1293 3974 1358; x_wconf 89' lang='lat' dir='ltr'><strong>Deus</strong></span> <span class='ocrx_word' id='word_1_446' title='bbox 4029 1313 4226 1359; x_wconf 90' lang='lat' dir='ltr'><strong>suum</strong></span> <span class='ocrx_word' id='word_1_447' title='bbox 4284 1294 4592 1360; x_wconf 88' lang='lat' dir='ltr'><strong>auxilium</strong></span> <span class='ocrx_word' id='word_1_448' title='bbox 4639 1296 4768 1362; x_wconf 82' lang='lat' dir='ltr'><strong>velut</strong></span> 
     </span>
     <span class='ocr_line' id='line_1_64' title="bbox 2913 1377 4769 1461; baseline 0.003 -19"><span class='ocrx_word' id='word_1_449' title='bbox 2913 1379 3071 1461; x_wconf 88' lang='lat' dir='ltr'><strong>ipsis</strong></span> <span class='ocrx_word' id='word_1_450' title='bbox 3129 1379 3372 1445; x_wconf 87' lang='lat' dir='ltr'><strong>nostris</strong></span> <span class='ocrx_word' id='word_1_451' title='bbox 3430 1377 3634 1444; x_wconf 87' lang='lat' dir='ltr'><strong>oculis</strong></span> <span class='ocrx_word' id='word_1_452' title='bbox 3677 1377 3971 1455; x_wconf 85' lang='lat' dir='ltr'><strong>subiecit,</strong></span> <span class='ocrx_word' id='word_1_453' title='bbox 4029 1386 4096 1444; x_wconf 93' lang='lat' dir='ltr'><strong>et</strong></span> <span class='ocrx_word' id='word_1_454' title='bbox 4138 1379 4295 1444; x_wconf 81' lang='lat' dir='ltr'><strong>facti</strong></span> <span class='ocrx_word' id='word_1_455' title='bbox 4339 1401 4561 1447; x_wconf 87' lang='lat' dir='ltr'><strong>sumus</strong></span> <span class='ocrx_word' id='word_1_456' title='bbox 4598 1384 4769 1448; x_wconf 85' lang='lat' dir='ltr'><strong>certio·</strong></span> 
     </span>
     <span class='ocr_line' id='line_1_65' title="bbox 2912 1463 4767 1551; baseline 0.003 -22"><span class='ocrx_word' id='word_1_457' title='bbox 2912 1486 3018 1529; x_wconf 89' lang='lat' dir='ltr'><strong>res</strong></span> <span class='ocrx_word' id='word_1_458' title='bbox 3061 1464 3279 1529; x_wconf 89' lang='lat' dir='ltr'><strong>Deum</strong></span> <span class='ocrx_word' id='word_1_459' title='bbox 3336 1484 3490 1529; x_wconf 91' lang='lat' dir='ltr'><strong>suos</strong></span> <span class='ocrx_word' id='word_1_460' title='bbox 3550 1463 3619 1528; x_wconf 92' lang='lat' dir='ltr'><strong>in</strong></span> <span class='ocrx_word' id='word_1_461' title='bbox 3676 1464 3871 1530; x_wconf 90' lang='lat' dir='ltr'><strong>rebus</strong></span> <span class='ocrx_word' id='word_1_462' title='bbox 3928 1467 4227 1549; x_wconf 89' lang='lat' dir='ltr'><strong>angustis</strong></span> <span class='ocrx_word' id='word_1_463' title='bbox 4268 1485 4597 1551; x_wconf 88' lang='lat' dir='ltr'><strong>nunquam</strong></span> <span class='ocrx_word' id='word_1_464' title='bbox 4637 1467 4767 1534; x_wconf 81' lang='lat' dir='ltr'><strong>dese·</strong></span> 
     </span>
     <span class='ocr_line' id='line_1_66' title="bbox 2913 1549 4771 1634; baseline 0.002 -20"><span class='ocrx_word' id='word_1_465' title='bbox 2913 1570 3076 1629; x_wconf 89' lang='lat' dir='ltr'><strong>rere,</strong></span> <span class='ocrx_word' id='word_1_466' title='bbox 3136 1570 3220 1615; x_wconf 89' lang='lat' dir='ltr'><strong>ex</strong></span> <span class='ocrx_word' id='word_1_467' title='bbox 3285 1570 3361 1615; x_wconf 89' lang='lat' dir='ltr'><strong>eo</strong></span> <span class='ocrx_word' id='word_1_468' title='bbox 3418 1569 3885 1634; x_wconf 86' lang='lat' dir='ltr'><strong>cognoscamus</strong></span> <span class='ocrx_word' id='word_1_469' title='bbox 3943 1549 4163 1615; x_wconf 88' lang='lat' dir='ltr'><strong>Deum</strong></span> <span class='ocrx_word' id='word_1_470' title='bbox 4228 1571 4386 1616; x_wconf 88' lang='lat' dir='ltr'><strong>suae</strong></span> <span class='ocrx_word' id='word_1_471' title='bbox 4451 1553 4685 1618; x_wconf 84' lang='lat' dir='ltr'><strong>virtutis</strong></span> <span class='ocrx_word' id='word_1_472' title='bbox 4727 1566 4771 1618; x_wconf 83' lang='lat' dir='ltr'><strong>et</strong></span> 
     </span>
     <span class='ocr_line' id='line_1_67' title="bbox 2913 1634 4773 1722; baseline 0.001 -21"><span class='ocrx_word' id='word_1_473' title='bbox 2913 1634 3220 1701; x_wconf 88' lang='lat' dir='ltr'><strong>bonitatis</strong></span> <span class='ocrx_word' id='word_1_474' title='bbox 3263 1656 3420 1720; x_wconf 87' lang='lat' dir='ltr'><strong>erga</strong></span> <span class='ocrx_word' id='word_1_475' title='bbox 3461 1656 3581 1701; x_wconf 91' lang='lat' dir='ltr'><strong>nos</strong></span> <span class='ocrx_word' id='word_1_476' title='bbox 3624 1634 4151 1718; x_wconf 86' lang='lat' dir='ltr'><strong>approbationem</strong></span> <span class='ocrx_word' id='word_1_477' title='bbox 4198 1634 4372 1700; x_wconf 86' lang='lat' dir='ltr'><strong>dare.</strong></span> <span class='ocrx_word' id='word_1_478' title='bbox 4431 1641 4530 1703; x_wconf 92' lang='lat' dir='ltr'><strong>Ac</strong></span> <span class='ocrx_word' id='word_1_479' title='bbox 4566 1639 4773 1722; x_wconf 76' lang='lat' dir='ltr'><strong>proinde</strong></span> 
     </span>
     <span class='ocr_line' id='line_1_68' title="bbox 2913 1719 4770 1806; baseline 0.001 -19"><span class='ocrx_word' id='word_1_480' title='bbox 2913 1722 2969 1787; x_wconf 91' lang='lat' dir='ltr'><strong>si</strong></span> <span class='ocrx_word' id='word_1_481' title='bbox 3013 1719 3317 1804; x_wconf 89' lang='lat' dir='ltr'><strong>deinceps</strong></span> <span class='ocrx_word' id='word_1_482' title='bbox 3358 1719 3577 1804; x_wconf 88' lang='lat' dir='ltr'><strong>aliqua</strong></span> <span class='ocrx_word' id='word_1_483' title='bbox 3618 1721 3977 1786; x_wconf 87' lang='lat' dir='ltr'><strong>tentatione</strong></span> <span class='ocrx_word' id='word_1_484' title='bbox 4018 1740 4393 1806; x_wconf 88' lang='lat' dir='ltr'><strong>urgeamur,</strong></span> <span class='ocrx_word' id='word_1_485' title='bbox 4442 1733 4508 1787; x_wconf 90' lang='lat' dir='ltr'><strong>et</strong></span> <span class='ocrx_word' id='word_1_486' title='bbox 4548 1724 4770 1789; x_wconf 86' lang='lat' dir='ltr'><strong>animum</strong></span> 
     </span>
     <span class='ocr_line' id='line_1_69' title="bbox 2914 1806 4775 1891; baseline 0.001 -20"><span class='ocrx_word' id='word_1_487' title='bbox 2914 1806 3410 1890; x_wconf 90' lang='lat' dir='ltr'><strong>despondentes,</strong></span> <span class='ocrx_word' id='word_1_488' title='bbox 3456 1817 3765 1890; x_wconf 88' lang='lat' dir='ltr'><strong>tanquam</strong></span> <span class='ocrx_word' id='word_1_489' title='bbox 3822 1807 4017 1872; x_wconf 86' lang='lat' dir='ltr'><strong>rebus</strong></span> <span class='ocrx_word' id='word_1_490' title='bbox 4067 1807 4447 1891; x_wconf 87' lang='lat' dir='ltr'><strong>desperatis,</strong></span> <span class='ocrx_word' id='word_1_491' title='bbox 4505 1808 4645 1876; x_wconf 91' lang='lat' dir='ltr'><strong>hinc</strong></span> <span class='ocrx_word' id='word_1_492' title='bbox 4673 1809 4775 1874; x_wconf 83' lang='lat' dir='ltr'><strong>inde</strong></span> 
     </span>
     <span class='ocr_line' id='line_1_70' title="bbox 2914 1890 4774 1977; baseline 0.001 -19"><span class='ocrx_word' id='word_1_493' title='bbox 2914 1891 3231 1958; x_wconf 88' lang='lat' dir='ltr'><strong>auxilium</strong></span> <span class='ocrx_word' id='word_1_494' title='bbox 3277 1901 3344 1957; x_wconf 91' lang='lat' dir='ltr'><strong>et</strong></span> <span class='ocrx_word' id='word_1_495' title='bbox 3386 1912 3577 1976; x_wconf 89' lang='lat' dir='ltr'><strong>opem</strong></span> <span class='ocrx_word' id='word_1_496' title='bbox 3623 1893 4053 1976; x_wconf 88' lang='lat' dir='ltr'><strong>requiramus,</strong></span> <span class='ocrx_word' id='word_1_497' title='bbox 4114 1890 4331 1958; x_wconf 90' lang='lat' dir='ltr'><strong>Deum</strong></span> <span class='ocrx_word' id='word_1_498' title='bbox 4375 1895 4774 1977; x_wconf 73' lang='lat' dir='ltr'><strong>relinquentes,</strong></span> 
     </span>
     <span class='ocr_line' id='line_1_71' title="bbox 2914 1980 4779 2061; baseline 0.002 -19"><span class='ocrx_word' id='word_1_499' title='bbox 2914 1998 3134 2043; x_wconf 88' lang='lat' dir='ltr'><strong>annon</strong></span> <span class='ocrx_word' id='word_1_500' title='bbox 3169 1988 3502 2061; x_wconf 89' lang='lat' dir='ltr'><strong>stuporem</strong></span> <span class='ocrx_word' id='word_1_501' title='bbox 3536 1988 3832 2044; x_wconf 90' lang='lat' dir='ltr'><strong>nostrum</strong></span> <span class='ocrx_word' id='word_1_502' title='bbox 3869 1981 4202 2061; x_wconf 86' lang='lat' dir='ltr'><strong>ingentem</strong></span> <span class='ocrx_word' id='word_1_503' title='bbox 4238 2001 4380 2045; x_wconf 88' lang='lat' dir='ltr'><strong>esse</strong></span> <span class='ocrx_word' id='word_1_504' title='bbox 4413 1982 4638 2045; x_wconf 83' lang='lat' dir='ltr'><strong>merito</strong></span> <span class='ocrx_word' id='word_1_505' title='bbox 4656 1980 4779 2045; x_wconf 85' lang='lat' dir='ltr'><strong>dixe-</strong></span> 
     </span>
     <span class='ocr_line' id='line_1_72' title="bbox 2914 2062 4778 2149; baseline 0 -22"><span class='ocrx_word' id='word_1_506' title='bbox 2914 2064 3153 2146; x_wconf 86' lang='lat' dir='ltr'><strong>rimus,</strong></span> <span class='ocrx_word' id='word_1_507' title='bbox 3213 2073 3279 2128; x_wconf 89' lang='lat' dir='ltr'><strong>et</strong></span> <span class='ocrx_word' id='word_1_508' title='bbox 3325 2064 3451 2129; x_wconf 91' lang='lat' dir='ltr'><strong>Dei</strong></span> <span class='ocrx_word' id='word_1_509' title='bbox 3492 2062 3735 2128; x_wconf 87' lang='lat' dir='ltr'><strong>oblivio</strong></span> <span class='ocrx_word' id='word_1_510' title='bbox 3792 2064 4027 2128; x_wconf 91' lang='lat' dir='ltr'><strong>merito</strong></span> <span class='ocrx_word' id='word_1_511' title='bbox 4069 2063 4257 2130; x_wconf 84' lang='lat' dir='ltr'><strong>nobis</strong></span> <span class='ocrx_word' id='word_1_512' title='bbox 4300 2065 4778 2149; x_wconf 78' lang='lat' dir='ltr'><strong>exprobrabitur?</strong></span> 
     </span>
     <span class='ocr_line' id='line_1_73' title="bbox 2916 2148 4780 2234; baseline 0.001 -20"><span class='ocrx_word' id='word_1_513' title='bbox 2916 2148 3140 2231; x_wconf 88' lang='lat' dir='ltr'><strong>Quare</strong></span> <span class='ocrx_word' id='word_1_514' title='bbox 3196 2148 3411 2214; x_wconf 87' lang='lat' dir='ltr'><strong>danda</strong></span> <span class='ocrx_word' id='word_1_515' title='bbox 3454 2169 3652 2233; x_wconf 90' lang='lat' dir='ltr'><strong>opera</strong></span> <span class='ocrx_word' id='word_1_516' title='bbox 3705 2156 3778 2213; x_wconf 90' lang='lat' dir='ltr'><strong>ut</strong></span> <span class='ocrx_word' id='word_1_517' title='bbox 3819 2149 4081 2233; x_wconf 86' lang='lat' dir='ltr'><strong>singula</strong></span> <span class='ocrx_word' id='word_1_518' title='bbox 4124 2149 4254 2215; x_wconf 92' lang='lat' dir='ltr'><strong>Dei</strong></span> <span class='ocrx_word' id='word_1_519' title='bbox 4297 2170 4459 2234; x_wconf 89' lang='lat' dir='ltr'><strong>erga</strong></span> <span class='ocrx_word' id='word_1_520' title='bbox 4500 2171 4612 2217; x_wconf 92' lang='lat' dir='ltr'><strong>nos</strong></span> <span class='ocrx_word' id='word_1_521' title='bbox 4639 2151 4780 2217; x_wconf 84' lang='lat' dir='ltr'><strong>bene-</strong></span> 
     </span>
     <span class='ocr_line' id='line_1_74' title="bbox 2914 2233 4780 2318; baseline 0.001 -18"><span class='ocrx_word' id='word_1_522' title='bbox 2914 2234 3062 2300; x_wconf 87' lang='lat' dir='ltr'><strong>ficia</strong></span> <span class='ocrx_word' id='word_1_523' title='bbox 3124 2233 3206 2298; x_wconf 88' lang='lat' dir='ltr'><strong>ad</strong></span> <span class='ocrx_word' id='word_1_524' title='bbox 3272 2255 3462 2300; x_wconf 87' lang='lat' dir='ltr'><strong>usum</strong></span> <span class='ocrx_word' id='word_1_525' title='bbox 3528 2242 3829 2299; x_wconf 89' lang='lat' dir='ltr'><strong>nostrum</strong></span> <span class='ocrx_word' id='word_1_526' title='bbox 3894 2235 4272 2311; x_wconf 84' lang='lat' dir='ltr'><strong>referamus,</strong></span> <span class='ocrx_word' id='word_1_527' title='bbox 4339 2257 4472 2318; x_wconf 91' lang='lat' dir='ltr'><strong>quo</strong></span> <span class='ocrx_word' id='word_1_528' title='bbox 4536 2238 4780 2303; x_wconf 69' lang='lat' dir='ltr'><strong>certiores</strong></span> 
     </span>
     <span class='ocr_line' id='line_1_75' title="bbox 2913 2319 4783 2407; baseline 0.002 -23"><span class='ocrx_word' id='word_1_529' title='bbox 2913 2321 3147 2385; x_wconf 85' lang='lat' dir='ltr'><strong>fiamus</strong></span> <span class='ocrx_word' id='word_1_530' title='bbox 3209 2319 3289 2385; x_wconf 89' lang='lat' dir='ltr'><strong>de</strong></span> <span class='ocrx_word' id='word_1_531' title='bbox 3332 2319 3458 2386; x_wconf 91' lang='lat' dir='ltr'><strong>Dei</strong></span> <span class='ocrx_word' id='word_1_532' title='bbox 3519 2320 3786 2400; x_wconf 90' lang='lat' dir='ltr'><strong>auxilio,</strong></span> <span class='ocrx_word' id='word_1_533' title='bbox 3844 2330 3909 2386; x_wconf 91' lang='lat' dir='ltr'><strong>et</strong></span> <span class='ocrx_word' id='word_1_534' title='bbox 3965 2321 4176 2405; x_wconf 86' lang='lat' dir='ltr'><strong>magis</strong></span> <span class='ocrx_word' id='word_1_535' title='bbox 4232 2338 4308 2386; x_wconf 91' lang='lat' dir='ltr'><strong>ac</strong></span> <span class='ocrx_word' id='word_1_536' title='bbox 4351 2323 4563 2405; x_wconf 86' lang='lat' dir='ltr'><strong>magis</strong></span> <span class='ocrx_word' id='word_1_537' title='bbox 4612 2323 4672 2387; x_wconf 91' lang='lat' dir='ltr'><strong>in</strong></span> <span class='ocrx_word' id='word_1_538' title='bbox 4705 2342 4783 2407; x_wconf 83' lang='lat' dir='ltr'><strong>epe</strong></span> 
     </span>
     <span class='ocr_line' id='line_1_76' title="bbox 2915 2405 4784 2490; baseline 0.002 -20"><span class='ocrx_word' id='word_1_539' title='bbox 2915 2405 3396 2484; x_wconf 86' lang='lat' dir='ltr'><strong>confirmemur,</strong></span> <span class='ocrx_word' id='word_1_540' title='bbox 3479 2406 3693 2471; x_wconf 90' lang='lat' dir='ltr'><strong>Deum</strong></span> <span class='ocrx_word' id='word_1_541' title='bbox 3770 2427 4102 2490; x_wconf 90' lang='lat' dir='ltr'><strong>nunquam</strong></span> <span class='ocrx_word' id='word_1_542' title='bbox 4186 2406 4373 2473; x_wconf 88' lang='lat' dir='ltr'><strong>nobis</strong></span> <span class='ocrx_word' id='word_1_543' title='bbox 4456 2407 4784 2483; x_wconf 81' lang='lat' dir='ltr'><strong>defuturum,</strong></span> 
     </span>
     <span class='ocr_line' id='line_1_77' title="bbox 2916 2491 4782 2560; baseline 0.001 -2"><span class='ocrx_word' id='word_1_544' title='bbox 2916 2491 3088 2558; x_wconf 88' lang='lat' dir='ltr'><strong>votis</strong></span> <span class='ocrx_word' id='word_1_545' title='bbox 3142 2491 3521 2558; x_wconf 89' lang='lat' dir='ltr'><strong>ardentibus</strong></span> <span class='ocrx_word' id='word_1_546' title='bbox 3623 2493 3979 2557; x_wconf 89' lang='lat' dir='ltr'><strong>uaesitum:</strong></span> <span class='ocrx_word' id='word_1_547' title='bbox 4040 2502 4107 2557; x_wconf 88' lang='lat' dir='ltr'><strong>et</strong></span> <span class='ocrx_word' id='word_1_548' title='bbox 4162 2513 4283 2559; x_wconf 88' lang='lat' dir='ltr'><strong>nos</strong></span> <span class='ocrx_word' id='word_1_549' title='bbox 4337 2492 4440 2558; x_wconf 90' lang='lat' dir='ltr'><strong>illi</strong></span> <span class='ocrx_word' id='word_1_550' title='bbox 4486 2502 4646 2560; x_wconf 85' lang='lat' dir='ltr'><strong>totos</strong></span> <span class='ocrx_word' id='word_1_551' title='bbox 4678 2514 4782 2560; x_wconf 83' lang='lat' dir='ltr'><strong>con·</strong></span> 
     </span>
     <span class='ocr_line' id='line_1_78' title="bbox 2915 2513 4785 2661; baseline -0.001 -18"><span class='ocrx_word' id='word_1_552' title='bbox 2915 2596 3262 2660; x_wconf 90' lang='lat' dir='ltr'><strong>secremus,</strong></span> <span class='ocrx_word' id='word_1_553' title='bbox 3309 2588 3376 2642; x_wconf 89' lang='lat' dir='ltr'><strong>et</strong></span> <span class='ocrx_word' id='word_1_554' title='bbox 3419 2578 3499 2643; x_wconf 91' lang='lat' dir='ltr'><strong>ab</strong></span> <span class='ocrx_word' id='word_1_555' title='bbox 3543 2513 3656 2642; x_wconf 60' lang='lat' dir='ltr'><strong>isso</strong></span> <span class='ocrx_word' id='word_1_556' title='bbox 3700 2578 3839 2644; x_wconf 90' lang='lat' dir='ltr'><strong>solo</strong></span> <span class='ocrx_word' id='word_1_557' title='bbox 3872 2588 4152 2661; x_wconf 87' lang='lat' dir='ltr'><strong>urgente</strong></span> <span class='ocrx_word' id='word_1_558' title='bbox 4195 2581 4427 2661; x_wconf 87' lang='lat' dir='ltr'><strong>quavis</strong></span> <span class='ocrx_word' id='word_1_559' title='bbox 4465 2580 4785 2646; x_wconf 73' lang='lat' dir='ltr'><strong>necessitate</strong></span> 
     </span>
     <span class='ocr_line' id='line_1_79' title="bbox 2913 2662 4783 2747; baseline -0.001 -19"><span class='ocrx_word' id='word_1_560' title='bbox 2913 2662 3346 2747; x_wconf 89' lang='lat' dir='ltr'><strong>pendeamus:</strong></span> <span class='ocrx_word' id='word_1_561' title='bbox 3427 2682 3501 2729; x_wconf 87' lang='lat' dir='ltr'><strong>ac</strong></span> <span class='ocrx_word' id='word_1_562' title='bbox 3566 2684 3715 2728; x_wconf 90' lang='lat' dir='ltr'><strong>eum</strong></span> <span class='ocrx_word' id='word_1_563' title='bbox 3778 2663 3875 2729; x_wconf 88' lang='lat' dir='ltr'><strong>illi</strong></span> <span class='ocrx_word' id='word_1_564' title='bbox 3941 2663 4252 2729; x_wconf 89' lang='lat' dir='ltr'><strong>honorem</strong></span> <span class='ocrx_word' id='word_1_565' title='bbox 4317 2665 4681 2744; x_wconf 82' lang='lat' dir='ltr'><strong>babeamus,</strong></span> <span class='ocrx_word' id='word_1_566' title='bbox 4740 2678 4783 2726; x_wconf 78' lang='lat' dir='ltr'><strong>ut</strong></span> 
     </span>
     <span class='ocr_line' id='line_1_80' title="bbox 2914 2748 4786 2833; baseline 0.001 -21"><span class='ocrx_word' id='word_1_567' title='bbox 2914 2749 3120 2832; x_wconf 89' lang='lat' dir='ltr'><strong>ipsius</strong></span> <span class='ocrx_word' id='word_1_568' title='bbox 3177 2749 3509 2833; x_wconf 87' lang='lat' dir='ltr'><strong>promissis</strong></span> <span class='ocrx_word' id='word_1_569' title='bbox 3566 2769 3732 2831; x_wconf 89' lang='lat' dir='ltr'><strong>quae</strong></span> <span class='ocrx_word' id='word_1_570' title='bbox 3785 2748 4012 2815; x_wconf 88' lang='lat' dir='ltr'><strong>multis</strong></span> <span class='ocrx_word' id='word_1_571' title='bbox 4067 2750 4457 2817; x_wconf 87' lang='lat' dir='ltr'><strong>testimoniis</strong></span> <span class='ocrx_word' id='word_1_572' title='bbox 4514 2759 4652 2817; x_wconf 85' lang='lat' dir='ltr'><strong>rata</strong></span> <span class='ocrx_word' id='word_1_573' title='bbox 4684 2750 4786 2816; x_wconf 75' lang='lat' dir='ltr'><strong>feeit</strong></span> 
     </span>
     <span class='ocr_line' id='line_1_81' title="bbox 2915 2832 4786 2920; baseline 0 -21"><span class='ocrx_word' id='word_1_574' title='bbox 2915 2832 3336 2912; x_wconf 88' lang='lat' dir='ltr'><strong>confidamus,</strong></span> <span class='ocrx_word' id='word_1_575' title='bbox 3395 2856 3526 2899; x_wconf 90' lang='lat' dir='ltr'><strong>non</strong></span> <span class='ocrx_word' id='word_1_576' title='bbox 3583 2834 3957 2899; x_wconf 89' lang='lat' dir='ltr'><strong>dubitantes</strong></span> <span class='ocrx_word' id='word_1_577' title='bbox 4010 2836 4166 2918; x_wconf 90' lang='lat' dir='ltr'><strong>quin</strong></span> <span class='ocrx_word' id='word_1_578' title='bbox 4225 2845 4607 2920; x_wconf 90' lang='lat' dir='ltr'><strong>promptum</strong></span> <span class='ocrx_word' id='word_1_579' title='bbox 4657 2836 4786 2901; x_wconf 83' lang='lat' dir='ltr'><strong>auxi·</strong></span> 
     </span>
     <span class='ocr_line' id='line_1_82' title="bbox 2915 2918 4786 3007; baseline 0.001 -24"><span class='ocrx_word' id='word_1_580' title='bbox 2915 2919 3078 2984; x_wconf 90' lang='lat' dir='ltr'><strong>lium</strong></span> <span class='ocrx_word' id='word_1_581' title='bbox 3121 2918 3379 2985; x_wconf 88' lang='lat' dir='ltr'><strong>laturus</strong></span> <span class='ocrx_word' id='word_1_582' title='bbox 3421 2920 3526 2999; x_wconf 90' lang='lat' dir='ltr'><strong>sit,</strong></span> <span class='ocrx_word' id='word_1_583' title='bbox 3568 2920 3723 2986; x_wconf 88' lang='lat' dir='ltr'><strong>licet</strong></span> <span class='ocrx_word' id='word_1_584' title='bbox 3755 2923 4086 2987; x_wconf 90' lang='lat' dir='ltr'><strong>sexcentis</strong></span> <span class='ocrx_word' id='word_1_585' title='bbox 4127 2922 4438 3003; x_wconf 88' lang='lat' dir='ltr'><strong>periculis</strong></span> <span class='ocrx_word' id='word_1_586' title='bbox 4476 2940 4786 3007; x_wconf 83' lang='lat' dir='ltr'><strong>urgeamur.</strong></span> 
     </span>
     <span class='ocr_line' id='line_1_83' title="bbox 2915 3004 4786 3087; baseline -0.001 -17"><span class='ocrx_word' id='word_1_587' title='bbox 2915 3004 3066 3071; x_wconf 84' lang='lat' dir='ltr'><strong>Etsi</strong></span> <span class='ocrx_word' id='word_1_588' title='bbox 3124 3024 3278 3072; x_wconf 89' lang='lat' dir='ltr'><strong>vero</strong></span> <span class='ocrx_word' id='word_1_589' title='bbox 3337 3026 3471 3070; x_wconf 90' lang='lat' dir='ltr'><strong>non</strong></span> <span class='ocrx_word' id='word_1_590' title='bbox 3526 3006 3749 3071; x_wconf 90' lang='lat' dir='ltr'><strong>statim</strong></span> <span class='ocrx_word' id='word_1_591' title='bbox 3806 3026 3949 3071; x_wconf 90' lang='lat' dir='ltr'><strong>sese</strong></span> <span class='ocrx_word' id='word_1_592' title='bbox 4007 3005 4302 3071; x_wconf 85' lang='lat' dir='ltr'><strong>divinum</strong></span> <span class='ocrx_word' id='word_1_593' title='bbox 4365 3008 4692 3087; x_wconf 86' lang='lat' dir='ltr'><strong>auxilinm,</strong></span> <span class='ocrx_word' id='word_1_594' title='bbox 4738 3024 4786 3069; x_wconf 77' lang='lat' dir='ltr'><strong>ac</strong></span> 
     </span>
     <span class='ocr_line' id='line_1_84' title="bbox 2914 3089 4786 3176; baseline -0.001 -21"><span class='ocrx_word' id='word_1_595' title='bbox 2914 3090 3042 3174; x_wconf 91' lang='lat' dir='ltr'><strong>ipsi</strong></span> <span class='ocrx_word' id='word_1_596' title='bbox 3086 3089 3420 3168; x_wconf 87' lang='lat' dir='ltr'><strong>vellemus,</strong></span> <span class='ocrx_word' id='word_1_597' title='bbox 3465 3102 3779 3170; x_wconf 89' lang='lat' dir='ltr'><strong>occurrat,</strong></span> <span class='ocrx_word' id='word_1_598' title='bbox 3825 3113 3908 3156; x_wconf 93' lang='lat' dir='ltr'><strong>ne</strong></span> <span class='ocrx_word' id='word_1_599' title='bbox 3954 3100 4168 3157; x_wconf 88' lang='lat' dir='ltr'><strong>tamen</strong></span> <span class='ocrx_word' id='word_1_600' title='bbox 4217 3112 4511 3176; x_wconf 86' lang='lat' dir='ltr'><strong>unquam</strong></span> <span class='ocrx_word' id='word_1_601' title='bbox 4554 3092 4786 3159; x_wconf 84' lang='lat' dir='ltr'><strong>animum</strong></span> 
     </span>
     <span class='ocr_line' id='line_1_85' title="bbox 2917 3174 4786 3261; baseline 0 -21"><span class='ocrx_word' id='word_1_602' title='bbox 2917 3174 3460 3258; x_wconf 87' lang='lat' dir='ltr'><strong>despondeamus:</strong></span> <span class='ocrx_word' id='word_1_603' title='bbox 3507 3176 3619 3243; x_wconf 87' lang='lat' dir='ltr'><strong>sed</strong></span> <span class='ocrx_word' id='word_1_604' title='bbox 3663 3186 3839 3243; x_wconf 91' lang='lat' dir='ltr'><strong>certo</strong></span> <span class='ocrx_word' id='word_1_605' title='bbox 3876 3197 4257 3261; x_wconf 91' lang='lat' dir='ltr'><strong>persuasum</strong></span> <span class='ocrx_word' id='word_1_606' title='bbox 4292 3179 4489 3245; x_wconf 87' lang='lat' dir='ltr'><strong>nobis</strong></span> <span class='ocrx_word' id='word_1_607' title='bbox 4533 3190 4662 3245; x_wconf 85' lang='lat' dir='ltr'><strong>esto</strong></span> <span class='ocrx_word' id='word_1_608' title='bbox 4690 3175 4786 3242; x_wconf 86' lang='lat' dir='ltr'><strong>nul·</strong></span> 
     </span>
     <span class='ocr_line' id='line_1_86' title="bbox 2917 3260 4787 3345; baseline -0.001 -20"><span class='ocrx_word' id='word_1_609' title='bbox 2917 3262 3047 3326; x_wconf 87' lang='lat' dir='ltr'><strong>lam</strong></span> <span class='ocrx_word' id='word_1_610' title='bbox 3108 3272 3359 3327; x_wconf 87' lang='lat' dir='ltr'><strong>tantam</strong></span> <span class='ocrx_word' id='word_1_611' title='bbox 3402 3263 3542 3327; x_wconf 89' lang='lat' dir='ltr'><strong>fore</strong></span> <span class='ocrx_word' id='word_1_612' title='bbox 3586 3260 4053 3342; x_wconf 86' lang='lat' dir='ltr'><strong>difficultatem,</strong></span> <span class='ocrx_word' id='word_1_613' title='bbox 4113 3283 4310 3345; x_wconf 89' lang='lat' dir='ltr'><strong>quam</strong></span> <span class='ocrx_word' id='word_1_614' title='bbox 4366 3285 4505 3330; x_wconf 88' lang='lat' dir='ltr'><strong>non</strong></span> <span class='ocrx_word' id='word_1_615' title='bbox 4552 3262 4787 3330; x_wconf 82' lang='lat' dir='ltr'><strong>facillime</strong></span> 
     </span>
     <span class='ocr_line' id='line_1_87' title="bbox 2916 3346 4790 3434; baseline 0 -23"><span class='ocrx_word' id='word_1_616' title='bbox 2916 3367 3318 3429; x_wconf 89' lang='lat' dir='ltr'><strong>superemus.</strong></span> <span class='ocrx_word' id='word_1_617' title='bbox 3420 3347 3644 3429; x_wconf 91' lang='lat' dir='ltr'><strong>Quare</strong></span> <span class='ocrx_word' id='word_1_618' title='bbox 3720 3347 3875 3413; x_wconf 89' lang='lat' dir='ltr'><strong>licet</strong></span> <span class='ocrx_word' id='word_1_619' title='bbox 3942 3349 4163 3414; x_wconf 72' lang='lat' dir='ltr'><strong>hostes</strong></span> <span class='ocrx_word' id='word_1_620' title='bbox 4232 3351 4536 3417; x_wconf 86' lang='lat' dir='ltr'><strong>faucibus</strong></span> <span class='ocrx_word' id='word_1_621' title='bbox 4608 3346 4790 3434; x_wconf 56' lang='lat' dir='ltr'><strong>aper&amp;</strong></span> 
     </span>
     <span class='ocr_line' id='line_1_88' title="bbox 2916 3431 4789 3518; baseline -0.001 -21"><span class='ocrx_word' id='word_1_622' title='bbox 2916 3432 3104 3497; x_wconf 90' lang='lat' dir='ltr'><strong>nobis</strong></span> <span class='ocrx_word' id='word_1_623' title='bbox 3162 3431 3553 3499; x_wconf 86' lang='lat' dir='ltr'><strong>devorandis</strong></span> <span class='ocrx_word' id='word_1_624' title='bbox 3607 3432 3863 3499; x_wconf 90' lang='lat' dir='ltr'><strong>inhiare</strong></span> <span class='ocrx_word' id='word_1_625' title='bbox 3918 3434 4271 3515; x_wconf 88' lang='lat' dir='ltr'><strong>videamus,</strong></span> <span class='ocrx_word' id='word_1_626' title='bbox 4337 3436 4703 3518; x_wconf 85' lang='lat' dir='ltr'><strong>patientiam</strong></span> <span class='ocrx_word' id='word_1_627' title='bbox 4746 3440 4789 3495; x_wconf 80' lang='lat' dir='ltr'><strong>et</strong></span> 
     </span>
     <span class='ocr_line' id='line_1_89' title="bbox 2915 3517 4790 3604; baseline 0.003 -22"><span class='ocrx_word' id='word_1_628' title='bbox 2915 3517 3349 3584; x_wconf 88' lang='lat' dir='ltr'><strong>obedientiam</strong></span> <span class='ocrx_word' id='word_1_629' title='bbox 3411 3528 3700 3585; x_wconf 91' lang='lat' dir='ltr'><strong>nostram</strong></span> <span class='ocrx_word' id='word_1_630' title='bbox 3760 3521 4041 3586; x_wconf 87' lang='lat' dir='ltr'><strong>sciamus</strong></span> <span class='ocrx_word' id='word_1_631' title='bbox 4097 3540 4137 3584; x_wconf 92' lang='lat' dir='ltr'><strong>a</strong></span> <span class='ocrx_word' id='word_1_632' title='bbox 4189 3519 4484 3587; x_wconf 91' lang='lat' dir='ltr'><strong>Domino</strong></span> <span class='ocrx_word' id='word_1_633' title='bbox 4550 3523 4635 3587; x_wconf 87' lang='lat' dir='ltr'><strong>its</strong></span> <span class='ocrx_word' id='word_1_634' title='bbox 4687 3538 4790 3604; x_wconf 75' lang='lat' dir='ltr'><strong>pro·</strong></span> 
     </span>
     <span class='ocr_line' id='line_1_90' title="bbox 2916 3603 4791 3692; baseline -0.001 -22"><span class='ocrx_word' id='word_1_635' title='bbox 2916 3603 3088 3670; x_wconf 90' lang='lat' dir='ltr'><strong>bari:</strong></span> <span class='ocrx_word' id='word_1_636' title='bbox 3133 3605 3243 3688; x_wconf 86' lang='lat' dir='ltr'><strong>qui</strong></span> <span class='ocrx_word' id='word_1_637' title='bbox 3288 3615 3507 3669; x_wconf 90' lang='lat' dir='ltr'><strong>tamen</strong></span> <span class='ocrx_word' id='word_1_638' title='bbox 3552 3626 3685 3670; x_wconf 91' lang='lat' dir='ltr'><strong>non</strong></span> <span class='ocrx_word' id='word_1_639' title='bbox 3727 3605 3951 3687; x_wconf 90' lang='lat' dir='ltr'><strong>procul</strong></span> <span class='ocrx_word' id='word_1_640' title='bbox 3994 3625 4036 3669; x_wconf 93' lang='lat' dir='ltr'><strong>a</strong></span> <span class='ocrx_word' id='word_1_641' title='bbox 4078 3605 4265 3672; x_wconf 91' lang='lat' dir='ltr'><strong>nobis</strong></span> <span class='ocrx_word' id='word_1_642' title='bbox 4308 3608 4519 3692; x_wconf 87' lang='lat' dir='ltr'><strong>abest,</strong></span> <span class='ocrx_word' id='word_1_643' title='bbox 4562 3606 4665 3673; x_wconf 86' lang='lat' dir='ltr'><strong>sed</strong></span> <span class='ocrx_word' id='word_1_644' title='bbox 4693 3622 4791 3668; x_wconf 71' lang='lat' dir='ltr'><strong>me·</strong></span> 
     </span>
     <span class='ocr_line' id='line_1_91' title="bbox 2914 3688 4792 3775; baseline 0.001 -22"><span class='ocrx_word' id='word_1_645' title='bbox 2914 3709 3073 3753; x_wconf 90' lang='lat' dir='ltr'><strong>num</strong></span> <span class='ocrx_word' id='word_1_646' title='bbox 3119 3689 3506 3756; x_wconf 89' lang='lat' dir='ltr'><strong>auxiliarem</strong></span> <span class='ocrx_word' id='word_1_647' title='bbox 3550 3688 3834 3773; x_wconf 90' lang='lat' dir='ltr'><strong>praebet,</strong></span> <span class='ocrx_word' id='word_1_648' title='bbox 3880 3690 4068 3756; x_wconf 91' lang='lat' dir='ltr'><strong>modo</strong></span> <span class='ocrx_word' id='word_1_649' title='bbox 4112 3690 4195 3757; x_wconf 88' lang='lat' dir='ltr'><strong>ad</strong></span> <span class='ocrx_word' id='word_1_650' title='bbox 4240 3692 4462 3775; x_wconf 90' lang='lat' dir='ltr'><strong>ipsum</strong></span> <span class='ocrx_word' id='word_1_651' title='bbox 4508 3715 4591 3759; x_wconf 88' lang='lat' dir='ltr'><strong>ex</strong></span> <span class='ocrx_word' id='word_1_652' title='bbox 4630 3690 4792 3757; x_wconf 75' lang='lat' dir='ltr'><strong>animo</strong></span> 
     </span>
     <span class='ocr_line' id='line_1_92' title="bbox 2915 3772 4795 3859; baseline 0 -19"><span class='ocrx_word' id='word_1_653' title='bbox 2915 3774 3401 3859; x_wconf 79' lang='lat' dir='ltr'><strong>confugiamus:</strong></span> <span class='ocrx_word' id='word_1_654' title='bbox 3470 3784 3536 3841; x_wconf 91' lang='lat' dir='ltr'><strong>et</strong></span> <span class='ocrx_word' id='word_1_655' title='bbox 3601 3787 3825 3842; x_wconf 90' lang='lat' dir='ltr'><strong>contra</strong></span> <span class='ocrx_word' id='word_1_656' title='bbox 3912 3776 4249 3852; x_wconf 89' lang='lat' dir='ltr'><strong>brachium</strong></span> <span class='ocrx_word' id='word_1_657' title='bbox 4326 3799 4527 3844; x_wconf 88' lang='lat' dir='ltr'><strong>suum</strong></span> <span class='ocrx_word' id='word_1_658' title='bbox 4612 3772 4795 3842; x_wconf 81' lang='lat' dir='ltr'><strong>exserit</strong></span> 
     </span>
     <span class='ocr_line' id='line_1_93' title="bbox 2916 3859 4794 3940; baseline 0.002 -15"><span class='ocrx_word' id='word_1_659' title='bbox 2916 3859 3232 3926; x_wconf 88' lang='lat' dir='ltr'><strong>adversus</strong></span> <span class='ocrx_word' id='word_1_660' title='bbox 3283 3861 3507 3927; x_wconf 84' lang='lat' dir='ltr'><strong>hostes</strong></span> <span class='ocrx_word' id='word_1_661' title='bbox 3564 3862 4037 3940; x_wconf 84' lang='lat' dir='ltr'><strong>infestissimos,</strong></span> <span class='ocrx_word' id='word_1_662' title='bbox 4099 3871 4174 3926; x_wconf 91' lang='lat' dir='ltr'><strong>ut</strong></span> <span class='ocrx_word' id='word_1_663' title='bbox 4231 3883 4345 3929; x_wconf 90' lang='lat' dir='ltr'><strong>eos</strong></span> <span class='ocrx_word' id='word_1_664' title='bbox 4405 3868 4727 3931; x_wconf 84' lang='lat' dir='ltr'><strong>consumat</strong></span> <span class='ocrx_word' id='word_1_665' title='bbox 4754 3870 4794 3923; x_wconf 72' lang='lat' dir='ltr'><strong>et</strong></span> 
     </span>
     <span class='ocr_line' id='line_1_94' title="bbox 2915 3946 4794 4032; baseline 0.001 -23"><span class='ocrx_word' id='word_1_666' title='bbox 2915 3946 3175 4030; x_wconf 84' lang='lat' dir='ltr'><strong>fulgure</strong></span> <span class='ocrx_word' id='word_1_667' title='bbox 3218 3948 3557 4030; x_wconf 86' lang='lat' dir='ltr'><strong>percutiat,</strong></span> <span class='ocrx_word' id='word_1_668' title='bbox 3618 3946 3778 4013; x_wconf 92' lang='lat' dir='ltr'><strong>adeo</strong></span> <span class='ocrx_word' id='word_1_669' title='bbox 3821 3958 3895 4012; x_wconf 89' lang='lat' dir='ltr'><strong>ut</strong></span> <span class='ocrx_word' id='word_1_670' title='bbox 3934 3968 4280 4031; x_wconf 84' lang='lat' dir='ltr'><strong>persuasos</strong></span> <span class='ocrx_word' id='word_1_671' title='bbox 4321 3969 4470 4016; x_wconf 87' lang='lat' dir='ltr'><strong>esse</strong></span> <span class='ocrx_word' id='word_1_672' title='bbox 4506 3972 4620 4016; x_wconf 85' lang='lat' dir='ltr'><strong>nos</strong></span> <span class='ocrx_word' id='word_1_673' title='bbox 4658 3967 4794 4032; x_wconf 82' lang='lat' dir='ltr'><strong>opor-</strong></span> 
     </span>
     <span class='ocr_line' id='line_1_95' title="bbox 2915 4031 4793 4116; baseline -0.001 -20"><span class='ocrx_word' id='word_1_674' title='bbox 2915 4040 3068 4110; x_wconf 82' lang='lat' dir='ltr'><strong>teat,</strong></span> <span class='ocrx_word' id='word_1_675' title='bbox 3127 4031 3341 4097; x_wconf 92' lang='lat' dir='ltr'><strong>Deum</strong></span> <span class='ocrx_word' id='word_1_676' title='bbox 3386 4052 3722 4115; x_wconf 87' lang='lat' dir='ltr'><strong>nunquam</strong></span> <span class='ocrx_word' id='word_1_677' title='bbox 3779 4053 3943 4116; x_wconf 89' lang='lat' dir='ltr'><strong>opus</strong></span> <span class='ocrx_word' id='word_1_678' title='bbox 3986 4053 4180 4099; x_wconf 90' lang='lat' dir='ltr'><strong>suum</strong></span> <span class='ocrx_word' id='word_1_679' title='bbox 4226 4034 4712 4102; x_wconf 84' lang='lat' dir='ltr'><strong>derelicturum:</strong></span> <span class='ocrx_word' id='word_1_680' title='bbox 4752 4040 4793 4095; x_wconf 78' lang='lat' dir='ltr'><strong>et</strong></span> 
     </span>
     <span class='ocr_line' id='line_1_96' title="bbox 2915 4117 4795 4205; baseline 0 -24"><span class='ocrx_word' id='word_1_681' title='bbox 2915 4137 3049 4183; x_wconf 89' lang='lat' dir='ltr'><strong>non</strong></span> <span class='ocrx_word' id='word_1_682' title='bbox 3113 4117 3631 4202; x_wconf 87' lang='lat' dir='ltr'><strong>conquieturum,</strong></span> <span class='ocrx_word' id='word_1_683' title='bbox 3715 4117 3916 4185; x_wconf 89' lang='lat' dir='ltr'><strong>donec</strong></span> <span class='ocrx_word' id='word_1_684' title='bbox 3988 4120 4350 4205; x_wconf 88' lang='lat' dir='ltr'><strong>promissae</strong></span> <span class='ocrx_word' id='word_1_685' title='bbox 4435 4122 4664 4187; x_wconf 86' lang='lat' dir='ltr'><strong>salutis</strong></span> <span class='ocrx_word' id='word_1_686' title='bbox 4715 4135 4795 4183; x_wconf 71' lang='lat' dir='ltr'><strong>noe</strong></span> 
     </span>
     <span class='ocr_line' id='line_1_97' title="bbox 2912 4203 3542 4287; baseline 0.005 -20"><span class='ocrx_word' id='word_1_687' title='bbox 2912 4203 3140 4270; x_wconf 85' lang='lat' dir='ltr'><strong>fecerit</strong></span> <span class='ocrx_word' id='word_1_688' title='bbox 3181 4203 3542 4287; x_wconf 89' lang='lat' dir='ltr'><strong>participes.</strong></span> 
     </span>
     <span class='ocr_line' id='line_1_98' title="bbox 3086 4288 4030 4375; baseline 0 -21"><span class='ocrx_word' id='word_1_689' title='bbox 3086 4291 3283 4374; x_wconf 86' lang='lat' dir='ltr'><strong>Agite</strong></span> <span class='ocrx_word' id='word_1_690' title='bbox 3325 4309 3504 4370; x_wconf 82' lang='lat' dir='ltr'><strong>vero,</strong></span> <span class='ocrx_word' id='word_1_691' title='bbox 3554 4288 3882 4375; x_wconf 90' lang='lat' dir='ltr'><strong>supplices</strong></span> <span class='ocrx_word' id='word_1_692' title='bbox 3925 4296 4030 4356; x_wconf 80' lang='lat' dir='ltr'><strong>etc.</strong></span> 
     </span>
    </p>
   </div>
   <div class='ocr_carea' id='block_1_9' title="bbox 3480 4633 4283 4717">
    <p class='ocr_par' dir='ltr' id='par_1_11' title="bbox 3480 4633 4283 4717">
     <span class='ocr_line' id='line_1_99' title="bbox 3480 4633 4283 4717; baseline 0 -1"><span class='ocrx_word' id='word_1_693' title='bbox 3480 4633 3979 4717; x_wconf 86' lang='lat' dir='ltr'><strong>HOMILIA.</strong></span> <span class='ocrx_word' id='word_1_694' title='bbox 4021 4635 4215 4717; x_wconf 81' lang='lat' dir='ltr'><strong>XLI</strong></span> <span class='ocrx_word' id='word_1_695' title='bbox 4221 4638 4283 4716; x_wconf 82' lang='lat'><strong>[-</strong></span> 
     </span>
    </p>
   </div>
   <div class='ocr_carea' id='block_1_10' title="bbox 2915 4802 4793 5148">
    <p class='ocr_par' dir='ltr' id='par_1_12' title="bbox 2915 4802 4793 5148">
     <span class='ocr_line' id='line_1_100' title="bbox 3092 4802 4791 4887; baseline 0.002 -19"><span class='ocrx_word' id='word_1_696' title='bbox 3092 4802 3193 4868; x_wconf 82' lang='lat'><strong>12.</strong></span> <span class='ocrx_word' id='word_1_697' title='bbox 3274 4803 3565 4869; x_wconf 72' lang='lat' dir='ltr'><strong>Videntes</strong></span> <span class='ocrx_word' id='word_1_698' title='bbox 3626 4808 3833 4870; x_wconf 74' lang='lat' dir='ltr'><strong>autem</strong></span> <span class='ocrx_word' id='word_1_699' title='bbox 3909 4805 4083 4887; x_wconf 76' lang='lat' dir='ltr'><strong>&#39;quod</strong></span> <span class='ocrx_word' id='word_1_700' title='bbox 4147 4803 4339 4872; x_wconf 74' lang='lat' dir='ltr'><strong>Noas</strong></span> <span class='ocrx_word' id='word_1_701' title='bbox 4402 4828 4515 4873; x_wconf 73' lang='lat' dir='ltr'><strong>rex</strong></span> <span class='ocrx_word' id='word_1_702' title='bbox 4576 4805 4791 4885; x_wconf 67' lang='lat' dir='ltr'><strong>filiam</strong></span> 
     </span>
     <span class='ocr_line' id='line_1_101' title="bbox 2917 4885 4793 4990; baseline 0.001 -38"><span class='ocrx_word' id='word_1_703' title='bbox 2917 4887 3195 4953; x_wconf 80' lang='lat' dir='ltr'><strong>Ammon</strong></span> <span class='ocrx_word' id='word_1_704' title='bbox 3250 4889 3511 4954; x_wconf 71' lang='lat' dir='ltr'><strong>venisset</strong></span> <span class='ocrx_word' id='word_1_705' title='bbox 3565 4890 3894 4988; x_wconf 61' lang='lat' dir='ltr'><strong>aduersum</strong></span> <span class='ocrx_word' id='word_1_706' title='bbox 3935 4910 4078 4989; x_wconf 66' lang='lat' dir='ltr'><strong>pos,</strong></span> <span class='ocrx_word' id='word_1_707' title='bbox 4143 4891 4409 4990; x_wconf 67' lang='lat' dir='ltr'><strong>dixe-stis</strong></span> <span class='ocrx_word' id='word_1_708' title='bbox 4458 4891 4647 4957; x_wconf 64' lang='lat' dir='ltr'><strong>nei-ki:</strong></span> <span class='ocrx_word' id='word_1_709' title='bbox 4695 4885 4793 4987; x_wconf 66' lang='lat' dir='ltr'><strong>.N⁰&#39;</strong></span> 
     </span>
     <span class='ocr_line' id='line_1_102' title="bbox 2915 4975 4793 5148; baseline -0.001 -22"><span class='ocrx_word' id='word_1_710' title='bbox 2915 4975 4002 5143; x_wconf 47' lang='lat' dir='ltr'><strong>ffltwfflffiffimffi</strong></span> <span class='ocrx_word' id='word_1_711' title='bbox 4029 4976 4793 5148; x_wconf 33' lang='lat' dir='ltr'><strong>&amp;samm</strong></span> 
     </span>
    </p>
   </div>
   <div class='ocr_carea' id='block_1_11' title="bbox 887 5140 4793 5317">
    <p class='ocr_par' dir='ltr' id='par_1_13' title="bbox 887 5140 4793 5317">
     <span class='ocr_line' id='line_1_103' title="bbox 888 5140 4793 5230; baseline -0 -21"><span class='ocrx_word' id='word_1_712' title='bbox 888 5164 1014 5227; x_wconf 91' lang='lat' dir='ltr'><strong>que</strong></span> <span class='ocrx_word' id='word_1_713' title='bbox 1069 5143 1216 5209; x_wconf 90' lang='lat' dir='ltr'><strong>ideo</strong></span> <span class='ocrx_word' id='word_1_714' title='bbox 1259 5143 1526 5211; x_wconf 90' lang='lat' dir='ltr'><strong>Samuel</strong></span> <span class='ocrx_word' id='word_1_715' title='bbox 1585 5143 1664 5209; x_wconf 91' lang='lat' dir='ltr'><strong>de</strong></span> <span class='ocrx_word' id='word_1_716' title='bbox 1709 5165 1780 5210; x_wconf 91' lang='lat' dir='ltr'><strong>se</strong></span> <span class='ocrx_word' id='word_1_717' title='bbox 1824 5144 1933 5210; x_wconf 90' lang='lat' dir='ltr'><strong>hic</strong></span> <span class='ocrx_word' id='word_1_718' title='bbox 1989 5165 2292 5228; x_wconf 84' lang='lat' dir='ltr'><strong>expresse</strong></span> <span class='ocrx_word' id='word_1_719' title='bbox 2333 5147 2488 5212; x_wconf 86' lang='lat' dir='ltr'><strong>facit</strong></span> <span class='ocrx_word' id='word_1_720' title='bbox 2532 5146 2811 5212; x_wconf 90' lang='lat' dir='ltr'><strong>mentio·</strong></span> <span class='ocrx_word' id='word_1_721' title='bbox 2913 5150 3003 5212; x_wconf 81' lang='lat' dir='ltr'><strong>cst</strong></span> <span class='ocrx_word' id='word_1_722' title='bbox 3056 5165 3171 5211; x_wconf 77' lang='lat' dir='ltr'><strong>rex</strong></span> <span class='ocrx_word' id='word_1_723' title='bbox 3203 5150 3414 5223; x_wconf 74' lang='lat' dir='ltr'><strong>vester,</strong></span> <span class='ocrx_word' id='word_1_724' title='bbox 3473 5166 3652 5227; x_wconf 74' lang='lat' dir='ltr'><strong>quem</strong></span> <span class='ocrx_word' id='word_1_725' title='bbox 3707 5147 3988 5230; x_wconf 64' lang='lat' dir='ltr'><strong>eleya‘stis</strong></span> <span class='ocrx_word' id='word_1_726' title='bbox 4033 5152 4090 5211; x_wconf 77' lang='lat' dir='ltr'><strong>et</strong></span> <span class='ocrx_word' id='word_1_727' title='bbox 4137 5149 4447 5229; x_wconf 67' lang='lat' dir='ltr'><strong>petiistis.-</strong></span> <span class='ocrx_word' id='word_1_728' title='bbox 4500 5167 4624 5214; x_wconf 77' lang='lat' dir='ltr'><strong>eece</strong></span> <span class='ocrx_word' id='word_1_729' title='bbox 4669 5140 4793 5208; x_wconf 65' lang='lat' dir='ltr'><strong>defi</strong></span> 
     </span>
     <span class='ocr_line' id='line_1_104' title="bbox 887 5228 4788 5317; baseline 0.001 -25"><span class='ocrx_word' id='word_1_730' title='bbox 887 5250 1057 5295; x_wconf 86' lang='lat' dir='ltr'><strong>nem.</strong></span> <span class='ocrx_word' id='word_1_731' title='bbox 1143 5230 1274 5296; x_wconf 89' lang='lat' dir='ltr'><strong>Ubi</strong></span> <span class='ocrx_word' id='word_1_732' title='bbox 1317 5229 1817 5310; x_wconf 83' lang='lat' dir='ltr'><strong>observandum,</strong></span> <span class='ocrx_word' id='word_1_733' title='bbox 1871 5231 2381 5317; x_wconf 89' lang='lat' dir='ltr'><strong>quotiescunque</strong></span> <span class='ocrx_word' id='word_1_734' title='bbox 2424 5232 2609 5300; x_wconf 89' lang='lat' dir='ltr'><strong>Deus</strong></span> <span class='ocrx_word' id='word_1_735' title='bbox 2653 5253 2811 5300; x_wconf 87' lang='lat' dir='ltr'><strong>suae</strong></span> <span class='ocrx_word' id='word_1_736' title='bbox 2912 5230 3084 5297; x_wconf 76' lang='lat' dir='ltr'><strong>vobis</strong></span> <span class='ocrx_word' id='word_1_737' title='bbox 3140 5228 3455 5297; x_wconf 75' lang='lat' dir='ltr'><strong>Dominus</strong></span> <span class='ocrx_word' id='word_1_738' title='bbox 3508 5252 3725 5315; x_wconf 73' lang='lat' dir='ltr'><strong>reyem.</strong></span> <span class='ocrx_word' id='word_1_739' title='bbox 3812 5232 3911 5299; x_wconf 84' lang='lat'><strong>14.</strong></span> <span class='ocrx_word' id='word_1_740' title='bbox 3975 5231 4051 5299; x_wconf 69' lang='lat' dir='ltr'><strong>Si</strong></span> <span class='ocrx_word' id='word_1_741' title='bbox 4104 5234 4443 5301; x_wconf 68' lang='lat' dir='ltr'><strong>timueritis</strong></span> <span class='ocrx_word' id='word_1_742' title='bbox 4478 5230 4788 5301; x_wconf 58' lang='lat' dir='ltr'><strong>Donum</strong></span> 
     </span>
    </p>
   </div>
   <div class='ocr_carea' id='block_1_12' title="bbox 4876 5041 4878 6031">
    <p class='ocr_par' dir='ltr' id='par_1_14' title="bbox 4876 5041 4878 6031">
     <span class='ocr_line' id='line_1_105' title="bbox 4876 5041 4878 6031; baseline 0 0"><span class='ocrx_word' id='word_1_743' title='bbox 4876 5041 4878 6031; x_wconf 95' lang='lat' dir='ltr'><strong> </strong></span> 
     </span>
    </p>
   </div>
  </div>
 </body>
</html>
