5059 6059
700 314 835 383 496

2334 295 2748 370 HOMILIA
2788 299 3061 370 xxm.

4545 302 4664 370 496

699 505 962 582 habant,
1027 521 1264 585 nempe
1327 497 1549 563 Deum
1616 491 1790 560 velle
1848 488 2107 558 adorari
2163 487 2235 554 in
2293 485 2532 572 spiritu
2574 491 2642 552 et
2738 490 2957 575 ipsum
3012 509 3322 576 superare
3378 488 3747 558 vellemus?
3801 490 4035 558 Nonne
4089 513 4248 559 vero
4303 492 4496 561 Deus
4549 493 4668 561 im-

703 591 1016 659 veritate:
1074 608 1152 655 ac
1208 582 1481 670 proinde
1537 579 1734 646 etiam
1791 577 2080 661 cogitare
2125 594 2280 673 non·
2302 573 2447 639 sine
2488 591 2640 656 gra·

703 675 973 746 vissima
1033 691 1234 740 causa
1277 671 1492 738 Deum
1536 676 1671 732 tam
1717 663 1964 730 severis
2008 660 2075 745 pl
2165 660 2220 725 's
2259 677 2439 741 ipsos
2482 657 2641 723 affe-

702 763 889 840 cisse,
944 758 1068 827 etsi
1124 768 1345 824 tamen
1401 774 1545 820 eam
1589 752 1992 834 ignorarent.
2145 765 2251 811 am
2298 744 2480 810 Deus
2523 742 2646 807 ho·

706 849 959 916 minum
1017 841 1450 912 obedientiam
1508 837 1825 921 explorat,
1890 852 2088 918 quum
2148 830 2437 914 loquitur
2492 847 2642 894 cum

704 933 1072 1009 autoritate,
1109 949 1324 1013 neque
1356 943 1620 993 causam
1654 940 1922 989 suorum
1945 917 2329 984 indiciorum
2353 915 2648 998 exponit.

707 1020 930 1104 Quare
981 1015 1199 1082 Deum
1255 1013 1631 1096 loquentem
1688 1006 2027 1073 Israelitae
2082 1002 2441 1068 debuerant
2497 1021 2644 1066 aus-

708 1106 979 1175 cultare.
1064 1098 1199 1168 Sed
1242 1098 1327 1164 ad
1383 1095 1799 1163 autoritatem
1857 1089 2205 1159 accedebat
2254 1087 2449 1186 etiam
2493 1085 2642 1151 doc-

705 1191 899 1267 trina,
946 1208 1080 1272 qua
1119 1183 1514 1251 docebantur
1556 1199 1773 1247 arcam
1795 1177 1926 1243 Dei
1960 1182 2335 1242 reverentes
2376 1181 2470 1238 ita
2512 1181 2642 1237 tes-

706 1278 833 1343 tari
889 1295 962 1341 se
1016 1291 1232 1339 coram
1292 1268 1434 1334 Deo
1496 1267 1763 1333 vivente
1818 1261 1985 1329 velle
2047 1259 2257 1341 magis
2311 1279 2389 1326 ac
2430 1256 2642 1342 magis

707 1360 896 1429 deiici
940 1366 1009 1426 et
1046 1355 1400 1423 humiliari.
1488 1353 1739 1418 Verum
1784 1349 1867 1415 ad
1909 1347 2073 1415 haec
2114 1367 2246 1411 non
2291 1343 2645 1410 advertunt

705 1446 1064 1522 Israelitae,
1108 1442 1265 1527 quin
1310 1440 1526 1524 potius
1568 1437 1636 1503 in
1672 1455 1892 1503 arcam
1927 1431 2244 1501 curiosius
2277 1429 2641 1514 inspiciant,

704 1532 893 1601 velut
944 1530 1123 1596 illius
1176 1547 1415 1593 arcana
1472 1520 1848 1599 scrutaturi,
1906 1527 1975 1586 et
2025 1539 2113 1585 ex
2155 1514 2519 1583 diffidentia
2561 1513 2643 1579 de

705 1619 835 1686 Dei
890 1615 1192 1700 operibus
1248 1610 1562 1678 iudicium
1614 1607 1809 1684 ferre,
1865 1615 1931 1672 et
1987 1603 2175 1671 velut
2226 1601 2454 1670 arbitri
2498 1619 2642 1666 esse

705 1705 956 1772 volunt.
1043 1699 1210 1783 Quis
1288 1697 1433 1763 ideo
1496 1694 1772 1761 miretur
1837 1689 2146 1775 gravibus
2210 1708 2322 1754 eos
2376 1694 2444 1753 et
2505 1706 2640 1751 me-

702 1790 852 1858 ritis
893 1786 1230 1872 suppliciis
1271 1781 1486 1849 affici?

881 1872 1106 1956 Quare
1169 1869 1498 1935 discamus
1562 1884 1791 1932 eorum
1855 1859 2175 1944 exemplo,
2238 1859 2331 1926 sic
2386 1864 2461 1923 ut
2502 1855 2642 1923 Do-

703 1962 922 2029 minus
986 1955 1182 2024 iussit
1245 1973 1467 2021 coram
1530 1952 1673 2035 ipso
1736 1946 2072 2015 ambulare
2136 1953 2204 2012 et
2258 1963 2390 2010 non
2454 1941 2640 2010 abuti

701 2047 917 2133 gratia
957 2042 1168 2127 ipsine
1222 2060 1424 2125 quum
1467 2058 1587 2103 nos
1629 2033 1939 2121 peculiari
1980 2032 2201 2098 favore
2261 2028 2641 2128 complexus

701 2131 1109 2201 voluntatem
1153 2145 1343 2193 suam
1388 2122 1796 2190 familiariter
1838 2118 2076 2197 docuit,
2120 2115 2233 2217 sed
2274 2136 2391 2182 uos
2433 2133 2639 2196 magis

700 2207 2641 2378 313253‘1032155?{Qzssssmzwffidzt‘m

707 2388 1020 2456 terminos
1078 2405 1199 2451 nos
1252 2381 1611 2459 continere,
1662 2400 1749 2445 ne
1788 2394 2065 2460 usquam
2110 2374 2525 2440 deflectamus
2568 2378 2639 2437 et

702 2473 834 2540 illis
901 2488 1361 2554 repugnemus.
1446 2463 1700 2532 Deinde
1762 2482 1918 2528 vero
1974 2461 2313 2529 sciendum
2369 2456 2637 2522 curiosi-

701 2567 926 2641 tatem,
985 2575 1152 2639 quae
1211 2553 1408 2638 vulgo
1463 2552 1533 2617 in
1578 2548 1934 2616 levioribus
1974 2556 2044 2613 et
2082 2543 2451 2612 venialibus
2494 2563 2650 2626 pee-.

700 2643 867 2711 catis
908 2639 1259 2725 reponitur,
1299 2657 1500 2723 quum
1516 2636 1600 2703 de
1616 2635 1745 2702 Dei
1762 2634 2020 2702 arcanis
2040 2630 2276 2717 agitur,
2305 2628 2633 2711 insignem

705 2749 849 2796 esse
904 2726 1263 2805 audaciam,
1320 2744 1448 2808 qua
1504 2723 1627 2806 ipsi
1684 2721 1829 2786 Deo
1871 2719 2076 2785 veluti
2119 2714 2358 2782 bellum
2383 2712 2631 2813 ,indici-

704 2835 869 2881 mus.
958 2811 1088 2894 Qui
1154 2812 1329 2877 enim
1382 2809 1531 2893 plus
1587 2827 1783 2892 qnam
1840 2805 2027 2871 Deus
2081 2803 2268 2869 docet
2308 2818 2476 2865 scire
2518 2821 2632 2865 ex·

704 2900 886 2983 petit,
932 2917 1089 2963 saue
1132 2894 1460 2964 diabolum
1502 2894 1886 2978 magistrum
1928 2890 2168 2956 habeat
2208 2906 2471 2954 necesse
2513 2893 2628 2953 est.

702 2986 893 3061 Nam,
949 2983 1234 3060 obsecro,
1293 3000 1487 3067 quam
1547 2979 1813 3045 tandem
1869 2975 2179 3050 scholam,
2232 2991 2427 3055 quem
2482 2970 2632 3037 doc-

701 3087 845 3223 ‘13:33³
848 3067 1458 3221 ''iossiffiffiuflat
1485 3058 2634 3217 (ὲῗῗωῖἓὲὶἳοῖἓῗηὲμέἳίὶῖἑὲ

702 3241 1129 3319 ambulantes,
1174 3240 1534 3304 vanitatem
1577 3244 1838 3301 tantum
1871 3251 2358 3315 consequemur.
2448 3227 2632 3311 Quin

698 3332 899 3394 etiam
957 3325 1322 3391 doctrinam
1376 3325 1399 3389 i
1447 3343 1586 3387 sam
1629 3319 1759 3386 Dei
1802 3319 1991 3403 parri
2032 3315 2375 3401 pendimus
2411 3324 2479 3378 et
2519 3335 2634 3380 ve·

702 3413 826 3479 luti
883 3411 1153 3494 pedibus
1200 3426 1404 3476 coucu
1431 3427 1677 3486 eamne,
1729 3405 1917 3490 quasi
1958 3403 2043 3469 ad
2087 3422 2209 3468 nos
2249 3398 2632 3467 erudiendos

702 3498 1232 3564 insufficientem:
1290 3505 1482 3577 atque
1524 3493 1686 3559 adeo
1725 3491 1848 3575 ipsi
1893 3490 2034 3556 Deo
2078 3484 2379 3555 reluctari
2422 3494 2489 3550 et
2530 3484 2632 3551 ul·

702 3593 804 3649 tro
846 3580 1200 3657 adversari,
1242 3579 1428 3664 quasi
1473 3577 1658 3644 nobis
1700 3575 1922 3642 omnia
1961 3574 2267 3641 licerent=
2307 3590 2631 3637 summam

701 3670 897 3735 etiam
973 3667 1411 3751 arrogantiam
1487 3663 1930 3749 patefacimus,
2007 3659 2159 3745 plus
2221 3677 2418 3742 quam
2482 3656 2633 3721 licet

702 3754 1353 3906 3‘230‘5533'032332.
1410 3750 1639 3912 {13qu
1676 3748 1883 3918 {5:332
1923 3745 2633 3917 30322305203131‘1‘1

701 3924 1082 4000 minutione,
1166 3920 1339 4007 quod
1416 3941 1576 3988 sane
1640 3917 2177 3986 contumeliosum
2241 3921 2359 3981 est.
2448 3914 2632 3979 Deus

699 4010 827 4076 coli
891 4030 931 4075 a
994 4005 1179 4074 nobis
1243 4016 1438 4084 caste,
1502 4005 1737 4084 sobrie,
1814 4003 2193 4087 simpliciter
2256 3998 2434 4065 vult:
2515 4021 2633 4068 nos

696 4116 855 4164 vero
913 4094 993 4160 de
1034 4113 1112 4160 eo
1157 4113 1385 4176 parum
1428 4091 1687 4158 solliciti
1729 4112 1814 4157 ex
1855 4089 2063 4156 nostri
2105 4085 2356 4153 arbitrii
2398 4083 2631 4151 voluu-

701 4191 834 4247 tate
910 4179 1123 4247 colere
1197 4177 1415 4261 ipsum
1492 4186 1559 4242 et
1620 4176 1921 4243 venerari
1996 4173 2315 4240 volumus.
2402 4170 2633 4255 Neque

702 4287 860 4333 vero
917 4263 1403 4349 simplicitatem
1459 4261 1568 4329 hic
1604 4281 1914 4329 vocamus
1955 4269 2286 4342 stuporem
2328 4256 2517 4323 illum
2541 4257 2636 4323 ‘fi-

702 4350 826 4429 dei,
869 4371 1068 4435 quem
1110 4350 1558 4434 imaginantur
1599 4348 1913 4432 papistae,
1957 4358 2032 4412 ut
2074 4344 2218 4409 sine
2261 4342 2633 4410 discrimine

703 4436 1044 4503 brutorum
1076 4435 1288 4500 instar
1321 4435 1564 4502 bonum
1600 4444 1717 4499 aut
1749 4432 1994 4498 malum
2030 4450 2395 4514 sequamur.
2459 4428 2632 4496 Nam

702 4521 883 4588 Dens
926 4523 1188 4588 brutum
1233 4520 1422 4585 illum
1465 4529 1799 4601 stuporem
1842 4538 1973 4583 non
2019 4517 2199 4599 petit,
2244 4513 2358 4581 sed
2403 4534 2630 4582 veram

699 4618 767 4674 et
822 4629 955 4674 non
1013 4608 1298 4672 fucatam
1340 4604 1842 4689 simplicitatem,
1900 4622 2030 4686 qua
2072 4599 2268 4667 sobrii
2311 4601 2518 4667 simus
2561 4602 2627 4667 in

700 4693 784 4761 iis
818 4690 1206 4776 recipiendis
1238 4712 1403 4775 quae
1439 4691 1644 4769 docet,
1679 4699 1746 4755 et
1783 4688 2129 4773 diligentes
2162 4687 2235 4753 in
2270 4686 2627 4753 audiendis.

699 4779 922 4861 Atque
980 4779 1072 4844 ita
1126 4778 1197 4842 in
1249 4797 1440 4843 usum
1501 4785 1801 4841 nostrum
1858 4793 2240 4841 revocemus
2297 4771 2466 4855 quod
2521 4771 2629 4839 hic

700 4866 1024 4942 docemur,
1087 4862 1525 4949 cognitionem
1580 4862 1763 4927 illam
1821 4861 1947 4926 Dei
1988 4860 2176 4926 nobis
2218 4857 2451 4925 debere
2492 4859 2628 4924 suf-

700 4952 910 5025 ficere,
976 4970 1169 5032 quam
1230 4970 1312 5014 ex
1366 4949 1572 5031 ipsius
1630 4947 1799 5013 deno
1853 4945 2207 5012 secundum
2248 4965 2627 5011 mensuram

700 5037 1097 5117 accepimus:
1145 5033 1314 5118 quod
1357 5035 1413 5099 si
1457 5054 1591 5098 non
1635 5033 1898 5108 sufficit,
1941 5051 2155 5098 nonne
2199 5030 2432 5096 merito
2468 5030 2625 5096 dum

700 5121 919 5187 stultis
962 5131 1029 5186 et
1072 5119 1258 5205 vagis
1298 5120 1539 5185 nostris
1582 5117 1996 5202 opinionibus
2037 5116 2322 5182 habenas
2365 5117 2627 5199 permit-

697 5206 916 5284 timus,
961 5206 1056 5271 rei
1095 5207 1293 5273 fimus
1334 5204 1615 5291 insignis
1654 5203 2116 5280 contumaciae,
2178 5201 2364 5285 quasi
2404 5201 2627 5270 Deum

2742 596 3006 644 mensus
3058 586 3125 643 et
3179 575 3480 643 influitns
3536 576 3684 644 est?
3745 576 3841 643 At
3881 576 4093 659 qualis
4135 588 4363 644 noster
4403 583 4665 648 sensus!

2740 658 2957 728 Deum
3027 662 3237 747 qualis
3305 664 3394 728 sit
3455 661 3623 728 seire
3679 669 3747 728 et
3807 683 3995 729 nosse
4047 664 4367 748 cupimus.
4454 666 4669 735 Nosne

2743 767 2898 813 vero
2939 747 3157 814 Deum
3201 747 3374 814 velle
3415 747 3981 831 comprehendere,
4026 751 4140 834 qui
4182 770 4268 817 ne
4300 750 4504 835 plena
4535 754 4670 837 qni-

2741 832 2889 899 dem
2932 854 3131 900 manu
3173 833 3511 917 pulverem
3555 834 3891 901 continere
3933 856 4294 920 possumus,
4339 840 4500 920 quin
4544 860 4674 906 ma-

2741 917 2921 985 xima
2978 939 3129 1002 pars
3182 918 3476 985 decidat?
3540 919 3679 985 Nos
3735 920 3952 987 Deum
4010 921 4255 986 intueri
4311 923 4506 1001 velle,
4563 926 4670 1009 qui

2742 1003 2823 1070 ad
2880 1004 3056 1087 solis,
3112 1005 3263 1071 lieet
3318 1005 3719 1106 insensibilis
3760 1019 4116 1084 creaturae,
4174 1006 4389 1073 radios
4433 1010 4668 1096 caliga-

2741 1091 3432 1261 fflissffizsswffi
3473 1091 4670 1262 {zffzg⁰2‘:..¹z⁰3⁶:2z⁰s.iu‘}⁰332⁰.⁶x

2742 1281 2906 1342 sum,
2941 1276 3008 1328 et
3039 1262 3230 1330 cuius
3264 1261 3467 1329 radiis
3500 1264 3671 1329 acies
3707 1273 3931 1329 nostra
3962 1285 4320 1348 sensusque
4355 1267 4670 1334 vincitur:

2742 1345 2872 1413 Dei
2905 1348 3309 1415 maiestatem
3345 1348 3590 1415 intueri
3624 1349 3991 1428 adversam,
4035 1361 4105 1416 et
4136 1350 4397 1434 quidem
4432 1356 4668 1421 nostris

2741 1435 3056 1513 sensibus,
3102 1432 3470 1501 tentamus?
3548 1433 3727 1502 Saue
3790 1435 4156 1520 quicunqne
4220 1437 4540 1504 curiosius
4597 1439 4666 1506 in

2741 1518 2868 1617 Dei
2925 1540 3164 1587 arcana
3218 1520 3580 1603 inquirunt,
3640 1529 3709 1588 et
3748 1520 3939 1586 vanis
3979 1541 4054 1588 ac
4097 1521 4403 1589 inanibus
4445 1545 4670 1608 quaes·

2742 1604 3030 1672 tionibus
3099 1625 3240 1674 sese
3282 1605 3583 1689 fatigant,
3658 1605 3986 1673 manifesti
4029 1608 4158 1675 Dei
4199 1617 4670 1693 contemptores

2742 1705 2915 1773 sunt,
2978 1712 3168 1777 quem
3214 1691 3395 1758 velut
3438 1691 3755 1757 infantem
3802 1692 4105 1758 manibus
4147 1696 4505 1773 contines-e,
4562 1707 4674 1762 ant

2743 1785 3049 1864 tauquam
3107 1776 3307 1863 pilam
3365 1797 3633 1843 versare
3674 1787 4005 1863 cuperent.
4094 1776 4318 1859 Quare
4360 1780 4509 1863 quis
4550 1781 4670 1847 mi·

2740 1877 2941 1943 retur,
3004 1885 3134 1930 non
3180 1874 3439 1930 tantum
3485 1861 3945 1945 Bethsemitas,
3987 1863 4101 1929 sed
4146 1865 4346 1931 totius
4385 1867 4669 1951 regionis

2739 1951 2984 2018 incolas
3024 1949 3224 2016 huius
3265 1949 3655 2017 curiositatis
3696 1949 4117 2035 gravissimas
4150 1970 4395 2034 poenas
4430 1951 4667 2036 depen-

2741 2036 2959 2104 disse?
3016 2037 3228 2102 'Panto
3287 2034 3491 2118 igitur
3545 2034 3751 2100 maior
3807 2034 4024 2100 danda
4080 2035 4269 2103 nobis
4320 2056 4536 2120 opera,
4592 2045 4668 2104 ut

2740 2122 2909 2208 quod
2945 2123 3133 2189 docet
3166 2119 3416 2187 Paulus
3450 2120 3723 2186 memori
3758 2131 3979 2187 mente
4014 2129 4370 2201 teneamus,
4413 2144 4667 2207 nempe,

2740 2230 2824 2362 :3
2847 2206 4667 2376 qssssiffssssssssffp‘ssrssiimossffff‘fflffioesss'ffifflssss

2739 2398 3112 2447 mensuram
3175 2376 3348 2445 fidei.
3433 2377 3643 2443 Porro
3685 2376 4001 2443 sobrietas
4042 2378 4159 2443 illa
4200 2380 4413 2462 posita
4454 2389 4559 2446 est
4595 2381 4661 2448 in

2740 2465 3082 2544 docilitate,
3142 2483 3277 2548 qua
3338 2461 3466 2529 Dei
3532 2463 3804 2529 verbum
3865 2463 4274 2547 recipiamus,
4339 2474 4408 2530 et
4471 2466 4540 2531 in
4590 2487 4665 2532 eo

2738 2553 2949 2637 magis
2968 2549 3307 2635 magisque
3341 2566 3855 2631 promoveamus,
3898 2568 3973 2615 ac
4015 2559 4390 2616 constanter
4431 2552 4665 2634 persis·

2739 2648 2974 2715 tamus,
3041 2635 3276 2703 deiude
3338 2654 3468 2718 qua
3514 2654 3715 2700 vanas
3772 2655 3999 2701 omnes
4042 2636 4378 2720 opiniones
4421 2637 4664 2703 reiicia·

2738 2745 2903 2802 mus,
2960 2731 3024 2789 et
3083 2732 3340 2787 nostros
3389 2739 3620 2789 sensus
3661 2720 4114 2804 reprimamus.
4198 2720 4450 2788 Notum
4494 2724 4663 2789 enim

2736 2829 2935 2894 quam
2992 2816 3226 2874 natura
3282 2805 3539 2889 patulas
3590 2827 3782 2872 aures
3825 2806 4178 2873 habeamus
4220 2807 4302 2873 ad
4347 2808 4522 2875 hanc
4563 2809 4663 2875 vel

2736 2895 2916 2961 illam
2960 2890 3388 2960 hauriendam
3430 2892 3818 2975 opinionem,
3862 2903 3930 2958 et
3970 2912 4163 2976 quam
4206 2893 4415 2961 simus
4447 2914 4663 2960 rerum

2736 2999 3055 3047 novarum
3098 2977 3354 3061 cupidi:
3409 2975 3578 3061 quod
3623 2977 3859 3043 vitium
3902 2987 4005 3044 est
4044 2977 4380 3057 eiusmodi,
4424 2990 4500 3045 ut
4543 2979 4662 3047 Dei

2735 3067 3820 3233 Zssffiissff‘affissmmiffl
3844 3062 3938 3214 ‘¹12
3961 3064 4352 3234 13ῧὶἔέἓᾶ
4364 3063 4662 3217 ⁶⁶⁸¹m²¹³⁸ss

2734 3238 2953 3309 timus.
3037 3235 3267 3320 Itaque
3343 3233 3539 3300 fidem
3617 3243 3905 3300 nostram
3969 3236 4039 3300 in
4104 3236 4321 3302 medio
4435 3257 4658 3302 uorum

2734 3335 3179 3389 extremorum
3222 3322 3576 3386 consistere
3608 3329 3881 3403 oportet.
3968 3320 4216 3387 Multos
4250 3322 4431 3388 enim
4467 3323 4659 3389 iucre-

2733 3408 2922 3474 dulos
2961 3406 3262 3472 videmus
3306 3404 3482 3471 ultro
3523 3405 3786 3489 ignaros
3827 3426 3969 3473 esse
4014 3428 4234 3473 rerum
4269 3408 4351 3472 ad
4389 3408 4660 3474 salutem

2734 3494 3268 3570 necessariarum,
3310 3511 3521 3575 neque
3562 3491 3736 3556 ferre
3776 3513 3965 3575 posse
3999 3491 4206 3558 ullum
4242 3492 4325 3558 de
4363 3493 4508 3559 Deo
4541 3514 4661 3560 ser-

2732 3600 3014 3646 monem.
3098 3578 3273 3644 Nam
3332 3576 3790 3659 impunitatem
3834 3589 4120 3660 sperant,
4175 3578 4234 3644 si
4276 3579 4533 3661 possint
4571 3580 4661 3664 ig·

2733 3665 3100 3732 norantiam
3178 3673 3578 3747 praetexere.
3667 3662 3833 3728 Inde
3900 3664 3996 3742 fit,
4063 3673 4139 3729 ut
4200 3662 4331 3729 Dei
4395 3666 4655 3732 verbnm

2734 3751 3060 3816 maximae
3093 3750 3433 3816 hominum
3515 3748 3644 3813 arti
3678 3749 3767 3816 sit
3801 3749 4227 3833 incognitum,
4271 3759 4393 3816 aut
4424 3751 4496 3816 in
4526 3773 4659 3819 cen-

2733 3846 3055 3920 temptum
3102 3836 3345 3901 veniat.
3497 3854 3605 3900 am
3647 3834 3705 3901 si
3748 3834 3876 3900 Dei
3921 3834 4319 3901 voluntatem
4353 3836 4489 3902 illis
4524 3858 4656 3920 prc-

2731 3943 2954 4007 ponas,
2996 3930 3066 3986 et
3108 3919 3520 4001 evangelium
3563 3920 3845 3998 obiicias,
3889 3919 4011 3986 sibi
4053 3920 4240 3985 aiunt
4280 3942 4470 3988 suam
4512 3924 4655 3989 sim-

2732 4008 3085 4093 plicitatem
3121 4008 3437 4085 sufficere,
3471 4003 3540 4072 id
3569 4013 3670 4071 est
3692 4006 3949 4072 brutam
3971 4006 4429 4091 ignorantiam.
4474 4007 4658 4075 Sum·

2736 4114 2918 4160 mum
2960 4113 3117 4159 sane
3150 4093 3489 4177 flagitium.
3577 4090 3883 4158 Alterum
3918 4105 4286 4158 extremum
4321 4104 4425 4159 est
4457 4094 4654 4160 curio·

2733 4179 2891 4245 sitas
2966 4199 3187 4244 eorum
3253 4180 3367 4262 qui
3430 4188 3715 4244 mentem
3780 4177 3992 4244 levem
4021 4215 4026 4222 ·
4057 4187 4125 4243 et
4184 4177 4652 4245 inconstantem

2732 4263 3064 4342 habentes,
3147 4262 3231 4331 de
3308 4262 3609 4329 omnibus
3671 4261 4002 4346 disputare
4064 4263 4275 4347 parati
4339 4276 4519 4343 sunt,
4592 4275 4652 4330 et

2777 4351 2916 4416 uasi
2958 4370 3180 4416 rerum
3225 4350 3514 4416 omnium
3560 4347 3817 4431 plenam
3857 4350 4286 4435 cognitionem
4322 4348 4653 4429 haberent,

2779 4457 2814 4501 e
2859 4457 2929 4502 re
2970 4436 3260 4518 qualibet
3300 4435 3694 4501 sententiam
3737 4435 3924 4510 ferre,
3980 4446 4172 4518 atque
4213 4435 4310 4501 sic
4350 4436 4482 4519 ipsi
4525 4435 4656 4502 Dec

2734 4520 2915 4587 velut
2971 4520 3303 4587 insultare.
3392 4519 3569 4603 Quid
3610 4520 3704 4585 ita
3745 4519 3952 4587 vero?
4011 4520 4264 4604 Nempe
4309 4522 4483 4604 quod
4528 4542 4657 4588 sese

2730 4628 2931 4690 supra
2984 4605 3203 4672 Deum
3259 4607 3555 4685 efferant,
3612 4607 3726 4689 qui
3783 4607 3885 4672 sui
3929 4606 3995 4671 in
4045 4607 4175 4672 euii
4220 4606 4478 4673 viribus
4519 4628 4657 4673 eum

2732 4692 3280 4776 comprehendere
3333 4712 3527 4776 posse
3580 4691 3706 4757 sibi
3750 4713 3939 4775 persn
4028 4706 4159 4757 ent.
4244 4692 4394 4759 Nae
4437 4694 4654 4760 vitium

2729 4777 2906 4845 istud
2950 4778 3147 4844 etiam
3185 4777 3400 4861 priore
3434 4776 3547 4842 illo
3583 4778 3785 4861 peius.
3874 4777 4095 4860 Quare
4131 4778 4212 4843 ad
4247 4778 4654 4846 sobrietatem

2728 4885 2974 4949 sapere,
3020 4874 3094 4929 ut
3136 4874 3356 4931 mouet
3395 4863 3664 4946 Paulus,
3706 4861 4049 4945 discamus,
4090 4877 4154 4930 et
4188 4863 4410 4931 doceri
4443 4864 4654 4949 cupia-

2730 4971 2893 5028 mus,
2953 4949 3034 5016 ad
3090 4949 3269 5015 illam
3327 4948 3410 5014 de
3461 4950 3604 5016 Deo
3661 4950 4096 5035 cognitionem
4141 4951 4654 5034 consequendam

2729 5054 2893 5118 quae
2936 5035 3017 5101 ad
3061 5034 3338 5102 salutem
3383 5035 3562 5101 utilis
3605 5045 3739 5102 est:
3793 5049 3986 5119 atque
4032 5036 4101 5101 in
4141 5035 4211 5101 id
4254 5056 4375 5119 pro
4421 5037 4654 5102 viribus

2725 5120 3198 5201 incumbamus,
3277 5130 3572 5187 sanctam
3653 5121 3836 5190 verbi
3912 5120 4038 5187 Dei
4116 5123 4650 5204 praedicationem

2727 5206 3233 5291 frequentantes,
3271 5207 3341 5273 in
3385 5226 3516 5290 qua
3558 5207 3688 5275 Dei
3733 5207 3975 5278 veritas
4017 5209 4408 5293 exponitur:
4463 5219 4650 5291 atque
