5059 6059
297 308 408 374 193

287 517 405 564 non
470 503 876 578 oportuerat:
945 515 1146 578 quare
1211 515 1388 560 nunc
1446 493 1630 560 Deus
1695 492 1983 559 ostendit
2048 490 2206 576 quid

287 582 407 648 illis
463 588 642 644 tanta
696 581 812 645 illa
872 581 1144 648 audacia
1197 581 1532 664 profuerit,
1592 600 1759 662 quae
1820 600 1951 643 non
2011 579 2204 644 modo

289 673 540 751 repente
574 668 849 743 effluxit,
895 667 1010 732 sed
1053 668 1251 734 etiam
1295 678 1507 731 metus
1550 665 1784 749 ingens
1829 665 1974 730 illos
2018 684 2205 730 occu·

289 756 473 839 pavit,
525 761 596 815 ut
640 773 852 836 neque
897 755 1090 830 vires,
1135 772 1344 835 neque
1389 751 1735 817 consilium
1778 772 1905 833 quo
1949 772 2020 815 se
2064 759 2208 816 tue-

287 849 502 905 rentur
557 838 893 918 haberent,
951 839 1065 905 sed
1125 846 1437 921 tanquam
1483 836 1888 902 semimortui
1933 836 2015 900 ad
2061 858 2206 902 suo·

285 946 422 991 rum
477 923 759 989 hostium
815 933 1230 1007 conspectum
1277 922 1758 1007 obstupuerint,
1803 931 1869 987 et
1913 922 2205 987 animum

283 1011 406 1076 illis
465 1007 831 1090 resistendi,
896 1009 1052 1074 licet
1118 1008 1370 1075 viribus
1436 1010 1595 1073 satis
1661 1008 2002 1084 instructi,
2072 1028 2205 1071 non

286 1097 637 1162 habuerint.
707 1093 840 1162 Sed
876 1095 1121 1160 malum
1167 1095 1361 1178 longe
1405 1094 1672 1179 gravius
1716 1094 1858 1160 istis
1899 1093 2206 1158 omnibus

282 1180 559 1259 accessit,
625 1182 835 1264 turpis
899 1182 1015 1245 illa
1079 1180 1368 1265 gigantis
1432 1180 1761 1264 gloriatio,
1828 1178 1908 1244 de
1967 1179 2204 1263 populo

281 1265 676 1351 subiugando
735 1288 884 1333 cum
942 1266 1073 1333 Dei
1129 1267 1336 1349 ipsius
1389 1265 1789 1332 contumelia
1834 1265 2201 1330 coniuncta.

280 1353 413 1419 Nae
446 1356 500 1418 si
535 1353 606 1417 in
642 1354 856 1419 solum
893 1353 1204 1437 populum
1249 1352 1528 1418 dedecus
1572 1350 1925 1430 recidisset,
1972 1370 2203 1434 parum

281 1440 341 1504 id
398 1440 660 1505 fuisset:
720 1438 833 1505 sed
894 1460 1094 1522 quum
1153 1439 1395 1521 impius
1452 1438 1563 1502 ille
1619 1437 1804 1521 gigas
1861 1437 1927 1501 in
1989 1438 2206 1519 ipsum

278 1526 487 1591 Deum
535 1526 871 1591 viventem
915 1528 1230 1609 insurgat,
1289 1524 1475 1606 quasi
1520 1524 1853 1608 populum,
1896 1542 2091 1605 quem
2135 1521 2207 1586 in

277 1632 455 1677 suam
491 1610 865 1677 clientelam
908 1621 1257 1693 receperat,
1305 1609 1509 1674 tutari
1554 1628 1682 1674 non
1731 1621 1962 1691 posset,
2008 1627 2128 1672 nec
2171 1629 2207 1672 e

277 1697 405 1762 suis
462 1697 767 1761 manibus
826 1695 1098 1778 eripere,
1157 1695 1304 1778 quis
1360 1716 1513 1760 vere
1559 1694 1708 1777 pius
1751 1702 1819 1759 et
1861 1692 2207 1774 religiosus

275 1782 462 1848 homo
488 1804 624 1846 non
664 1802 1057 1865 magnopere
1092 1782 1312 1846 animo
1349 1779 1907 1846 commoveretur?
1955 1777 2206 1844 Verum

275 1869 607 1934 enimvero
662 1867 1017 1932 maximam
1074 1867 1297 1950 populi
1353 1876 1603 1950 partem
1663 1866 1825 1931 adeo
1874 1864 2208 1948 stupidam

275 1954 577 2019 videmus
631 1964 706 2017 ut
755 1953 903 2018 istis
965 1973 1098 2017 non
1151 1951 1509 2019 afficiatur:
1571 1973 1729 2035 quos
1788 1962 2014 2017 contra
2058 1969 2206 2033 gra·

274 2038 438 2105 viter
493 2038 894 2105 commoveri
952 2040 1309 2122 oportebat.
1398 2038 1512 2104 Sic
1571 2040 1714 2121 pios
1758 2048 1826 2102 et
1869 2036 2207 2120 religiosos

269 2125 441 2191 viros
476 2124 936 2209 conspicimus,
982 2125 1100 2191 etsi
1138 2124 1450 2190 dedecore
1495 2133 1563 2190 et
1604 2123 1966 2208 ignominia
2010 2142 2206 2204 appe-

269 2219 513 2294 tantur,
574 2232 707 2276 non
767 2222 988 2276 tamen
1032 2212 1313 2295 propriis
1356 2211 1612 2276 iniuriis
1653 2219 1992 2294 tantopere
2037 2207 2209 2273 affici

270 2307 336 2362 et
375 2297 800 2372 commoveri,
854 2317 1048 2379 quam
1092 2317 1291 2379 quum
1337 2296 1463 2361 Dei
1507 2305 1954 2380 contemptum
1998 2294 2208 2359 anim-

271 2383 661 2449 advertunt:
728 2383 820 2448 sic
886 2382 1191 2446 audimus
1248 2389 1753 2463 conquerentem
1808 2382 1878 2446 in
1937 2378 2206 2446 Psalmo

269 2469 677 2552 prophetam,
733 2477 801 2534 et
856 2468 1277 2533 vehementer
1331 2487 1402 2531 se
1446 2467 1948 2546 excruciantem,
2006 2487 2206 2547 quum

265 2555 717 2638 improborum
771 2573 968 2618 voees
1023 2552 1175 2617 illas
1231 2552 1518 2617 audiret:
1588 2550 1712 2618 Ubi
1766 2556 1854 2618 est
1896 2572 2061 2616 nunc
2101 2551 2207 2617 ille

267 2639 448 2706 Deus
491 2645 709 2718 vester,
752 2660 917 2722 quur
957 2659 1080 2704 non
1120 2659 1226 2704 vos
1266 2644 1474 2704 servat
1516 2638 1731 2704 nunc?
1816 2637 2034 2720 Atque
2079 2636 2208 2702 huc

265 2727 626 2809 impietatis
671 2725 1023 2790 devenerat
1066 2725 1377 2806 profanus
1419 2723 1534 2787 ille
1577 2722 1866 2800 Goliath,
1918 2723 2028 2806 qui
2072 2743 2204 2785 non

266 2819 523 2877 tantum
555 2832 664 2876 res
707 2821 959 2876 creatas
1002 2809 1383 2894 aggreditur
1426 2816 1493 2874 et
1535 2810 1941 2875 contumeliis
1987 2808 2205 2885 afficit,

263 2897 374 2962 sed
434 2900 505 2963 in
570 2898 784 2980 ipsum
841 2895 1058 2961 Deum
1120 2897 1455 2960 viventem
1512 2897 1624 2978 qui
1683 2894 2076 2961 adorabatur
2135 2894 2205 2958 in

261 2982 511 3050 Israele
547 2993 652 3048 est
689 2983 970 3047 iniurius
1007 2991 1073 3046 et
1115 2980 1638 3048 contumeliosus.
1728 2985 1826 3047 Ae
1869 3001 2028 3045 sane
2071 2999 2207 3044 cer-

264 3079 403 3134 tum
458 3079 572 3134 est
614 3068 831 3133 Deum
893 3066 1239 3150 aliquando
1298 3068 1678 3151 permittere
1728 3086 1919 3131 suum
1964 3085 2207 3129 nomen

262 3154 710 3238 blasphemari
768 3164 1036 3237 propter
1091 3173 1200 3218 eos
1259 3155 1370 3236 qui
1427 3154 1822 3235 profitentur
1878 3173 1946 3217 se
2003 3150 2206 3233 ipsius

260 3242 582 3324 populum
618 3252 687 3305 et
731 3237 1219 3305 haereditatem.
1279 3240 1370 3303 Et
1409 3238 1613 3322 impii,
1660 3247 1737 3304 ut
1779 3236 2208 3321 impelluntur

259 3347 295 3390 a
352 3326 641 3404 diabolo,
700 3335 1026 3406 quaerunt
1081 3326 1147 3389 in
1207 3325 1391 3391 nobis
1434 3326 1837 3391 occasionem
1883 3320 2206 3389 fremendi

258 3411 583 3478 adversus
641 3412 889 3491 Deum,
955 3420 1023 3475 et
1079 3409 1393 3476 adversus
1450 3430 1600 3476 eum
1659 3408 2070 3494 insurgendi,
2142 3417 2209 3473 et

256 3507 756 3564 sacrosanctum
839 3497 1042 3579 ipsius
1119 3516 1357 3561 nomen
1430 3497 1841 3562 contumeliis
1917 3493 2207 3579 proscin-

258 3582 479 3650 dendi.
577 3584 795 3666 Atque
847 3581 1008 3665 proh
1055 3581 1269 3647 dolorl
1318 3583 1598 3646 nimium
1643 3582 2009 3665 frequentia
2053 3590 2208 3646 sunt

255 3669 378 3735 hoc
415 3669 684 3736 saeculo
729 3670 1001 3733 istorum
1046 3667 1365 3750 exempla.
1432 3667 1602 3733 Nam
1649 3668 1961 3750 quoniam
2006 3688 2206 3730 evan-

251 3756 407 3837 gelii
489 3755 1025 3820 reformationem
1106 3756 1523 3836 profitemur,
1600 3774 1820 3818 nonne
1891 3759 2208 3834 quotquot

253 3841 609 3926 evangelio
653 3840 990 3920 resistunt,
1033 3847 1101 3904 et
1142 3859 1328 3904 suam
1371 3839 1832 3904 idolomaniam
1871 3849 1937 3903 et
1980 3858 2205 3920 super-

255 3929 567 3994 stitiones
627 3925 1049 4010 pertinaciter
1103 3935 1390 4002 tuentur,
1450 3946 1707 4008 semper
1761 3932 1921 3988 sunt
1976 3924 2046 3987 in
2093 3944 2206 3987 ex-

254 4014 489 4092 cubiis,
553 4021 620 4078 et
678 4021 937 4076 nostras
976 4012 1262 4076 actiones
1307 4011 1674 4094 explorant,
1716 4010 1770 4074 si
1817 4011 1985 4075 forte
2027 4030 2206 4075 occa—

252 4098 352 4163 sio
423 4099 568 4164 illis
634 4096 948 4164 adversus
1005 4097 1223 4161 Deum
1290 4095 1783 4180 blasphemandi
1851 4094 2071 4173 detur,
2139 4103 2207 4159 et

253 4183 587 4250 adversus
631 4182 862 4249 salutis
907 4181 1272 4248 doctrinam
1314 4183 1499 4248 virus
1541 4202 1736 4248 suum
1782 4179 2202 4246 effundendi?

249 4273 353 4336 Ac
444 4270 608 4336 licet
694 4269 1095 4334 occasionem
1177 4289 1306 4332 non
1385 4268 1671 4333 habeant
1738 4267 2206 4346 calumniandi,

251 4357 524 4421 nullum
569 4365 792 4420 tamen
832 4353 1116 4420 latrandi
1159 4374 1398 4419 eanum
1441 4355 1652 4419 instar
1693 4354 1892 4417 finem
1937 4352 2208 4433 faciunt,

251 4443 306 4506 si
367 4441 683 4508 mordere
740 4461 876 4505 non
932 4448 1224 4523 possunt.
1312 4439 1563 4505 Verum
1619 4439 1674 4505 si
1730 4461 1849 4505 nos
1893 4439 2052 4504 adeo
2096 4460 2206 4505 ve·

250 4548 456 4595 sanos
494 4548 643 4593 esse
687 4526 1052 4611 contigerit,
1097 4533 1173 4592 ut
1214 4524 1594 4609 professioni
1637 4548 1772 4590 non
1814 4524 2204 4608 respondea-

248 4634 422 4696 mus,
488 4623 565 4679 et
618 4613 757 4678 vita
815 4622 1041 4677 nostra
1082 4612 1546 4694 professionem
1590 4619 1824 4696 arguat
1867 4609 2203 4690 mendacii,

249 4700 305 4764 si
350 4718 606 4782 nempe
648 4718 769 4763 nos
812 4697 941 4763 Dei
983 4697 1169 4775 filios,
1211 4698 1269 4762 si
1312 4696 1535 4762 fideles
1577 4705 1643 4762 et
1686 4696 2010 4781 evangelii
2055 4695 2202 4761 doc-

251 4785 511 4850 trinam
539 4784 726 4867 sequi
747 4785 1190 4867 profiteamur,
1228 4791 1297 4848 et
1325 4783 1591 4848 interim
1626 4783 1938 4867 iniquitas
1974 4790 2204 4847 nostra

244 4871 482 4953 palam
505 4870 964 4954 conspiciatur,
998 4879 1065 4935 et
1089 4869 1324 4935 Ourios
1359 4869 1741 4934 simulantes
1785 4867 2205 4934 bacchanalia

247 4957 595 5035 vivamus,
637 4975 795 5022 sane
820 4966 1044 5022 nostra
1066 4956 1258 5039 culpa
1281 4954 1407 5020 Dei
1443 4975 1683 5021 nomen
1718 4962 2202 5019 sacrosanctum

245 5043 623 5126 impiorum
703 5040 1104 5124 blasphemis
1167 5041 1431 5108 vocibus
1497 5041 1901 5126 exponimus.
2010 5038 2198 5105 Istud

247 5139 482 5193 autem
557 5128 741 5194 Dens
805 5126 1143 5210 permittit,
1210 5134 1286 5190 ut
1345 5126 1598 5194 crimen
1664 5133 1958 5191 nostrum
2018 5134 2202 5192 tanto

248 5215 541 5299 gravius
595 5215 726 5295 fiat,
782 5225 848 5279 et
903 5213 1048 5278 ideo
1101 5222 1324 5278 nostra
1382 5213 1580 5279 etiam
1635 5212 1842 5278 maior
1894 5211 2200 5278 condem-

464 5314 696 5372 calvini
724 5331 915 5384 opera.
990 5316 1111 5370 Vol.
1140 5315 1336 5371 XXX.

1563 304 1662 371 IN
1706 304 1762 370 I.
1807 304 1988 370 LIB.
2035 302 2438 372 SAMUEL.
2483 302 2683 370 OAP.
2727 303 2957 371 XVII.

4139 308 4267 374 194

2307 491 2505 557 natio.
2592 491 2779 557 Idem
2838 492 2921 558 iis
2963 494 3265 559 omnibus
3310 493 3636 580 contingit
3675 496 3788 579 qui
3833 496 4245 581 negligenter

2308 586 2426 644 aut
2479 588 2726 644 temere
2771 578 2989 643 Deum
3048 578 3291 655 colunt,
3350 588 3420 645 et
3478 582 3762 648 maxime
3819 587 4245 666 conspicuum

2309 675 2408 728 est
2452 663 2519 728 in
2548 663 2886 742 Israelitis,
2931 685 3092 747 quos
3137 666 3340 744 Deus,
3386 668 3694 749 quoniam
3737 667 3950 753 legem
3995 678 4061 734 et
4106 690 4259 753 pro·

2307 748 2543 832 phetas
2609 751 3046 834 reliquerunt,
3122 760 3190 816 et
3245 753 3532 816 nominis
3585 752 3792 818 divini
3849 755 4261 837 contemptui

2307 836 2715 901 occasionem
2751 837 3211 919 praebuerunt,
3258 840 3551 923 graviter
3593 839 3920 922 increpat:
3967 840 4103 906 Vos
4147 841 4252 906 in-

2307 921 2472 1003 quit,
2530 941 2726 987 causa
2780 921 2937 987 estis
2994 921 3165 1004 quod
3213 944 3451 989 nomen
3496 944 3717 988 meum
3764 924 4259 1009 blasphematur

2307 1009 2481 1072 inter
2500 1006 2894 1090 incredulos,
2921 1007 3078 1090 quid
3114 1008 3394 1091 amplius
3416 1008 3765 1076 adversum
3790 1033 3895 1076 me
3923 1009 4240 1096 potestis?

2307 1092 2448 1158 Nae
2511 1093 2638 1158 iste
2702 1093 3005 1158 cumulus
3072 1106 3172 1159 est
3235 1093 3626 1177 impietatis,
3711 1118 3912 1178 quum
3980 1108 4257 1181 propter

2308 1178 2468 1243 vitia
2503 1188 2570 1243 et
2604 1188 2873 1261 peccata
2909 1189 3129 1244 vestra
3167 1181 3460 1265 profanis
3494 1182 3743 1248 occasio
3779 1182 3972 1248 datur
4007 1203 4252 1249 nomen

2307 1284 2526 1330 meum
2572 1263 3093 1347 blasphemandi.

2478 1348 2927 1431 Quamobrem
2962 1350 3340 1433 exemplum
3376 1351 3552 1417 istud
3591 1363 3692 1417 est
3736 1352 4088 1439 diligenter
4128 1375 4251 1419 no-

2308 1435 2605 1501 tandum.
2713 1435 2888 1501 Nam
2953 1436 3076 1502 etsi
3144 1435 3335 1502 hodie
3403 1437 3673 1504 Goliath
3742 1461 3873 1504 non
3944 1441 4113 1506 vivit
4176 1441 4255 1505 in

2309 1522 2535 1600 terris,
2602 1521 2845 1586 multos
2905 1529 3122 1586 tamen
3182 1542 3590 1589 successores
3642 1534 3709 1590 et
3760 1525 3939 1591 illius
3994 1525 4242 1591 similes

2309 1616 2488 1674 aetas
2522 1617 2749 1672 nostra
2781 1606 3150 1692 progenuit,
3195 1607 3423 1690 plenos
3458 1610 3837 1693 arrogantia
3879 1621 3947 1676 et
3992 1611 4251 1690 ferocia,

2307 1693 2417 1777 qui
2477 1692 2731 1758 nullum
2794 1694 2993 1758 finem
3052 1693 3299 1758 faciunt
3343 1694 3559 1760 Deum
3604 1697 3820 1779 ipsum
3865 1706 3932 1762 et
3975 1697 4253 1763 verbum

2307 1779 2514 1862 ipsius
2559 1778 2765 1845 veluti
2807 1778 3136 1844 cornubus
3179 1779 3556 1863 impetendi.
3636 1780 3985 1849 Discamus
4026 1783 4255 1866 itaque

2308 1865 2514 1932 vitam
2581 1875 2874 1931 nostram
2942 1873 3077 1930 tam
3132 1865 3390 1949 integre
3449 1877 3514 1930 et
3567 1867 3821 1933 sincere
3880 1868 4253 1948 instituere,

2308 1960 2384 2014 ut
2424 1950 2740 2034 improbis
2783 1971 2856 2015 os
2901 1949 3262 2030 claudatur,
3314 1963 3380 2017 et
3422 1953 3802 2018 confusione
3845 1954 4250 2036 operiantur,

2309 2056 2396 2102 ne
2465 2036 2654 2102 nobis
2727 2035 3054 2120 evangelii
3118 2037 3483 2119 profanatio
3543 2050 3607 2102 et
3664 2040 4058 2104 contumelia
4115 2062 4252 2107 me-

2309 2122 2439 2187 rito
2505 2121 2711 2206 possit
2771 2121 3102 2205 imputari.
3216 2120 3392 2189 Sane
3457 2124 3666 2190 fateor
3721 2125 4048 2207 improbos
4106 2145 4245 2192 non

2308 2215 2655 2293 propterea
2686 2208 2886 2272 finem
2932 2209 3216 2274 facturos
3262 2207 3578 2275 adversus
3601 2210 3815 2275 Deum
3862 2210 4249 2293 blaterandi,

2309 2303 2375 2360 et
2419 2314 2658 2359 nomen
2703 2293 2909 2376 ipsius
2954 2293 3381 2377 discerpendi,
3440 2295 3498 2360 si
3543 2296 3813 2379 possint,
3859 2305 3926 2361 et
3969 2297 4250 2363 verbum

2308 2380 2514 2463 ipsius
2552 2378 2951 2461 blasphemis
2983 2380 3255 2446 vocibus
3291 2381 3766 2464 proscindendi,
3813 2382 3963 2447 licet
3997 2382 4255 2450 nullam

2310 2465 2470 2548 ipsis
2514 2467 2916 2532 occasionem
2962 2466 3493 2548 praebuerimus:
3555 2466 3667 2533 sed
3712 2469 3766 2533 si
3813 2469 3944 2548 fiat,
4002 2468 4251 2536 erimus

2310 2561 2502 2617 extra
2560 2551 2852 2634 culpam,
2908 2562 2977 2615 et
3033 2551 3299 2619 tandem
3355 2553 3554 2619 etiam
3613 2552 3799 2618 Deus
3855 2554 3924 2618 in
3985 2554 4254 2620 illorum

2309 2637 2527 2721 capita
2585 2636 3000 2719 blasphemas
3054 2637 3204 2703 illas
3261 2659 3454 2705 voces
3496 2647 3566 2704 et
3606 2640 4033 2704 contumelias
4079 2640 4255 2706 deri·
4340 2712 4344 2715 ,

2311 2724 2514 2802 vabit,
2566 2733 2636 2788 et
2676 2723 2747 2786 in
2793 2723 3164 2806 graviorem
3208 2723 3816 2792 condemnationem
3865 2726 4251 2809 praecipites

2312 2808 2512 2874 dabit.
2593 2807 2833 2873 Danda
2874 2808 3078 2892 igitur
3113 2809 3302 2875 nobis
3346 2831 3544 2893 opera
3588 2820 3654 2875 et
3694 2812 3766 2874 in
3812 2811 3933 2877 hoc
3974 2813 4257 2878 summis

2312 2894 2563 2961 viribus
2616 2893 3146 2974 incumbendum,
3204 2905 3279 2961 ut
3336 2917 3596 2962 omnem
3652 2899 4056 2962 occasionem
4101 2919 4252 2981 cap-

2312 2979 2601 3046 tantibus
2656 2979 3043 3059 adimamus,
3089 2980 3280 3046 Pauli
3341 2983 3616 3064 apostoli
3657 2993 4076 3066 praeceptum
4122 2984 4249 3050 hac

2309 3066 2377 3130 in
2435 3087 2508 3131 re
2564 3076 2928 3149 sequentes,
2987 3077 3071 3144 et,
3131 3066 3655 3150 quandoquidem
3712 3068 4034 3151 evangelii
4094 3068 4249 3136 doc-

2312 3150 2550 3216 trinam
2594 3153 2893 3235 vitaeque
2937 3154 3437 3219 sanctimoniam
3495 3155 3907 3237 profitemur,
3964 3175 4037 3219 re
4094 3155 4241 3238 ipsa

2311 3258 2431 3302 nos
2487 3239 2655 3303 tales
2714 3237 2939 3321 quales
2997 3238 3220 3304 haberi
3266 3241 3572 3306 volumus
3617 3240 4063 3306 exhibeamus.
4151 3239 4249 3306 At

2308 3324 2364 3388 si
2421 3345 2599 3404 vero,
2644 3323 2771 3388 Dei
2829 3324 3060 3408 gratia,
3120 3325 3214 3391 sic
3270 3325 3630 3391 vixerimus
3686 3334 3760 3390 ut
3803 3326 4053 3390 nullam
4098 3327 4249 3393 istis

2308 3410 2433 3475 Dei
2506 3411 3060 3492 contemptoribus
3135 3410 3628 3494 blasphemandi
3696 3410 3899 3476 divini
3957 3413 4247 3480 nominis

2306 3495 2709 3561 occasionem
2768 3494 3158 3576 dederimus,
3216 3507 3283 3562 et
3343 3497 3536 3561 huius
3589 3497 3882 3562 criminis
3941 3499 4033 3563 rei
4093 3499 4243 3564 fieri

2307 3601 2437 3645 non
2497 3582 2855 3664 possimus,
2921 3580 3272 3646 dolendum
3333 3596 3549 3649 tamen
3608 3594 3707 3649 est
3764 3604 3847 3648 ex
3902 3584 4121 3648 animo
4178 3592 4249 3651 et

2305 3667 2804 3732 vehementibus
2837 3668 3187 3752 gemitibus
3230 3667 3605 3751 lugendum,
3650 3690 3851 3750 quum
3895 3671 4249 3752 impiorum

2306 3763 2442 3816 tam
2499 3753 2847 3819 effraenem
2903 3775 3048 3819 esse
3098 3755 3571 3819 contumaciam
3617 3754 3941 3834 audimus,
4002 3765 4081 3819 ut
4116 3756 4249 3823 Dei

2308 3859 2544 3903 nomen
2605 3860 2961 3922 veramque
3018 3839 3397 3922 religionem
3455 3848 3893 3917 contemnant,
3955 3853 4023 3906 et
4079 3841 4251 3908 blas·

2309 3923 2565 4005 phemis
2621 3924 2887 3990 vocibus
2945 3925 3382 4008 proscindant.
3470 3925 3603 3991 Hic
3654 3926 4029 3992 intueamur
4090 3926 4248 3993 boui

2305 4009 2483 4074 illius
2525 4010 2847 4075 Ezechiae
2891 4012 3066 4094 regis
3109 4011 3501 4093 exemplum,
3547 4012 3676 4094 qui,
3718 4033 3918 4094 quum
3964 4012 4045 4077 ad
4091 4034 4247 4079 suas

2307 4116 2499 4161 aures
2561 4097 3016 4179 pervenissent
3073 4096 3402 4162 Rabsaces
3461 4096 3639 4161 illius
3699 4098 3970 4162 insanae
4031 4118 4247 4176 voces,

2305 4181 2544 4264 quibus
2602 4181 2820 4247 Deum
2882 4183 3106 4247 vivum
3164 4182 3513 4255 irridebat.
3590 4182 3809 4249 dicens
3866 4184 4049 4248 illum
4110 4204 4247 4249 non

2306 4267 2738 4350 potentiorem
2796 4269 2931 4333 fore
2982 4268 3296 4333 adversus
3340 4269 3675 4333 dominum
3719 4290 3910 4333 suum
3955 4268 4249 4334 Sanche—

2307 4353 2524 4418 ribum
2585 4352 2711 4418 diis
2766 4353 3044 4418 aliarum
3102 4356 3431 4438 gentium:
3492 4354 3644 4419 lieet
3702 4354 3907 4418 bonus
3966 4355 4078 4418 ille
4123 4376 4243 4420 rex

2306 4440 2505 4504 sciret
2563 4438 2630 4503 id
2685 4460 2804 4505 sua
2861 4440 3053 4522 culpa
3111 4461 3242 4505 non
3300 4441 3669 4524 contigisse,
3728 4449 3795 4503 et
3843 4441 4246 4506 conscientia

2305 4525 2431 4609 ipsi
2475 4534 2836 4591 restaretur
2877 4523 3051 4608 apud
3072 4524 3290 4591 Deum
3335 4536 3402 4590 et
3444 4526 3651 4608 ipsius
3696 4524 3963 4607 angelos
4007 4526 4245 4591 virtuti

2304 4632 2461 4675 suae
2518 4612 2739 4694 potius
2795 4631 2989 4694 quam
3047 4611 3212 4677 vitio
3269 4611 3470 4677 tribui
3528 4630 3691 4693 quae
3750 4609 4246 4691 obiiciebantur,

2305 4707 2521 4761 tamen
2577 4697 2799 4762 scissis
2856 4697 3148 4763 vestibus
3203 4717 3423 4763 coram
3466 4696 3755 4761 Domino
3800 4705 4076 4762 testatus
4119 4706 4243 4776 est,

2303 4791 2549 4866 quanto
2632 4781 2893 4848 divinae
2958 4782 3204 4868 gloriae
3270 4783 3410 4847 zelo
3475 4782 3754 4847 arderet.
3862 4781 4050 4848 Illius
4116 4802 4243 4849 nos

2301 4869 2513 4934 zelum
2549 4875 2616 4933 et
2648 4869 2972 4934 fervorem
3013 4868 3196 4935 decet
3238 4867 3515 4933 imitari:
3564 4867 3836 4949 Deoque
3879 4890 3997 4933 sua
4038 4869 4246 4934 relin-

2303 4974 2505 5036 quere
2542 4953 2797 5038 iudicia,
2835 4954 2946 5038 qui
2984 4954 3396 5037 blasphemos
3430 4953 3577 5018 illos
3611 4973 3728 5017 suo
3767 4965 4058 5036 tempore
4093 4964 4241 5019 tan·

2303 5040 2452 5104 dem
2511 5047 2612 5106 est
2668 5040 2928 5105 ulturus
2985 5050 3051 5105 et
3117 5040 3524 5124 gravissimis
3581 5038 3813 5121 poenis
3868 5039 4248 5122 puniturus.

2302 5124 2495 5191 Licet
2537 5146 2694 5191 vero
2730 5127 2912 5193 Deus
2952 5125 3282 5209 improbos
3324 5135 3392 5189 et
3432 5125 3848 5207 blasphemos
3890 5124 4251 5194 ulciscatur

2305 5232 2425 5278 suo
2492 5219 2819 5297 tempore,
2899 5221 2965 5277 et
3028 5213 3102 5276 in
3164 5212 3456 5295 ipsorum
3521 5211 3734 5296 capita
3798 5210 4245 5297 blasphemias
