5059 6059
307 291 416 360 333

313 479 432 549 deri
471 495 712 542 novum
747 474 958 552 debet,
1001 474 1059 541 si
1094 473 1346 542 nullum
1385 475 1789 541 excusationi
1825 476 2039 544 locum
2062 474 2222 541 Heli

312 569 503 634 datum
548 561 867 641 videmus,
922 582 1050 627 non
1110 561 1427 645 correptis
1486 573 1553 626 et
1609 562 1906 628 coercitis
1961 562 2098 628 suis
2142 562 2220 628 li·

311 651 476 725 beris,
528 657 597 713 et
653 649 707 714 si
756 648 939 713 Deus
995 657 1320 732 perpetua
1360 647 1578 731 ipsum
1624 646 1937 716 dedecore
1982 648 2221 714 affecit.

307 741 400 805 An
439 734 629 808 enim.
695 734 983 812 obsecro,
1042 745 1297 799 tantum
1347 734 1495 799 illos
1537 733 1896 818 increpare,
1955 755 2030 801 ac
2090 755 2220 800 non

302 823 495 909 potius
550 821 897 903 corripere,
941 819 1231 903 caedere,
1276 834 1738 901 exauctorare,
1802 831 1871 887 et
1912 842 1953 885 a
2008 841 2225 886 sacro-

306 920 507 977 sancto
570 905 997 972 tabernaculo
1061 907 1417 989 flagitiosos
1480 905 1805 989 depellere
1865 904 2220 972 debemus?

301 994 535 1062 Siccine
582 991 708 1056 Dei
752 993 1199 1057 sanctuarium
1246 991 1470 1074 pollui,
1536 1007 1603 1057 et
1659 1001 1847 1057 tanta
1879 994 2093 1057 notari
2127 993 2223 1056 in·

298 1081 478 1148 famia
551 1078 724 1143 ferre
804 1077 1106 1144 sacerdos
1188 1099 1226 1143 a
1307 1078 1533 1144 liberis
1610 1077 1871 1161 potuit?
1985 1080 2220 1143 Annon

300 1165 665 1252 agnoscebat
686 1162 866 1240 Heli,
912 1165 993 1228 ad
1033 1163 1203 1246 quod
1246 1184 1487 1229 munus
1522 1163 1710 1229 liberi
1751 1165 1962 1230 vocati
1998 1173 2221 1229 essent

297 1247 665 1319 aDomino?
711 1271 928 1314 nonne
974 1262 1195 1315 tantae
1240 1249 1578 1326 dignitatis
1620 1249 1866 1332 gradus
1906 1261 2218 1332 tanquam

296 1336 586 1405 stimulus
643 1335 726 1398 ad
784 1335 980 1401 officii
1034 1337 1139 1401 sui
1194 1356 1420 1401 curam
1480 1336 1765 1401 excitare
1825 1334 2077 1416 debuit,
2142 1347 2219 1400 ut

295 1424 478 1489 tantis
528 1421 1312 1487 offendiculis·maturius
1354 1419 1767 1487 occurreret?
1816 1422 2023 1505 Atqui
2114 1419 2216 1487 ul·

290 1510 428 1575 chre
488 1529 565 1574 se
612 1508 991 1572 defunctum
1043 1510 1257 1574 officio
1301 1519 1520 1583 retur,
1588 1506 1645 1572 si
1701 1507 1939 1573 liberos
1997 1507 2065 1572 iu
2191 1517 2220 1571 t

289 1593 674 1678 resipiscere.
778 1593 915 1658 Cur
971 1615 1102 1658 non
1161 1595 1376 1677 potius
1435 1593 1719 1658 fustibus
1773 1592 2077 1677 adigebat
2134 1592 2216 1657 ad

288 1678 606 1747 officium?
653 1679 787 1743 imo
829 1699 947 1744 cur
990 1701 1120 1744 non
1168 1680 1384 1764 potius
1426 1700 1536 1744 eos
1581 1691 1654 1744 ut
1678 1678 1807 1744 Dei
1843 1678 2218 1745 sanctuario

286 1779 344 1833 et
382 1779 604 1832 tantae
648 1765 988 1848 dignitatis
1032 1765 1280 1832 honore
1316 1766 1577 1849 penitus
1620 1765 1925 1848 indignos
1958 1786 1999 1829 a
2034 1784 2218 1830 sanc·

288 1854 478 1918 tuario
542 1850 959 1934 depellebat?
1025 1873 1145 1918 cur
1212 1873 1339 1916 non
1406 1852 1621 1935 potius
1688 1849 1999 1916 tollebat?
2103 1848 2217 1917 Sic

284 1939 439 2004 enim
481 1959 520 2003 a
564 1938 714 2002 Deo
755 1936 1016 2002 laudem
1062 1938 1257 2003 officii
1312 1938 1471 2002 facti
1530 1948 1973 2020 consequutus
2027 1948 2215 2003 esset.

281 2022 769 2090 Observandum
815 2025 988 2088 enim
1038 2045 1168 2088 non
1214 2034 1290 2088 ut
1330 2033 1583 2107 patrem
1629 2032 1887 2088 tantum
1931 2022 2039 2089 hic
2061 2022 2216 2087 Heli

282 2131 319 2174 a
357 2110 526 2175 nobis
569 2107 1142 2186 considerandum,
1204 2120 1319 2174 aut
1362 2120 1437 2174 ut
1469 2109 1804 2194 privatum
1842 2109 2218 2192 quempiam

282 2194 617 2273 homiuem,
688 2194 802 2260 sed
873 2207 945 2259 ut
1008 2195 1446 2270 sacerdotem,
1513 2195 1703 2259 cuius
1767 2209 1955 2260 erant
2018 2196 2215 2261 officii

279 2293 478 2364 partes
536 2281 724 2347 vitiis
782 2300 859 2345 ac
915 2281 1271 2346 sceleribus
1314 2301 1675 2348 occurrere.
1767 2281 2017 2346 Verum
2067 2301 2217 2348 ecce

278 2367 495 2433 tolerat
540 2367 828 2432 filiorum
875 2365 1155 2452 flagitia:
1217 2368 1621 2432 satisfactum
1679 2365 1891 2432 officio
1936 2367 2214 2434 arbitra-

278 2458 392 2533 tur,
467 2453 522 2519 si
607 2452 954 2537 displicere
1029 2453 1153 2518 sibi
1234 2452 1457 2518 eadem
1530 2464 1808 2518 testatus
1883 2453 1991 2517 sit.
2080 2451 2213 2520 Sed

276 2538 501 2605 frustra
540 2537 839 2606 latebras
882 2540 1380 2604 excusationum
1426 2548 1666 2622 captat,
1725 2538 2040 2621 siquidem
2095 2540 2214 2604 fla-

278 2625 421 2708 gitia
474 2625 714 2691 relicta
767 2633 925 2690 sunt
980 2625 1325 2707 impunita.
1415 2623 1639 2704 Quare
1696 2625 1871 2709 agite
1924 2645 2045 2690 vos
2104 2646 2215 2708 pa-

279 2718 412 2790 tres,
476 2712 678 2778 triste
744 2709 922 2776 istud
994 2710 1145 2775 Heli
1213 2712 1587 2793 exemplum
1654 2720 1910 2776 versate
1988 2719 2213 2777 mente

276 2808 476 2864 vestra
519 2797 898 2882 diligenter,
943 2807 1139 2879 atque
1183 2816 1448 2879 operam
1495 2795 1646 2862 date
1691 2805 1766 2861 ut
1808 2796 2046 2862 liberos
2082 2797 2213 2863 dis-

279 2883 539 2965 ciplinae
574 2882 937 2950 severioris
972 2882 1215 2947 fraenis
1250 2882 1633 2964 cohibeatis,
1667 2903 1750 2947 ne
1774 2895 1997 2947 vestra
2019 2882 2215 2967 culpa

272 2966 426 3034 laxis
461 2970 745 3035 habenis
780 2968 861 3034 ad
899 2968 1172 3052 quaevis
1205 2969 1451 3034 scelera
1487 2968 1872 3051 praecipites
1895 2969 2212 3035 ferantur.

274 3051 485 3137 Neque
528 3069 670 3121 tam
718 3069 1021 3138 expertes
1065 3076 1207 3120 esse
1251 3075 1371 3120 vos
1409 3054 1840 3120 humanitatis
1876 3054 2093 3133 velim,
2138 3063 2216 3121 ut

273 3160 387 3205 non
421 3161 783 3225 agnoscam
829 3140 1028 3205 etiam
1076 3140 1580 3206 mansuetudine
1624 3151 1689 3206 et
1732 3141 2037 3206 comitate
2092 3140 2213 3206 du-

273 3226 521 3292 cendos:
570 3226 697 3293 sed
741 3236 963 3292 tamen
1010 3247 1215 3309 quum
1262 3227 1569 3292 iuvenilis
1613 3235 1792 3291 aetas
1838 3226 1920 3292 ad
1964 3226 2212 3293 malum

271 3312 585 3394 quodlibet
634 3314 1149 3397 propensissime
1192 3313 1299 3390 sit,
1343 3311 1918 3378 mansuetudinem
1970 3311 2213 3378 severi-

271 3403 392 3463 tate
432 3399 665 3483 aliqua
706 3418 959 3475 moneo,
1007 3409 1200 3481 prout
1245 3410 1506 3482 tempus
1548 3411 1617 3463 et
1659 3418 1766 3463 res
1809 3399 1954 3483 ipsa
1996 3410 2217 3483 postu-

272 3479 509 3563 laverit,
572 3506 728 3551 esse
791 3484 1305 3568 temperandam.
1394 3483 1659 3551 Scimus
1723 3484 1901 3549 enim
1960 3484 2031 3549 in
2092 3485 2215 3552 hac

272 3581 466 3636 aetate
502 3571 773 3638 fervere
792 3569 1203 3655 cupiditates,
1250 3591 1411 3653 quas
1454 3591 1585 3636 non
1633 3571 1758 3635 nisi
1803 3583 1984 3635 metu
2021 3591 2215 3654 posse

270 3655 537 3722 cobiberi
601 3667 681 3723 et
724 3657 1011 3721 fraenari
1055 3667 1307 3723 certum
1354 3665 1472 3721 est.
1563 3655 1644 3721 In
1705 3656 1936 3738 primis
1994 3669 2212 3722 autem

270 3741 371 3822 qni
420 3743 499 3807 ad
562 3764 797 3810 rerum
854 3742 1295 3828 gubernacula
1345 3741 1578 3809 sedent
1618 3743 2214 3820 animadvertunto,

274 3827 494 3909 nequid
586 3851 713 3914 per
796 3850 984 3894 suam
1064 3828 1536 3913 negligentiam
1613 3841 1947 3911 peccetur:
2045 3850 2214 3894 neve

271 3914 810 3994 quemadmodum
855 3913 1014 3980 Heli
1059 3914 1225 3993 fecit,
1271 3913 1426 3980 ludo
1482 3913 1882 3997 flagitiorum
1930 3914 2214 3998 impuni-

272 4006 460 4064 tatem
494 4000 779 4069 ducant:
826 4000 938 4066 sed
970 4015 1197 4066 contra
1219 4000 1533 4085 gravibus
1577 4000 1913 4084 suppliciis
1947 4002 2216 4066 meritos

265 4097 616 4166 coercente,
664 4089 725 4153 si
772 4086 916 4152 Deo
958 4108 1031 4153 se
1074 4108 1393 4169 suumque
1438 4086 1690 4152 cultum
1729 4098 1952 4169 gratos
1996 4107 2218 4170 accep-

266 4177 504 4255 tosque,
548 4185 623 4240 et
666 4194 788 4239 suo
832 4195 1103 4239 munere
1147 4194 1219 4239 se
1261 4172 1534 4258 pulchre
1576 4171 1917 4238 defunctos
1961 4173 2217 4239 cunctis

267 4261 567 4324 testatum
618 4259 838 4325 facere
886 4261 1133 4325 volunt.

428 4343 566 4412 Sed
615 4366 759 4410 non
804 4343 1039 4412 leviter
1083 4343 1652 4429 praetereundum,
1696 4344 1870 4428 quod
1894 4342 2054 4409 Heli
2098 4344 2217 4409 filii

264 4433 523 4497 scortati
568 4430 888 4497 dicuntur
930 4453 1078 4499 cum
1126 4430 1509 4497 mulieribus
1553 4431 1636 4498 iis
1678 4450 1845 4513 quae
1882 4430 1964 4495 ad
2005 4430 2218 4496 taber·

264 4518 567 4583 naculum
620 4518 943 4584 sacrificia
978 4517 1332 4596 oblaturae,
1378 4537 1629 4600 suoque
1674 4518 1856 4583 cultu
1902 4516 2217 4600 pietatem

263 4619 443 4668 suam
490 4614 861 4669 testaturae
904 4603 1277 4670 veniebant.
1365 4602 1548 4669 Hinc
1590 4603 1768 4669 enim
1813 4600 2218 4688 discendum,

260 4705 458 4753 unum
526 4691 868 4773 flagitium
934 4689 1216 4755 alterum
1283 4710 1507 4756 secum
1575 4689 1855 4769 trahere,
1922 4701 1989 4754 et
2043 4689 2217 4754 mala

260 4774 445 4840 malis
508 4795 784 4858 semper
848 4776 1096 4859 augeri,
1162 4775 1544 4858 nullumque
1602 4776 1866 4841 modum
1924 4774 2214 4853 retineri,

260 4879 455 4940 quum
503 4862 666 4946 quis
711 4882 869 4926 suae
911 4861 1166 4927 libidini
1211 4862 1412 4928 semel
1460 4861 1747 4928 habenas
1791 4862 2062 4939 laxavit,
2106 4859 2216 4925 do-

260 4965 375 5011 nec
416 4948 487 5012 in
533 4968 817 5014 sensum
862 4947 1209 5031 reprobum
1254 4948 1587 5013 coniectus
1628 4947 2042 5013 in'ultimum
2081 4948 2216 5013 exi·

258 5030 417 5096 tium
463 5043 647 5099 ruat.
741 5033 845 5098 En
903 5055 1099 5117 quam
1161 5033 1492 5100 horrenda
1531 5033 1621 5099 sit
1662 5033 1734 5099 in
1778 5044 2214 5112 contumaces,

260 5125 323 5182 at
367 5139 450 5184 ue
493 5117 784 5184 rebelles
819 5120 1057 5185 summi
1103 5122 1392 5186 numinis
1437 5119 1747 5200 vindicta,
1791 5128 1865 5184 ut
1909 5141 2031 5187 nos
2075 5120 2212 5185 dia-

259 5198 337 5268 bo
360 5226 399 5269 o
434 5205 823 5288 nostrisque
865 5207 1330 5292 cupiditatibus
1375 5206 1457 5273 ad
1493 5205 1831 5272 libidinem
1868 5207 2214 5291 rapiendos

1638 285 1741 352 IN
1783 286 1840 353 1.
1885 286 2067 355 LIB.
2109 285 2512 355 SAMUEL.
2561 284 2761 353 CAP.
2807 285 2901 351 11.

4140 293 4271 359 334

2322 475 2684 560 permittat.
2773 474 2976 541 Initio
3027 476 3290 560 quidem
3332 477 3600 546 levitate
3641 478 3919 564 quadam
3966 500 4270 565 peccasse

2323 561 2724 629 videbimur:
2791 562 2906 628 sed
2973 561 3086 628 ubi
3149 567 3668 648 perrexerimus,
3741 576 3884 631 tum
3952 567 4271 651 quidlibet

2322 647 2507 714 nobis
2549 648 2763 729 licere,
2807 657 3117 731 tanquam
3161 651 3234 715 in
3323 652 3525 717 eccati
3568 654 4045 735 possessionem
4084 655 4268 720 missi

2324 733 2824 815 arbitrabimur;
2873 755 3088 819 neque
3132 756 3217 819 qu
3305 757 3561 821 cunque
3605 739 3858 805 facinus
3903 748 4102 823 atque
4145 741 4264 805 fla·

2323 821 2559 905 gitium
2604 820 2951 885 admittere
2992 822 3503 907 formidabimus,
3562 832 3677 889 aut
3720 825 4024 909 religioni
4070 825 4265 893 duce-

2323 927 2489 972 mus.
2550 904 2730 987 Quid
2751 905 3081 972 Dominus
3125 908 3388 974 interea·
3423 911 3639 975 iustus
3681 911 4078 996 flagitiorum
4125 913 4265 977 vin-

2323 991 2495 1057 dex?
2584 993 2725 1058 Nae
2785 1002 2918 1057 tam
2979 993 3246 1059 effraeni
3304 996 3680 1060 mortalium
3741 997 4003 1063 licentia
4045 997 4263 1082 indig-

2324 1093 2538 1153 natus,
2584 1087 2662 1144 ut
2695 1099 2814 1144 sua
2851 1078 3158 1145 mandata
3192 1091 3426 1163 sponte
3446 1082 3631 1147 flocci
3653 1082 3914 1160 faciant,
3960 1092 4025 1147 et
4057 1082 4264 1148 veluti

2319 1161 2595 1247 pedibus
2639 1164 3031 1247 proculcent,
3075 1168 3308 1231 merito
3330 1188 3449 1232 sua
3473 1168 3933 1234 benevolentia
3952 1168 4262 1252 indignos

2321 1249 2560 1325 abiicit,
2603 1249 2904 1333 spiritum
2949 1271 3141 1317 suum
3188 1250 3437 1337 adimit,
3482 1255 3549 1319 in
3597 1254 3947 1337 reprobum
3995 1275 4261 1320 sensum

2317 1334 2548 1414 iniicit,
2595 1346 2900 1401 excaecat
2943 1345 3007 1401 et
3051 1337 3351 1403 indurat:
3394 1360 3555 1422 quos
3600 1340 3863 1405 tandem
3908 1341 4003 1406 sic
4048 1341 4262 1406 abiec-

2320 1431 2424 1484 tos
2464 1432 2534 1485 et
2574 1421 2916 1487 induratos
2959 1422 3254 1488 diabolus
3286 1424 3366 1489 ad
3405 1425 3743 1492 libidinem
3788 1445 3974 1491 suam
4021 1434 4259 1505 movet,

2318 1514 2385 1580 et
2428 1507 2508 1571 ad
2556 1507 2827 1591 quaevis
2869 1508 3114 1573 scelera
3156 1510 3453 1595 impellit,
3490 1520 3565 1575 ut
3606 1511 3838 1577 iisdem
3885 1512 4145 1576 tandem
4191 1512 4260 1577 in

2320 1601 2664 1658 aeternum
2723 1612 2808 1658 ex
2851 1594 3052 1659 animi
3094 1598 3419 1662 sententia
3462 1599 3764 1682 potiatur.
3853 1597 4011 1663 Istis
4053 1597 4263 1681 igitur

2319 1678 2631 1762 gradibus
2654 1677 2810 1743 Heli
2844 1680 3016 1746 filios
3052 1681 3133 1748 ad
3178 1682 3574 1767 flagitiorum
3622 1682 3956 1750 cumulum
4000 1684 4262 1749 venisse

2317 1765 2787 1847 conspicimus:
2833 1767 3025 1848 furta,
3068 1769 3335 1851 rapinas
3369 1781 3823 1851 exercuerunt,
3869 1769 4262 1852 tandemque

2317 1849 2389 1914 in
2435 1851 2892 1917 scortationem
2940 1852 3377 1919 foedissimam
3423 1867 3719 1921 ruerunt.
3806 1856 4034 1938 Neque
4083 1856 4259 1920 enim

2319 1945 2575 2001 tantum
2622 1958 2860 2003 uxores
2906 1939 3269 2005 vicinorum
3313 1940 3699 2007 sollicitasse
3741 1951 3858 2006 aut
3901 1940 4264 2024 corrupisse

2319 2021 2646 2098 dicuntur,
2709 2021 2822 2088 sed
2880 2045 2992 2089 eas
3049 2027 3437 2093 nominatim
3496 2049 3663 2111 quae
3719 2028 3938 2093 Deum
3993 2047 4265 2092 ‚venera-

2319 2120 2523 2187 turae,
2569 2119 2634 2174 et
2676 2109 2771 2173 illi
2814 2111 3319 2192 sacrificaturae,
3364 2121 3680 2197 tanquam
3718 2122 3910 2179 extra
3945 2111 4261 2177 mundum

2318 2195 2674 2262 collocatae
2717 2196 3088 2262 veniebant.
3176 2198 3346 2264 Nam
3407 2202 3531 2265 etsi
3590 2201 3889 2284 quemvis
3935 2199 4109 2263 domi
4153 2217 4266 2264 co-

2318 2281 2454 2346 lere
2500 2280 2932 2364 venerarique
2976 2283 3228 2350 sincere
3275 2285 3492 2350 Deum
3539 2287 3851 2369 oportuit,
3912 2294 4131 2349 tamen
4179 2305 4261 2348 ex

2318 2366 2444 2432 Dei
2491 2369 2891 2451 praescripto
2937 2370 3287 2436 veniebant
3328 2371 3409 2436 ad
3455 2373 3904 2438 sanctuarium
3956 2370 4264 2452 frequen-

2320 2463 2420 2519 tes
2463 2452 2711 2534 fideles,
2769 2463 2845 2519 ut
2903 2457 3086 2538 quasi
3147 2479 3365 2523 rerum
3427 2460 3833 2524 terrestrium
3879 2455 4060 2522 omni
4105 2475 4263 2522 cura

2321 2549 2391 2604 et
2461 2539 2902 2605 sollicitudine
2960 2544 3168 2620 vacui,
3239 2543 3380 2609 Deo
3445 2545 3567 2610 soli
3643 2563 3842 2628 puras
3899 2564 3981 2608 ex
4041 2545 4264 2609 animo

2320 2646 2547 2709 preces
2570 2625 2942 2691 funderent.
3008 2626 3507 2696 conveniebant
3549 2653 3706 2715 ergo
3749 2631 3896 2713 piae
3941 2627 4267 2712 quaedam

2319 2712 2401 2780 ad
2458 2713 2907 2778 sanctuarium
2951 2714 3280 2796 mulieres,
3347 2724 3659 2799 tanquam
3719 2714 3964 2780 mundo
4025 2734 4266 2778 rennn-

2317 2799 2626 2876 ciaturae,
2687 2819 2953 2881 seseque
3011 2799 3093 2865 ad
3155 2809 3416 2885 tempus
3470 2803 3665 2867 etiam
3713 2824 3753 2867 a
3796 2799 4082 2885 propriis
4125 2821 4263 2865 ma-

2318 2885 2464 2950 ritis
2530 2892 2983 2968 separaturae',
3107 2886 3238 2951 uod
3318 2887 3617 2954 fidelibus
3679 2887 3928 2953 Paulus
4002 2886 4266 2951 nonnisi

2315 2990 2561 3054 magna
2639 2971 2977 3036 occasione
3091 2972 3435 3039 sciendum
3517 2973 3795 3057 septimo
3872 2970 4110 3057 prioris
4180 2968 4263 3035 ad

2316 3055 2697 3122 Corinthios
2739 3058 2952 3141 capite
2996 3066 3241 3140 monet,
3285 3079 3522 3144 nempe
3564 3068 3640 3125 ut
3683 3058 3962 3125 orationi
4002 3065 4071 3121 et
4105 3057 4269 3123 ieiu-

2316 3143 2425 3208 nio
2469 3153 2727 3223 vacent,
2778 3163 2854 3208 ac
2911 3143 3118 3209 veluti
3176 3146 3404 3228 procul
3449 3147 3530 3213 ab
3574 3148 3754 3211 omni
3797 3144 4263 3228 impedimento

2317 3228 2555 3294 remoti
2600 3226 2745 3293 Deo
2787 3231 3054 3312 propius
3097 3229 3292 3296 adiun
3383 3242 3558 3297 ntur.
3649 3231 3883 3314 Itaque
3932 3227 4096 3295 haec
4137 3228 4265 3294 fuit

2315 3313 2452 3378 illis
2509 3315 2917 3397 temporibus
2974 3327 3287 3383 consuetu
3335 3339 3394 3396 o,
3461 3328 3564 3383 ut·
3592 3318 3899 3383 mulieres
3957 3317 4028 3379 in
4084 3333 4269 3380 sanc-

2317 3400 2528 3466 tuario
2574 3399 2995 3483 excubarent,
3041 3421 3117 3467 ac
3158 3403 3407 3471 ieiunio
3450 3413 3518 3469 et
3561 3403 3862 3488 precibus
3916 3410 4265 3468 vacarent:

2316 3487 2453 3564 sed,
2486 3508 2523 3550 o
2554 3486 2897 3570 flagitium,
2950 3487 3327 3557 libidinosos
3371 3492 3527 3555 istos
3572 3498 3638 3555 et
3681 3508 3953 3573 spurcos
4009 3486 4265 3552 adoles·

2316 3583 2559 3650 centes,
2623 3593 2782 3655 quos
2826 3575 3212 3658 angelorum
3256 3596 3399 3641 esse
3445 3575 3649 3642 veluti
3709 3576 3963 3660 legatos
4005 3572 4078 3637 in
4123 3584 4259 3637 tam

2316 3667 2542 3724 sancto
2585 3658 2728 3725 loco
2770 3658 3096 3741 decuerat,
3153 3661 3537 3745 coniugatas
3579 3661 3893 3726 mulieres
3937 3657 4264 3723 adulterio

2317 3744 2582 3810 foedare
2602 3754 2669 3809 et
2692 3745 3058 3828 profanare.
3119 3747 3440 3828 Magnum
3487 3749 3611 3813 fuit
3653 3747 3876 3830 itaque
3914 3744 4262 3830 flagitium,

2317 3846 2642 3915 stuprum,
2687 3839 2756 3896 et
2797 3831 3060 3914 quidem
3105 3855 3146 3898 a
3189 3832 3634 3899 sacerdotibus
3677 3834 3836 3917 ipsis
3883 3832 4264 3915 profectum,

2316 3937 2476 4000 quos
2517 3938 2668 3982 esse
2710 3919 3031 3983 castitatis
3073 3919 3374 3984 custodes
3416 3926 3816 4004 oportuerat,
3861 3918 4020 4001 ipsis
4062 3918 4262 3982 etiam

2319 4003 2684 4088 coniugatis
2707 4004 3095 4070 mulieribus
3121 4005 3416 4070 illatum:
3460 4006 3541 4070 ad
3587 4005 3755 4088 quod
3800 4013 3867 4070 et
3909 4002 4263 4070 sanctuarii

2318 4088 2686 4172 profanatio
2745 4089 3126 4156 accedebat:
3185 4093 3254 4155 in
3299 4111 3430 4174 quo
3477 4091 3659 4158 Dens
3719 4111 3906 4156 suam
3957 4109 4260 4172 praesen-

2320 4176 2481 4239 tiam
2526 4184 2836 4240 testatam
2883 4176 3094 4243 facere
3140 4176 3418 4256 volebat,
3463 4178 3735 4243 minime
3778 4174 4035 4260 quidem
4072 4172 4261 4258 quasi

2321 4259 2565 4343 templo
2631 4261 2736 4327 vel
2802 4260 3223 4328 tabernaculo
3288 4264 3546 4329 clausus
3595 4273 3950 4340 teneretur,
4011 4259 4127 4326 sed
4188 4267 4264 4325 ut

2320 4346 2632 4430 populum
2689 4345 2770 4412 de
2828 4368 2944 4413 sua
2999 4349 3456 4415 benevolentia
3499 4357 3567 4415 et
3607 4350 3849 4427 favore,
3895 4345 4147 4430 quoties
4190 4365 4261 4411 se

2320 4435 2573 4499 sineere
2639 4445 2706 4497 et
2769 4433 3168 4518 supplicibus
3238 4436 3405 4501 votis
3466 4434 3806 4501 invocaret
3825 4485 3839 4511 ,
3912 4432 4256 4499 certiorem

2320 4520 2529 4601 magis
2573 4538 2648 4584 ac
2693 4522 2901 4603 magis
2943 4521 3205 4587 faceret.
3296 4522 3384 4586 Et
3428 4521 3667 4588 idcirco
3723 4518 4021 4602 superius
4063 4515 4259 4581 intel-

2319 4604 2619 4684 leximus,
2666 4605 2973 4689 populum
2997 4627 3215 4673 coram
3237 4605 3364 4672 Dei
3399 4607 3736 4673 maiestate
3766 4627 3908 4670 sese
3944 4604 4014 4667 in
4046 4603 4261 4668 taber-

2318 4691 2552 4756 naculo
2610 4691 2874 4757 stitisse.
2964 4692 3215 4771 Nonne,
3274 4693 3563 4776 inquam,
3607 4688 4115 4759 abominandum
4163 4687 4258 4752 fa-

2318 4779 2507 4842 cinus
2563 4777 2708 4854 fuit,
2767 4786 2847 4842 ut
2900 4778 2981 4845 ad
3041 4790 3343 4863 stuprum
3418 4781 3614 4845 etiam
3660 4775 4062 4843 tabernaculi
4106 4795 4258 4858 pro-

2317 4863 2563 4931 fanatio
2621 4863 2956 4931 accederet
3000 4873 3202 4946 tanta,
3248 4875 3323 4930 ut
3367 4864 3597 4931 haram
3641 4862 3856 4946 potius
3896 4879 4261 4944 porcorum,

2319 4969 2516 5033 quam
2577 4970 2759 5015 aram
2816 4949 3383 5035 repraesentaret?
3473 4948 3641 5031 Quis
3700 4970 3854 5014 vero
3906 4968 4037 5012 nou
4085 4954 4262 5013 totus

2318 5036 2400 5102 ad
2445 5038 2571 5100 ista
2615 5038 2851 5102 fremat
2894 5049 2960 5102 et
3003 5038 3436 5111 cohorrescat,
3483 5045 3557 5100 ut
3592 5054 3793 5117 quum
3831 5032 4058 5097 nullus
4094 5032 4262 5097 alius

2316 5123 2385 5196 in
2433 5129 2565 5188 toto
2610 5131 2934 5189 terrarum
2974 5125 3130 5190 orbe
3172 5124 3352 5190 locus
3394 5121 3541 5186 Deo
3586 5141 3772 5187 sacer
3813 5127 4006 5197 esset,
4064 5139 4260 5202 quam

2316 5208 2431 5274 ille
2487 5229 2681 5292 quem
2734 5208 2877 5294 ipse
2919 5209 3044 5276 sibi
3089 5207 3263 5293 apud
3306 5207 3646 5276 Israelitas
3708 5206 4017 5293 elegerat,
4070 5205 4259 5271 illum
