5059 6059
291 3566 451 3632 Nam
514 3567 665 3633 fieri
731 3564 995 3649 quidem

158 3723 161 3730 ,
293 3661 499 3719 tamen
543 3652 834 3734 aliquam
878 3653 1189 3718 virtutem
1234 3652 1539 3731 habeant,
1580 3652 1701 3720 md
1744 3674 1947 3736 quum
1989 3675 2218 3737 ignavi

158 3743 163 3816 ἷ
294 3738 580 3806 homines
643 3739 841 3804 etiam
876 3738 1090 3821 pravi
1146 3747 1325 3823 sunt,
1383 3748 1529 3804 tum
1582 3736 1667 3804 ad
1718 3738 1933 3806 omnis
1985 3738 2217 3822 impin-

158 4011 161 4090 (
294 3996 591 4063 denotare
658 3996 823 4075 vult,
898 3996 1231 4064 hominem
1288 3997 1501 4062 Belial
1561 3996 1737 4063 dicit.

312 290 435 356 641

1660 285 1762 351 IN
1804 286 1863 352 Ι.
1907 287 2087 356 LIB.
2126 285 2531 358 SAMUEL.
2581 286 2781 356 OAP.
2826 287 2919 353 X.

4149 289 4292 360 042

314 478 435 545 tuit
479 472 675 543 corda
730 473 993 542 illorum
1044 474 1155 558 qui
1204 474 1421 557 ipsum
1467 475 1727 558 sequuti
1769 484 1945 554 sunt,
2002 493 2239 544 arcano
2345 476 2553 546 tillam
2613 475 2878 544 habent.
2967 475 3270 560 Namque
3336 477 3394 544 si
3454 477 3618 550 tales
3679 493 3995 559 memus,
4062 480 4293 563 quales

312 565 432 629 Dei
488 571 665 627 motu
724 560 1051 643 inspirari.
1141 560 1495 630 Discamus
1536 562 1759 646 itaque
1802 560 2238 628 humilitatem

314 671 421 716 seu
479 646 867 713 modestiam
908 647 1191 728 speciale
1231 645 1554 728 quoddam
1602 668 1745 718 ease
1788 645 1917 712 Dei
1958 645 2237 712 donum:

314 734 479 819 qaod
547 731 850 815 superbia
913 732 1088 802 inter
1150 733 1402 815 reliqua
1470 733 1653 810 vitia,
1727 731 1960 815 quibus
2026 731 2242 800 adhuc

313 820 490 886 hodie
541 820 968 885 vehementer
1016 818 1311 886 homines
1356 816 1657 886 laborant
1697 819 1980 901 primum
2026 818 2237 886 locum

306 907 605 972 obtineat.
696 903 875 970 Hinc
921 904 1135 986 prima
1170 903 1329 974 mali
1374 903 1651 974 humani
1685 903 1886 983 labes,
1933 904 2086 974 hinc
2122 902 2240 969 illa

308 993 375 1057 in
412 999 665 1057 tantam
708 990 1023 1073 abyssum
1065 988 1543 1060 maledictionis
1584 990 1848 1056 divinae
1885 989 2235 1068 immersio,

309 1079 373 1142 in
430 1097 625 1159 qnam
694 1075 946 1159 primns
1012 1075 1127 1142 ille
1193 1084 1414 1142 noster
1481 1095 1719 1158 parens
1774 1074 2073 1142 Adamus
2117 1095 2236 1142 nos

306 1161 477 1228 dedit
551 1162 959 1245 praecipites.
1047 1160 1281 1245 Itaque
1340 1159 1670 1232 discamus
1740 1182 1878 1239 nos,
1955 1161 2235 1245 quoties-

304 1268 545 1332 cunque
611 1246 699 1312 ad
754 1246 1187 1316 bumilitatem
1232 1257 1298 1314 et
1340 1246 1723 1314 modestiam
1766 1245 2235 1330 componimur,

309 1347 369 1400 et
418 1333 602 1399 nulla
660 1333 967 1416 superbia
1022 1353 1235 1416 neque
1291 1332 1426 1400 ulla
1476 1332 2233 1419 ambitione-turgemus,

308 1442 343 1485 a
391 1420 550 1496 Deo,
604 1419 804 1484 corda
860 1427 1085 1488 metra
1142 1429 1475 1503 tangente,
1539 1418 1681 1504 regi
1736 1428 1801 1483 et
1854 1415 2231 1502 gubernari.

306 1506 483 1583 Nam,
526 1514 604 1570 ut
647 1505 807 1588 dixi,
851 1523 1182 1578 summum
1228 1505 1471 1574 bonum
1514 1505 1692 1587 quod
1732 1525 1777 1570 a
1818 1503 1964 1572 Deo
2008 1525 2232 1572 conse—

305 1595 571 1675 quimur,
648 1602 988 1673 postquam
1063 1589 1215 1658 fidei
1270 1589 1486 1658 lucem
1544 1591 1626 1657 ab
1678 1590 1795 1658 illo
1849 1591 2234 1674 accepimus,

305 1678 635 1744 hmilitas
674 1686 779 1742 est
818 1686 889 1742 et
927 1677 1129 1742 animi
1175 1675 1499 1754 demissio,
1545 1689 1620 1741 ut
1653 1675 1838 1744 exsuti
1873 1685 1944 1743 et
1970 1676 2231 1761 spoliati

303 1763 477 1829 omni
513 1762 891 1839 ambitione,
936 1783 1343 1845 nequaquam
1388 1762 1512 1845 ipsi
1557 1763 1960 1843 resistamus,
2020 1783 2230 1845 neque

304 1850 379 1916 iis
416 1871 573 1932 quos
616 1848 761 1930 ipse
804 1848 993 1915 nabis
1038 1847 1346 1931 praefecit
1389 1846 1800 1916 reluctemur.

452 1934 787 2016 Deinceps
854 1935 1173 2017 sequitur,
1244 1933 1563 2017 quosdam
1618 1933 1799 2002 viros
1854 1932 2070 2004 Belial
2122 1934 2226 2000 in·

299 2021 591 2105 dignatos
626 2021 848 2097 fuisse,
889 2029 959 2088 et
996 2018 1183 2088 Sauli
1220 2020 1533 2088 honorem
1572 2020 1882 2088 exhibere
1920 2019 2226 2101 noluisse,

2338 571 2619 648 oportet,
2675 561 2807 628 Dei
2865 560 3326 630 beneficiorum
3389 585 3462 628 er
3507 584 3547 628 a
3602 585 3724 630 nos
3768 563 4085 632 memoria
4123 566 4289 634 satis

2340 669 2658 733 magnum
2724 646 2990 730 pondus
3027 647 3300 714 haberet
3339 647 3426 712 ad
3516 649 3768 718 omines
3813 651 3881 715 in
3927 651 4141 718 officio
4183 672 4288 719 re-

2341 731 2678 815 tinentiae:
2745 740 2814 800 et
2876 731 2958 798 ad
3026 732 3316 802 dolorem
3373 734 3443 800 in
3504 734 3693 800 nobis
3737 736 4158 804 excitandum
4203 736 4287 806 de

2339 821 2623 903 peccatis
2681 818 2926 888 nostris
2982 818 3050 883 in
3113 839 3281 902 quae
3348 819 3627 886 nimium
3674 819 3992 903 proclives
4036 841 4287 909 sumus,

2340 906 2538 988 quod·
2571 905 2706 975 illis
2765 926 2917 970 eum
2974 903 3464 987 offenderimus,
3523 907 3792 989 eiusque
3836 907 3902 971 in
3950 929 4070 975 nos
4117 909 4282 980 iram

2339 990 2931 1074 provocaverimus.
3020 987 3153 1058 Sed
3222 1011 3365 1058 eam
3409 991 3481 1056 in
3529 991 3715 1060 nobis
3759 993 3891 1058 vim
3938 993 4136 1060 habet
4175 994 4284 1064 in-

2338 1077 2697 1161 gratitudo,
2740 1075 3032 1159 adeoque
3077 1098 3195 1146 nos
3241 1076 3533 1158 indurat,
3579 1086 3651 1141 ut
3694 1075 3872 1143 illius
3906 1077 4055 1145 odio
4089 1101 4282 1163 praa-

2339 1163 2541 1243 venti,
2589 1185 2670 1232 ne
2711 1162 3040 1248 guttulam
3085 1162 3348 1245 quidem
3396 1183 3631 1228 sensus
3668 1161 3932 1230 divinae
3969 1166 4284 1236 bonitatis

2337 1256 2405 1314 et
2461 1250 2754 1318 iustitiae
2808 1247 3183 1329 habeamus,
3242 1256 3437 1331 atque
3492 1248 3587 1315 ita
3646 1250 3868 1316 omnia
3910 1249 4039 1316 Dei
4089 1249 4286 1320 bene-

2334 1334 2485 1402 ficia
2553 1353 3068 1417 corrumpamus.
3157 1332 3724 1415 Quemadmodum
3785 1356 3940 1401 vero
3997 1336 4056 1406 si
4205 1337 4217 1352 '

2334 1420 2510 1503 piam
2556 1429 2864 1505 aegrotus
2921 1419 3082 1486 adeo
3142 1419 3414 1487 debilem
3463 1419 3904 1488 ventriculum
3943 1420 4162 1502 habet,
4207 1433 4287 1490 ut

2336 1504 2500 1571 nihil
2559 1516 2936 1590 concoquat,
2998 1506 3241 1574 frustra
3295 1505 3556 1571 labores
3614 1506 3684 1570 in
3744 1507 4135 1589 quaerendis
4181 1529 4286 1576 re·

2332 1590 2569 1660 mediis
2609 1592 2844 1675 quibus
2887 1602 3220 1658 recreetur
3264 1591 3409 1658 cibo
3455 1602 3520 1656 et
3563 1603 3736 1674 potu,
3781 1601 3849 1656 et
3891 1594 4279 1661 alimentum

2332 1698 2415 1743 ex
2473 1678 2557 1744 iis
2611 1677 2946 1760 percipiat,
3019 1675 3543 1760 quandoquidem
3602 1676 3969 1762 indigestus
4026 1681 4278 1747 ventri·

2331 1764 2519 1832 culus
2572 1764 2749 1830 cibos
2806 1763 2879 1827 in
2937 1783 3126 1832 carru
3176 1762 3424 1829 tionem
3479 1763 3695 1846 potius
3747 1784 3940 1846 quam
3999 1766 4070 1830 in
4125 1765 4276 1832 sub-

2329 1850 2642 1918 stantiam
2696 1850 3042 1916 convertit.
3170 1861 3239 1915 ta
3290 1849 3490 1914 etiam
3536 1849 3816 1932 improbi
3860 1849 4159 1917 homines
4201 1859 4274 1917 et

2329 1935 2555 2017 ignavi
2600 1932 2912 2018 quidquid
2955 1934 3119 2017 ipsis
3161 1935 3398 2000 offeras
3442 1934 3511 1997 in
3557 1934 3804 2000 malum
3848 1944 4266 2004 convertunt.

2328 2020 2468 2088 Nos
2524 2041 2685 2088 vero
2740 2019 2799 2087 si
2855 2039 3025 2103 quae
3070 2019 3436 2086 istiusmodi
3480 2020 3782 2103 exempla
3823 2019 4115 2104 quotidie
4158 2042 4271 2092 oc-

299 2126 493 2190 neque
552 2126 834 2172 munera
890 2106 1147 2185 offerre,
1210 2105 1325 2172 sed
1380 2107 1583 2176 etiam
1641 2127 1790 2174 cum
1849 2116 2225 2191 contemptu
2324 2117 2627 2190 currunt,
2690 2125 2822 2176 non
2866 2116 3123 2189 oportet
3166 2115 3478 2188 tanquam
3525 2127 3595 2171 re
3640 2127 3812 2172 nova
3853 2117 3922 2172 et
3961 2107 4271 2208 insolenti

158 2425 163 2460 ἱ
291 2385 369 2430 ex
406 2385 533 2448 qna
575 2364 865 2464 primum
896 2365 1355 2448 cognoscimus
1389 2384 1503 2432 eos
1535 2364 1653 2448 qui
1684 2363 1941 2430 nullum
1980 2364 2226 2432 habent

292 2471 510 2516 verum
576 2449 713 2514 Dei
781 2459 1100 2526 timorem,
1167 2471 1426 2532 semper
1491 2451 1733 2522 habere
1796 2450 1969 2533 quod
2036 2450 2104 2516 in
2149 2471 2221 2517 re

291 2536 564 2620 qualibet
649 2548 955 2618 carpant:
1034 2545 1104 2601 et
1166 2535 1233 2600 in
1298 2536 1430 2602 illis
1488 2537 1898 2604 truncandis
1964 2536 2219 2603 nullum

158 2683 161 2690 ,
291 2644 421 2687 esse
477 2642 673 2706 posse
730 2621 1015 2702 modum,
1092 2619 1266 2704 quod
1322 2623 1458 2686 sint
1516 2621 2006 2706 incorrigibiles.
2107 2621 2219 2687 Id·

289 2709 448 2775 circo
488 2707 888 2772 nominatim
934 2708 1040 2773 isti
1086 2708 1396 2772 dicuntur
1432 2706 1633 2773 fnisse
1670 2707 1971 2774 homines
2006 2708 2218 2775 Belial

291 2805 353 2858 et
399 2813 704 2876 nequam.
796 2793 942 2858 Vox
976 2795 1131 2882 rista
1186 2812 1379 2876 porro
1437 2792 1660 2859 Belial
1717 2793 2061 2877 dupliciter
2104 2815 2218 2860 su-

291 2880 507 2945 mitur:
569 2899 729 2943 nam
786 2880 1047 2961 exponi-
1087 2869 1157 2943 et
1207 2875 1410 2962 accipi
1470 2887 1689 2962 potest
1744 2900 1866 2964 pro
1924 2878 2107 2946 duris
2152 2889 2219 2944 et

158 2975 161 3052 g
291 2963 801 3032 intractabilibus
867 2964 1262 3044 hominibus,
1351 2965 1462 3048 qui
1529 2966 1757 3050 iugum
1824 2964 1992 3049 quod
2059 2965 2218 3051 ipsis

291 3052 640 3134 imponitur
693 3050 863 3115 ferre
917 3058 1284 3134 nequeunt,
1339 3060 1409 3115 et
1451 3051 1563 3135 qui
1603 3051 1893 3118 officium
1937 3052 2061 3117 sibi
2106 3050 2215 3117 de-

292 3137 666 3203 mandatum
732 3135 997 3204 rideant
1054 3149 1123 3204 et
1181 3136 1611 3214 subsannent,
1686 3158 1766 3206 ac
1827 3157 2084 3221 semper
2145 3138 2215 3202 in

158 3203 163 3242 ³
290 3222 687 3289 eontrarium
757 3220 1078 3290 terantur.
1167 3221 1302 3290 Sed
1375 3221 1638 3293 videtur
1700 3224 2024 3307 expositio
2087 3223 2219 3290 alia

292 3309 488 3394 magis
543 3308 814 3392 propria
870 3319 937 3374 et
992 3309 1404 3385 conveniens,
1468 3317 1551 3374 ut
1593 3321 1909 3376 vocentur
1955 3309 2080 3375 viri
2124 3310 2221 3394 ig-

290 3396 434 3461 navi
476 3404 542 3461 et
584 3394 804 3473 otiosi,
848 3393 1018 3478 quod
1067 3416 1151 3460 ex
1193 3393 1423 3462 multis
1465 3395 1609 3462 aliis
1653 3396 2015 3478 scripturae
2057 3395 2218 3461 locis

288 3491 573 3564 apparet,
658 3481 769 3563 qui
833 3481 1226 3563 plerumque
1287 3480 1485 3565 pravi
1544 3491 1704 3548 sunt
1768 3490 1837 3546 et
1899 3481 2217 3548 irrisores.

1060 3574 1291 3649 potest,
1371 3574 1447 3631 ut
1510 3567 1635 3634 viri
1699 3567 1965 3650 quidam
1994 3569 2216 3667 ‘pravi

297 3826 434 3891 tatis
472 3824 815 3893 cumulum
859 3843 965 3891 res
1006 3824 1279 3890 rediisse
1315 3823 1595 3890 videtur.
1683 3823 1964 3906 Quando
1998 3824 2217 3909 itaque

295 3930 464 3977 sacra
527 3911 860 3994 scriptura
924 3921 1229 3976 naturam
1286 3909 1655 3992 improbam
1712 3921 1782 3976 et
1921 3931 2215 3978 rversam

1885 3999 1898 4012 ’
1996 4006 2215 4064 autem

293 4104 393 4148 eos
429 4085 541 4167 qni
583 4083 903 4150 adversus
942 4081 1217 4150 Saulem
1258 4081 1683 4162 rebellarunt,
1738 4091 1809 4149 et
1850 4082 2219 4166 petulanter

292 4169 787 4236 insurrexerunt
843 4180 1031 4235 vocat
1088 4178 1356 4236 sanctus
1396 4170 1689 4251 spiritus,
1745 4177 1822 4235 ut
1864 4189 2007 4250 nos,
2042 4170 2219 4238 sicut

292 4254 409 4320 iam
466 4265 625 4320 ante
682 4255 930 4331 monui,
986 4253 1215 4321 doceat
1269 4275 1380 4322 eos
1433 4255 1546 4337 qui
1605 4254 1752 4321 Deo
1809 4256 2042 4323 subiici
2084 4278 2214 4322 non

294 4351 575 4420 possunt,
635 4362 847 4424 neque
892 4339 990 4406 ,ad
1042 4341 1182 4408 eius
1227 4340 1664 4408 obedientiam
1706 4342 2025 4425 componi,
2081 4351 2217 4410 tam

294 4445 517 4506 pravos
561 4436 631 4491 et
672 4428 961 4508 impuros
1005 4447 1147 4492 esse
1190 4436 1265 4492 ut
1306 4428 1373 4492 in
1415 4426 1655 4492 malum
1693 4430 1915 4492 omnia
1946 4448 2219 4495 conver-

294 4519 445 4586 tant,
530 4521 602 4578 et
685 4511 1268 4595 quomodocunque
1353 4510 1540 4578 Deus
1614 4534 1771 4580 eum
1848 4513 1980 4579 illis
2042 4522 2216 4597 agat,

295 4616 536 4679 semper
613 4599 1013 4682 obstrepant,
1083 4610 1152 4664 et
1220 4615 1557 4681 nunquam
1614 4599 1819 4684 quieti
1876 4600 2030 4679 sint,
2102 4600 2216 4665 sed

295 4681 361 4746 ia
397 4685 581 4766 peius
626 4704 886 4766 semper
924 4693 1142 4770 ruant,
1188 4696 1257 4749 et
1298 4685 1533 4750 moniti
1572 4707 1612 4751 a
1654 4685 1801 4750 Deo
1843 4685 1913 4750 in
1958 4697 2216 4750 contra·

297 4768 456 4834 rium
514 4772 848 4854 nitantur3
905 4790 981 4834 ae
1038 4771 1319 4854 denique
1363 4792 1698 4853 nunquam
1740 4771 1873 4837 illis
1916 4771 2217 4852 satisfiat,

297 4853 401 4918 sed
454 4877 714 4940 semper
764 4855 1013 4939 aliquid
1059 4856 1341 4922 habeant
1382 4856 1553 4939 quod
1598 4857 1959 4924 mordeant.
2044 4856 2217 4924 Nam

299 4958 515 5019 pravos
560 4953 632 5007 et
672 4943 991 5026 malignos
1037 4942 1337 5008 homines
1378 4954 1627 5011 certum
1670 4955 1771 5008 est
1809 4964 2001 5009 suum
2035 4943 2218 5026 inge·

299 5023 463 5091 nium
504 5045 767 5109 semper
812 5027 1107 5111 prodere,
1163 5049 1481 5112 suamque
1524 5031 1979 5095 temeritatem.
2068 5026 2218 5109 Qua

299 5128 376 5174 ex
448 5133 517 5177 re
583 5111 1060 5198 dignoscuntur
1123 5115 1309 5180 facile
1372 5114 1485 5198 qui
1548 5116 1731 5180 omni
1794 5114 1961 5180 bono
2026 5115 2215 5180 vanni

298 5206 460 5279 suut,
516 5211 585 5265 et
641 5199 889 5266 nullam
947 5201 1147 5266 ullius
1203 5202 1270 5265 in
1330 5222 1401 5268 se
1454 5200 1610 5267 boni
1649 5211 1765 5267 aut
1806 5200 2002 5284 aequi
2043 5200 2216 5266 sein·

494 5300 713 5356 Caluini
738 5318 922 5371 opera.
970 5303 1093 5359 Vol.
1120 5299 1351 5361 XXIX.

158 2193 161 2200 ’
296 2192 379 2258 de
424 2192 633 2276 ipsius
699 2192 874 2259 fama
916 2190 1300 2272 detraxisse,
1347 2190 1669 2262 dieentes:
1739 2193 2043 2274 Quomodo
2084 2213 2225 2264 vero
2324 2193 2810 2277 obstupescere:
2870 2188 3396 2275 quandoquidem
3449 2192 3581 2258 iam
3624 2191 3708 2258 ab
3751 2192 3929 2260 omni
3974 2215 4138 2260 aevo
4180 2216 4271 2262 si,-

158 2339 165 2374 ;
296 2278 404 2345 iste
432 2283 713 2345 oeream
742 2277 903 2345 noe?
934 2278 1165 2362 Digna
1190 2298 1352 2346 eane
1384 2277 1840 2348 observatione
1873 2279 2226 2360 sententia,
2324 2279 2508 2346 milia
2563 2279 2918 2362 contigisse
2974 2296 3059 2341 ex
3119 2277 3240 2344 hoc
3300 2276 3441 2343 loco
3493 2275 3822 2343 videmus:
3883 2278 3998 2345 sed
4052 2281 4272 2364 potius

2320 2366 2613 2434 oblatum
2658 2364 2903 2431 bonnm
2948 2362 3313 2448 approbare
3348 2374 3413 2429 et
3448 2360 3714 2430 laudare
3754 2362 3972 2432 decet:
4016 2375 4083 2432 et
4115 2386 4269 2434 cum

2318 2451 2504 2520 omni
2569 2451 2943 2520 reverentia
2997 2459 3070 2520 et
3123 2449 3355 2516 timore
3398 2447 3723 2532 amplecti.
3810 2450 4003 2518 Licet
4043 2451 4271 2536 itaque

2324 2555 2802 2621 nonnunquam
2857 2556 2992 2610 aon
3045 2556 3126 2602 ea
3182 2536 3270 2604 sit
3329 2535 3641 2619 perfectio
3698 2536 3764 2602 in
3827 2535 3911 2603 iis
3968 2558 4129 2619 quos
4185 2536 4269 2606 ad

2321 2643 2616 2690 summos
2669 2621 2994 2690 honorum
3041 2620 3285 2705 gradus
3323 2629 3579 2687 evectos
3621 2620 3806 2690 Deus
3850 2622 4036 2692 nobis
4079 2644 4273 2706 prae-
4395 2678 4399 2682 .

2322 2709 2476 2789 ficit,
2530 2725 2726 2792 quam
2790 2729 2932 2778 esso
2987 2705 3352 2791 oportebat,
3418 2715 3485 2771 et
3544 2707 3752 2772 multa
3808 2708 3943 2774 sint
3986 2731 4152 2792 quae
4195 2709 4273 2777 in

2322 2793 2455 2860 illis
2511 2792 2992 2878 reprehendere
3049 2791 3397 2878 possimus,
3456 2801 3528 2857 et
3581 2792 3651 2858 in
3708 2793 3996 2875 ipsorum
4042 2794 4273 2862 condi·

2322 2880 2534 2946 tione:
2593 2879 3021 2949 nihilominus
3077 2889 3298 2944 tamen
3359 2898 3438 2942 ea
3494 2878 3681 2944 nobis
3737 2890 3844 2948 eat
3899 2879 4270 2948 adhibenda

2320 2965 2683 3036 moderatio
2726 2975 2796 3034 ot
2827 2963 3198 3050 prudentia,
3240 2972 3316 3030 ut
3350 2964 3421 3028 in
3457 2962 3817 3032 defectibus
3849 2964 3988 3032 illis
4021 2966 4270 3034 bonum

2322 3050 2764 3130 observemus,
2826 3059 2901 3120 ut
2957 3072 3041 3116 ex
3099 3070 3177 3116 eo
3237 3048 3563 3128 discamus
3621 3048 3838 3120 Deum
3883 3051 4271 3138 glorificare,

2321 3147 2390 3203 et
2486 3137 2614 3205 uod
2666 3139 2736 3203 in
2789 3159 2860 3206 se
2917 3137 3159 3208 bonnm
3208 3135 3336 3202 erit
3373 3134 3755 3219 approbare,
3812 3136 3963 3204 licet
4001 3137 4106 3204 illi
4149 3137 4275 3205 aii·

2322 3225 2432 3308 qui
2561 3224 2804 3305 impuri
2867 3223 3151 3293 mixtum
3219 3219 3580 3290 videamus.
3669 3221 3997 3306 Equidem
4064 3224 4274 3292 fateor

2318 3325 2736 3392 summopere
2779 3307 3210 3376 laborandum
3246 3316 3323 3372 ut
3356 3306 3576 3372 omnia
3615 3308 3775 3374 vitia
3807 3330 3970 3392 repu
4054 3319 4272 3391 entur,

2320 3403 2391 3460 et
2434 3395 2558 3463 hoc
2598 3396 2668 3462 in
2714 3394 2944 3478 primis
2985 3391 3450 3477 expetendum,
3495 3402 3565 3459 et
3608 3406 3681 3459 ut
3726 3395 3840 3462 flat
3884 3416 3989 3462 mo
4042 3397 4094 3461 's
4135 3417 4274 3462 om·

2321 3481 2514 3550 nibus
2561 3480 2936 3548 nitendum:
2997 3477 3115 3546 sed
3158 3479 3328 3544 nihil
3370 3477 3652 3561 impedit
3693 3481 4044 3562 quominus
4086 3481 4270 3549 obla·

2323 3577 2467 3634 tum
2513 3565 2754 3634 bonum
2799 3575 3165 3654 gustemus,
3209 3575 3405 3647 atque
3453 3585 3537 3631 ex
3582 3564 3764 3632 illius
3811 3582 4012 3649 gustu
4057 3567 4270 3634 addu-

2319 3672 2548 3720 camur
2592 3652 2675 3718 ad
2717 3654 2892 3722 hanc
2932 3650 3466 3726 moderationem,
3529 3661 3606 3714 ut
3648 3650 3708 3718 si
3753 3652 3866 3733 qui
3911 3663 4116 3719 erunt
4154 3653 4269 3719 de·

2319 3737 2552 3813 fectus.
2621 3759 2734 3808 ecs
2792 3736 3166 3815 toleremus,
3235 3747 3301 3801 st
3360 3736 3603 3806 bonum
3662 3738 4065 3820 propositum
4128 3759 4270 3805 am·

2367 3823 2707 3893 lactamur.
2795 3821 3140 3890 Caeterum
3219 3819 3702 3890 observandum
3775 3824 3970 3890 etiam
4025 3824 4270 3905 Deum,

2348 3911 2475 3975 icet
2534 3931 2664 3975 non
2724 3907 3145 3992 approbasset
3201 3928 3427 3974 vocem
3487 3907 3708 3990 populi
3770 3930 3990 3992 regem
4047 3921 4270 3993 postu-

2314 3995 2537 4074 lantis,
2605 4009 2823 4064 tamen
2866 3993 3018 4062 dato
3063 3993 3223 4078 ipsis
3265 4014 3438 4077 rege,
3506 3993 3574 4059 in
3642 3994 3932 4062 virorum
3987 4013 4268 4079 nequam

2316 4093 2386 4148 et
2426 4080 2875 4165 improborum
2919 4101 3195 4148 numero
3238 4100 3351 4146 eos
3396 4078 3655 4156 habere,
3699 4081 3811 4163 qui
3849 4077 4036 4147 Sauli
4072 4084 4266 4148 resti-

2318 4177 2565 4245 terunt.
2623 4166 2796 4251 quod
2849 4167 2978 4233 Dei
3035 4166 3292 4234 decreto
3337 4186 3465 4231 non
3510 4164 4128 4249 obtemperaverint,
4190 4177 4265 4233 ut

2319 4255 2531 4321 facere
2573 4275 2685 4322 eos
2730 4252 3088 4337 oportebat.
3171 4250 3407 4334 ,Itaque
3445 4269 3574 4318 non
3613 4249 3940 4322 debebant
3971 4252 4258 4335 priorem

2319 4339 2545 4408 Saulis
2589 4349 2833 4408 statum
2875 4347 2945 4408 et
2987 4336 3421 4408 conditionem
3462 4338 3797 4420 inspicere,
3842 4358 4034 4420 quam
4072 4337 4262 4405 Deus

2318 4445 2586 4496 cessare.
2616 4424 2896 4501 volebat,
2941 4444 3142 4507 quum
3189 4423 3426 4490 humili
3463 4434 3534 4489 et
3563 4424 3811 4489 abiecto
3845 4423 3984 4489 loco
4023 4431 4257 4489 natum

2318 4512 2402 4578 ad
2449 4522 2672 4580 tantae
2717 4511 3056 4596 dignitatis
3097 4510 3428 4592 fastigium
3477 4508 3854 4573 extulisset:
3897 4528 4102 4590 quare
4141 4508 4258 4578 de-

2319 4597 2508 4668 cebat
2573 4599 2752 4682 ipsos
2803 4597 3185 4680 simpliciter
3241 4594 3375 4660 Dei
3430 4594 3688 4661 decreto
3746 4592 3972 4658 cedere
4031 4605 4097 4660 et
4157 4616 4260 4662 ac-

2320 4687 2674 4768 quiescere.
2763 4685 2861 4748 Δο
2896 4681 3253 4749 verisimile
3288 4690 3389 4746 est
3424 4681 3727 4746 factiosos
3760 4677 3921 4744 istos
3957 4678 4258 4748 homines

2320 4790 2453 4836 uon
2496 4771 2696 4836 fuisse
2741 4769 2912 4836 inter
2945 4790 3055 4835 eos
3094 4769 3201 4851 qui
3241 4787 3459 4851 regem
3498 4763 3826 4849 petierant
3860 4772 4259 4846 postremos:

2317 4854 2433 4924 sed
2498 4876 2698 4938 quum
2760 4855 2856 4920 eis
2913 4852 3182 4920 Saulem
3237 4852 3421 4917 Deus
3459 4850 3641 4916 dedit
3683 4859 3945 4932 praeter
3988 4871 4254 4934 exspec-

2321 4941 2654 5021 tationem,
2698 4939 3079 5023 indignatos
3122 4939 3342 5020 fuisse,
3387 4947 3457 5001 et
3493 4934 3803 5014 oblatum,
3852 4934 4004 5006 licet
4045 4957 4084 5002 a
4127 4937 4258 5004 Do·

2316 5028 2519 5102 mino,
2562 5025 2882 5094 reiecisse.
2972 5028 3190 5107 Atque
3235 5023 3396 5090 haec
3438 5033 3540 5088 est
3580 5019 3873 5086 omnium
3913 5020 4252 5088 hominum

2317 5114 2454 5180 suis
2496 5112 2965 5196 cupiditatibus
3007 5109 3295 5176 habenas
3340 5107 3704 5174 laxantium
3751 5107 4116 5186 morositas,
4180 5118 4258 5174 ut

2318 5220 2657 5285 nunquam
2715 5198 2848 5265 illis
2890 5196 3077 5262 Deus
3120 5192 3495 5262 satisfaciat.
3587 5194 3818 5275 Itaque
3862 5194 4108 5260 similes
4150 5215 4258 5259 ac-
