5059 6059
902 299 1025 368 371

908 515 1140 562 sensus
1238 492 1395 560 Heli
1437 493 1590 560 filiis
1634 494 2070 560 exauctoratis
2113 499 2180 559 et
2236 492 2596 559 sacerdotio
2661 491 2840 560 abdi-

909 583 1090 660 catis,
1137 544 1352 645 ficum
1398 580 1679 666 gratiam
1725 601 1910 646 suam
1957 589 2023 644 et
2065 591 2405 663 paternam
2450 577 2840 644 benevolen-

908 670 1066 732 tiam
1113 676 1549 744 exsarturum,
1604 686 1679 731 ao
1737 667 1955 731 vivam
2015 666 2367 751 imaginem
2413 665 2842 749 redemptoris

909 751 1375 831 exhibiturum,
1437 761 1508 816 ut
1565 750 1692 816 Dei
1752 751 2012 816 decreta
2068 753 2263 816 finem
2323 751 2584 816 tandem
2646 771 2839 816 suum

911 849 1426 921 assequerentur,
1486 845 1840 923 apparente
1898 838 1968 902 in
2028 838 2221 902 terris
2278 836 2563 902 Domino
2621 844 2840 902 nostro

909 925 1063 989 Iesu
1088 924 1372 1000 Christe,
1418 933 1485 988 et
1528 922 1896 990 substantia
1935 924 2077 1006 ipsa
2121 944 2335 987 rerum
2383 924 2452 987 in
2498 923 2642 1005 lege
2677 924 2839 1006 figu-

910 1017 1202 1075 ratarum
1248 1010 1610 1075 exsisteret.
1701 1009 1790 1073 Et
1832 1007 1955 1075 hoo
1999 1008 2159 1074 satis
2203 1018 2354 1074 ante
2414 1010 2838 1091 conspicuum

911 1103 1011 1160 est
1054 1098 1297 1161 factum
1343 1098 1578 1160 Annae
1622 1094 1856 1160 cantici
1900 1095 2114 1161 verbis
2158 1103 2335 1178 puta,
2398 1095 2613 1160 Deum
2672 1116 2838 1159 nun-

910 1201 1103 1264 quam
1149 1201 1307 1247 vere
1353 1201 1423 1246 se
1466 1181 1656 1244 aliter
1702 1181 2033 1245 veteribus
2076 1180 2212 1246 illis
2270 1180 2586 1264 patribus,
2643 1200 2838 1263 quam

910 1267 979 1332 in
1025 1288 1198 1350 rege,
1245 1265 1374 1331 Dei
1409 1266 1880 1348 quodammodo
1924 1266 2135 1349 legato
2170 1275 2237 1331 et
2279 1266 2541 1343 vicario,
2586 1279 2835 1349 patrem

911 1352 1306 1418 exhibuisse.
1397 1352 1501 1415 En
1548 1358 1715 1434 quae
1757 1351 2001 1418 veteris
2044 1352 2261 1435 populi
2306 1373 2474 1435 spes,
2518 1351 2840 1417 intuentis

911 1439 978 1502 in
1023 1439 1148 1503 Dei
1193 1437 1671 1520 promissiones,
1727 1438 1964 1519 quibus
2007 1459 2076 1503 se
2120 1437 2427 1503 nimirum
2474 1448 2723 1521 patrem
2768 1437 2838 1501 in

911 1533 1285 1606 exspectato
1322 1543 1477 1607 rege
1510 1521 1901 1588 intermedio
1938 1522 2266 1606 pollicitus
2300 1524 2531 1589 fuerat.
2592 1523 2840 1589 Idcirco

909 1608 1222 1676 Ieremias
1264 1609 1333 1673 in
1384 1608 2008 1686 Lamentationibus,
2057 1607 2357 1676 Christus
2401 1609 2550 1692 Dei,
2605 1608 2838 1692 inquit,

909 1697 1096 1762 cuius
1137 1695 1374 1779 spiritu
1420 1695 1727 1771 vivimus,
1773 1696 1955 1778 quasi
2001 1693 2191 1773 dicat,
2251 1696 2364 1778 qui
2426 1695 2561 1761 vita
2616 1705 2842 1760 nostra

908 1790 1028 1860 est,
1075 1780 1155 1846 de
1197 1801 1351 1864 rege
1385 1780 1658 1862 loquens
1698 1780 1769 1844 in
1814 1779 2257 1862 captivitatem
2294 1791 2510 1847 tamen
2548 1780 2841 1846 abducto.

906 1869 1158 1952 Regem
1203 1889 1244 1932 a
1290 1865 1430 1931 Deo
1472 1875 1744 1931 unctum
1792 1874 1979 1931 vocat
2032 1867 2238 1931 vitam
2298 1878 2365 1931 et
2407 1867 2683 1932 salutem
2729 1886 2841 1949 po-

909 1955 1082 2037 puli:
1176 1951 1724 2036 quemadmodum
1814 1951 1884 2015 in
1962 1951 2225 2016 Psalmo
2301 1951 2485 2018 Deus
2563 1953 2840 2017 salutem

911 2040 1180 2108 Christo
1225 2059 1344 2103 suo
1389 2038 1545 2102 dare
1592 2036 1864 2101 dicitur:
1921 2037 2086 2119 quod
2147 2037 2228 2102 de
2284 2038 2483 2104 totius
2538 2037 2844 2103 ecclesiae

909 2137 1128 2194 tamen
1174 2145 1441 2208 corpore
1483 2129 1587 2187 est
1629 2120 2148 2204 intelligendum.
2237 2123 2343 2188 En
2387 2131 2461 2187 ut
2505 2122 2690 2188 Deus
2734 2144 2842 2205 pa-

916 2223 1047 2281 tres
1093 2209 1440 2278 assuefacit
1482 2208 1564 2273 ad
1609 2207 2038 2290 redemptoris
2082 2207 2257 2273 illius
2292 2209 2468 2275 unici
2511 2219 2843 2291 exspecta·-

910 2302 1174 2375 tionem,
1229 2316 1269 2359 a
1323 2316 1448 2379 quo
1506 2294 1698 2359 unico
1764 2294 1965 2358 vitam
2028 2294 2385 2359 haurirent.
2487 2294 2622 2359 Nos
2687 2314 2842 2358 vero

912 2395 1154 2470 quanto
1197 2386 1405 2466 magis
1447 2379 1517 2444 in
1563 2379 1677 2445 illo
1721 2379 2022 2444 fiduciam
2066 2400 2322 2445 omnem
2367 2399 2684 2464 reponere
2728 2380 2839 2444 de-

911 2483 1035 2553 cet,
1079 2491 1160 2536 ex
1205 2489 1329 2551 quo
1374 2466 1682 2533 Christus
1725 2466 1864 2548 ipse
1907 2463 2233 2530 Dominus
2289 2466 2361 2530 in
2408 2467 2600 2530 terris
2645 2486 2840 2550 appa-

911 2558 1062 2637 ruit,
1105 2575 1232 2638 quo
1277 2554 1436 2618 duce
1480 2559 1547 2616 et
1588 2549 2141 2617 intercessore‘ad
2186 2560 2437 2635 patrem
2474 2551 2663 2618 nobis
2705 2551 2840 2616 adi-

910 2652 1022 2708 tus
1085 2640 1383 2725 pateflat,
1449 2636 1991 2721 quemadmodum
2056 2636 2197 2720 ipse
2261 2636 2342 2702 de
2404 2658 2474 2704 se
2540 2646 2840 2721 testatur,

911 2747 1114 2813 quum
1156 2747 1226 2790 se
1271 2725 1441 2791 viam
1486 2743 1646 2799 esse,
1691 2724 1899 2788 vitam
1943 2727 2012 2788 et
2055 2724 2396 2788 veritatem
2433 2722 2573 2788 ait?
2618 2721 2841 2804 Quare

908 2816 964 2881 si
1010 2815 1079 2878 in
1123 2811 1507 2877 alterutram
1553 2819 1803 2890 partem
1850 2807 2410 2887 declinaverimus,
2454 2817 2703 2874 certum
2742 2816 2842 2874 est

909 2919 1032 2964 nos
1088 2916 1344 2980 semper
1400 2888 1689 2975 ἀστόχους
1744 2895 2177 2960 aberraturos.
2265 2894 2411 2961 Hoc
2466 2894 2539 2958 in
2595 2903 2839 2979 papatu

910 2984 1071 3050 satis
1115 2995 1214 3048 est
1256 2980 1695 3066 conspicuum,
1740 2979 1809 3043 in
1856 2998 1984 3064 quo
2030 3000 2210 3044 mera
2253 2980 2490 3063 ubique
2525 2981 2837 3045 confusio.

907 3070 1078 3136 Nam
1146 3077 1321 3150 quot,
1376 3087 1635 3150 quaeso,
1700 3077 1857 3130 sunt
1916 3065 2153 3147 ubique
2211 3065 2618 3142 mediatores,
2686 3076 2841 3150 quot

907 3154 1232 3232 merendi,
1299 3161 1376 3218 ut
1438 3157 1639 3231 aiunt,
1705 3151 2008 3225 rationes,
2075 3149 2190 3215 sed
2252 3151 2395 3216 sine
2459 3173 2616 3234 pace
2681 3174 2835 3217 con-

907 3241 1239 3317 scientiae,
1285 3246 1351 3302 et
1392 3237 1534 3303 sine
1578 3236 1779 3302 animi
1839 3236 1974 3300 ulla
2033 3237 2523 3320 tranquillitate,
2582 3257 2839 3320 semper

908 3325 1138 3401 dubiis,
1182 3343 1441 3406 semper
1484 3322 1958 3387 haesitantibus
2010 3329 2077 3386 et
2136 3322 2331 3387 anxie
2374 3323 2838 3407 quaerentibus

903 3412 1163 3477 miseris
1206 3409 1340 3474 illis
1375 3407 1903 3474 tenebrionibus?
1948 3408 2089 3473 Nae
2124 3408 2369 3475 similes
2407 3429 2557 3474 vere
2592 3408 2836 3474 dixeris

905 3518 1048 3564 esse
1092 3497 1302 3562 brutis
1343 3516 1486 3560 sese
1527 3495 1809 3560 invicem
1865 3492 2334 3573 collidentibus,
2394 3515 2514 3559 nec
2557 3494 2693 3560 loco
2737 3504 2837 3559 ta-

903 3604 1056 3648 men
1103 3581 1531 3658 moventibus,
1592 3601 1817 3646 omnes
1860 3579 2152 3644 omnium
2199 3580 2605 3664 papistarum
2649 3600 2836 3645 occu-

904 3669 1216 3752 pationes,
1261 3668 1541 3731 multum
1600 3667 2061 3750 satagentium,
2114 3673 2181 3730 et
2239 3666 2398 3730 nihil
2446 3665 2574 3731 nisi
2619 3668 2835 3749 perni-

906 3753 1070 3820 ciem
1130 3766 1195 3818 et
1252 3753 1528 3817 exitium
1585 3751 1708 3816 sibi
1767 3752 2260 3817 accersentium.
2364 3750 2588 3832 Quare
2641 3753 2836 3835 agite,

907 3840 1025 3903 uni
1071 3836 1339 3905 Christo
1389 3837 1669 3902 Domino
1727 3847 1950 3902 nostro
1992 3838 2270 3902 firmiter
2308 3837 2661 3902 adhaerere
2708 3837 2834 3902 dis·

905 3944 1151 4003 camus,
1195 3944 1234 3987 a
1278 3943 1405 4006 quo
1451 3924 1520 3987 in
1566 3933 1806 3989 rectam
1852 3925 2051 4004 viam,
2095 3944 2223 4005 qua
2264 3942 2478 3987 coram
2518 3922 2661 3987 Deo
2704 3942 2837 3986 am·

905 4009 1226 4086 bulemns,
1269 4007 1686 4074 deducamur.
1775 4008 1975 4074 Hunc
2032 4011 2205 4073 enim
2249 4010 2318 4072 in
2364 4011 2563 4074 finem
2605 4007 2720 4073 ille
2761 4008 2833 4072 in

903 4105 1112 4161 terras
1159 4094 1509 4172 descendit,
1567 4105 1641 4159 ut
1683 4096 1751 4159 in
1796 4115 1987 4160 suum
2034 4114 2153 4158 nos
2197 4095 2624 4177 patrocinium
2671 4094 2835 4159 reci-

900 4182 1058 4266 piat,
1120 4180 1470 4245 dummodo
1530 4201 1685 4246 vere
1744 4202 1863 4246 nos
1906 4180 1999 4245 illi
2045 4181 2167 4246 soli
2210 4179 2541 4245 tradamus
2586 4188 2653 4244 et
2695 4200 2836 4263 per-

901 4269 1258 4334 mittamus.

1075 4352 1436 4438 Pergamus
1510 4372 1666 4416 vero
1741 4352 1811 4416 in
1891 4352 2299 4434 sequentium
2380 4349 2831 4435 explicatione,

902 4438 1141 4525 quibus
1187 4439 1495 4502 dicuntur
1532 4437 1645 4521 qui
1678 4438 2141 4520 super-vinxerint
2160 4437 2310 4502 Heli
2336 4437 2573 4520 posteri
2596 4457 2834 4520 panem

898 4544 1086 4594 suum
1128 4523 1591 4596 emendicaturi,
1630 4524 1798 4607 quod
1838 4522 2108 4605 perinde
2144 4535 2261 4601 est,
2299 4523 2466 4589 acsi
2501 4530 2830 4587 summum

898 4613 965 4679 in
1015 4623 1343 4697 posterum
1392 4608 1671 4674 dedecus
1728 4620 1794 4673 et
1851 4610 2271 4692 ignominiam
2321 4610 2500 4674 Deus
2543 4608 2674 4671 illis
2718 4629 2833 4691 per

896 4698 1283 4784 prophetam
1320 4716 1471 4761 cum
1506 4696 1797 4760 omnium
1831 4695 1978 4759 odio
2013 4696 2420 4761 coniunctam
2448 4694 2831 4772 minaretur,

894 4782 1277 4852 sacerdotali
1346 4781 1664 4865 dignitate
1727 4779 1990 4847 tandem
2056 4779 2389 4847 abdicatis.
2494 4780 2686 4858 Nam,
2755 4789 2832 4845 ut

894 4883 1051 4940 ante
1117 4869 1434 4951 diximus,
1515 4868 1757 4951 posteri
1825 4868 2107 4932 Aaronis
2171 4887 2396 4933 omnes
2461 4865 2828 4951 portionem

894 4979 1083 5026 suam
1129 4969 1278 5020 ante
1325 4954 1485 5019 alios
1513 4954 1781 5019 Levitae
1822 4951 2203 5018 obtinebant
2245 4955 2313 5018 in
2358 4953 2708 5027 sacrificiis,
2754 4970 2830 5016 ac

943 5042 1170 5109 roinde
1215 5063 1255 5106 a
1296 5061 1571 5105 munere
1615 5038 1999 5106 sacerdotali
2045 5038 2278 5125 depelli
2326 5059 2459 5103 non
2503 5047 2826 5122 poterant.

893 5065 1027 5198 god
1074 5130 1218 5207 ista,
1264 5138 1339 5192 ut
1384 5125 1687 5203 diximus,
1733 5126 1929 5191 etiam
1974 5125 2100 5190 fuit
2143 5125 2659 5189 extraordinaria
2704 5144 2826 5206 pu·

889 5215 1075 5293 nitio,
1133 5212 1362 5280 divina
1419 5234 1618 5278 manu
1675 5211 1829 5279 filiis
1887 5220 1954 5278 et
1994 5212 2270 5296 posteris
2314 5211 2471 5276 Heli
2514 5210 2826 5289 immissa,

2591 302 3003 373 HOMILIA
3045 305 3208 375 XII.

4706 314 4802 381 372

2947 504 3018 560 ut
3078 517 3154 561 eo
3214 516 3419 580 usque
3474 498 3875 583 paupertatis
3934 505 4002 563 et
4058 497 4454 583 ignominiae
4497 499 4805 580 deveniant,

2944 592 3019 646 ut
3064 581 3166 647 vel
3211 583 3691 667 portiunculam
3735 596 3802 648 et
3846 584 4198 649 buccellam
4236 585 4421 667 panis
4462 586 4806 652 emendicare

2944 677 3279 752 cogantur.
3323 668 3582 752 ,Itaque
3619 669 3943 736 Dominus
3982 667 4088 736 hic
4132 672 4418 735 minatur
4455 671 4581 734 illis
4620 694 4807 737 exauc-

2943 754 3336 818 torationem
3393 775 3432 820 a
3489 756 3870 822 sacerdotali
3928 755 4261 837 dignitate,
4319 756 4420 822 cui
4467 767 4665 821 tamen
4702 762 4808 823 nati

2943 838 3352 919 videbantur,
3410 841 3577 924 quod
3635 841 3762 906 Dei
3818 861 4056 906 nomen
4113 842 4239 925 ipsi
4296 842 4719 924 profanassent
4761 857 4809 909 et

2944 926 3142 989 totius
3185 926 3403 1008 populi
3449 926 3728 992 ludibrio
3772 927 4252 1009 exposuissent:
4305 948 4381 993 ac
4421 928 4672 1009 proinde
4705 949 4807 993 om·

2943 1010 3123 1074 nium
3170 1013 3411 1089 sannis,
3455 1011 3601 1077 odio
3647 1022 3712 1077 et
3754 1013 4189 1077 maledictioni
4248 1012 4651 1096 exponendos
4686 1035 4808 1091 esse,

2944 1103 3012 1158 et
3053 1105 3362 1180 tanquam
3410 1098 3637 1182 putida
3680 1100 3972 1163 membra
4015 1098 4415 1164 reiiciendos.
4483 1097 4656 1179 Quae
4692 1121 4810 1165 sane

2942 1180 3218 1264 pulchre
3275 1203 3422 1247 cum
3485 1183 3811 1249 sententia
3867 1184 3984 1249 illa
4027 1198 4221 1249 antea
4263 1206 4303 1247 a
4347 1185 4531 1249 nobis
4571 1186 4813 1267 exposita

2941 1268 3380 1349 consentiunt,
3436 1268 3651 1334 Deum
3708 1270 3993 1336 colentes
4051 1289 4125 1335 ac
4179 1269 4461 1335 debitam
4526 1269 4611 1333 illi
4670 1291 4811 1335 reve-

2942 1354 3216 1417 rentiam
3264 1354 3666 1434 exhibentes,
3713 1355 3996 1420 vicissim
4036 1352 4345 1419 honorem
4383 1365 4451 1419 et
4486 1352 4813 1439 dignitatem

2941 1449 3479 1521 consequntur-os:
3526 1439 3738 1505 Deum
3778 1461 3931 1506 vero
3965 1452 4191 1506 contra
4234 1440 4695 1516 dedecorantes,
4733 1441 4815 1505 de·

2943 1522 3136 1589 decus
3203 1535 3270 1588 et
3335 1524 3668 1590 infamiam
3748 1538 4207 1609 reportaturos.
4314 1525 4612 1609 Aequum
4679 1527 4815 1590 cuim

2944 1617 3063 1689 est,
3122 1618 3196 1674 ut
3238 1610 3347 1692 qui
3395 1609 3608 1676 Deum
3652 1622 3791 1677 toto
3833 1612 4024 1677 corde
4081 1623 4149 1676 et
4190 1610 4443 1677 viribus
4487 1633 4610 1676 non
4650 1612 4820 1678 colue-

2944 1706 3117 1772 runt,
3162 1696 3336 1760 omni
3384 1695 3710 1762 dedecoris
3753 1706 3820 1761 et
3864 1697 4174 1762 infamiae
4216 1718 4457 1782 genere
4498 1698 4816 1762 obruantur.

2945 1777 3076 1846 Sed
3135 1781 3645 1865 quotusquisque
3701 1782 3782 1847 de
3840 1781 3964 1860 his,
4020 1783 4306 1865 obsecro,
4362 1783 4533 1848 serio
4585 1782 4816 1856 cogitat?

2946 1865 3113 1930 Nam
3174 1868 3228 1930 si
3289 1865 3456 1932 forte
3509 1867 3589 1933 de
3631 1867 3758 1932 Dei
3818 1866 4066 1933 honore
4109 1879 4176 1933 et
4219 1868 4430 1952 gloria
4475 1867 4701 1933 tuenda
4734 1868 4818 1931 ad·

2946 1971 3174 2016 versus
3218 1951 3637 2034 profanorum
3678 1953 4088 2037 blasphemas
4128 1974 4318 2019 voces
4354 1954 4586 2039 agitur,
4628 1953 4817 2028 faciles,

2943 2037 3145 2102 immo
3185 2038 3442 2102 remissi
3485 2060 3561 2105 ac
3602 2040 3810 2104 caeci:
3868 2049 3936 2104 at
3978 2040 4035 2105 si
4089 2052 4312 2104 contra
4356 2039 4440 2104 de
4497 2039 4716 2104 nostris
4748 2039 4819 2102 iu·

2943 2121 3149 2199 iuriis,
3196 2123 3409 2208 rigidi,
3453 2123 3893 2208 implacabiles
3937 2146 4013 2192 ac
4067 2124 4317 2211 lynceis
4375 2126 4579 2190 oculis
4629 2143 4821 2188 sumus.

2947 2208 3037 2272 Et
3079 2208 3125 2273 ii
3172 2210 3547 2291 praesertim
3597 2211 3976 2294 plerumque
4019 2211 4133 2293 qui
4177 2211 4259 2275 ad
4305 2231 4527 2276 rerum
4555 2211 4822 2295 guberna·

2945 2293 3094 2358 cula
3135 2294 3362 2358 sedent
3406 2296 3607 2359 risum
3647 2297 3773 2361 ista
3808 2297 4150 2379 iocumque
4184 2296 4664 2362 existimabunt.
4720 2294 4821 2360 Nos

2948 2399 3106 2443 vero
3144 2378 3404 2445 divinae
3449 2379 3625 2446 illius
3669 2383 4031 2446 sententiae
4076 2383 4457 2446 memoriam
4503 2390 4710 2447 sancte
4743 2400 4822 2443 co·

2946 2464 3177 2543 lamus,
3245 2465 3761 2550 iudiciorumque
3817 2469 3956 2532 eius
4013 2467 4433 2534 severitatem
4490 2479 4821 2532 metuamus.

2944 2548 3118 2631 Quid
3165 2551 3247 2616 iis
3289 2551 3491 2634 igitur
3545 2553 3834 2617 futurum
3879 2563 4201 2637 putamus,
4263 2555 4376 2636 qui
4439 2555 4565 2617 iam
4624 2550 4824 2636 pridem

2943 2653 3201 2700 omnem
3268 2635 3673 2702 honestatem
3739 2639 3804 2703 in
3880 2639 4149 2704 ecclesia
4207 2636 4332 2702 Dei
4402 2646 4823 2722 perverterunt,

2942 2720 3142 2786 immo
3200 2723 3640 2786 sustulerunt:
3702 2723 3950 2789 nullam
4006 2725 4130 2807 ipsi
4182 2744 4222 2789 a
4279 2724 4422 2789 Deo
4476 2725 4822 2790 vocatiouem

2944 2806 3182 2890 adepti,
3226 2816 3292 2872 et
3334 2809 3495 2872 falso
3543 2830 3617 2875 ac
3661 2810 3881 2892 spurio
3923 2809 4232 2876 ecclesiae
4277 2811 4548 2874 nomine
4589 2810 4823 2893 glorian·

2945 2892 3089 2957 tes?
3169 2891 3243 2959 Si
3288 2895 3525 2976 posteri
3570 2894 3874 2975 Aaronis,
3932 2897 4164 2979 quibus
4210 2896 4354 2978 lege
4397 2896 4621 2960 divina
4658 2913 4822 2960 sacer·

2945 2977 3175 3043 dotalis
3198 2977 3482 3062 dignitas
3518 2979 3891 3061 debebatur,
3916 2994 4131 3046 tamen
4169 2981 4236 3045 in
4276 2993 4601 3064 posterum
4635 2998 4823 3064 panem

2944 3064 3428 3143 emendicaturi‚
3473 3069 3542 3130 in
3583 3066 3979 3149 flagitiorum
4018 3087 4312 3150 poenam,
4346 3066 4664 3143 dicuntur,
4704 3060 4823 3147 quid

2944 3151 3057 3213 fiet
3102 3150 3356 3215 miseris
3415 3151 3515 3230 iis,
3574 3152 3684 3234 qui
3738 3173 3938 3234 quum
3998 3151 4251 3217 nullum
4314 3172 4354 3216 a
4397 3151 4544 3217 Deo
4606 3151 4823 3215 titulum

2943 3235 3107 3299 iuris
3150 3237 3532 3318 acceperint,
3592 3236 3703 3301 sed
3750 3239 4012 3320 ipsimet
4071 3239 4472 3319 irrepserint,
4532 3247 4594 3301 et
4634 3238 4691 3301 in
4731 3234 4824 3299 Dei

2944 3320 3277 3385 ecclesiam
3323 3320 3446 3386 sibi
3490 3323 3906 3388 autoritatem
3947 3324 4317 3406 arrogat-int
4359 3317 4824 3408 αότοκρατυριιῆν,

2945 3425 3127 3489 papa,
3174 3409 3461 3489 inquam,
3509 3428 3795 3485 romano,
3849 3418 3917 3473 et
3960 3409 4139 3473 omni
4197 3409 4311 3475 illa
4355 3409 4711 3474 hierarchia
4744 3425 4826 3488 pa·

2944 3492 3192 3574 pistica,
3259 3492 3546 3575 specioso
3602 3503 3826 3559 tamen
3871 3494 4133 3559 divinae
4175 3494 4342 3578 legis
4388 3505 4732 3579 praetextu,
4778 3499 4826 3554 et

2944 3577 3252 3642 ecclesiae
3295 3579 3727 3661 protectionis,
3771 3581 3953 3645 cuius
3998 3601 4068 3645 se
4110 3581 4272 3644 falso
4318 3579 4478 3646 dum
4516 3591 4826 3663 caputesso

2946 3661 3266 3741 dictitant,
3326 3664 3449 3728 Dei
3507 3664 3816 3731 beneficia
3871 3675 3936 3730 et
3994 3666 4164 3731 dona
4221 3687 4488 3749 prorsus
4531 3664 4824 3749 sepeliunt,

2944 3760 3010 3817 et
3054 3749 3327 3831 pedibus
3370 3748 3753 3816 subiiciunt:
3813 3751 3988 3834 quid,
4034 3753 4322 3834 inquam,
4381 3751 4517 3817 illis
4557 3753 4681 3826 fiet,
4720 3747 4828 3811 Deo

2944 3855 3131 3899 suam
3197 3836 3529 3901 ecclesiam
3599 3838 4025 3915 instaurante,
4106 3847 4172 3901 et
4236 3838 4557 3903 adversus
4618 3837 4826 3901 illorum

2945 3920 3357 4004 tyrannidem
3404 3935 3752 3998 asserente,
3798 3941 3961 4005 quas
3996 3943 4237 4008 poenas
4273 3934 4339 3987 et
4375 3944 4570 4005 quam
4611 3922 4829 3987 horren·

2944 4006 3061 4070 das
3103 4027 3372 4071 manere
3415 4007 3562 4072 illos
3608 4008 4046 4073 arbitramur?
4114 4007 4213 4074 Ac
4257 4010 4313 4073 si
4357 4007 4545 4073 Deus
4585 4007 4662 4072 ad
4701 4019 4823 4069 tem-

2943 4112 3064 4174 pus
3109 4092 3422 4173 quosdam
3464 4093 3723 4177 tolerat,
3781 4093 4160 4160 iudiciorum
4223 4104 4439 4159 tamen
4488 4093 4686 4178 ipsius
4722 4110 4826 4155 cer·

2941 4177 3230 4242 tissimae
3271 4188 3426 4243 sunt
3460 4181 4008 4259 comminationes,
4042 4202 4231 4245 suum
4272 4181 4536 4245 tandem
4575 4179 4824 4243 effectum

2940 4264 3309 4328 sortiturae.
3406 4263 3600 4330 Hanc
3657 4264 3739 4329 ob
3812 4286 4070 4331 causam
4131 4264 4481 4331 Zacharias
4547 4260 4824 4349 praedicit,

2937 4348 3083 4412 Deo
3126 4369 3311 4412 suam
3355 4349 3687 4415 ecclesiam
3736 4371 3775 4415 a
3819 4352 4151 4416 mendacio
4197 4361 4536 4435 purgante,
4580 4361 4823 4415 tunoeou

2939 4434 3051 4516 qui
3108 4434 3288 4516 prius
3342 4436 3818 4517 prophetarunt
3877 4436 4214 4503 mendacia
4255 4437 4521 4502 tandem
4566 4443 4822 4501 exaucto-

2938 4519 3196 4595 randos,
3241 4529 3309 4585 ct
3351 4521 3791 4604 propheticam
3841 4525 4249 4588 vocationem
4286 4523 4740 4607 abnegaturos3
4774 4521 4823 4578 et

2938 4605 3316 4671 confusione
3361 4626 3434 4672 ac
3479 4607 3839 4691 ignominia
3881 4607 4261 4674 obruendos.
4349 4608 4486 4674 Nos
4534 4627 4677 4673 vero
4714 4603 4757 4668 si
4793 4619 4822 4662 ⁸

2939 4691 3081 4756 Deo
3127 4693 3363 4756 nutriri
3408 4692 3502 4757 sic
3557 4707 3859 4775 optamus
3921 4705 3995 4758 ut
4060 4695 4121 4758 ei
4187 4693 4267 4759 de
4332 4708 4604 4777 paterna
4657 4689 4819 4773 ipsine

2938 4798 3093 4862 erga
3136 4800 3254 4845 nos
3299 4779 3748 4844 benevolentia
3793 4782 4034 4862 gratias
4078 4800 4270 4863 agere
4311 4782 4648 4862 possimus,
4687 4783 4819 4838 totos

2936 4863 3031 4927 illi
3076 4883 3194 4927 nos
3237 4885 3684 4930 consecremus
3728 4876 3794 4929 et
3835 4863 4228 4945 addicamus,
4288 4886 4362 4931 ac
4420 4868 4488 4930 in
4554 4883 4676 4928 uno
4711 4855 4818 4924 solo

2937 4950 3440 5033 acquiescamus.
3491 4951 3719 5033 Neque
3763 4949 4131 5017 dubitemus
4186 4952 4345 5034 quin
4400 4953 4455 5016 si
4503 4951 4660 5018 forte
4701 4946 4816 5043 bon·

2937 5036 3095 5099 tium
3156 5035 3563 5101 contumeliis
3642 5048 3706 5101 et
3764 5037 4117 5102 latrociniis
4186 5057 4631 5111 exerceamur,
4704 5048 4817 5093 vm·

2935 5121 3141 5186 dicem
3189 5120 3453 5186 tandem
3499 5122 3686 5186 illum
3735 5122 4167 5206 experiamur,
4213 5122 4405 5188 modo
4448 5123 4529 5187 ab
4570 5120 4676 5184 illo
4712 5111 4819 5212 0910

2934 5207 3365 5292 pendeamus:
3411 5215 3477 5273 et
3518 5221 3747 5278 contra
3790 5229 4090 5274 severum
4136 5208 4435 5288 iudicem,
4494 5207 4549 5273 si
4593 5205 4666 5271 ab
4702 5213 4818 5266 emt
