5059 6059
818 299 858 365 '2
2475 299 2887 367 HOMILIA
2930 300 3150 367 XLV.
4699 300 4729 365 8

819 490 1202 576 designatus
1245 497 1315 556 et
1358 489 1754 574 approbatus
1797 510 1918 556 rex
1961 489 2218 555 fuisset:
2265 488 2379 557 sed
2422 489 2506 555 ad
2550 489 2762 555 vitam
2864 489 3036 556 istud
3078 489 3466 573 suscepisse:
3525 487 4050 572 quandoquidem
4094 492 4272 555 inter
4315 509 4425 555 eos
4467 510 4740 555 convene-

822 579 1105 663 priorem
1165 576 1480 643 rusticam
1538 596 1878 642 reversum
1934 576 2152 653 fuisse,
2213 585 2281 642 et
2338 574 2634 642 Samueli
2692 597 2762 641 se

825 662 1183 748 regendum
1232 661 1625 747 permisisse,
1682 669 1758 726 ut
1800 682 1839 725 a
1881 661 2259 744 parentibus
2302 663 2484 744 pueri
2529 662 2763 745 guber-

826 749 972 815 nari
1015 749 1245 814 solent.
1318 747 1453 814 Sed
1499 768 1630 812 non
1674 749 2074 813 conveniunt
2114 749 2243 814 ista
2286 768 2435 814 cum
2480 748 2766 831 superio-

826 836 1040 902 ribus:
1084 855 1240 900 nam
1285 841 1513 899 textus
1555 832 1750 899 istius
1796 855 2029 899 sensus
2072 834 2178 899 hio
2220 842 2318 898 est
2361 832 2766 915 simplicissi-

827 941 994 998 mus,
1026 919 1299 986 Saulem
1334 939 1540 985 unum
1581 927 1843 984 tantum
1868 940 2111 985 annum
2137 918 2349 986 adhuc
2369 919 2766 1003 regnavisse,

829 1027 1032 1090 quum
1074 1006 1200 1089 ipsi
1245 1026 1524 1089 regnum
1565 1014 1667 1070 est
1709 1006 2182 1082 confirmatum,
2241 1016 2314 1069 ut
2357 1025 2560 1088 supra
2603 1005 2767 1068 vidi-

830 1110 1015 1158 mus:
1095 1090 1331 1156 deinde
1410 1089 1745 1155 biennium
1814 1110 2122 1174 regnasse
2188 1089 2392 1157 donec
2458 1112 2538 1156 ea
2604 1110 2768 1173 quae

833 1178 1139 1260 deinceps
1205 1184 1364 1242 sunt
1427 1175 1765 1241 recitanda
1827 1175 2274 1259 contigissent.
2375 1177 2612 1260 Itaque
2677 1176 2771 1239 sic

830 1264 963 1330 ista
1028 1263 1386 1329 recitantur
1451 1260 1534 1326 ad
1598 1263 1831 1326 seriem
1900 1262 2206 1327 historiae
2271 1262 2768 1335 contexendam,

839 1348 1106 1419 Saulem
1165 1369 1204 1412 a
1246 1348 1391 1413 Deo
1447 1347 1644 1412 fuisse
1703 1347 1984 1413 electum
2028 1368 2252 1431 regem
2296 1358 2642 1431 antequam
2692 1347 2771 1410 de

838 1434 1135 1501 hostibus
1179 1435 1454 1517 primam
1501 1433 1683 1498 illam
1730 1433 2069 1499 victoriam
2115 1444 2535 1517 reportasset:
2594 1444 2659 1498 et
2703 1434 2771 1496 in

837 1521 1024 1620 regia
1106 1530 1425 1605 potestate
1506 1519 1985 1595 confirmatum,
2071 1520 2251 1584 nullo
2332 1520 2769 1586 reclamante:

841 1606 1075 1673 deinde
1136 1627 1292 1671 vero
1353 1605 1688 1670 biennium
1747 1625 2074 1688 regnasse,
2131 1604 2335 1671 donec
2392 1627 2509 1688 per
2568 1605 2774 1670 filium

841 1692 1277 1758 Ionathanum
1323 1690 1569 1757 bellum
1614 1690 1929 1757 adversus
1963 1689 2357 1757 Philistaeos
2393 1691 2772 1774 capitalissi-

841 1799 985 1844 mos
1030 1777 1482 1844 Israelitarum
1529 1777 1747 1841 hostes
1792 1787 2157 1842 renovaret.

1014 1862 1262 1944 Quaeri
1308 1884 1464 1928 vero
1511 1883 1640 1927 non
1683 1862 2009 1928 immerito
2053 1873 2267 1946 potest
2309 1884 2395 1927 an
2432 1862 2608 1928 iusta
2640 1882 2778 1927 sus-

843 1948 1128 2033 cipiendi
1170 1948 1322 2014 belli
1357 1949 1553 2015 fuerit
1597 1948 1867 2025 occasio,
1910 1968 1998 2012 an
2043 1969 2195 2014 vero
2234 1960 2477 2013 temere
2513 1967 2776 2030 suscep·

846 2046 988 2100 tum
1052 2035 1155 2099 sit.
1249 2037 1344 2098 Ac
1401 2032 1754 2099 Ionathani
1821 2033 2170 2099 temeritati
2237 2033 2439 2098 tribui
2504 2031 2777 2098 fortasse

841 2142 1032 2205 posse
1090 2119 1434 2199 videbitur,
1491 2128 1569 2184 ut
1625 2129 1781 2185 sunt
1836 2119 2107 2185 iuvenes
2161 2118 2543 2185 fervidiores
2584 2130 2648 2184 et
2707 2118 2777 2181 in

844 2207 1074 2273 multis
1133 2218 1378 2270 temere
1435 2204 1863 2287 suscipiendis
1921 2202 2316 2270 audaciores.
2405 2203 2627 2285 Quare
2681 2214 2777 2268 te-

848 2291 1139 2358 meritati
1196 2290 1553 2356 Ionathani
1609 2290 1789 2356 istud
1848 2290 2127 2356 adscribi
2184 2311 2378 2374 posse
2435 2290 2779 2368 videbitur,

888 2379 956 2443 ui
1019 2377 1356 2460 proximus
1414 2375 1852 2460 praesidiariis
1893 2376 2405 2442 Philistaeorum
2460 2376 2778 2440 militibus

842 2460 994 2529 ilos
1038 2463 1210 2529 ultro
1253 2463 1338 2528 sit
1396 2461 1679 2528 adortus.
1771 2462 1995 2545 Neque
2039 2462 2216 2526 enim
2259 2462 2543 2546 legimus
2587 2461 2776 2526 illum

846 2557 1041 2615 antea
1105 2546 1452 2613 consilium
1514 2568 1707 2613 suum
1784 2566 1934 2613 cum
1999 2556 2186 2631 patre
2250 2548 2778 2625 communicasse,

846 2643 962 2701 aut
1015 2635 1087 2698 in
1146 2633 1470 2699 mandatis
1514 2653 1552 2698 a
1611 2641 1792 2716 patre
1838 2633 2163 2717 habuisse,
2225 2645 2340 2698 aut
2383 2654 2421 2698 a
2469 2631 2775 2699 Samuele

849 2720 1268 2786 autoritatem
1312 2720 1655 2803 accepisse.
1727 2718 1977 2783 Verum
2016 2720 2232 2785 exitus
2275 2719 2561 2783 ostendit
2604 2717 2779 2785 istud

847 2806 1087 2874 bellum
1134 2825 1264 2870 non
1310 2804 1509 2870 fuisse
1552 2826 1591 2870 a
1626 2804 1916 2869 Domino
1963 2803 2397 2888 reprobatum.
2484 2805 2577 2869 Et
2620 2824 2777 2887 quo-

844 2893 1027 2959 niam
1086 2912 1285 2975 supra
1338 2890 1583 2956 dictum
1628 2900 1743 2967 est,
1800 2891 2113 2974 populum
2174 2891 2349 2956 vires
2408 2900 2780 2974 resumptu-

844 2999 1017 3058 rum,
1075 2989 1140 3043 et
1183 2978 1254 3041 in
1299 2978 1625 3060 integram
1669 2975 2038 3041 libertatem
2083 2976 2527 3056 asserendum,
2584 2986 2652 3040 et
2699 2975 2780 3041 de

848 3063 1148 3130 hostibus
1190 3064 1326 3129 suis
1371 3061 1950 3145 triumphaturum,
2009 3061 2162 3127 inde
2221 3082 2562 3144 possumus
2605 3061 2781 3127 colli·

849 3171 1024 3236 gere,
1067 3149 1510 3215 Ionathanum
1555 3169 1688 3213 non
1734 3159 1977 3213 temere
2023 3147 2416 3213 Philistaeos
2450 3147 2782 3212 adortum:

848 3236 964 3302 sed
1009 3255 1216 3318 quum
1254 3232 1804 3299 animadverteret
1840 3242 2092 3315 partem
2123 3231 2543 3298 haereditatis
2578 3232 2787 3299 Israe-

845 3320 1117 3387 litarum
1176 3341 1215 3384 a
1261 3318 1640 3385 Philistaeis
1683 3318 2004 3401 occupari,
2057 3330 2122 3383 et
2166 3317 2506 3402 praesidiis
2549 3320 2782 3383 armis·

851 3429 977 3492 que
1030 3407 1257 3483 teneri,
1317 3405 1502 3487 quasi
1548 3403 1882 3469 devinctos
1924 3403 2257 3471 Israelitas
2301 3404 2425 3470 sibi
2466 3404 2785 3470 subiicere

854 3493 1123 3573 vellent,
1177 3491 1349 3575 quod
1397 3490 1521 3556 Dei
1568 3489 2104 3574 promissionibus
2155 3511 2421 3573 prorsus
2465 3509 2787 3573 repugna-

854 3579 986 3657 bat,
1046 3578 1281 3660 quibus
1328 3577 1509 3641 Deus
1554 3596 1739 3659 spem
1780 3574 2098 3640 Israelitis
2153 3575 2394 3642 fecerat
2438 3576 2789 3658 tranquille

855 3662 1228 3748 possidendi
1274 3673 1517 3728 terram
1561 3683 1755 3745 quam
1801 3661 1959 3742 ipsis
2004 3661 2289 3738 dederat,
2332 3662 2566 3726 merito
2611 3682 2792 3744 prae·

859 3748 1153 3815 sidiarios
1210 3748 1357 3813 illos
1405 3747 1648 3812 milites
1691 3767 2055 3832 aggressus,
2115 3745 2478 3813 disturbare
2519 3757 2790 3813 conatus

859 3847 979 3915 est,
1035 3844 1100 3899 et
1154 3832 1549 3916 praesidium
1606 3852 1938 3915 occupare.
2025 3833 2116 3897 Et
2172 3853 2330 3898 sane
2374 3854 2505 3897 non
2551 3844 2791 3899 temere

857 3920 929 3985 id
972 3919 1199 3985 fecisse
1235 3919 1674 3984 Ionathanum
1711 3941 1793 3982 ex
1831 3919 2256 4000 sequentibus
2293 3928 2579 4003 apparet,
2623 3917 2790 4001 quod

861 4028 988 4072 non
1039 4003 1233 4069 modo
1281 4003 1445 4070 Saul
1489 4004 1604 4068 filii
1652 4005 1753 4069 sui
1800 4003 2044 4069 factum
2090 4004 2411 4088 probavit,
2476 4005 2588 4069 sed
2654 4007 2792 4086 ipse

860 4093 1056 4158 etiam
1104 4090 1391 4169 Samuel,
1450 4091 1558 4172 qui
1601 4091 1725 4154 fuit
1767 4099 2075 4172 tanquam
2121 4111 2193 4155 os
2239 4090 2521 4165 Domini,
2580 4097 2646 4155 et
2687 4110 2789 4155 or-

861 4198 1105 4264 ganum
1150 4176 1419 4259 spiritus
1463 4177 1692 4242 sancti.
1781 4173 2219 4255 Quamobrem
2264 4199 2345 4240 ex
2391 4176 2471 4239 iis
2515 4177 2590 4240 fit
2632 4176 2791 4242 satis

863 4263 1304 4345 conspicuum,
1382 4281 1516 4325 non
1583 4261 1878 4326 debuisse
1943 4260 2381 4327 Ionathanum
2445 4262 2615 4326 ferre
2679 4258 2793 4324 illa

909 4347 1183 4415 raesidia
1241 4368 1404 4429 quae
1465 4355 1705 4411 terram
1763 4357 2054 4412 sanctam
2114 4347 2534 4430 occupabant,
2598 4368 2789 4431 quam

928 4456 1048 4500 eus
1103 4434 1243 4517 ipse
1302 4433 1540 4516 populo
1586 4453 1702 4497 suo
1748 4433 1818 4496 in
1864 4432 2327 4497 haereditatem
2375 4431 2668 4498 dederat:
2727 4442 2793 4497 et

861 4522 1093 4605 quibus
1139 4519 1347 4585 veluti
1382 4519 1682 4600 captivus
1718 4518 1993 4601 populus
2030 4518 2463 4595 detinebatur,
2501 4528 2568 4584 et
2602 4539 2790 4603 agros

860 4607 1071 4673 colere
1116 4605 1600 4688 prohibebatur,
1660 4604 2051 4688 propriaque
2107 4603 2295 4669 domo
2339 4604 2642 4670 exsulare
2686 4625 2787 4670 co·

862 4693 1155 4778 gebatur.
1205 4691 1531 4772 Deinceps
1566 4690 1770 4772 igitur
1804 4688 2040 4754 dicitur
2074 4688 2234 4755 Saul
2273 4692 2427 4754 tuba
2448 4690 2793 4769 clanxisse,

862 4788 929 4842 et
990 4798 1111 4843 sua
1168 4777 1518 4841 autoritate
1577 4787 1643 4840 et
1687 4775 1996 4840 mandato
2043 4796 2376 4856 percussos
2418 4777 2565 4840 illos
2610 4796 2792 4859 prae·

863 4863 1165 4929 sidiarios
1210 4863 1452 4927 milites
1497 4861 1874 4927 declarasse.
1925 4861 2149 4942 Neque
2193 4862 2367 4925 enim
2413 4862 2537 4927 ait:
2583 4861 2796 4927 Filius

865 4970 1052 5015 meus
1110 4948 1518 5014 Ionathanus
1574 4947 1748 5013 istud
1810 4947 2050 5012 bellum
2107 4946 2435 5027 excitavit,
2489 4948 2603 5013 sed
2649 4968 2794 5031 per-

864 5037 1067 5101 cussit
1113 5032 1270 5100 Saul
1317 5033 1732 5100 stationarios
1787 5034 2029 5097 milites
2074 5032 2598 5110 Philistaeorum,
2655 5034 2794 5116 qui-

860 5119 989 5186 bus
1055 5121 1528 5202 premebamur.
1629 5119 1886 5184 Deinde
1953 5116 2250 5184 videmus
2320 5117 2582 5185 Saulem
2665 5141 2793 5185 non

862 5206 1008 5271 sine
1089 5205 1395 5271 mandato
1466 5207 1586 5270 Dei
1663 5202 1968 5271 Samuele
2044 5203 2471 5283 internuncio,
2553 5204 2794 5271 bellum

2865 587 2970 640 rat
3016 587 3088 639 ut
3132 574 3223 640 Gi
3250 576 3465 659 galem
3520 575 3803 658 populus
3857 586 4341 652 convocaretur,
4399 585 4467 639 et
4506 575 4589 640 ibi
4625 594 4742 640 con·

2867 663 3184 728 venirent.
3274 660 3470 741 Quod
3523 681 3682 727 sane
3738 661 3884 726 fieri
3928 682 4061 727 non
4122 672 4392 746 poterat,
4443 662 4563 726 nisi
4602 662 4747 725 Deus

2867 758 3158 812 autorem
3217 745 3412 811 huius
3459 746 3612 811 belli
3667 768 3738 811 se
3783 746 4310 814 demonstrasset.
4399 745 4585 827 Quod
4626 767 4747 811 vero

2866 830 3130 897 tandem
3189 831 3399 898 malus
3442 833 3660 898 exitus
3706 831 3856 896 belli
3903 833 4098 899 huius
4141 833 4281 908 fuit,
4342 831 4561 898 Saulis
4597 832 4752 915 culpa

2866 918 3043 984 conti
3094 920 3218 985 'sse
3284 917 3668 983 videbimus.
3778 918 3947 984 Nam
4016 920 4140 983 etsi
4209 918 4391 984 Deus
4457 917 4753 983 victoriam

2870 939 3188 1070 lsrasfftis
3242 1002 3437 1081 dedit,
3498 1014 3564 1068 et
3621 1024 3660 1067 a
3717 1024 3787 1069 se
3852 1005 4208 1086 profectum
4279 1004 4474 1069 istius
4536 1024 4754 1087 pugnae

2869 1091 3128 1153 initium
3188 1089 3401 1173 palam
3463 1089 3853 1155 declaravit:
3915 1102 4129 1156 tamen
4179 1091 4487 1155 victoriae
4550 1090 4756 1154 fruetus

2869 1174 3339 1258 quodammodo
3398 1176 3730 1241 luctuosus
3787 1175 3911 1240 fuit
3969 1177 4039 1240 in
4098 1196 4374 1259 persona
4430 1175 4757 1250 Ionatham,

2870 1282 3062 1344 quem
3110 1270 3295 1343 pater
3340 1273 3583 1326 temere
3630 1261 3768 1326 neci
3814 1260 3970 1326 dare
4002 1264 4334 1344 cogitavit,
4391 1262 4522 1325 nisi
4580 1261 4760 1342 populi

2873 1345 3172 1430 precibus
3216 1360 3283 1409 et
3324 1347 3896 1412 intercessionibus
3938 1347 4031 1411 illi
4075 1359 4337 1413 cautum
4383 1359 4575 1412 esset.
4620 1344 4762 1411 Sane

2873 1434 2952 1498 de
2999 1434 3136 1496 vita
3180 1432 3583 1514 periclitatus
3628 1445 3744 1512 est,
3801 1432 3971 1514 quod
4019 1444 4272 1497 tantum
4318 1433 4398 1497 de
4446 1433 4592 1496 favo
4632 1432 4760 1495 mel·

2875 1518 2958 1582 lis
3002 1516 3425 1600 degustasset,
3471 1519 3749 1585 intincta
3792 1519 3859 1582 in
3898 1518 4082 1583 illum
4119 1518 4534 1582 extremitate
4570 1516 4763 1588 baculi,

2878 1615 2952 1668 ut
3029 1603 3344 1686 collapsas
3428 1605 3599 1668 vires
3683 1604 3994 1669 reficeret.
4083 1604 4297 1686 Culpa
4364 1625 4521 1667 vero
4586 1600 4766 1668 Saulis

2875 1691 2988 1754 illa
3031 1692 3467 1775 contigerunt,
3525 1710 3717 1773 quam
3766 1701 3983 1755 tamen
4045 1689 4267 1755 multis
4312 1691 4459 1754 aliis
4504 1688 4767 1769 deinceps

2876 1777 3079 1854 auxit,
3138 1797 3289 1840 nam
3349 1775 3587 1841 exinde
3632 1796 3966 1858 nunquam
4011 1776 4279 1853 destitit,
4338 1775 4589 1840 malum
4627 1774 4765 1838 malo

2877 1860 3225 1926 cumulare.
3315 1859 3601 1940 Quidam
3659 1882 3816 1926 vero
3874 1876 4207 1945 exponunt
4266 1860 4453 1926 illum
4500 1880 4768 1943 regumn

2880 1947 3232 2022 biennium,
3289 1945 3458 2028 quod
3508 1957 3849 2031 postquam
3904 1949 4328 2013 sacrificasset
4369 1949 4640 2012 absente
4676 1943 4770 2011 Sa-

2880 2031 3092 2097 muele
3179 2044 3640 2097 exauctoratus
3724 2032 3828 2106 sit,
3930 2033 4452 2116 quandoquidem
4545 2030 4772 2098 Samuel

2884 2118 3172 2185 minatur
3233 2138 3507 2201 regnum
3567 2117 3775 2200 ipsius
3816 2139 3949 2182 non
3994 2119 4350 2184 stabilitum
4390 2119 4514 2183 iri:
4573 2130 4636 2182 et
4674 2137 4771 2181 non

2878 2203 3074 2287 longo
3136 2214 3282 2286 post
3337 2218 3627 2286 tempore
3683 2215 3977 2269 mortuus
4033 2216 4162 2269 est:
4219 2204 4335 2269 sed
4392 2206 4525 2270 iste
4580 2224 4773 2268 sensns

2884 2287 3141 2355 videtur
3206 2291 3400 2355 nimis
3463 2300 3747 2370 coactus,
3813 2302 3879 2354 et
3944 2290 4027 2355 ab
4092 2292 4229 2372 ipso
4293 2301 4486 2355 textu
4539 2289 4770 2354 alienus

2883 2374 3104 2457 Quare
3163 2374 3284 2441 hoc
3348 2376 3421 2439 in
3487 2377 3856 2457 praesentia
3920 2376 4220 2454 sufficiat,
4287 2375 4603 2459 quidquid
4665 2390 4770 2437 tum

2884 2460 3134 2536 accidit,
3178 2461 3307 2526 Dei
3353 2461 3758 2543 providentia
3800 2470 3869 2526 et
3913 2463 4243 2528 voluntate
4288 2464 4533 2529 factum
4577 2461 4771 2525 fuisse:

2883 2559 2951 2610 et
3009 2567 3136 2611 non
3194 2567 3355 2611 ausu
3415 2548 3755 2613 temerario
3810 2546 4160 2613 Ionathani
4220 2547 4619 2630 praesidium
4658 2546 4773 2610 hos·

2884 2633 3044 2697 tium
3091 2630 3464 2696 adorientis.
3545 2631 3896 2699 Caeterum
3941 2633 4094 2698 hinc
4136 2632 4635 2707 observandum,
4674 2652 4771 2696 non

2883 2716 3229 2783 admodum
3287 2716 3546 2782 fidelem
3605 2720 3743 2801 regi
3791 2719 3993 2784 fuisse
4036 2719 4369 2803 populum.
4462 2719 4631 2784 Nam
4664 2724 4773 2799 poet

2886 2802 3079 2868 tubae
3123 2803 3385 2886 quidem
3430 2805 3712 2868 sonitum
3756 2804 3994 2888 singuli
4039 2805 4345 2870 commoti
4390 2816 4571 2883 sunt,
4622 2818 4683 2869 st
4715 2800 4772 2865 ad

2885 2887 3320 2955 obediendum
3364 2890 3593 2971 parati.
3665 2889 3917 2956 Verum
3961 2911 4163 2973 quum
4207 2891 4290 2955 ad
4327 2910 4621 2975 pugnam
4660 2907 4776 2955 ven-

2888 2986 3024 3039 tum
3070 2985 3171 3039 est
3207 2983 3555 3057 antequam
3595 2976 3664 3039 in
3706 2976 3991 3041 hostium
4026 2986 4449 3059 conspectum
4491 2976 4775 3047 venirent

2887 3059 3155 3143 collapsi
3191 3068 3362 3136 sunt,
3408 3073 3477 3125 et
3509 3060 3799 3126 animum
3836 3060 4357 3144 desponderunt:
4403 3062 4521 3126 alii
4557 3059 4774 3143 quidem

2886 3148 2953 3211 in
2998 3166 3314 3211 cavernas
3359 3157 3424 3209 et
3483 3147 3825 3231 speluncas
3878 3149 4222 3231 fugientes,
4283 3147 4394 3213 alii
4452 3149 4526 3212 in
4570 3160 4776 3211 montes

2887 3243 2953 3297 et
2996 3240 3345 3316 praerupta
3387 3251 3566 3310 saxa,
3609 3233 3719 3298 alii
3763 3235 3829 3297 in
3877 3232 4149 3313 deserta,
4207 3243 4276 3297 et
4315 3244 4665 3315 antequam
4704 3229 4777 3293 vel

2886 3318 3085 3383 ictum
3123 3318 3539 3400 accepissent,
3585 3317 3928 3385 adversum
3965 3341 4035 3386 se
4074 3320 4472 3385 sententiam
4510 3318 4778 3384 tulerunt.

2888 3402 3063 3486 Quid
3123 3401 3257 3467 ita?
3348 3403 3597 3487 Nempe
3654 3403 3822 3487 quod
3870 3405 4152 3470 hostium
4199 3425 4472 3470 suorum
4519 3405 4683 3469 vires
4717 3421 4776 3464 ex

2889 3490 3176 3554 humano
3234 3497 3432 3572 captu
3488 3490 3877 3556 metiantur:
3937 3502 4003 3555 et
4059 3513 4192 3556 non
4248 3490 4603 3555 attendant
4654 3506 4779 3571 quae

2888 3576 2957 3641 in
3002 3575 3145 3657 lege
3188 3576 3589 3659 praescripta
3631 3589 3790 3640 sunt
3831 3597 3872 3641 a
3914 3577 4133 3642 Mose:
4177 3575 4400 3657 Quum
4441 3579 4561 3642 tihi
4597 3575 4778 3641 adver»

2890 3682 3001 3726 sus
3062 3661 3277 3726 hostes
3335 3661 3757 3744 pugnandum
3798 3663 3939 3739 erit,
4004 3661 4137 3726 noli
4181 3664 4425 3728 intueri
4473 3682 4559 3727 an
4603 3662 4779 3726 hostes

2891 3747 2987 3811 tui
3031 3746 3164 3811 sint
3204 3746 3690 3814 instructissimi
3735 3758 3802 3813 et
3846 3768 4073 3830 magno
4121 3769 4429 3813 numero:
4494 3747 4606 3813 sed
4645 3756 4780 3811 certo

2890 3851 3240 3915 persuasus
3321 3844 3458 3898 esto
3524 3834 3740 3898 Deum
3820 3844 3885 3898 te
3950 3833 4378 3899 invictissimo
4463 3835 4684 3900 robore
4734 3838 4781 3891 et

2894 3920 3135 3982 virtute
3179 3918 3589 3985 donaturum.
3670 3918 3892 4000 Quare
3937 3920 3990 3985 si
4034 3939 4073 3983 a
4118 3920 4246 3985 tuis
4291 3921 4591 4003 partibus
4628 3928 4779 3983 stete·

2893 4004 2998 4080 rit,
3073 4022 3233 4067 cave
3299 4004 3651 4087 quidquam
3720 4015 3992 4083 metuas,
4070 4017 4247 4071 certo
4311 4007 4489 4071 enim
4561 4002 4780 4070 victorin

2893 4089 3008 4153 tibi
3075 4089 3499 4170 promittitur.
3591 4088 3721 4156 Sed
3786 4091 3952 4155 istae
4015 4091 4143 4156 Dei
4211 4093 4669 4175 promissiones
4722 4106 4778 4150 ex

2895 4174 3219 4240 mentibus
3262 4176 3548 4256 ipsorum
3599 4176 3871 4258 elapsae,
3935 4177 4188 4242 nullum
4234 4176 4408 4259 apud
4456 4199 4569 4242 eos
4612 4177 4776 4238 locum

2891 4259 3250 4326 habebant:
3311 4271 3379 4326 et
3422 4262 3667 4326 maiore
3712 4260 3979 4328 Saulem
4039 4262 4286 4327 honore
4343 4275 4413 4327 et
4458 4256 4776 4327 reverentis

2891 4345 3208 4423 colebant,
3268 4367 3459 4428 quam
3520 4347 3735 4413 Deum
3794 4349 4034 4431 ipsum,
4100 4348 4289 4414 cuius
4346 4360 4571 4413 tamen
4626 4344 4776 4410 unius

2891 4452 3014 4516 ope
3057 4443 3125 4496 et
3166 4431 3410 4497 auxilio
3454 4433 3654 4499 fretos
3698 4455 3839 4499 esse
3882 4434 4236 4519 oportebat,
4282 4435 4409 4499 etsi
4446 4434 4623 4499 mille
4654 4428 4774 4512 ipsis

2893 4518 3118 4583 mortis
3191 4518 3606 4586 imminerent
3683 4518 4077 4586 discrimina.
4189 4519 4537 4585 Summam
4614 4519 4774 4601 igitur

2892 4604 3081 4668 istius
3138 4604 3360 4687 populi
3420 4604 3961 4688 ingratitudinem
4022 4616 4161 4670 tum
4220 4608 4431 4689 turpis
4476 4608 4626 4691 fuga
4664 4618 4772 4685 pro-

2893 4688 3100 4764 debat,
3147 4710 3297 4755 cum
3340 4711 3596 4756 summa
3638 4691 4092 4758 incredulitate
4135 4692 4570 4758 coniunctam.
4611 4691 4771 4755 Porro

2895 4774 3203 4841 dicuntur
3261 4776 3494 4841 iterum
3558 4799 3596 4842 a
3637 4776 3838 4843 Saule
3895 4777 4143 4843 collecti
4189 4778 4446 4843 animos
4491 4775 4769 4849 sumsisse,

2895 4883 3161 4943 seseque
3210 4860 3389 4926 velut
3443 4861 3523 4927 ad
3570 4864 3885 4945 praelium
3941 4882 4382 4946 comparasse:
4445 4883 4656 4929 verum
4694 4856 4769 4921 ubi

2898 4947 3200 5012 viderunt
3265 4945 3638 5014 Samuelem
3706 4950 3998 5033 praefixo
4064 4958 4360 5032 tempore
4430 4971 4555 5014 non
4617 4944 4769 5011 sdve-

2899 5032 3084 5111 nisse,
3141 5054 3314 5099 novo
3375 5048 3619 5100 terrore
3677 5036 3959 5118 perculsi
4016 5044 4084 5101 et
4143 5034 4327 5100 velut
4372 5036 4626 5102 horrore
4659 5046 4767 5114 per·

2896 5118 3008 5184 citi
3074 5118 3311 5202 dilapsi
3373 5121 3594 5204 fuisse,
3657 5136 3724 5186 et
3788 5142 3857 5186 se
3920 5120 4182 5186 domum
4236 5141 4427 5185 suam
4486 5117 4765 5200 recepisse·

2900 5213 2966 5270 et
3011 5203 3169 5271 Saul
3229 5204 3577 5273 derelictus
3635 5210 3715 5273 ab
3752 5207 3882 5272 illis
3923 5207 4147 5273 fuisse.
4239 5204 4457 5286 Quam
4503 5206 4675 5271 stiam
4708 5196 4764 5260 ob
