<?xml version="1.0" encoding="UTF-8"?>
<!DOCTYPE html PUBLIC "-//W3C//DTD XHTML 1.0 Transitional//EN"
    "http://www.w3.org/TR/xhtml1/DTD/xhtml1-transitional.dtd">
<html xmlns="http://www.w3.org/1999/xhtml" xml:lang="en" lang="en">
 <head>
  <title>
</title>
<meta http-equiv="Content-Type" content="text/html;charset=utf-8" />
  <meta name='ocr-system' content='tesseract 3.04.00' />
  <meta name='ocr-capabilities' content='ocr_page ocr_carea ocr_par ocr_line ocrx_word'/>
</head>
<body>
  <div class='ocr_page' id='page_1' title='image "./ioanniscalvinio07unkngoog_0275.png"; bbox 0 0 5059 6059; ppageno 0'>
   <div class='ocr_carea' id='block_1_1' title="bbox 345 349 471 416">
    <p class='ocr_par' dir='ltr' id='par_1_1' title="bbox 345 349 471 416">
     <span class='ocr_line' id='line_1_1' title="bbox 345 349 471 416; baseline 0 0"><span class='ocrx_word' id='word_1_1' title='bbox 345 349 471 416; x_wconf 80' lang='lat'><strong>465</strong></span> 
     </span>
    </p>
   </div>
   <div class='ocr_carea' id='block_1_2' title="bbox 316 532 2290 5262">
    <p class='ocr_par' dir='ltr' id='par_1_2' title="bbox 343 532 2287 1655">
     <span class='ocr_line' id='line_1_2' title="bbox 345 532 2287 620; baseline -0.004 -15"><span class='ocrx_word' id='word_1_2' title='bbox 345 551 566 607; x_wconf 89' lang='lat' dir='ltr'><strong>turum</strong></span> <span class='ocrx_word' id='word_1_3' title='bbox 651 537 1004 605; x_wconf 89' lang='lat' dir='ltr'><strong>consultori</strong></span> <span class='ocrx_word' id='word_1_4' title='bbox 1070 536 1450 620; x_wconf 87' lang='lat' dir='ltr'><strong>pessimum.</strong></span> <span class='ocrx_word' id='word_1_5' title='bbox 1538 534 1675 601; x_wconf 84' lang='lat' dir='ltr'><strong>Sed</strong></span> <span class='ocrx_word' id='word_1_6' title='bbox 1739 555 1940 617; x_wconf 91' lang='lat' dir='ltr'><strong>quum</strong></span> <span class='ocrx_word' id='word_1_7' title='bbox 2007 554 2090 599; x_wconf 82' lang='lat' dir='ltr'><strong>ex</strong></span> <span class='ocrx_word' id='word_1_8' title='bbox 2158 532 2287 598; x_wconf 89' lang='lat' dir='ltr'><strong>Dei</strong></span> 
     </span>
     <span class='ocr_line' id='line_1_3' title="bbox 344 619 2287 708; baseline -0.004 -16"><span class='ocrx_word' id='word_1_9' title='bbox 344 628 547 692; x_wconf 87' lang='lat' dir='ltr'><strong>verbo</strong></span> <span class='ocrx_word' id='word_1_10' title='bbox 633 634 702 690; x_wconf 92' lang='lat' dir='ltr'><strong>et</strong></span> <span class='ocrx_word' id='word_1_11' title='bbox 775 623 1094 708; x_wconf 83' lang='lat' dir='ltr'><strong>patefacta</strong></span> <span class='ocrx_word' id='word_1_12' title='bbox 1171 623 1315 688; x_wconf 88' lang='lat' dir='ltr'><strong>eius</strong></span> <span class='ocrx_word' id='word_1_13' title='bbox 1380 620 1723 689; x_wconf 89' lang='lat' dir='ltr'><strong>voluntate</strong></span> <span class='ocrx_word' id='word_1_14' title='bbox 1786 619 2287 703; x_wconf 75' lang='lat' dir='ltr'><strong>cognoverimus</strong></span> 
     </span>
     <span class='ocr_line' id='line_1_4' title="bbox 346 702 2286 795; baseline -0.005 -17"><span class='ocrx_word' id='word_1_15' title='bbox 346 710 521 795; x_wconf 89' lang='lat' dir='ltr'><strong>quod</strong></span> <span class='ocrx_word' id='word_1_16' title='bbox 584 711 669 777; x_wconf 89' lang='lat' dir='ltr'><strong>ad</strong></span> <span class='ocrx_word' id='word_1_17' title='bbox 734 710 861 775; x_wconf 91' lang='lat' dir='ltr'><strong>Dei</strong></span> <span class='ocrx_word' id='word_1_18' title='bbox 927 708 1202 793; x_wconf 81' lang='lat' dir='ltr'><strong>gloriam</strong></span> <span class='ocrx_word' id='word_1_19' title='bbox 1270 720 1336 774; x_wconf 89' lang='lat' dir='ltr'><strong>et</strong></span> <span class='ocrx_word' id='word_1_20' title='bbox 1394 708 1707 772; x_wconf 86' lang='lat' dir='ltr'><strong>honorem</strong></span> <span class='ocrx_word' id='word_1_21' title='bbox 1768 702 2286 791; x_wconf 88' lang='lat' dir='ltr'><strong>promovendum</strong></span> 
     </span>
     <span class='ocr_line' id='line_1_5' title="bbox 346 792 2284 877; baseline -0.005 -13"><span class='ocrx_word' id='word_1_22' title='bbox 346 799 520 877; x_wconf 85' lang='lat' dir='ltr'><strong>facit,</strong></span> <span class='ocrx_word' id='word_1_23' title='bbox 598 806 666 862; x_wconf 87' lang='lat' dir='ltr'><strong>et</strong></span> <span class='ocrx_word' id='word_1_24' title='bbox 731 794 814 860; x_wconf 92' lang='lat' dir='ltr'><strong>ad</strong></span> <span class='ocrx_word' id='word_1_25' title='bbox 878 794 1153 860; x_wconf 87' lang='lat' dir='ltr'><strong>salutem</strong></span> <span class='ocrx_word' id='word_1_26' title='bbox 1221 804 1511 861; x_wconf 89' lang='lat' dir='ltr'><strong>nostram</strong></span> <span class='ocrx_word' id='word_1_27' title='bbox 1578 792 1758 875; x_wconf 88' lang='lat' dir='ltr'><strong>utile,</strong></span> <span class='ocrx_word' id='word_1_28' title='bbox 1847 812 1930 856; x_wconf 91' lang='lat' dir='ltr'><strong>nc</strong></span> <span class='ocrx_word' id='word_1_29' title='bbox 1994 812 2284 875; x_wconf 89' lang='lat' dir='ltr'><strong>unquam</strong></span> 
     </span>
     <span class='ocr_line' id='line_1_6' title="bbox 346 876 2285 967; baseline -0.004 -18"><span class='ocrx_word' id='word_1_30' title='bbox 346 881 658 967; x_wconf 79' lang='lat' dir='ltr'><strong>quamdiu</strong></span> <span class='ocrx_word' id='word_1_31' title='bbox 714 882 854 949; x_wconf 79' lang='lat' dir='ltr'><strong>vita</strong></span> <span class='ocrx_word' id='word_1_32' title='bbox 897 883 1084 946; x_wconf 88' lang='lat' dir='ltr'><strong>nobis</strong></span> <span class='ocrx_word' id='word_1_33' title='bbox 1127 884 1450 964; x_wconf 89' lang='lat' dir='ltr'><strong>supererit</strong></span> <span class='ocrx_word' id='word_1_34' title='bbox 1493 879 1576 945; x_wconf 89' lang='lat' dir='ltr'><strong>ab</strong></span> <span class='ocrx_word' id='word_1_35' title='bbox 1618 900 1695 945; x_wconf 91' lang='lat' dir='ltr'><strong>eo</strong></span> <span class='ocrx_word' id='word_1_36' title='bbox 1740 876 1962 943; x_wconf 88' lang='lat' dir='ltr'><strong>divelli</strong></span> <span class='ocrx_word' id='word_1_37' title='bbox 2007 899 2127 942; x_wconf 90' lang='lat' dir='ltr'><strong>nos</strong></span> <span class='ocrx_word' id='word_1_38' title='bbox 2170 898 2285 961; x_wconf 86' lang='lat' dir='ltr'><strong>pa-</strong></span> 
     </span>
     <span class='ocr_line' id='line_1_7' title="bbox 345 963 2285 1050; baseline -0.004 -16"><span class='ocrx_word' id='word_1_39' title='bbox 345 973 606 1035; x_wconf 85' lang='lat' dir='ltr'><strong>tiamur.</strong></span> <span class='ocrx_word' id='word_1_40' title='bbox 696 966 909 1049; x_wconf 82' lang='lat' dir='ltr'><strong>Saepe</strong></span> <span class='ocrx_word' id='word_1_41' title='bbox 952 966 1210 1050; x_wconf 88' lang='lat' dir='ltr'><strong>quidem</strong></span> <span class='ocrx_word' id='word_1_42' title='bbox 1257 968 1508 1045; x_wconf 87' lang='lat' dir='ltr'><strong>accidit,</strong></span> <span class='ocrx_word' id='word_1_43' title='bbox 1550 975 1629 1031; x_wconf 90' lang='lat' dir='ltr'><strong>ut</strong></span> <span class='ocrx_word' id='word_1_44' title='bbox 1669 964 2016 1046; x_wconf 89' lang='lat' dir='ltr'><strong>scrupulus</strong></span> <span class='ocrx_word' id='word_1_45' title='bbox 2051 963 2285 1046; x_wconf 89' lang='lat' dir='ltr'><strong>aliquis</strong></span> 
     </span>
     <span class='ocr_line' id='line_1_8' title="bbox 345 1050 2284 1136; baseline -0.003 -15"><span class='ocrx_word' id='word_1_46' title='bbox 345 1066 636 1121; x_wconf 88' lang='lat' dir='ltr'><strong>mentem</strong></span> <span class='ocrx_word' id='word_1_47' title='bbox 694 1068 984 1119; x_wconf 88' lang='lat' dir='ltr'><strong>nostram</strong></span> <span class='ocrx_word' id='word_1_48' title='bbox 1029 1053 1343 1131; x_wconf 79' lang='lat' dir='ltr'><strong>stimulet,</strong></span> <span class='ocrx_word' id='word_1_49' title='bbox 1400 1053 1512 1120; x_wconf 92' lang='lat' dir='ltr'><strong>sed</strong></span> <span class='ocrx_word' id='word_1_50' title='bbox 1554 1073 1744 1136; x_wconf 89' lang='lat' dir='ltr'><strong>quem</strong></span> <span class='ocrx_word' id='word_1_51' title='bbox 1790 1050 1861 1114; x_wconf 91' lang='lat' dir='ltr'><strong>in</strong></span> <span class='ocrx_word' id='word_1_52' title='bbox 1904 1070 1980 1115; x_wconf 88' lang='lat' dir='ltr'><strong>ea</strong></span> <span class='ocrx_word' id='word_1_53' title='bbox 2025 1050 2137 1114; x_wconf 92' lang='lat' dir='ltr'><strong>diu</strong></span> <span class='ocrx_word' id='word_1_54' title='bbox 2182 1070 2284 1115; x_wconf 89' lang='lat' dir='ltr'><strong>re-</strong></span> 
     </span>
     <span class='ocr_line' id='line_1_9' title="bbox 344 1134 2283 1224; baseline -0.003 -18"><span class='ocrx_word' id='word_1_55' title='bbox 344 1141 560 1207; x_wconf 89' lang='lat' dir='ltr'><strong>sidere</strong></span> <span class='ocrx_word' id='word_1_56' title='bbox 603 1161 737 1206; x_wconf 89' lang='lat' dir='ltr'><strong>non</strong></span> <span class='ocrx_word' id='word_1_57' title='bbox 783 1139 1088 1222; x_wconf 87' lang='lat' dir='ltr'><strong>patimur,</strong></span> <span class='ocrx_word' id='word_1_58' title='bbox 1144 1161 1345 1224; x_wconf 91' lang='lat' dir='ltr'><strong>quum</strong></span> <span class='ocrx_word' id='word_1_59' title='bbox 1389 1140 1471 1206; x_wconf 89' lang='lat' dir='ltr'><strong>de</strong></span> <span class='ocrx_word' id='word_1_60' title='bbox 1515 1141 1640 1206; x_wconf 87' lang='lat' dir='ltr'><strong>hoc</strong></span> <span class='ocrx_word' id='word_1_61' title='bbox 1683 1137 1789 1204; x_wconf 84' lang='lat' dir='ltr'><strong>vel</strong></span> <span class='ocrx_word' id='word_1_62' title='bbox 1832 1136 1948 1202; x_wconf 90' lang='lat' dir='ltr'><strong>illo</strong></span> <span class='ocrx_word' id='word_1_63' title='bbox 1989 1134 2283 1202; x_wconf 81' lang='lat' dir='ltr'><strong>faciendo</strong></span> 
     </span>
     <span class='ocr_line' id='line_1_10' title="bbox 345 1222 2283 1310; baseline -0.004 -17"><span class='ocrx_word' id='word_1_64' title='bbox 345 1227 453 1293; x_wconf 90' lang='lat' dir='ltr'><strong>vel</strong></span> <span class='ocrx_word' id='word_1_65' title='bbox 527 1224 957 1309; x_wconf 89' lang='lat' dir='ltr'><strong>relinquendo</strong></span> <span class='ocrx_word' id='word_1_66' title='bbox 1021 1227 1399 1310; x_wconf 72' lang='lat' dir='ltr'><strong>cogitamus.</strong></span> <span class='ocrx_word' id='word_1_67' title='bbox 1490 1224 1666 1307; x_wconf 82' lang='lat' dir='ltr'><strong>Quid</strong></span> <span class='ocrx_word' id='word_1_68' title='bbox 1726 1245 1879 1290; x_wconf 88' lang='lat' dir='ltr'><strong>vero</strong></span> <span class='ocrx_word' id='word_1_69' title='bbox 1937 1222 2283 1305; x_wconf 86' lang='lat' dir='ltr'><strong>scrupulus</strong></span> 
     </span>
     <span class='ocr_line' id='line_1_11' title="bbox 344 1308 2279 1396; baseline -0.003 -18"><span class='ocrx_word' id='word_1_70' title='bbox 344 1314 625 1379; x_wconf 88' lang='lat' dir='ltr'><strong>iniectus</strong></span> <span class='ocrx_word' id='word_1_71' title='bbox 668 1312 781 1376; x_wconf 91' lang='lat' dir='ltr'><strong>ille</strong></span> <span class='ocrx_word' id='word_1_72' title='bbox 827 1331 947 1375; x_wconf 89' lang='lat' dir='ltr'><strong>nos</strong></span> <span class='ocrx_word' id='word_1_73' title='bbox 990 1310 1194 1393; x_wconf 88' lang='lat' dir='ltr'><strong>iuvat,</strong></span> <span class='ocrx_word' id='word_1_74' title='bbox 1240 1313 1367 1379; x_wconf 91' lang='lat' dir='ltr'><strong>nisi</strong></span> <span class='ocrx_word' id='word_1_75' title='bbox 1406 1327 1480 1377; x_wconf 90' lang='lat' dir='ltr'><strong>ut</strong></span> <span class='ocrx_word' id='word_1_76' title='bbox 1523 1312 1735 1396; x_wconf 91' lang='lat' dir='ltr'><strong>magis</strong></span> <span class='ocrx_word' id='word_1_77' title='bbox 1777 1309 2182 1387; x_wconf 89' lang='lat' dir='ltr'><strong>condemnet,</strong></span> <span class='ocrx_word' id='word_1_78' title='bbox 2223 1308 2279 1374; x_wconf 90' lang='lat' dir='ltr'><strong>si</strong></span> 
     </span>
     <span class='ocr_line' id='line_1_12' title="bbox 344 1396 2282 1483; baseline -0.002 -19"><span class='ocrx_word' id='word_1_79' title='bbox 344 1398 732 1483; x_wconf 86' lang='lat' dir='ltr'><strong>praesertim</strong></span> <span class='ocrx_word' id='word_1_80' title='bbox 776 1396 961 1462; x_wconf 90' lang='lat' dir='ltr'><strong>Deus</strong></span> <span class='ocrx_word' id='word_1_81' title='bbox 1001 1396 1142 1480; x_wconf 91' lang='lat' dir='ltr'><strong>ipse</strong></span> <span class='ocrx_word' id='word_1_82' title='bbox 1186 1419 1305 1465; x_wconf 92' lang='lat' dir='ltr'><strong>nos</strong></span> <span class='ocrx_word' id='word_1_83' title='bbox 1350 1397 1626 1478; x_wconf 79' lang='lat' dir='ltr'><strong>vellicet,</strong></span> <span class='ocrx_word' id='word_1_84' title='bbox 1678 1409 1748 1463; x_wconf 91' lang='lat' dir='ltr'><strong>et</strong></span> <span class='ocrx_word' id='word_1_85' title='bbox 1790 1400 1860 1461; x_wconf 91' lang='lat' dir='ltr'><strong>in</strong></span> <span class='ocrx_word' id='word_1_86' title='bbox 1904 1398 2035 1461; x_wconf 89' lang='lat' dir='ltr'><strong>ima</strong></span> <span class='ocrx_word' id='word_1_87' title='bbox 2076 1416 2282 1477; x_wconf 90' lang='lat' dir='ltr'><strong>usque</strong></span> 
     </span>
     <span class='ocr_line' id='line_1_13' title="bbox 345 1482 2281 1566; baseline -0.003 -15"><span class='ocrx_word' id='word_1_88' title='bbox 345 1485 562 1551; x_wconf 89' lang='lat' dir='ltr'><strong>cordis</strong></span> <span class='ocrx_word' id='word_1_89' title='bbox 625 1494 874 1549; x_wconf 84' lang='lat' dir='ltr'><strong>secreta</strong></span> <span class='ocrx_word' id='word_1_90' title='bbox 940 1495 1254 1566; x_wconf 88' lang='lat' dir='ltr'><strong>penetret,</strong></span> <span class='ocrx_word' id='word_1_91' title='bbox 1321 1495 1388 1550; x_wconf 91' lang='lat' dir='ltr'><strong>et</strong></span> <span class='ocrx_word' id='word_1_92' title='bbox 1453 1485 1655 1550; x_wconf 88' lang='lat' dir='ltr'><strong>veluti</strong></span> <span class='ocrx_word' id='word_1_93' title='bbox 1714 1483 2019 1566; x_wconf 87' lang='lat' dir='ltr'><strong>scalpello</strong></span> <span class='ocrx_word' id='word_1_94' title='bbox 2074 1482 2281 1561; x_wconf 82' lang='lat' dir='ltr'><strong>feriat,</strong></span> 
     </span>
     <span class='ocr_line' id='line_1_14' title="bbox 343 1568 1962 1655; baseline -0.001 -20"><span class='ocrx_word' id='word_1_95' title='bbox 343 1593 476 1655; x_wconf 91' lang='lat' dir='ltr'><strong>quo</strong></span> <span class='ocrx_word' id='word_1_96' title='bbox 519 1570 847 1635; x_wconf 86' lang='lat' dir='ltr'><strong>discamus</strong></span> <span class='ocrx_word' id='word_1_97' title='bbox 891 1590 1021 1633; x_wconf 88' lang='lat' dir='ltr'><strong>non</strong></span> <span class='ocrx_word' id='word_1_98' title='bbox 1066 1571 1350 1654; x_wconf 88' lang='lat' dir='ltr'><strong>amplius</strong></span> <span class='ocrx_word' id='word_1_99' title='bbox 1393 1592 1541 1636; x_wconf 90' lang='lat' dir='ltr'><strong>eum</strong></span> <span class='ocrx_word' id='word_1_100' title='bbox 1586 1568 1962 1635; x_wconf 81' lang='lat' dir='ltr'><strong>offendere?</strong></span> 
     </span>
    </p>

    <p class='ocr_par' dir='ltr' id='par_1_3' title="bbox 316 1653 2290 5262">
     <span class='ocr_line' id='line_1_15' title="bbox 518 1653 2287 1739; baseline -0.003 -17"><span class='ocrx_word' id='word_1_101' title='bbox 518 1657 611 1723; x_wconf 80' lang='lat' dir='ltr'><strong>Et</strong></span> <span class='ocrx_word' id='word_1_102' title='bbox 669 1656 748 1720; x_wconf 90' lang='lat' dir='ltr'><strong>de</strong></span> <span class='ocrx_word' id='word_1_103' title='bbox 810 1658 1219 1722; x_wconf 85' lang='lat' dir='ltr'><strong>Accaronitis</strong></span> <span class='ocrx_word' id='word_1_104' title='bbox 1277 1659 1454 1737; x_wconf 89' lang='lat' dir='ltr'><strong>satis,</strong></span> <span class='ocrx_word' id='word_1_105' title='bbox 1513 1675 1788 1739; x_wconf 89' lang='lat' dir='ltr'><strong>quorum</strong></span> <span class='ocrx_word' id='word_1_106' title='bbox 1845 1653 2104 1720; x_wconf 90' lang='lat' dir='ltr'><strong>tandem</strong></span> <span class='ocrx_word' id='word_1_107' title='bbox 2147 1653 2287 1718; x_wconf 70' lang='lat' dir='ltr'><strong>ulit·</strong></span> 
     </span>
     <span class='ocr_line' id='line_1_16' title="bbox 344 1739 2287 1821; baseline -0.003 -13"><span class='ocrx_word' id='word_1_108' title='bbox 344 1743 517 1808; x_wconf 81' lang='lat' dir='ltr'><strong>latus</strong></span> <span class='ocrx_word' id='word_1_109' title='bbox 592 1742 665 1807; x_wconf 78' lang='lat' dir='ltr'><strong>in</strong></span> <span class='ocrx_word' id='word_1_110' title='bbox 739 1740 968 1806; x_wconf 76' lang='lat' dir='ltr'><strong>coelum</strong></span> <span class='ocrx_word' id='word_1_111' title='bbox 1044 1743 1441 1809; x_wconf 73' lang='lat' dir='ltr'><strong>adscendisse</strong></span> <span class='ocrx_word' id='word_1_112' title='bbox 1512 1743 1613 1807; x_wconf 75' lang='lat' dir='ltr'><strong>hic</strong></span> <span class='ocrx_word' id='word_1_113' title='bbox 1679 1742 1930 1807; x_wconf 82' lang='lat' dir='ltr'><strong>dicitur.</strong></span> <span class='ocrx_word' id='word_1_114' title='bbox 2032 1739 2287 1821; x_wconf 79' lang='lat' dir='ltr'><strong>Quibus</strong></span> 
     </span>
     <span class='ocr_line' id='line_1_17' title="bbox 346 1827 2288 1910; baseline -0.005 -13"><span class='ocrx_word' id='word_1_115' title='bbox 346 1827 569 1897; x_wconf 86' lang='lat' dir='ltr'><strong>verbis</strong></span> <span class='ocrx_word' id='word_1_116' title='bbox 615 1828 941 1892; x_wconf 83' lang='lat' dir='ltr'><strong>maximus</strong></span> <span class='ocrx_word' id='word_1_117' title='bbox 983 1828 1274 1894; x_wconf 89' lang='lat' dir='ltr'><strong>ululatus</strong></span> <span class='ocrx_word' id='word_1_118' title='bbox 1319 1828 1722 1905; x_wconf 88' lang='lat' dir='ltr'><strong>describitur,</strong></span> <span class='ocrx_word' id='word_1_119' title='bbox 1779 1848 1909 1910; x_wconf 94' lang='lat' dir='ltr'><strong>quo</strong></span> <span class='ocrx_word' id='word_1_120' title='bbox 1953 1834 2130 1891; x_wconf 89' lang='lat' dir='ltr'><strong>totus</strong></span> <span class='ocrx_word' id='word_1_121' title='bbox 2173 1839 2288 1891; x_wconf 80' lang='lat' dir='ltr'><strong>aer</strong></span> 
     </span>
     <span class='ocr_line' id='line_1_18' title="bbox 345 1914 2288 1999; baseline -0.002 -19"><span class='ocrx_word' id='word_1_122' title='bbox 345 1914 737 1996; x_wconf 75' lang='lat' dir='ltr'><strong>insonuerit,</strong></span> <span class='ocrx_word' id='word_1_123' title='bbox 794 1920 870 1976; x_wconf 86' lang='lat' dir='ltr'><strong>ut</strong></span> <span class='ocrx_word' id='word_1_124' title='bbox 913 1914 1142 1979; x_wconf 86' lang='lat' dir='ltr'><strong>fierent</strong></span> <span class='ocrx_word' id='word_1_125' title='bbox 1187 1915 1428 1999; x_wconf 78' lang='lat' dir='ltr'><strong>singuli</strong></span> <span class='ocrx_word' id='word_1_126' title='bbox 1474 1915 1980 1979; x_wconf 86' lang='lat' dir='ltr'><strong>Philistaeorum</strong></span> <span class='ocrx_word' id='word_1_127' title='bbox 2019 1914 2288 1977; x_wconf 87' lang='lat' dir='ltr'><strong>inexcu-</strong></span> 
     </span>
     <span class='ocr_line' id='line_1_19' title="bbox 346 1997 2287 2083; baseline -0.002 -18"><span class='ocrx_word' id='word_1_128' title='bbox 346 1999 604 2077; x_wconf 84' lang='lat' dir='ltr'><strong>sabiles,</strong></span> <span class='ocrx_word' id='word_1_129' title='bbox 665 1997 835 2082; x_wconf 88' lang='lat' dir='ltr'><strong>quod</strong></span> <span class='ocrx_word' id='word_1_130' title='bbox 892 1999 1145 2065; x_wconf 90' lang='lat' dir='ltr'><strong>inutilis</strong></span> <span class='ocrx_word' id='word_1_131' title='bbox 1198 2003 1356 2083; x_wconf 88' lang='lat' dir='ltr'><strong>ipsis</strong></span> <span class='ocrx_word' id='word_1_132' title='bbox 1409 2001 1561 2067; x_wconf 86' lang='lat' dir='ltr'><strong>talis</strong></span> <span class='ocrx_word' id='word_1_133' title='bbox 1604 1999 1999 2083; x_wconf 86' lang='lat' dir='ltr'><strong>praedicatio</strong></span> <span class='ocrx_word' id='word_1_134' title='bbox 2041 1999 2287 2063; x_wconf 83' lang='lat' dir='ltr'><strong>fuisset.</strong></span> 
     </span>
     <span class='ocr_line' id='line_1_20' title="bbox 340 2084 2290 2170; baseline -0.003 -19"><span class='ocrx_word' id='word_1_135' title='bbox 340 2085 518 2152; x_wconf 78' lang='lat' dir='ltr'><strong>Nam</strong></span> <span class='ocrx_word' id='word_1_136' title='bbox 561 2104 765 2168; x_wconf 89' lang='lat' dir='ltr'><strong>quum</strong></span> <span class='ocrx_word' id='word_1_137' title='bbox 820 2088 1244 2152; x_wconf 89' lang='lat' dir='ltr'><strong>Accaronitae</strong></span> <span class='ocrx_word' id='word_1_138' title='bbox 1278 2086 1531 2152; x_wconf 88' lang='lat' dir='ltr'><strong>coelum</strong></span> <span class='ocrx_word' id='word_1_139' title='bbox 1568 2084 1922 2170; x_wconf 85' lang='lat' dir='ltr'><strong>gemitibus</strong></span> <span class='ocrx_word' id='word_1_140' title='bbox 1956 2084 2290 2166; x_wconf 79' lang='lat' dir='ltr'><strong>impleant,</strong></span> 
     </span>
     <span class='ocr_line' id='line_1_21' title="bbox 344 2171 2288 2256; baseline -0.001 -21"><span class='ocrx_word' id='word_1_141' title='bbox 344 2192 550 2255; x_wconf 88' lang='lat' dir='ltr'><strong>quum</strong></span> <span class='ocrx_word' id='word_1_142' title='bbox 611 2171 934 2236; x_wconf 88' lang='lat' dir='ltr'><strong>elementa</strong></span> <span class='ocrx_word' id='word_1_143' title='bbox 997 2171 1304 2237; x_wconf 89' lang='lat' dir='ltr'><strong>lamentis</strong></span> <span class='ocrx_word' id='word_1_144' title='bbox 1378 2173 1667 2256; x_wconf 90' lang='lat' dir='ltr'><strong>ipsorum</strong></span> <span class='ocrx_word' id='word_1_145' title='bbox 1729 2183 2288 2247; x_wconf 88' lang='lat' dir='ltr'><strong>commoveantur,</strong></span> 
     </span>
     <span class='ocr_line' id='line_1_22' title="bbox 353 2256 2290 2342; baseline -0.002 -19"><span class='ocrx_word' id='word_1_146' title='bbox 353 2268 429 2323; x_wconf 88' lang='lat' dir='ltr'><strong>et</strong></span> <span class='ocrx_word' id='word_1_147' title='bbox 468 2268 684 2321; x_wconf 89' lang='lat' dir='ltr'><strong>tamen</strong></span> <span class='ocrx_word' id='word_1_148' title='bbox 731 2256 1074 2339; x_wconf 81' lang='lat' dir='ltr'><strong>populares</strong></span> <span class='ocrx_word' id='word_1_149' title='bbox 1119 2279 1347 2342; x_wconf 89' lang='lat' dir='ltr'><strong>parum</strong></span> <span class='ocrx_word' id='word_1_150' title='bbox 1393 2258 1508 2324; x_wconf 90' lang='lat' dir='ltr'><strong>illa</strong></span> <span class='ocrx_word' id='word_1_151' title='bbox 1553 2270 1807 2338; x_wconf 89' lang='lat' dir='ltr'><strong>curent,</strong></span> <span class='ocrx_word' id='word_1_152' title='bbox 1851 2267 1967 2321; x_wconf 91' lang='lat' dir='ltr'><strong>aut</strong></span> <span class='ocrx_word' id='word_1_153' title='bbox 2010 2258 2065 2322; x_wconf 90' lang='lat' dir='ltr'><strong>si</strong></span> <span class='ocrx_word' id='word_1_154' title='bbox 2111 2264 2290 2320; x_wconf 89' lang='lat' dir='ltr'><strong>metu</strong></span> 
     </span>
     <span class='ocr_line' id='line_1_23' title="bbox 348 2339 2289 2427; baseline -0.002 -19"><span class='ocrx_word' id='word_1_155' title='bbox 348 2351 425 2409; x_wconf 82' lang='lat' dir='ltr'><strong>et</strong></span> <span class='ocrx_word' id='word_1_156' title='bbox 491 2342 757 2407; x_wconf 88' lang='lat' dir='ltr'><strong>horrore</strong></span> <span class='ocrx_word' id='word_1_157' title='bbox 828 2342 1044 2425; x_wconf 91' lang='lat' dir='ltr'><strong>aliquo</strong></span> <span class='ocrx_word' id='word_1_158' title='bbox 1099 2354 1466 2424; x_wconf 90' lang='lat' dir='ltr'><strong>moventur,</strong></span> <span class='ocrx_word' id='word_1_159' title='bbox 1545 2353 1764 2409; x_wconf 88' lang='lat' dir='ltr'><strong>tamen</strong></span> <span class='ocrx_word' id='word_1_160' title='bbox 1825 2344 2038 2427; x_wconf 88' lang='lat' dir='ltr'><strong>magis</strong></span> <span class='ocrx_word' id='word_1_161' title='bbox 2094 2339 2289 2406; x_wconf 89' lang='lat' dir='ltr'><strong>indu-</strong></span> 
     </span>
     <span class='ocr_line' id='line_1_24' title="bbox 338 2428 2289 2511; baseline -0.001 -17"><span class='ocrx_word' id='word_1_162' title='bbox 338 2439 575 2494; x_wconf 83' lang='lat' dir='ltr'><strong>rentur</strong></span> <span class='ocrx_word' id='word_1_163' title='bbox 609 2438 676 2494; x_wconf 89' lang='lat' dir='ltr'><strong>et</strong></span> <span class='ocrx_word' id='word_1_164' title='bbox 709 2429 777 2492; x_wconf 92' lang='lat' dir='ltr'><strong>in</strong></span> <span class='ocrx_word' id='word_1_165' title='bbox 815 2428 1184 2494; x_wconf 86' lang='lat' dir='ltr'><strong>idololatria</strong></span> <span class='ocrx_word' id='word_1_166' title='bbox 1220 2429 1666 2511; x_wconf 84' lang='lat' dir='ltr'><strong>obfirmentur,</strong></span> <span class='ocrx_word' id='word_1_167' title='bbox 1701 2429 1919 2494; x_wconf 90' lang='lat' dir='ltr'><strong>Deum</strong></span> <span class='ocrx_word' id='word_1_168' title='bbox 1952 2430 2289 2494; x_wconf 90' lang='lat' dir='ltr'><strong>viventem</strong></span> 
     </span>
     <span class='ocr_line' id='line_1_25' title="bbox 336 2512 2289 2599; baseline -0.001 -20"><span class='ocrx_word' id='word_1_169' title='bbox 336 2513 569 2599; x_wconf 89' lang='lat' dir='ltr'><strong>procul</strong></span> <span class='ocrx_word' id='word_1_170' title='bbox 628 2535 668 2579; x_wconf 88' lang='lat' dir='ltr'><strong>a</strong></span> <span class='ocrx_word' id='word_1_171' title='bbox 727 2535 799 2580; x_wconf 91' lang='lat' dir='ltr'><strong>sc</strong></span> <span class='ocrx_word' id='word_1_172' title='bbox 858 2526 1256 2591; x_wconf 88' lang='lat' dir='ltr'><strong>amoventes,</strong></span> <span class='ocrx_word' id='word_1_173' title='bbox 1323 2538 1484 2581; x_wconf 90' lang='lat' dir='ltr'><strong>sane</strong></span> <span class='ocrx_word' id='word_1_174' title='bbox 1540 2527 1792 2580; x_wconf 90' lang='lat' dir='ltr'><strong>certum</strong></span> <span class='ocrx_word' id='word_1_175' title='bbox 1845 2525 1946 2578; x_wconf 89' lang='lat' dir='ltr'><strong>est</strong></span> <span class='ocrx_word' id='word_1_176' title='bbox 1988 2514 2135 2579; x_wconf 90' lang='lat' dir='ltr'><strong>illos</strong></span> <span class='ocrx_word' id='word_1_177' title='bbox 2183 2512 2289 2579; x_wconf 89' lang='lat' dir='ltr'><strong>vel</strong></span> 
     </span>
     <span class='ocr_line' id='line_1_26' title="bbox 335 2598 2286 2667; baseline -0.002 0"><span class='ocrx_word' id='word_1_178' title='bbox 335 2601 647 2667; x_wconf 87' lang='lat' dir='ltr'><strong>omuibus</strong></span> <span class='ocrx_word' id='word_1_179' title='bbox 706 2600 1050 2665; x_wconf 90' lang='lat' dir='ltr'><strong>elementis</strong></span> <span class='ocrx_word' id='word_1_180' title='bbox 1093 2600 1367 2666; x_wconf 86' lang='lat' dir='ltr'><strong>testibus</strong></span> <span class='ocrx_word' id='word_1_181' title='bbox 1411 2621 1558 2667; x_wconf 90' lang='lat' dir='ltr'><strong>reos</strong></span> <span class='ocrx_word' id='word_1_182' title='bbox 1602 2622 1823 2667; x_wconf 89' lang='lat' dir='ltr'><strong>coram</strong></span> <span class='ocrx_word' id='word_1_183' title='bbox 1868 2600 2158 2665; x_wconf 89' lang='lat' dir='ltr'><strong>Domino</strong></span> <span class='ocrx_word' id='word_1_184' title='bbox 2206 2598 2286 2664; x_wconf 86' lang='lat' dir='ltr'><strong>de</strong></span> 
     </span>
     <span class='ocr_line' id='line_1_27' title="bbox 338 2684 2286 2753; baseline -0.003 0"><span class='ocrx_word' id='word_1_185' title='bbox 338 2707 606 2753; x_wconf 85' lang='lat' dir='ltr'><strong>summa</strong></span> <span class='ocrx_word' id='word_1_186' title='bbox 649 2688 1056 2752; x_wconf 87' lang='lat' dir='ltr'><strong>contumacia</strong></span> <span class='ocrx_word' id='word_1_187' title='bbox 1098 2708 1257 2751; x_wconf 89' lang='lat' dir='ltr'><strong>esse.</strong></span> <span class='ocrx_word' id='word_1_188' title='bbox 1324 2687 1459 2752; x_wconf 86' lang='lat' dir='ltr'><strong>Nos</strong></span> <span class='ocrx_word' id='word_1_189' title='bbox 1496 2708 1650 2752; x_wconf 90' lang='lat' dir='ltr'><strong>vero</strong></span> <span class='ocrx_word' id='word_1_190' title='bbox 1687 2687 2011 2752; x_wconf 86' lang='lat' dir='ltr'><strong>discamus</strong></span> <span class='ocrx_word' id='word_1_191' title='bbox 2046 2684 2286 2750; x_wconf 89' lang='lat' dir='ltr'><strong>auditis</strong></span> 
     </span>
     <span class='ocr_line' id='line_1_28' title="bbox 340 2771 2283 2855; baseline -0.003 -15"><span class='ocrx_word' id='word_1_192' title='bbox 340 2771 740 2840; x_wconf 88' lang='lat' dir='ltr'><strong>clamoribus</strong></span> <span class='ocrx_word' id='word_1_193' title='bbox 784 2784 853 2837; x_wconf 90' lang='lat' dir='ltr'><strong>et</strong></span> <span class='ocrx_word' id='word_1_194' title='bbox 895 2771 1250 2839; x_wconf 87' lang='lat' dir='ltr'><strong>ululatibus</strong></span> <span class='ocrx_word' id='word_1_195' title='bbox 1294 2794 1524 2837; x_wconf 89' lang='lat' dir='ltr'><strong>eorum</strong></span> <span class='ocrx_word' id='word_1_196' title='bbox 1569 2773 1681 2855; x_wconf 90' lang='lat' dir='ltr'><strong>qui</strong></span> <span class='ocrx_word' id='word_1_197' title='bbox 1725 2773 1851 2836; x_wconf 91' lang='lat' dir='ltr'><strong>Dei</strong></span> <span class='ocrx_word' id='word_1_198' title='bbox 1897 2772 2283 2837; x_wconf 88' lang='lat' dir='ltr'><strong>iudiciorum</strong></span> 
     </span>
     <span class='ocr_line' id='line_1_29' title="bbox 339 2856 2283 2935; baseline -0.002 -11"><span class='ocrx_word' id='word_1_199' title='bbox 339 2879 515 2924; x_wconf 88' lang='lat' dir='ltr'><strong>onus</strong></span> <span class='ocrx_word' id='word_1_200' title='bbox 571 2859 812 2935; x_wconf 84' lang='lat' dir='ltr'><strong>ferunt,</strong></span> <span class='ocrx_word' id='word_1_201' title='bbox 886 2880 997 2924; x_wconf 86' lang='lat' dir='ltr'><strong>eas</strong></span> <span class='ocrx_word' id='word_1_202' title='bbox 1054 2860 1583 2924; x_wconf 81' lang='lat' dir='ltr'><strong>exhortationum</strong></span> <span class='ocrx_word' id='word_1_203' title='bbox 1646 2867 1712 2924; x_wconf 91' lang='lat' dir='ltr'><strong>et</strong></span> <span class='ocrx_word' id='word_1_204' title='bbox 1764 2856 2283 2923; x_wconf 87' lang='lat' dir='ltr'><strong>admonitionum</strong></span> 
     </span>
     <span class='ocr_line' id='line_1_30' title="bbox 337 2943 2282 3027; baseline -0.001 -19"><span class='ocrx_word' id='word_1_205' title='bbox 337 2945 484 3009; x_wconf 88' lang='lat' dir='ltr'><strong>loco</strong></span> <span class='ocrx_word' id='word_1_206' title='bbox 560 2943 821 3023; x_wconf 87' lang='lat' dir='ltr'><strong>habere,</strong></span> <span class='ocrx_word' id='word_1_207' title='bbox 900 2945 1085 3027; x_wconf 87' lang='lat' dir='ltr'><strong>quasi</strong></span> <span class='ocrx_word' id='word_1_208' title='bbox 1160 2944 1300 3010; x_wconf 90' lang='lat' dir='ltr'><strong>Deo</strong></span> <span class='ocrx_word' id='word_1_209' title='bbox 1357 2945 1496 3027; x_wconf 90' lang='lat' dir='ltr'><strong>ipso</strong></span> <span class='ocrx_word' id='word_1_210' title='bbox 1541 2964 1659 3009; x_wconf 89' lang='lat' dir='ltr'><strong>nos</strong></span> <span class='ocrx_word' id='word_1_211' title='bbox 1704 2964 1821 3027; x_wconf 88' lang='lat' dir='ltr'><strong>per</strong></span> <span class='ocrx_word' id='word_1_212' title='bbox 1865 2963 1974 3009; x_wconf 88' lang='lat' dir='ltr'><strong>eas</strong></span> <span class='ocrx_word' id='word_1_213' title='bbox 2018 2943 2100 3009; x_wconf 90' lang='lat' dir='ltr'><strong>ad</strong></span> <span class='ocrx_word' id='word_1_214' title='bbox 2145 2963 2282 3006; x_wconf 89' lang='lat' dir='ltr'><strong>me·</strong></span> 
     </span>
     <span class='ocr_line' id='line_1_31' title="bbox 338 3029 2283 3108; baseline -0.002 -12"><span class='ocrx_word' id='word_1_215' title='bbox 338 3030 574 3096; x_wconf 88' lang='lat' dir='ltr'><strong>liorem</strong></span> <span class='ocrx_word' id='word_1_216' title='bbox 643 3039 927 3094; x_wconf 91' lang='lat' dir='ltr'><strong>mentem</strong></span> <span class='ocrx_word' id='word_1_217' title='bbox 992 3044 1377 3108; x_wconf 86' lang='lat' dir='ltr'><strong>revocante;</strong></span> <span class='ocrx_word' id='word_1_218' title='bbox 1446 3052 1521 3096; x_wconf 91' lang='lat' dir='ltr'><strong>ac</strong></span> <span class='ocrx_word' id='word_1_219' title='bbox 1580 3030 1697 3095; x_wconf 89' lang='lat' dir='ltr'><strong>toti</strong></span> <span class='ocrx_word' id='word_1_220' title='bbox 1755 3029 1836 3095; x_wconf 90' lang='lat' dir='ltr'><strong>ad</strong></span> <span class='ocrx_word' id='word_1_221' title='bbox 1897 3029 2283 3094; x_wconf 90' lang='lat' dir='ltr'><strong>iudiciorum</strong></span> 
     </span>
     <span class='ocr_line' id='line_1_32' title="bbox 338 3114 2283 3198; baseline -0.001 -18"><span class='ocrx_word' id='word_1_222' title='bbox 338 3116 470 3180; x_wconf 85' lang='lat' dir='ltr'><strong>Dei</strong></span> <span class='ocrx_word' id='word_1_223' title='bbox 518 3115 934 3181; x_wconf 86' lang='lat' dir='ltr'><strong>severitatem</strong></span> <span class='ocrx_word' id='word_1_224' title='bbox 980 3117 1525 3182; x_wconf 87' lang='lat' dir='ltr'><strong>cohorrescamus.</strong></span> <span class='ocrx_word' id='word_1_225' title='bbox 1613 3118 1786 3182; x_wconf 90' lang='lat' dir='ltr'><strong>Nam</strong></span> <span class='ocrx_word' id='word_1_226' title='bbox 1831 3116 2120 3198; x_wconf 88' lang='lat' dir='ltr'><strong>alioquin</strong></span> <span class='ocrx_word' id='word_1_227' title='bbox 2160 3114 2283 3179; x_wconf 90' lang='lat' dir='ltr'><strong>nisi</strong></span> 
     </span>
     <span class='ocr_line' id='line_1_33' title="bbox 338 3200 2281 3285; baseline -0.003 -17"><span class='ocrx_word' id='word_1_228' title='bbox 338 3222 877 3268; x_wconf 71' lang='lat' dir='ltr'><strong>commoveamur</strong></span> <span class='ocrx_word' id='word_1_229' title='bbox 932 3201 1013 3267; x_wconf 93' lang='lat' dir='ltr'><strong>ad</strong></span> <span class='ocrx_word' id='word_1_230' title='bbox 1076 3201 1555 3284; x_wconf 86' lang='lat' dir='ltr'><strong>deprecandum</strong></span> <span class='ocrx_word' id='word_1_231' title='bbox 1606 3223 1646 3266; x_wconf 89' lang='lat' dir='ltr'><strong>a</strong></span> <span class='ocrx_word' id='word_1_232' title='bbox 1683 3200 1825 3266; x_wconf 92' lang='lat' dir='ltr'><strong>Deo</strong></span> <span class='ocrx_word' id='word_1_233' title='bbox 1869 3216 2281 3285; x_wconf 88' lang='lat' dir='ltr'><strong>peccatorum</strong></span> 
     </span>
     <span class='ocr_line' id='line_1_34' title="bbox 337 3285 2283 3367; baseline -0.001 -16"><span class='ocrx_word' id='word_1_234' title='bbox 337 3301 716 3352; x_wconf 77' lang='lat' dir='ltr'><strong>nostrorum</strong></span> <span class='ocrx_word' id='word_1_235' title='bbox 778 3289 1058 3367; x_wconf 81' lang='lat' dir='ltr'><strong>veniam,</strong></span> <span class='ocrx_word' id='word_1_236' title='bbox 1116 3300 1365 3353; x_wconf 90' lang='lat' dir='ltr'><strong>certum</strong></span> <span class='ocrx_word' id='word_1_237' title='bbox 1423 3298 1521 3352; x_wconf 89' lang='lat' dir='ltr'><strong>est</strong></span> <span class='ocrx_word' id='word_1_238' title='bbox 1582 3287 1923 3352; x_wconf 89' lang='lat' dir='ltr'><strong>hominum</strong></span> <span class='ocrx_word' id='word_1_239' title='bbox 1981 3285 2283 3352; x_wconf 87' lang='lat' dir='ltr'><strong>clamori-</strong></span> 
     </span>
     <span class='ocr_line' id='line_1_35' title="bbox 334 3372 2283 3455; baseline -0.002 -17"><span class='ocrx_word' id='word_1_240' title='bbox 334 3372 461 3438; x_wconf 88' lang='lat' dir='ltr'><strong>bus</strong></span> <span class='ocrx_word' id='word_1_241' title='bbox 542 3383 611 3437; x_wconf 92' lang='lat' dir='ltr'><strong>et</strong></span> <span class='ocrx_word' id='word_1_242' title='bbox 685 3372 1039 3439; x_wconf 88' lang='lat' dir='ltr'><strong>ululatibus</strong></span> <span class='ocrx_word' id='word_1_243' title='bbox 1110 3373 1368 3455; x_wconf 91' lang='lat' dir='ltr'><strong>culpam</strong></span> <span class='ocrx_word' id='word_1_244' title='bbox 1430 3384 1721 3438; x_wconf 89' lang='lat' dir='ltr'><strong>nostram</strong></span> <span class='ocrx_word' id='word_1_245' title='bbox 1779 3383 1846 3438; x_wconf 91' lang='lat' dir='ltr'><strong>et</strong></span> <span class='ocrx_word' id='word_1_246' title='bbox 1888 3372 2283 3439; x_wconf 90' lang='lat' dir='ltr'><strong>condemna-</strong></span> 
     </span>
     <span class='ocr_line' id='line_1_36' title="bbox 333 3456 2283 3544; baseline -0.002 -21"><span class='ocrx_word' id='word_1_247' title='bbox 333 3460 588 3523; x_wconf 79' lang='lat' dir='ltr'><strong>tionem</strong></span> <span class='ocrx_word' id='word_1_248' title='bbox 659 3460 870 3543; x_wconf 88' lang='lat' dir='ltr'><strong>magis</strong></span> <span class='ocrx_word' id='word_1_249' title='bbox 922 3479 996 3524; x_wconf 92' lang='lat' dir='ltr'><strong>ac</strong></span> <span class='ocrx_word' id='word_1_250' title='bbox 1055 3460 1266 3541; x_wconf 89' lang='lat' dir='ltr'><strong>magis</strong></span> <span class='ocrx_word' id='word_1_251' title='bbox 1325 3459 1868 3544; x_wconf 85' lang='lat' dir='ltr'><strong>exaggerandam,</strong></span> <span class='ocrx_word' id='word_1_252' title='bbox 1952 3458 2124 3542; x_wconf 90' lang='lat' dir='ltr'><strong>quod</strong></span> <span class='ocrx_word' id='word_1_253' title='bbox 2171 3456 2283 3523; x_wconf 92' lang='lat' dir='ltr'><strong>ad-</strong></span> 
     </span>
     <span class='ocr_line' id='line_1_37' title="bbox 334 3542 2283 3622; baseline -0.001 -13"><span class='ocrx_word' id='word_1_254' title='bbox 334 3543 817 3609; x_wconf 81' lang='lat' dir='ltr'><strong>monitionibus</strong></span> <span class='ocrx_word' id='word_1_255' title='bbox 872 3545 1011 3609; x_wconf 90' lang='lat' dir='ltr'><strong>eius</strong></span> <span class='ocrx_word' id='word_1_256' title='bbox 1077 3545 1286 3610; x_wconf 88' lang='lat' dir='ltr'><strong>locum</strong></span> <span class='ocrx_word' id='word_1_257' title='bbox 1348 3566 1476 3609; x_wconf 91' lang='lat' dir='ltr'><strong>non</strong></span> <span class='ocrx_word' id='word_1_258' title='bbox 1532 3544 1919 3622; x_wconf 88' lang='lat' dir='ltr'><strong>dederimus,</strong></span> <span class='ocrx_word' id='word_1_259' title='bbox 1976 3542 2092 3608; x_wconf 92' lang='lat' dir='ltr'><strong>sed</strong></span> <span class='ocrx_word' id='word_1_260' title='bbox 2139 3565 2283 3609; x_wconf 91' lang='lat' dir='ltr'><strong>sur·</strong></span> 
     </span>
     <span class='ocr_line' id='line_1_38' title="bbox 336 3630 2282 3715; baseline 0 -21"><span class='ocrx_word' id='word_1_261' title='bbox 336 3630 463 3695; x_wconf 82' lang='lat' dir='ltr'><strong>das</strong></span> <span class='ocrx_word' id='word_1_262' title='bbox 506 3651 698 3695; x_wconf 89' lang='lat' dir='ltr'><strong>aures</strong></span> <span class='ocrx_word' id='word_1_263' title='bbox 741 3630 1252 3714; x_wconf 87' lang='lat' dir='ltr'><strong>praebuerimus.</strong></span> <span class='ocrx_word' id='word_1_264' title='bbox 1343 3631 1486 3695; x_wconf 83' lang='lat' dir='ltr'><strong>Etsi</strong></span> <span class='ocrx_word' id='word_1_265' title='bbox 1523 3632 1727 3715; x_wconf 88' lang='lat' dir='ltr'><strong>igitur</strong></span> <span class='ocrx_word' id='word_1_266' title='bbox 1761 3632 1896 3695; x_wconf 89' lang='lat' dir='ltr'><strong>suis</strong></span> <span class='ocrx_word' id='word_1_267' title='bbox 1930 3630 2282 3695; x_wconf 89' lang='lat' dir='ltr'><strong>ululatibus</strong></span> 
     </span>
     <span class='ocr_line' id='line_1_39' title="bbox 330 3715 2283 3798; baseline -0.002 -17"><span class='ocrx_word' id='word_1_268' title='bbox 330 3715 661 3781; x_wconf 87' lang='lat' dir='ltr'><strong>increduli</strong></span> <span class='ocrx_word' id='word_1_269' title='bbox 698 3738 827 3780; x_wconf 91' lang='lat' dir='ltr'><strong>non</strong></span> <span class='ocrx_word' id='word_1_270' title='bbox 867 3726 1138 3798; x_wconf 88' lang='lat' dir='ltr'><strong>possunt</strong></span> <span class='ocrx_word' id='word_1_271' title='bbox 1160 3716 1321 3781; x_wconf 87' lang='lat' dir='ltr'><strong>alios</strong></span> <span class='ocrx_word' id='word_1_272' title='bbox 1346 3716 1593 3794; x_wconf 88' lang='lat' dir='ltr'><strong>docere,</strong></span> <span class='ocrx_word' id='word_1_273' title='bbox 1641 3728 1856 3781; x_wconf 90' lang='lat' dir='ltr'><strong>tamen</strong></span> <span class='ocrx_word' id='word_1_274' title='bbox 1886 3737 2003 3780; x_wconf 89' lang='lat' dir='ltr'><strong>nos</strong></span> <span class='ocrx_word' id='word_1_275' title='bbox 2025 3724 2283 3798; x_wconf 89' lang='lat' dir='ltr'><strong>oportet</strong></span> 
     </span>
     <span class='ocr_line' id='line_1_40' title="bbox 330 3801 2280 3885; baseline 0.001 -19"><span class='ocrx_word' id='word_1_276' title='bbox 330 3822 561 3866; x_wconf 87' lang='lat' dir='ltr'><strong>eorum</strong></span> <span class='ocrx_word' id='word_1_277' title='bbox 609 3802 909 3884; x_wconf 86' lang='lat' dir='ltr'><strong>exemplo</strong></span> <span class='ocrx_word' id='word_1_278' title='bbox 953 3823 1200 3885; x_wconf 86' lang='lat' dir='ltr'><strong>sapere,</strong></span> <span class='ocrx_word' id='word_1_279' title='bbox 1244 3813 1312 3866; x_wconf 91' lang='lat' dir='ltr'><strong>et</strong></span> <span class='ocrx_word' id='word_1_280' title='bbox 1356 3801 1435 3867; x_wconf 91' lang='lat' dir='ltr'><strong>de</strong></span> <span class='ocrx_word' id='word_1_281' title='bbox 1483 3801 1665 3868; x_wconf 90' lang='lat' dir='ltr'><strong>nobis</strong></span> <span class='ocrx_word' id='word_1_282' title='bbox 1700 3823 1775 3866; x_wconf 91' lang='lat' dir='ltr'><strong>ac</strong></span> <span class='ocrx_word' id='word_1_283' title='bbox 1812 3801 2093 3884; x_wconf 87' lang='lat' dir='ltr'><strong>peccatis</strong></span> <span class='ocrx_word' id='word_1_284' title='bbox 2131 3823 2280 3867; x_wconf 89' lang='lat' dir='ltr'><strong>nos·</strong></span> 
     </span>
     <span class='ocr_line' id='line_1_41' title="bbox 334 3886 2279 3971; baseline 0 -20"><span class='ocrx_word' id='word_1_285' title='bbox 334 3889 463 3951; x_wconf 85' lang='lat' dir='ltr'><strong>tris</strong></span> <span class='ocrx_word' id='word_1_286' title='bbox 518 3889 688 3953; x_wconf 86' lang='lat' dir='ltr'><strong>serio</strong></span> <span class='ocrx_word' id='word_1_287' title='bbox 744 3889 1050 3971; x_wconf 87' lang='lat' dir='ltr'><strong>cogitare,</strong></span> <span class='ocrx_word' id='word_1_288' title='bbox 1117 3906 1200 3952; x_wconf 89' lang='lat' dir='ltr'><strong>ne</strong></span> <span class='ocrx_word' id='word_1_289' title='bbox 1260 3890 1326 3952; x_wconf 92' lang='lat' dir='ltr'><strong>in</strong></span> <span class='ocrx_word' id='word_1_290' title='bbox 1387 3887 1515 3953; x_wconf 87' lang='lat' dir='ltr'><strong>illis</strong></span> <span class='ocrx_word' id='word_1_291' title='bbox 1572 3889 2038 3953; x_wconf 76' lang='lat' dir='ltr'><strong>contumaciter</strong></span> <span class='ocrx_word' id='word_1_292' title='bbox 2082 3886 2279 3951; x_wconf 87' lang='lat' dir='ltr'><strong>obfir-</strong></span> 
     </span>
     <span class='ocr_line' id='line_1_42' title="bbox 331 3973 2277 4040; baseline 0 -3"><span class='ocrx_word' id='word_1_293' title='bbox 331 3993 619 4040; x_wconf 90' lang='lat' dir='ltr'><strong>memur.</strong></span> <span class='ocrx_word' id='word_1_294' title='bbox 709 3974 801 4038; x_wconf 81' lang='lat' dir='ltr'><strong>Et</strong></span> <span class='ocrx_word' id='word_1_295' title='bbox 859 3986 1088 4037; x_wconf 88' lang='lat' dir='ltr'><strong>contra</strong></span> <span class='ocrx_word' id='word_1_296' title='bbox 1142 3995 1275 4037; x_wconf 92' lang='lat' dir='ltr'><strong>non</strong></span> <span class='ocrx_word' id='word_1_297' title='bbox 1334 3974 1683 4038; x_wconf 88' lang='lat' dir='ltr'><strong>imitandos</strong></span> <span class='ocrx_word' id='word_1_298' title='bbox 1739 3973 2162 4039; x_wconf 87' lang='lat' dir='ltr'><strong>Accaronitas</strong></span> <span class='ocrx_word' id='word_1_299' title='bbox 2208 3974 2277 4037; x_wconf 89' lang='lat' dir='ltr'><strong>in</strong></span> 
     </span>
     <span class='ocr_line' id='line_1_43' title="bbox 328 4059 2278 4143; baseline -0.001 -19"><span class='ocrx_word' id='word_1_300' title='bbox 328 4079 419 4124; x_wconf 86' lang='lat' dir='ltr'><strong>eo</strong></span> <span class='ocrx_word' id='word_1_301' title='bbox 478 4060 786 4137; x_wconf 86' lang='lat' dir='ltr'><strong>sciamus,</strong></span> <span class='ocrx_word' id='word_1_302' title='bbox 858 4060 1026 4142; x_wconf 89' lang='lat' dir='ltr'><strong>quod</strong></span> <span class='ocrx_word' id='word_1_303' title='bbox 1080 4059 1471 4126; x_wconf 91' lang='lat' dir='ltr'><strong>clamoribus</strong></span> <span class='ocrx_word' id='word_1_304' title='bbox 1528 4060 1790 4143; x_wconf 88' lang='lat' dir='ltr'><strong>quidem</strong></span> <span class='ocrx_word' id='word_1_305' title='bbox 1852 4059 2099 4125; x_wconf 89' lang='lat' dir='ltr'><strong>coelum</strong></span> <span class='ocrx_word' id='word_1_306' title='bbox 2158 4062 2278 4123; x_wconf 89' lang='lat' dir='ltr'><strong>im-</strong></span> 
     </span>
     <span class='ocr_line' id='line_1_44' title="bbox 328 4144 2279 4229; baseline 0 -20"><span class='ocrx_word' id='word_1_307' title='bbox 328 4145 544 4229; x_wconf 85' lang='lat' dir='ltr'><strong>plent,</strong></span> <span class='ocrx_word' id='word_1_308' title='bbox 607 4144 721 4210; x_wconf 89' lang='lat' dir='ltr'><strong>sed</strong></span> <span class='ocrx_word' id='word_1_309' title='bbox 780 4147 1016 4210; x_wconf 88' lang='lat' dir='ltr'><strong>animis</strong></span> <span class='ocrx_word' id='word_1_310' title='bbox 1059 4145 1196 4210; x_wconf 88' lang='lat' dir='ltr'><strong>suis</strong></span> <span class='ocrx_word' id='word_1_311' title='bbox 1241 4167 1279 4210; x_wconf 90' lang='lat' dir='ltr'><strong>a</strong></span> <span class='ocrx_word' id='word_1_312' title='bbox 1326 4146 1465 4210; x_wconf 90' lang='lat' dir='ltr'><strong>Deo</strong></span> <span class='ocrx_word' id='word_1_313' title='bbox 1507 4157 1664 4210; x_wconf 90' lang='lat' dir='ltr'><strong>sunt</strong></span> <span class='ocrx_word' id='word_1_314' title='bbox 1708 4145 1922 4224; x_wconf 87' lang='lat' dir='ltr'><strong>alieni,</strong></span> <span class='ocrx_word' id='word_1_315' title='bbox 1983 4156 2055 4210; x_wconf 90' lang='lat' dir='ltr'><strong>ut</strong></span> <span class='ocrx_word' id='word_1_316' title='bbox 2097 4165 2279 4211; x_wconf 89' lang='lat' dir='ltr'><strong>acce-</strong></span> 
     </span>
     <span class='ocr_line' id='line_1_45' title="bbox 326 4231 2278 4315; baseline 0 -19"><span class='ocrx_word' id='word_1_317' title='bbox 326 4231 537 4296; x_wconf 83' lang='lat' dir='ltr'><strong>dente</strong></span> <span class='ocrx_word' id='word_1_318' title='bbox 592 4231 857 4315; x_wconf 85' lang='lat' dir='ltr'><strong>propius</strong></span> <span class='ocrx_word' id='word_1_319' title='bbox 914 4232 993 4295; x_wconf 89' lang='lat' dir='ltr'><strong>ad</strong></span> <span class='ocrx_word' id='word_1_320' title='bbox 1056 4252 1175 4296; x_wconf 92' lang='lat' dir='ltr'><strong>nos</strong></span> <span class='ocrx_word' id='word_1_321' title='bbox 1232 4251 1383 4295; x_wconf 87' lang='lat' dir='ltr'><strong>arca</strong></span> <span class='ocrx_word' id='word_1_322' title='bbox 1440 4232 1585 4307; x_wconf 86' lang='lat' dir='ltr'><strong>Dei,</strong></span> <span class='ocrx_word' id='word_1_323' title='bbox 1646 4252 1762 4297; x_wconf 92' lang='lat' dir='ltr'><strong>nos</strong></span> <span class='ocrx_word' id='word_1_324' title='bbox 1805 4231 2001 4296; x_wconf 89' lang='lat' dir='ltr'><strong>etiam</strong></span> <span class='ocrx_word' id='word_1_325' title='bbox 2043 4232 2278 4296; x_wconf 90' lang='lat' dir='ltr'><strong>animis</strong></span> 
     </span>
     <span class='ocr_line' id='line_1_46' title="bbox 327 4316 2276 4400; baseline 0 -18"><span class='ocrx_word' id='word_1_326' title='bbox 327 4319 585 4382; x_wconf 85' lang='lat' dir='ltr'><strong>nostris</strong></span> <span class='ocrx_word' id='word_1_327' title='bbox 665 4316 748 4381; x_wconf 89' lang='lat' dir='ltr'><strong>ad</strong></span> <span class='ocrx_word' id='word_1_328' title='bbox 814 4339 962 4382; x_wconf 90' lang='lat' dir='ltr'><strong>eum</strong></span> <span class='ocrx_word' id='word_1_329' title='bbox 1030 4317 1430 4383; x_wconf 87' lang='lat' dir='ltr'><strong>accedamus.</strong></span> <span class='ocrx_word' id='word_1_330' title='bbox 1519 4318 1704 4382; x_wconf 75' lang='lat' dir='ltr'><strong>&#39;Punc</strong></span> <span class='ocrx_word' id='word_1_331' title='bbox 1767 4318 1943 4381; x_wconf 89' lang='lat' dir='ltr'><strong>enim</strong></span> <span class='ocrx_word' id='word_1_332' title='bbox 2012 4318 2276 4400; x_wconf 89' lang='lat' dir='ltr'><strong>propius</strong></span> 
     </span>
     <span class='ocr_line' id='line_1_47' title="bbox 328 4402 2275 4486; baseline -0.001 -18"><span class='ocrx_word' id='word_1_333' title='bbox 328 4404 557 4468; x_wconf 89' lang='lat' dir='ltr'><strong>Deum</strong></span> <span class='ocrx_word' id='word_1_334' title='bbox 618 4402 922 4468; x_wconf 85' lang='lat' dir='ltr'><strong>accedere</strong></span> <span class='ocrx_word' id='word_1_335' title='bbox 979 4402 1307 4482; x_wconf 88' lang='lat' dir='ltr'><strong>debemus,</strong></span> <span class='ocrx_word' id='word_1_336' title='bbox 1374 4424 1574 4485; x_wconf 89' lang='lat' dir='ltr'><strong>quum</strong></span> <span class='ocrx_word' id='word_1_337' title='bbox 1632 4402 1865 4468; x_wconf 87' lang='lat' dir='ltr'><strong>iudicis</strong></span> <span class='ocrx_word' id='word_1_338' title='bbox 1924 4414 2139 4486; x_wconf 88' lang='lat' dir='ltr'><strong>partes</strong></span> <span class='ocrx_word' id='word_1_339' title='bbox 2194 4402 2275 4467; x_wconf 88' lang='lat' dir='ltr'><strong>ad</strong></span> 
     </span>
     <span class='ocr_line' id='line_1_48' title="bbox 325 4487 2277 4573; baseline -0.001 -19"><span class='ocrx_word' id='word_1_340' title='bbox 325 4510 459 4554; x_wconf 89' lang='lat' dir='ltr'><strong>nos</strong></span> <span class='ocrx_word' id='word_1_341' title='bbox 505 4487 921 4571; x_wconf 85' lang='lat' dir='ltr'><strong>castigandos</strong></span> <span class='ocrx_word' id='word_1_342' title='bbox 965 4490 1212 4572; x_wconf 85' lang='lat' dir='ltr'><strong>implet.</strong></span> <span class='ocrx_word' id='word_1_343' title='bbox 1303 4487 1476 4569; x_wconf 81' lang='lat' dir='ltr'><strong>Quid</strong></span> <span class='ocrx_word' id='word_1_344' title='bbox 1524 4509 1680 4572; x_wconf 89' lang='lat' dir='ltr'><strong>ergo</strong></span> <span class='ocrx_word' id='word_1_345' title='bbox 1724 4488 1867 4553; x_wconf 91' lang='lat' dir='ltr'><strong>Deo</strong></span> <span class='ocrx_word' id='word_1_346' title='bbox 1911 4490 2137 4573; x_wconf 86' lang='lat' dir='ltr'><strong>plagas</strong></span> <span class='ocrx_word' id='word_1_347' title='bbox 2174 4489 2277 4553; x_wconf 91' lang='lat' dir='ltr'><strong>in·</strong></span> 
     </span>
     <span class='ocr_line' id='line_1_49' title="bbox 322 4574 2273 4658; baseline 0 -19"><span class='ocrx_word' id='word_1_348' title='bbox 322 4577 716 4658; x_wconf 85' lang='lat' dir='ltr'><strong>geminante</strong></span> <span class='ocrx_word' id='word_1_349' title='bbox 750 4574 1164 4639; x_wconf 85' lang='lat' dir='ltr'><strong>faciendum?</strong></span> <span class='ocrx_word' id='word_1_350' title='bbox 1204 4575 1455 4657; x_wconf 86' lang='lat' dir='ltr'><strong>Nempe</strong></span> <span class='ocrx_word' id='word_1_351' title='bbox 1491 4574 1569 4638; x_wconf 87' lang='lat' dir='ltr'><strong>ad</strong></span> <span class='ocrx_word' id='word_1_352' title='bbox 1610 4576 1825 4658; x_wconf 89' lang='lat' dir='ltr'><strong>ipsum</strong></span> <span class='ocrx_word' id='word_1_353' title='bbox 1861 4575 2273 4640; x_wconf 89' lang='lat' dir='ltr'><strong>clamandum</strong></span> 
     </span>
     <span class='ocr_line' id='line_1_50' title="bbox 322 4659 2277 4745; baseline -0.001 -18"><span class='ocrx_word' id='word_1_354' title='bbox 322 4670 464 4727; x_wconf 86' lang='lat' dir='ltr'><strong>est:</strong></span> <span class='ocrx_word' id='word_1_355' title='bbox 524 4659 1067 4743; x_wconf 86' lang='lat' dir='ltr'><strong>quemadmodum</strong></span> <span class='ocrx_word' id='word_1_356' title='bbox 1126 4682 1321 4743; x_wconf 83' lang='lat' dir='ltr'><strong>saepe</strong></span> <span class='ocrx_word' id='word_1_357' title='bbox 1379 4662 1703 4742; x_wconf 84' lang='lat' dir='ltr'><strong>scriptura</strong></span> <span class='ocrx_word' id='word_1_358' title='bbox 1748 4660 1827 4725; x_wconf 92' lang='lat' dir='ltr'><strong>de</strong></span> <span class='ocrx_word' id='word_1_359' title='bbox 1874 4662 1995 4725; x_wconf 90' lang='lat' dir='ltr'><strong>Dei</strong></span> <span class='ocrx_word' id='word_1_360' title='bbox 2040 4661 2277 4745; x_wconf 91' lang='lat' dir='ltr'><strong>populo</strong></span> 
     </span>
     <span class='ocr_line' id='line_1_51' title="bbox 324 4746 2276 4829; baseline 0 -17"><span class='ocrx_word' id='word_1_361' title='bbox 324 4757 401 4812; x_wconf 88' lang='lat' dir='ltr'><strong>et</strong></span> <span class='ocrx_word' id='word_1_362' title='bbox 463 4747 619 4812; x_wconf 87' lang='lat' dir='ltr'><strong>filiis</strong></span> <span class='ocrx_word' id='word_1_363' title='bbox 678 4746 983 4829; x_wconf 90' lang='lat' dir='ltr'><strong>loquitur,</strong></span> <span class='ocrx_word' id='word_1_364' title='bbox 1051 4746 1161 4829; x_wconf 91' lang='lat' dir='ltr'><strong>qui</strong></span> <span class='ocrx_word' id='word_1_365' title='bbox 1220 4748 1300 4811; x_wconf 89' lang='lat' dir='ltr'><strong>ad</strong></span> <span class='ocrx_word' id='word_1_366' title='bbox 1350 4747 1563 4811; x_wconf 90' lang='lat' dir='ltr'><strong>Deum</strong></span> <span class='ocrx_word' id='word_1_367' title='bbox 1607 4746 1956 4812; x_wconf 90' lang='lat' dir='ltr'><strong>clamorem</strong></span> <span class='ocrx_word' id='word_1_368' title='bbox 2002 4748 2276 4813; x_wconf 88' lang='lat' dir='ltr'><strong>sustule-</strong></span> 
     </span>
     <span class='ocr_line' id='line_1_52' title="bbox 323 4832 2277 4916; baseline 0 -18"><span class='ocrx_word' id='word_1_369' title='bbox 323 4847 514 4904; x_wconf 86' lang='lat' dir='ltr'><strong>runt.</strong></span> <span class='ocrx_word' id='word_1_370' title='bbox 559 4843 635 4896; x_wconf 90' lang='lat' dir='ltr'><strong>ut</strong></span> <span class='ocrx_word' id='word_1_371' title='bbox 677 4833 890 4898; x_wconf 90' lang='lat' dir='ltr'><strong>coelos</strong></span> <span class='ocrx_word' id='word_1_372' title='bbox 936 4843 1321 4915; x_wconf 89' lang='lat' dir='ltr'><strong>penetraret.</strong></span> <span class='ocrx_word' id='word_1_373' title='bbox 1412 4833 1503 4896; x_wconf 87' lang='lat' dir='ltr'><strong>At</strong></span> <span class='ocrx_word' id='word_1_374' title='bbox 1545 4853 1680 4897; x_wconf 93' lang='lat' dir='ltr'><strong>non</strong></span> <span class='ocrx_word' id='word_1_375' title='bbox 1724 4853 1800 4897; x_wconf 92' lang='lat' dir='ltr'><strong>eo</strong></span> <span class='ocrx_word' id='word_1_376' title='bbox 1836 4832 2116 4899; x_wconf 88' lang='lat' dir='ltr'><strong>clamore</strong></span> <span class='ocrx_word' id='word_1_377' title='bbox 2152 4854 2277 4916; x_wconf 90' lang='lat' dir='ltr'><strong>quo</strong></span> 
     </span>
     <span class='ocr_line' id='line_1_53' title="bbox 324 4917 2275 4999; baseline -0.001 -14"><span class='ocrx_word' id='word_1_378' title='bbox 324 4917 783 4985; x_wconf 81' lang='lat' dir='ltr'><strong>Accaronitae.</strong></span> <span class='ocrx_word' id='word_1_379' title='bbox 865 4919 1032 4983; x_wconf 91' lang='lat' dir='ltr'><strong>Nam</strong></span> <span class='ocrx_word' id='word_1_380' title='bbox 1109 4918 1426 4983; x_wconf 89' lang='lat' dir='ltr'><strong>increduli</strong></span> <span class='ocrx_word' id='word_1_381' title='bbox 1477 4917 1735 4999; x_wconf 88' lang='lat' dir='ltr'><strong>quidem</strong></span> <span class='ocrx_word' id='word_1_382' title='bbox 1806 4939 2031 4984; x_wconf 91' lang='lat' dir='ltr'><strong>vocem</strong></span> <span class='ocrx_word' id='word_1_383' title='bbox 2088 4940 2275 4984; x_wconf 91' lang='lat' dir='ltr'><strong>suam</strong></span> 
     </span>
     <span class='ocr_line' id='line_1_54' title="bbox 323 5003 2279 5088; baseline 0.001 -19"><span class='ocrx_word' id='word_1_384' title='bbox 323 5006 552 5069; x_wconf 87' lang='lat' dir='ltr'><strong>instar</strong></span> <span class='ocrx_word' id='word_1_385' title='bbox 610 5005 954 5069; x_wconf 86' lang='lat' dir='ltr'><strong>brutarum</strong></span> <span class='ocrx_word' id='word_1_386' title='bbox 1012 5003 1328 5087; x_wconf 88' lang='lat' dir='ltr'><strong>pecudum</strong></span> <span class='ocrx_word' id='word_1_387' title='bbox 1387 5006 1718 5084; x_wconf 89' lang='lat' dir='ltr'><strong>emittunt,</strong></span> <span class='ocrx_word' id='word_1_388' title='bbox 1774 5026 1905 5088; x_wconf 90' lang='lat' dir='ltr'><strong>qua</strong></span> <span class='ocrx_word' id='word_1_389' title='bbox 1950 5014 2121 5071; x_wconf 88' lang='lat' dir='ltr'><strong>totus</strong></span> <span class='ocrx_word' id='word_1_390' title='bbox 2167 5020 2279 5072; x_wconf 80' lang='lat' dir='ltr'><strong>aer</strong></span> 
     </span>
     <span class='ocr_line' id='line_1_55' title="bbox 320 5088 2275 5175; baseline 0.002 -20"><span class='ocrx_word' id='word_1_391' title='bbox 320 5091 688 5172; x_wconf 83' lang='lat' dir='ltr'><strong>impleatur</strong></span> <span class='ocrx_word' id='word_1_392' title='bbox 745 5113 819 5156; x_wconf 82' lang='lat' dir='ltr'><strong>ac</strong></span> <span class='ocrx_word' id='word_1_393' title='bbox 875 5102 1196 5175; x_wconf 83' lang='lat' dir='ltr'><strong>personet,</strong></span> <span class='ocrx_word' id='word_1_394' title='bbox 1254 5088 1365 5156; x_wconf 91' lang='lat' dir='ltr'><strong>sed</strong></span> <span class='ocrx_word' id='word_1_395' title='bbox 1421 5091 1664 5155; x_wconf 84' lang='lat' dir='ltr'><strong>frustra</strong></span> <span class='ocrx_word' id='word_1_396' title='bbox 1721 5101 1787 5156; x_wconf 91' lang='lat' dir='ltr'><strong>et</strong></span> <span class='ocrx_word' id='word_1_397' title='bbox 1844 5092 1983 5156; x_wconf 90' lang='lat' dir='ltr'><strong>sine</strong></span> <span class='ocrx_word' id='word_1_398' title='bbox 2042 5092 2275 5158; x_wconf 83' lang='lat' dir='ltr'><strong>fructu.</strong></span> 
     </span>
     <span class='ocr_line' id='line_1_56' title="bbox 316 5176 2279 5262; baseline 0.001 -19"><span class='ocrx_word' id='word_1_399' title='bbox 316 5176 474 5243; x_wconf 81' lang='lat' dir='ltr'><strong>Nos</strong></span> <span class='ocrx_word' id='word_1_400' title='bbox 531 5197 688 5241; x_wconf 90' lang='lat' dir='ltr'><strong>vero</strong></span> <span class='ocrx_word' id='word_1_401' title='bbox 744 5177 825 5242; x_wconf 89' lang='lat' dir='ltr'><strong>ad</strong></span> <span class='ocrx_word' id='word_1_402' title='bbox 884 5176 1099 5241; x_wconf 86' lang='lat' dir='ltr'><strong>Deum</strong></span> <span class='ocrx_word' id='word_1_403' title='bbox 1144 5176 1520 5241; x_wconf 90' lang='lat' dir='ltr'><strong>accedentes</strong></span> <span class='ocrx_word' id='word_1_404' title='bbox 1563 5178 1877 5241; x_wconf 83' lang='lat' dir='ltr'><strong>auxilium</strong></span> <span class='ocrx_word' id='word_1_405' title='bbox 1921 5176 2004 5242; x_wconf 91' lang='lat' dir='ltr'><strong>ab</strong></span> <span class='ocrx_word' id='word_1_406' title='bbox 2046 5199 2123 5242; x_wconf 90' lang='lat' dir='ltr'><strong>eo</strong></span> <span class='ocrx_word' id='word_1_407' title='bbox 2168 5200 2279 5262; x_wconf 90' lang='lat' dir='ltr'><strong>pe-</strong></span> 
     </span>
    </p>
   </div>
   <div class='ocr_carea' id='block_1_3' title="bbox 1694 339 2983 409">
    <p class='ocr_par' dir='ltr' id='par_1_4' title="bbox 1694 339 2983 409">
     <span class='ocr_line' id='line_1_57' title="bbox 1694 339 2983 409; baseline -0.001 -2"><span class='ocrx_word' id='word_1_408' title='bbox 1694 341 1795 408; x_wconf 92' lang='lat' dir='ltr'><strong>IN</strong></span> <span class='ocrx_word' id='word_1_409' title='bbox 1838 341 1892 409; x_wconf 93' lang='lat'><strong>1.</strong></span> <span class='ocrx_word' id='word_1_410' title='bbox 1938 342 2120 409; x_wconf 88' lang='lat' dir='ltr'><strong>LIB.</strong></span> <span class='ocrx_word' id='word_1_411' title='bbox 2167 340 2569 409; x_wconf 76' lang='lat' dir='ltr'><strong>SAMUEL.</strong></span> <span class='ocrx_word' id='word_1_412' title='bbox 2619 340 2815 408; x_wconf 83' lang='lat' dir='ltr'><strong>OAP.</strong></span> <span class='ocrx_word' id='word_1_413' title='bbox 2865 339 2983 406; x_wconf 85' lang='lat' dir='ltr'><strong>VI.</strong></span> 
     </span>
    </p>
   </div>
   <div class='ocr_carea' id='block_1_4' title="bbox 4201 350 4329 417">
    <p class='ocr_par' dir='ltr' id='par_1_5' title="bbox 4201 350 4329 417">
     <span class='ocr_line' id='line_1_58' title="bbox 4201 350 4329 417; baseline 0 0"><span class='ocrx_word' id='word_1_414' title='bbox 4201 350 4329 417; x_wconf 88' lang='grc'><strong>466</strong></span> 
     </span>
    </p>
   </div>
   <div class='ocr_carea' id='block_1_5' title="bbox 2384 531 4333 1305">
    <p class='ocr_par' dir='ltr' id='par_1_6' title="bbox 2384 531 4333 1305">
     <span class='ocr_line' id='line_1_59' title="bbox 2392 531 4331 617; baseline 0.004 -19"><span class='ocrx_word' id='word_1_415' title='bbox 2392 533 2693 604; x_wconf 84' lang='lat' dir='ltr'><strong>sciamus.</strong></span> <span class='ocrx_word' id='word_1_416' title='bbox 2759 531 2815 597; x_wconf 89' lang='lat' dir='ltr'><strong>si</strong></span> <span class='ocrx_word' id='word_1_417' title='bbox 2880 531 3166 615; x_wconf 89' lang='lat' dir='ltr'><strong>gemitus</strong></span> <span class='ocrx_word' id='word_1_418' title='bbox 3225 534 3293 599; x_wconf 93' lang='lat' dir='ltr'><strong>in</strong></span> <span class='ocrx_word' id='word_1_419' title='bbox 3340 534 3722 617; x_wconf 89' lang='lat' dir='ltr'><strong>eminemus,</strong></span> <span class='ocrx_word' id='word_1_420' title='bbox 3802 558 3936 602; x_wconf 89' lang='lat' dir='ltr'><strong>non</strong></span> <span class='ocrx_word' id='word_1_421' title='bbox 4013 536 4331 608; x_wconf 89' lang='lat' dir='ltr'><strong>adversus</strong></span> 
     </span>
     <span class='ocr_line' id='line_1_60' title="bbox 2390 622 4333 708; baseline 0.004 -24"><span class='ocrx_word' id='word_1_422' title='bbox 2390 639 2539 684; x_wconf 89' lang='lat' dir='ltr'><strong>eum</strong></span> <span class='ocrx_word' id='word_1_423' title='bbox 2586 628 3091 699; x_wconf 85' lang='lat' dir='ltr'><strong>murmurantes,</strong></span> <span class='ocrx_word' id='word_1_424' title='bbox 3155 628 3269 684; x_wconf 87' lang='lat' dir='ltr'><strong>aut</strong></span> <span class='ocrx_word' id='word_1_425' title='bbox 3336 622 3492 686; x_wconf 88' lang='lat' dir='ltr'><strong>item</strong></span> <span class='ocrx_word' id='word_1_426' title='bbox 3536 623 3958 702; x_wconf 88' lang='lat' dir='ltr'><strong>intentantes,</strong></span> <span class='ocrx_word' id='word_1_427' title='bbox 4024 624 4135 691; x_wconf 89' lang='lat' dir='ltr'><strong>sed</strong></span> <span class='ocrx_word' id='word_1_428' title='bbox 4181 645 4333 708; x_wconf 86' lang='lat' dir='ltr'><strong>pec·</strong></span> 
     </span>
     <span class='ocr_line' id='line_1_61' title="bbox 2388 706 4329 794; baseline 0.005 -25"><span class='ocrx_word' id='word_1_429' title='bbox 2388 716 2537 770; x_wconf 89' lang='lat' dir='ltr'><strong>cata</strong></span> <span class='ocrx_word' id='word_1_430' title='bbox 2580 713 2806 769; x_wconf 89' lang='lat' dir='ltr'><strong>nostra</strong></span> <span class='ocrx_word' id='word_1_431' title='bbox 2848 706 3254 785; x_wconf 84' lang='lat' dir='ltr'><strong>confitentes,</strong></span> <span class='ocrx_word' id='word_1_432' title='bbox 3313 717 3380 772; x_wconf 86' lang='lat' dir='ltr'><strong>et</strong></span> <span class='ocrx_word' id='word_1_433' title='bbox 3422 707 3591 773; x_wconf 90' lang='lat' dir='ltr'><strong>iuste</strong></span> <span class='ocrx_word' id='word_1_434' title='bbox 3637 728 3755 774; x_wconf 92' lang='lat' dir='ltr'><strong>nos</strong></span> <span class='ocrx_word' id='word_1_435' title='bbox 3799 709 4018 791; x_wconf 89' lang='lat' dir='ltr'><strong>puniri</strong></span> <span class='ocrx_word' id='word_1_436' title='bbox 4062 711 4144 776; x_wconf 87' lang='lat' dir='ltr'><strong>ab</strong></span> <span class='ocrx_word' id='word_1_437' title='bbox 4192 712 4329 794; x_wconf 88' lang='lat' dir='ltr'><strong>ipso</strong></span> 
     </span>
     <span class='ocr_line' id='line_1_62' title="bbox 2389 790 4331 874; baseline 0.005 -19"><span class='ocrx_word' id='word_1_438' title='bbox 2389 812 2425 855; x_wconf 92' lang='lat' dir='ltr'><strong>a</strong></span> <span class='ocrx_word' id='word_1_439' title='bbox 2477 800 2846 857; x_wconf 87' lang='lat' dir='ltr'><strong>noscentes:</strong></span> <span class='ocrx_word' id='word_1_440' title='bbox 2908 810 2983 855; x_wconf 87' lang='lat' dir='ltr'><strong>ac</strong></span> <span class='ocrx_word' id='word_1_441' title='bbox 3038 790 3313 874; x_wconf 91' lang='lat' dir='ltr'><strong>proinde</strong></span> <span class='ocrx_word' id='word_1_442' title='bbox 3373 807 3512 857; x_wconf 89' lang='lat' dir='ltr'><strong>tum</strong></span> <span class='ocrx_word' id='word_1_443' title='bbox 3572 794 3894 860; x_wconf 87' lang='lat' dir='ltr'><strong>salutares</strong></span> <span class='ocrx_word' id='word_1_444' title='bbox 3952 796 4087 860; x_wconf 83' lang='lat' dir='ltr'><strong>fore</strong></span> <span class='ocrx_word' id='word_1_445' title='bbox 4143 797 4331 865; x_wconf 88' lang='lat' dir='ltr'><strong>nobis</strong></span> 
     </span>
     <span class='ocr_line' id='line_1_63' title="bbox 2388 876 4333 961; baseline 0.004 -19"><span class='ocrx_word' id='word_1_446' title='bbox 2388 896 2425 942; x_wconf 88' lang='lat' dir='ltr'><strong>a</strong></span> <span class='ocrx_word' id='word_1_447' title='bbox 2507 877 2775 942; x_wconf 88' lang='lat' dir='ltr'><strong>ictiones</strong></span> <span class='ocrx_word' id='word_1_448' title='bbox 2841 876 3123 942; x_wconf 85' lang='lat' dir='ltr'><strong>sciamus</strong></span> <span class='ocrx_word' id='word_1_449' title='bbox 3147 927 3162 954; x_wconf 91' lang='lat'><strong>,</strong></span> <span class='ocrx_word' id='word_1_450' title='bbox 3227 898 3473 961; x_wconf 86' lang='lat' dir='ltr'><strong>nosque</strong></span> <span class='ocrx_word' id='word_1_451' title='bbox 3538 881 3620 945; x_wconf 87' lang='lat' dir='ltr'><strong>ab</strong></span> <span class='ocrx_word' id='word_1_452' title='bbox 3684 881 3766 945; x_wconf 89' lang='lat' dir='ltr'><strong>iis</strong></span> <span class='ocrx_word' id='word_1_453' title='bbox 3834 880 4198 948; x_wconf 89' lang='lat' dir='ltr'><strong>liberandos</strong></span> <span class='ocrx_word' id='word_1_454' title='bbox 4263 891 4333 950; x_wconf 88' lang='lat' dir='ltr'><strong>et</strong></span> 
     </span>
     <span class='ocr_line' id='line_1_64' title="bbox 2388 960 4330 1053; baseline 0.005 -27"><span class='ocrx_word' id='word_1_455' title='bbox 2388 960 2849 1039; x_wconf 88' lang='lat' dir='ltr'><strong>sublevandos,</strong></span> <span class='ocrx_word' id='word_1_456' title='bbox 2915 960 3107 1027; x_wconf 88' lang='lat' dir='ltr'><strong>modo</strong></span> <span class='ocrx_word' id='word_1_457' title='bbox 3172 962 3385 1047; x_wconf 89' lang='lat' dir='ltr'><strong>ipsum</strong></span> <span class='ocrx_word' id='word_1_458' title='bbox 3453 972 3528 1029; x_wconf 88' lang='lat' dir='ltr'><strong>ut</strong></span> <span class='ocrx_word' id='word_1_459' title='bbox 3588 964 3813 1033; x_wconf 89' lang='lat' dir='ltr'><strong>fideles</strong></span> <span class='ocrx_word' id='word_1_460' title='bbox 3879 967 4083 1045; x_wconf 87' lang='lat' dir='ltr'><strong>decet,</strong></span> <span class='ocrx_word' id='word_1_461' title='bbox 4166 976 4330 1053; x_wconf 86' lang='lat' dir='ltr'><strong>puta</strong></span> 
     </span>
     <span class='ocr_line' id='line_1_65' title="bbox 2388 1046 4328 1148; baseline 0.005 -35"><span class='ocrx_word' id='word_1_462' title='bbox 2388 1069 2545 1113; x_wconf 87' lang='lat' dir='ltr'><strong>vera</strong></span> <span class='ocrx_word' id='word_1_463' title='bbox 2600 1046 2729 1148; x_wconf 78' lang='lat' dir='ltr'><strong>.fi‘¹⁰</strong></span> <span class='ocrx_word' id='word_1_464' title='bbox 2784 1054 2853 1113; x_wconf 86' lang='lat' dir='ltr'><strong>et</strong></span> <span class='ocrx_word' id='word_1_465' title='bbox 2912 1048 3316 1132; x_wconf 88' lang='lat' dir='ltr'><strong>poenitentia</strong></span> <span class='ocrx_word' id='word_1_466' title='bbox 3358 1071 3767 1133; x_wconf 86' lang='lat' dir='ltr'><strong>quaeramus,</strong></span> <span class='ocrx_word' id='word_1_467' title='bbox 3822 1059 3891 1117; x_wconf 90' lang='lat' dir='ltr'><strong>et</strong></span> <span class='ocrx_word' id='word_1_468' title='bbox 3932 1054 4001 1118; x_wconf 89' lang='lat' dir='ltr'><strong>in</strong></span> <span class='ocrx_word' id='word_1_469' title='bbox 4045 1075 4178 1120; x_wconf 92' lang='lat' dir='ltr'><strong>uno</strong></span> <span class='ocrx_word' id='word_1_470' title='bbox 4214 1055 4328 1123; x_wconf 90' lang='lat' dir='ltr'><strong>illo</strong></span> 
     </span>
     <span class='ocr_line' id='line_1_66' title="bbox 2384 1154 2936 1217; baseline -0.004 -16"><span class='ocrx_word' id='word_1_471' title='bbox 2384 1154 2936 1217; x_wconf 79' lang='lat' dir='ltr'><strong>conquiescamus.</strong></span> 
     </span>
     <span class='ocr_line' id='line_1_67' title="bbox 2557 1218 3303 1305; baseline 0.004 -19"><span class='ocrx_word' id='word_1_472' title='bbox 2557 1218 2911 1286; x_wconf 80' lang='lat' dir='ltr'><strong>Caeterum</strong></span> <span class='ocrx_word' id='word_1_473' title='bbox 2956 1220 3150 1305; x_wconf 88' lang='lat' dir='ltr'><strong>agite,</strong></span> <span class='ocrx_word' id='word_1_474' title='bbox 3195 1227 3303 1288; x_wconf 86' lang='lat' dir='ltr'><strong>etc.</strong></span> 
     </span>
    </p>
   </div>
   <div class='ocr_carea' id='block_1_6' title="bbox 2966 1539 3741 1718">
    <p class='ocr_par' dir='ltr' id='par_1_7' title="bbox 2966 1539 3741 1718">
     <span class='ocr_line' id='line_1_68' title="bbox 2966 1539 3741 1624; baseline 0.005 -4"><span class='ocrx_word' id='word_1_475' title='bbox 2966 1539 3467 1623; x_wconf 86' lang='lat' dir='ltr'><strong>HOMILIA</strong></span> <span class='ocrx_word' id='word_1_476' title='bbox 3510 1541 3741 1624; x_wconf 89' lang='lat' dir='ltr'><strong>XXI.</strong></span> 
     </span>
     <span class='ocr_line' id='line_1_69' title="bbox 3174 1649 3541 1718; baseline 0.003 -1"><span class='ocrx_word' id='word_1_477' title='bbox 3174 1649 3373 1717; x_wconf 85' lang='lat' dir='ltr'><strong>OAP.</strong></span> <span class='ocrx_word' id='word_1_478' title='bbox 3419 1651 3541 1718; x_wconf 85' lang='lat' dir='ltr'><strong>VI.</strong></span> 
     </span>
    </p>
   </div>
   <div class='ocr_carea' id='block_1_7' title="bbox 2387 1819 4331 3266">
    <p class='ocr_par' dir='ltr' id='par_1_8' title="bbox 2387 1819 4331 3266">
     <span class='ocr_line' id='line_1_70' title="bbox 2563 1819 4325 1909; baseline 0.005 -23"><span class='ocrx_word' id='word_1_479' title='bbox 2563 1823 2621 1886; x_wconf 92' lang='lat'><strong>1.</strong></span> <span class='ocrx_word' id='word_1_480' title='bbox 2670 1819 2828 1887; x_wconf 78' lang='lat' dir='ltr'><strong>Fuit</strong></span> <span class='ocrx_word' id='word_1_481' title='bbox 2867 1842 3011 1906; x_wconf 71' lang='lat' dir='ltr'><strong>erqo</strong></span> <span class='ocrx_word' id='word_1_482' title='bbox 3055 1841 3209 1889; x_wconf 89' lang='lat' dir='ltr'><strong>arca</strong></span> <span class='ocrx_word' id='word_1_483' title='bbox 3251 1821 3520 1888; x_wconf 75' lang='lat' dir='ltr'><strong>Domini</strong></span> <span class='ocrx_word' id='word_1_484' title='bbox 3561 1825 3632 1889; x_wconf 76' lang='lat' dir='ltr'><strong>in</strong></span> <span class='ocrx_word' id='word_1_485' title='bbox 3666 1825 3915 1909; x_wconf 69' lang='lat' dir='ltr'><strong>reqione</strong></span> <span class='ocrx_word' id='word_1_486' title='bbox 3948 1825 4325 1895; x_wconf 76' lang='lat' dir='ltr'><strong>Philistaeo-</strong></span> 
     </span>
     <span class='ocr_line' id='line_1_71' title="bbox 2387 1903 4328 2010; baseline 0.005 -34"><span class='ocrx_word' id='word_1_487' title='bbox 2387 1929 2534 1976; x_wconf 75' lang='lat' dir='ltr'><strong>rum</strong></span> <span class='ocrx_word' id='word_1_488' title='bbox 2596 1914 2828 1990; x_wconf 76' lang='lat' dir='ltr'><strong>septem</strong></span> <span class='ocrx_word' id='word_1_489' title='bbox 2880 1910 3216 2010; x_wconf 48' lang='lat' dir='ltr'><strong>mensibus.</strong></span> <span class='ocrx_word' id='word_1_490' title='bbox 3303 1910 3365 1974; x_wconf 82' lang='lat'><strong>2.</strong></span> <span class='ocrx_word' id='word_1_491' title='bbox 3433 1910 3525 1974; x_wconf 83' lang='lat' dir='ltr'><strong>Et</strong></span> <span class='ocrx_word' id='word_1_492' title='bbox 3573 1918 3943 1979; x_wconf 80' lang='lat' dir='ltr'><strong>vocaverunt</strong></span> <span class='ocrx_word' id='word_1_493' title='bbox 3988 1903 4328 1984; x_wconf 76' lang='lat' dir='ltr'><strong>Philistaei</strong></span> 
     </span>
     <span class='ocr_line' id='line_1_72' title="bbox 2389 1994 4328 2080; baseline 0.005 -19"><span class='ocrx_word' id='word_1_494' title='bbox 2389 1996 2732 2062; x_wconf 81' lang='lat' dir='ltr'><strong>sacerdotes</strong></span> <span class='ocrx_word' id='word_1_495' title='bbox 2773 2000 2829 2059; x_wconf 82' lang='lat' dir='ltr'><strong>et</strong></span> <span class='ocrx_word' id='word_1_496' title='bbox 2868 1995 3137 2079; x_wconf 72' lang='lat' dir='ltr'><strong>divinos,</strong></span> <span class='ocrx_word' id='word_1_497' title='bbox 3180 1994 3480 2062; x_wconf 78' lang='lat' dir='ltr'><strong>dicentes.-</strong></span> <span class='ocrx_word' id='word_1_498' title='bbox 3528 1997 3696 2078; x_wconf 74' lang='lat' dir='ltr'><strong>Quid</strong></span> <span class='ocrx_word' id='word_1_499' title='bbox 3725 1999 4032 2080; x_wconf 79' lang='lat' dir='ltr'><strong>faciemus</strong></span> <span class='ocrx_word' id='word_1_500' title='bbox 4064 2001 4142 2066; x_wconf 87' lang='lat' dir='ltr'><strong>de</strong></span> <span class='ocrx_word' id='word_1_501' title='bbox 4175 2023 4328 2071; x_wconf 85' lang='lat' dir='ltr'><strong>arca</strong></span> 
     </span>
     <span class='ocr_line' id='line_1_73' title="bbox 2390 2080 4326 2162; baseline 0.005 -15"><span class='ocrx_word' id='word_1_502' title='bbox 2390 2081 2705 2147; x_wconf 75' lang='lat' dir='ltr'><strong>Domini?</strong></span> <span class='ocrx_word' id='word_1_503' title='bbox 2763 2081 3049 2146; x_wconf 67' lang='lat' dir='ltr'><strong>Iudicate</strong></span> <span class='ocrx_word' id='word_1_504' title='bbox 3091 2080 3268 2146; x_wconf 82' lang='lat' dir='ltr'><strong>nobis</strong></span> <span class='ocrx_word' id='word_1_505' title='bbox 3308 2084 3604 2162; x_wconf 77' lang='lat' dir='ltr'><strong>quomodo</strong></span> <span class='ocrx_word' id='word_1_506' title='bbox 3644 2086 4033 2152; x_wconf 77' lang='lat' dir='ltr'><strong>remittamus</strong></span> <span class='ocrx_word' id='word_1_507' title='bbox 4073 2107 4213 2154; x_wconf 86' lang='lat' dir='ltr'><strong>eam</strong></span> <span class='ocrx_word' id='word_1_508' title='bbox 4253 2091 4326 2156; x_wconf 77' lang='lat' dir='ltr'><strong>in</strong></span> 
     </span>
     <span class='ocr_line' id='line_1_74' title="bbox 2388 2167 4325 2250; baseline 0.004 -15"><span class='ocrx_word' id='word_1_509' title='bbox 2388 2168 2592 2235; x_wconf 79' lang='lat' dir='ltr'><strong>locum</strong></span> <span class='ocrx_word' id='word_1_510' title='bbox 2647 2186 2855 2232; x_wconf 79' lang='lat' dir='ltr'><strong>suum.</strong></span> <span class='ocrx_word' id='word_1_511' title='bbox 2944 2167 3004 2233; x_wconf 85' lang='lat'><strong>3.</strong></span> <span class='ocrx_word' id='word_1_512' title='bbox 3071 2167 3194 2250; x_wconf 74' lang='lat' dir='ltr'><strong>Qui</strong></span> <span class='ocrx_word' id='word_1_513' title='bbox 3234 2167 3570 2234; x_wconf 77' lang='lat' dir='ltr'><strong>dixerunt.-</strong></span> <span class='ocrx_word' id='word_1_514' title='bbox 3633 2168 3711 2236; x_wconf 81' lang='lat' dir='ltr'><strong>Si</strong></span> <span class='ocrx_word' id='word_1_515' title='bbox 3751 2173 4065 2238; x_wconf 74' lang='lat' dir='ltr'><strong>remittitis</strong></span> <span class='ocrx_word' id='word_1_516' title='bbox 4105 2195 4325 2242; x_wconf 83' lang='lat' dir='ltr'><strong>arcam</strong></span> 
     </span>
     <span class='ocr_line' id='line_1_75' title="bbox 2390 2251 4331 2345; baseline 0.004 -25"><span class='ocrx_word' id='word_1_517' title='bbox 2390 2254 2518 2320; x_wconf 82' lang='lat' dir='ltr'><strong>Dei</strong></span> <span class='ocrx_word' id='word_1_518' title='bbox 2577 2251 2805 2332; x_wconf 75' lang='lat' dir='ltr'><strong>Israel,</strong></span> <span class='ocrx_word' id='word_1_519' title='bbox 2863 2255 3054 2320; x_wconf 77' lang='lat' dir='ltr'><strong>nolite</strong></span> <span class='ocrx_word' id='word_1_520' title='bbox 3108 2253 3416 2318; x_wconf 77' lang='lat' dir='ltr'><strong>dimittere</strong></span> <span class='ocrx_word' id='word_1_521' title='bbox 3472 2276 3611 2322; x_wconf 87' lang='lat' dir='ltr'><strong>eam</strong></span> <span class='ocrx_word' id='word_1_522' title='bbox 3663 2278 3959 2323; x_wconf 82' lang='lat' dir='ltr'><strong>vacuam.-</strong></span> <span class='ocrx_word' id='word_1_523' title='bbox 4013 2261 4122 2326; x_wconf 88' lang='lat' dir='ltr'><strong>sed</strong></span> <span class='ocrx_word' id='word_1_524' title='bbox 4162 2262 4331 2345; x_wconf 79' lang='lat' dir='ltr'><strong>quod</strong></span> 
     </span>
     <span class='ocr_line' id='line_1_76' title="bbox 2390 2339 4330 2421; baseline 0.004 -15"><span class='ocrx_word' id='word_1_525' title='bbox 2390 2339 2622 2406; x_wconf 83' lang='lat' dir='ltr'><strong>debetis</strong></span> <span class='ocrx_word' id='word_1_526' title='bbox 2676 2340 2919 2405; x_wconf 84' lang='lat' dir='ltr'><strong>reddite</strong></span> <span class='ocrx_word' id='word_1_527' title='bbox 2961 2340 3021 2405; x_wconf 86' lang='lat' dir='ltr'><strong>ei</strong></span> <span class='ocrx_word' id='word_1_528' title='bbox 3051 2358 3178 2421; x_wconf 78' lang='lat' dir='ltr'><strong>pro</strong></span> <span class='ocrx_word' id='word_1_529' title='bbox 3211 2343 3481 2421; x_wconf 79' lang='lat' dir='ltr'><strong>peccate,</strong></span> <span class='ocrx_word' id='word_1_530' title='bbox 3526 2346 3582 2406; x_wconf 84' lang='lat' dir='ltr'><strong>et</strong></span> <span class='ocrx_word' id='word_1_531' title='bbox 3620 2346 3765 2407; x_wconf 79' lang='lat' dir='ltr'><strong>tanc</strong></span> <span class='ocrx_word' id='word_1_532' title='bbox 3803 2344 4219 2413; x_wconf 77' lang='lat' dir='ltr'><strong>curabimini:</strong></span> <span class='ocrx_word' id='word_1_533' title='bbox 4273 2352 4330 2414; x_wconf 85' lang='lat' dir='ltr'><strong>et</strong></span> 
     </span>
     <span class='ocr_line' id='line_1_77' title="bbox 2389 2425 4329 2517; baseline 0.005 -27"><span class='ocrx_word' id='word_1_534' title='bbox 2389 2427 2597 2492; x_wconf 84' lang='lat' dir='ltr'><strong>scietis</strong></span> <span class='ocrx_word' id='word_1_535' title='bbox 2637 2446 2833 2507; x_wconf 77' lang='lat' dir='ltr'><strong>quare</strong></span> <span class='ocrx_word' id='word_1_536' title='bbox 2874 2444 3000 2490; x_wconf 78' lang='lat' dir='ltr'><strong>reon</strong></span> <span class='ocrx_word' id='word_1_537' title='bbox 3031 2425 3275 2491; x_wconf 83' lang='lat' dir='ltr'><strong>recedat</strong></span> <span class='ocrx_word' id='word_1_538' title='bbox 3314 2446 3542 2491; x_wconf 79' lang='lat' dir='ltr'><strong>manus</strong></span> <span class='ocrx_word' id='word_1_539' title='bbox 3578 2429 3715 2493; x_wconf 82' lang='lat' dir='ltr'><strong>eius</strong></span> <span class='ocrx_word' id='word_1_540' title='bbox 3748 2448 3792 2494; x_wconf 91' lang='lat' dir='ltr'><strong>a</strong></span> <span class='ocrx_word' id='word_1_541' title='bbox 3825 2430 4012 2496; x_wconf 82' lang='lat' dir='ltr'><strong>vobis.</strong></span> <span class='ocrx_word' id='word_1_542' title='bbox 4099 2431 4159 2498; x_wconf 87' lang='lat'><strong>4.</strong></span> <span class='ocrx_word' id='word_1_543' title='bbox 4205 2434 4329 2517; x_wconf 74' lang='lat' dir='ltr'><strong>Qui</strong></span> 
     </span>
     <span class='ocr_line' id='line_1_78' title="bbox 2389 2511 4330 2593; baseline 0.004 -15"><span class='ocrx_word' id='word_1_544' title='bbox 2389 2514 2717 2578; x_wconf 72' lang='lat' dir='ltr'><strong>dixerunt:</strong></span> <span class='ocrx_word' id='word_1_545' title='bbox 2771 2511 2945 2593; x_wconf 75' lang='lat' dir='ltr'><strong>Quid</strong></span> <span class='ocrx_word' id='word_1_546' title='bbox 2981 2517 3072 2577; x_wconf 85' lang='lat' dir='ltr'><strong>est</strong></span> <span class='ocrx_word' id='word_1_547' title='bbox 3113 2513 3278 2593; x_wconf 81' lang='lat' dir='ltr'><strong>quod</strong></span> <span class='ocrx_word' id='word_1_548' title='bbox 3299 2532 3428 2593; x_wconf 77' lang='lat' dir='ltr'><strong>pro</strong></span> <span class='ocrx_word' id='word_1_549' title='bbox 3461 2513 3676 2580; x_wconf 83' lang='lat' dir='ltr'><strong>delicto</strong></span> <span class='ocrx_word' id='word_1_550' title='bbox 3709 2515 3967 2580; x_wconf 79' lang='lat' dir='ltr'><strong>reddere</strong></span> <span class='ocrx_word' id='word_1_551' title='bbox 3999 2516 4330 2586; x_wconf 79' lang='lat' dir='ltr'><strong>debeamus</strong></span> 
     </span>
     <span class='ocr_line' id='line_1_79' title="bbox 2391 2597 4330 2686; baseline 0.005 -24"><span class='ocrx_word' id='word_1_552' title='bbox 2391 2599 2450 2663; x_wconf 89' lang='lat' dir='ltr'><strong>ei</strong></span> <span class='ocrx_word' id='word_1_553' title='bbox 2466 2598 2504 2662; x_wconf 65' lang='lat'><strong><em>3</em></strong></span> <span class='ocrx_word' id='word_1_554' title='bbox 2581 2597 3174 2679; x_wconf 78' lang='lat' dir='ltr'><strong>Responderuntque</strong></span> <span class='ocrx_word' id='word_1_555' title='bbox 3227 2597 3330 2662; x_wconf 82' lang='lat' dir='ltr'><strong>illi</strong></span> <span class='ocrx_word' id='word_1_556' title='bbox 3346 2623 3365 2662; x_wconf 92' lang='lat'><strong>.·</strong></span> <span class='ocrx_word' id='word_1_557' title='bbox 3440 2599 3633 2664; x_wconf 71' lang='lat' dir='ltr'><strong>quta</strong></span> <span class='ocrx_word' id='word_1_558' title='bbox 3697 2621 4024 2667; x_wconf 81' lang='lat' dir='ltr'><strong>numerum</strong></span> <span class='ocrx_word' id='word_1_559' title='bbox 4071 2608 4330 2686; x_wconf 78' lang='lat' dir='ltr'><strong>provin-</strong></span> 
     </span>
     <span class='ocr_line' id='line_1_80' title="bbox 2390 2682 4329 2773; baseline 0.003 -23"><span class='ocrx_word' id='word_1_560' title='bbox 2390 2684 2637 2750; x_wconf 77' lang='lat' dir='ltr'><strong>ciaram</strong></span> <span class='ocrx_word' id='word_1_561' title='bbox 2701 2682 3189 2748; x_wconf 62' lang='lat' dir='ltr'><strong>Phili-§tinorum</strong></span> <span class='ocrx_word' id='word_1_562' title='bbox 3245 2685 3516 2766; x_wconf 78' lang='lat' dir='ltr'><strong>quinque</strong></span> <span class='ocrx_word' id='word_1_563' title='bbox 3572 2704 3728 2751; x_wconf 80' lang='lat' dir='ltr'><strong>anos</strong></span> <span class='ocrx_word' id='word_1_564' title='bbox 3786 2708 4008 2754; x_wconf 77' lang='lat' dir='ltr'><strong>aureos</strong></span> <span class='ocrx_word' id='word_1_565' title='bbox 4061 2692 4329 2773; x_wconf 73' lang='lat' dir='ltr'><strong>facietiS,</strong></span> 
     </span>
     <span class='ocr_line' id='line_1_81' title="bbox 2391 2770 4330 2855; baseline 0.004 -21"><span class='ocrx_word' id='word_1_566' title='bbox 2391 2774 2447 2834; x_wconf 85' lang='lat' dir='ltr'><strong>et</strong></span> <span class='ocrx_word' id='word_1_567' title='bbox 2488 2771 2762 2852; x_wconf 74' lang='lat' dir='ltr'><strong>quinque</strong></span> <span class='ocrx_word' id='word_1_568' title='bbox 2797 2789 3009 2834; x_wconf 79' lang='lat' dir='ltr'><strong>mures</strong></span> <span class='ocrx_word' id='word_1_569' title='bbox 3049 2787 3273 2834; x_wconf 77' lang='lat' dir='ltr'><strong>aureos</strong></span> <span class='ocrx_word' id='word_1_570' title='bbox 3288 2793 3308 2834; x_wconf 92' lang='lat'><strong>.·</strong></span> <span class='ocrx_word' id='word_1_571' title='bbox 3364 2770 3514 2851; x_wconf 79' lang='lat' dir='ltr'><strong>quia</strong></span> <span class='ocrx_word' id='word_1_572' title='bbox 3707 2793 3750 2835; x_wconf 93' lang='lat' dir='ltr'><strong>a</strong></span> <span class='ocrx_word' id='word_1_573' title='bbox 3788 2793 3920 2837; x_wconf 80' lang='lat' dir='ltr'><strong>una</strong></span> <span class='ocrx_word' id='word_1_574' title='bbox 3957 2776 4087 2855; x_wconf 79' lang='lat' dir='ltr'><strong>fuit</strong></span> <span class='ocrx_word' id='word_1_575' title='bbox 4129 2777 4330 2842; x_wconf 82' lang='lat' dir='ltr'><strong>omni-</strong></span> 
     </span>
     <span class='ocr_line' id='line_1_82' title="bbox 2389 2855 4328 2941; baseline 0.003 -19"><span class='ocrx_word' id='word_1_576' title='bbox 2389 2855 2503 2922; x_wconf 69' lang='lat' dir='ltr'><strong>bus</strong></span> <span class='ocrx_word' id='word_1_577' title='bbox 2561 2855 2753 2933; x_wconf 81' lang='lat' dir='ltr'><strong>vobis,</strong></span> <span class='ocrx_word' id='word_1_578' title='bbox 2799 2860 2855 2920; x_wconf 88' lang='lat' dir='ltr'><strong>et</strong></span> <span class='ocrx_word' id='word_1_579' title='bbox 2894 2855 3180 2937; x_wconf 76' lang='lat' dir='ltr'><strong>satrapis</strong></span> <span class='ocrx_word' id='word_1_580' title='bbox 3220 2856 3462 2921; x_wconf 85' lang='lat' dir='ltr'><strong>vestris.</strong></span> <span class='ocrx_word' id='word_1_581' title='bbox 3551 2856 3612 2921; x_wconf 83' lang='lat'><strong>5.</strong></span> <span class='ocrx_word' id='word_1_582' title='bbox 3722 2859 4054 2941; x_wconf 78' lang='lat' dir='ltr'><strong>acietisque</strong></span> <span class='ocrx_word' id='word_1_583' title='bbox 4096 2862 4328 2927; x_wconf 83' lang='lat' dir='ltr'><strong>simili-</strong></span> 
     </span>
     <span class='ocr_line' id='line_1_83' title="bbox 2387 2943 4327 3021; baseline 0.003 -13"><span class='ocrx_word' id='word_1_584' title='bbox 2387 2943 2639 3008; x_wconf 78' lang='lat' dir='ltr'><strong>tudines</strong></span> <span class='ocrx_word' id='word_1_585' title='bbox 2694 2961 2960 3006; x_wconf 78' lang='lat' dir='ltr'><strong>anorum</strong></span> <span class='ocrx_word' id='word_1_586' title='bbox 3014 2947 3381 3021; x_wconf 78' lang='lat' dir='ltr'><strong>vestrorum,</strong></span> <span class='ocrx_word' id='word_1_587' title='bbox 3442 2945 3499 3006; x_wconf 88' lang='lat' dir='ltr'><strong>et</strong></span> <span class='ocrx_word' id='word_1_588' title='bbox 3555 2943 4007 3010; x_wconf 79' lang='lat' dir='ltr'><strong>similitudines</strong></span> <span class='ocrx_word' id='word_1_589' title='bbox 4047 2948 4327 3013; x_wconf 79' lang='lat' dir='ltr'><strong>murium</strong></span> 
     </span>
     <span class='ocr_line' id='line_1_84' title="bbox 2388 3026 4322 3115; baseline 0.003 -23"><span class='ocrx_word' id='word_1_590' title='bbox 2388 3029 2501 3110; x_wconf 74' lang='lat' dir='ltr'><strong>qai</strong></span> <span class='ocrx_word' id='word_1_591' title='bbox 2539 3026 2814 3094; x_wconf 70' lang='lat' dir='ltr'><strong>deinoliti</strong></span> <span class='ocrx_word' id='word_1_592' title='bbox 2855 3032 3004 3092; x_wconf 79' lang='lat' dir='ltr'><strong>sunt</strong></span> <span class='ocrx_word' id='word_1_593' title='bbox 3035 3032 3286 3104; x_wconf 86' lang='lat' dir='ltr'><strong>terram,</strong></span> <span class='ocrx_word' id='word_1_594' title='bbox 3330 3033 3387 3092; x_wconf 89' lang='lat' dir='ltr'><strong>et</strong></span> <span class='ocrx_word' id='word_1_595' title='bbox 3407 3026 3642 3093; x_wconf 82' lang='lat' dir='ltr'><strong>dabitis</strong></span> <span class='ocrx_word' id='word_1_596' title='bbox 3664 3030 3776 3094; x_wconf 84' lang='lat' dir='ltr'><strong>deo</strong></span> <span class='ocrx_word' id='word_1_597' title='bbox 3799 3027 4008 3094; x_wconf 80' lang='lat' dir='ltr'><strong>Isran</strong></span> <span class='ocrx_word' id='word_1_598' title='bbox 4023 3031 4322 3115; x_wconf 76' lang='lat' dir='ltr'><strong>yloriam:</strong></span> 
     </span>
     <span class='ocr_line' id='line_1_85' title="bbox 2387 3113 4326 3200; baseline 0.003 -21"><span class='ocrx_word' id='word_1_599' title='bbox 2387 3115 2449 3179; x_wconf 85' lang='lat' dir='ltr'><strong>si</strong></span> <span class='ocrx_word' id='word_1_600' title='bbox 2485 3115 2644 3195; x_wconf 80' lang='lat' dir='ltr'><strong>forte</strong></span> <span class='ocrx_word' id='word_1_601' title='bbox 2682 3113 2900 3178; x_wconf 83' lang='lat' dir='ltr'><strong>relevet</strong></span> <span class='ocrx_word' id='word_1_602' title='bbox 2938 3132 3198 3179; x_wconf 78' lang='lat' dir='ltr'><strong>manum</strong></span> <span class='ocrx_word' id='word_1_603' title='bbox 3228 3133 3414 3178; x_wconf 83' lang='lat' dir='ltr'><strong>suam</strong></span> <span class='ocrx_word' id='word_1_604' title='bbox 3448 3135 3491 3177; x_wconf 89' lang='lat' dir='ltr'><strong>a</strong></span> <span class='ocrx_word' id='word_1_605' title='bbox 3524 3113 3713 3193; x_wconf 83' lang='lat' dir='ltr'><strong>vobis,</strong></span> <span class='ocrx_word' id='word_1_606' title='bbox 3756 3120 3814 3181; x_wconf 89' lang='lat' dir='ltr'><strong>et</strong></span> <span class='ocrx_word' id='word_1_607' title='bbox 3845 3135 3887 3179; x_wconf 87' lang='lat' dir='ltr'><strong>a</strong></span> <span class='ocrx_word' id='word_1_608' title='bbox 3920 3117 4053 3182; x_wconf 85' lang='lat' dir='ltr'><strong>diis</strong></span> <span class='ocrx_word' id='word_1_609' title='bbox 4082 3120 4326 3200; x_wconf 84' lang='lat' dir='ltr'><strong>vestris,</strong></span> 
     </span>
     <span class='ocr_line' id='line_1_86' title="bbox 2388 3204 3011 3266; baseline 0.002 -2"><span class='ocrx_word' id='word_1_610' title='bbox 2388 3204 2445 3264; x_wconf 84' lang='lat' dir='ltr'><strong>et</strong></span> <span class='ocrx_word' id='word_1_611' title='bbox 2486 3220 2530 3266; x_wconf 90' lang='lat' dir='ltr'><strong>a</strong></span> <span class='ocrx_word' id='word_1_612' title='bbox 2572 3205 2740 3265; x_wconf 84' lang='lat' dir='ltr'><strong>terra</strong></span> <span class='ocrx_word' id='word_1_613' title='bbox 2786 3204 3011 3265; x_wconf 81' lang='lat' dir='ltr'><strong>vestra.</strong></span> 
     </span>
    </p>
   </div>
   <div class='ocr_carea' id='block_1_8' title="bbox 2377 3368 4323 5263">
    <p class='ocr_par' dir='ltr' id='par_1_9' title="bbox 2377 3368 4323 5263">
     <span class='ocr_line' id='line_1_87' title="bbox 2556 3368 4322 3459; baseline 0.004 -23"><span class='ocrx_word' id='word_1_614' title='bbox 2556 3370 2740 3452; x_wconf 81' lang='lat' dir='ltr'><strong>Quot</strong></span> <span class='ocrx_word' id='word_1_615' title='bbox 2826 3370 3217 3453; x_wconf 87' lang='lat' dir='ltr'><strong>quantisque</strong></span> <span class='ocrx_word' id='word_1_616' title='bbox 3283 3368 3775 3438; x_wconf 84' lang='lat' dir='ltr'><strong>difficultatibus</strong></span> <span class='ocrx_word' id='word_1_617' title='bbox 3841 3374 4059 3439; x_wconf 87' lang='lat' dir='ltr'><strong>affecti</strong></span> <span class='ocrx_word' id='word_1_618' title='bbox 4126 3384 4322 3459; x_wconf 88' lang='lat' dir='ltr'><strong>atquc</strong></span> 
     </span>
     <span class='ocr_line' id='line_1_88' title="bbox 2384 3455 4323 3544; baseline 0.004 -23"><span class='ocrx_word' id='word_1_619' title='bbox 2384 3455 2610 3521; x_wconf 80' lang='lat' dir='ltr'><strong>afflicti</strong></span> <span class='ocrx_word' id='word_1_620' title='bbox 2646 3456 2888 3521; x_wconf 84' lang='lat' dir='ltr'><strong>fuerint</strong></span> <span class='ocrx_word' id='word_1_621' title='bbox 2923 3457 3277 3532; x_wconf 72' lang='lat' dir='ltr'><strong>Israelitae,</strong></span> <span class='ocrx_word' id='word_1_622' title='bbox 3315 3477 3514 3539; x_wconf 91' lang='lat' dir='ltr'><strong>quum</strong></span> <span class='ocrx_word' id='word_1_623' title='bbox 3553 3478 3767 3524; x_wconf 90' lang='lat' dir='ltr'><strong>arcam</strong></span> <span class='ocrx_word' id='word_1_624' title='bbox 3806 3459 3986 3524; x_wconf 87' lang='lat' dir='ltr'><strong>illam</strong></span> <span class='ocrx_word' id='word_1_625' title='bbox 4023 3459 4323 3544; x_wconf 86' lang='lat' dir='ltr'><strong>foederis,</strong></span> 
     </span>
     <span class='ocr_line' id='line_1_89' title="bbox 2382 3542 4315 3627; baseline 0.004 -21"><span class='ocrx_word' id='word_1_626' title='bbox 2382 3563 2578 3627; x_wconf 88' lang='lat' dir='ltr'><strong>quam</strong></span> <span class='ocrx_word' id='word_1_627' title='bbox 2653 3562 2694 3606; x_wconf 87' lang='lat' dir='ltr'><strong>a</strong></span> <span class='ocrx_word' id='word_1_628' title='bbox 2752 3543 2891 3607; x_wconf 85' lang='lat' dir='ltr'><strong>Deo</strong></span> <span class='ocrx_word' id='word_1_629' title='bbox 2948 3542 3355 3625; x_wconf 89' lang='lat' dir='ltr'><strong>praesentiae</strong></span> <span class='ocrx_word' id='word_1_630' title='bbox 3409 3564 3568 3608; x_wconf 90' lang='lat' dir='ltr'><strong>suae</strong></span> <span class='ocrx_word' id='word_1_631' title='bbox 3623 3564 3698 3610; x_wconf 92' lang='lat' dir='ltr'><strong>ac</strong></span> <span class='ocrx_word' id='word_1_632' title='bbox 3756 3543 4001 3610; x_wconf 86' lang='lat' dir='ltr'><strong>favoris</strong></span> <span class='ocrx_word' id='word_1_633' title='bbox 4054 3546 4315 3622; x_wconf 72' lang='lat' dir='ltr'><strong>signum</strong></span> 
     </span>
     <span class='ocr_line' id='line_1_90' title="bbox 2381 3627 4319 3711; baseline 0.004 -19"><span class='ocrx_word' id='word_1_634' title='bbox 2381 3637 2785 3711; x_wconf 83' lang='lat' dir='ltr'><strong>acceperant,</strong></span> <span class='ocrx_word' id='word_1_635' title='bbox 2822 3627 3093 3707; x_wconf 90' lang='lat' dir='ltr'><strong>tamdiu,</strong></span> <span class='ocrx_word' id='word_1_636' title='bbox 3129 3638 3376 3710; x_wconf 89' lang='lat' dir='ltr'><strong>septem</strong></span> <span class='ocrx_word' id='word_1_637' title='bbox 3415 3638 3574 3710; x_wconf 88' lang='lat' dir='ltr'><strong>puta</strong></span> <span class='ocrx_word' id='word_1_638' title='bbox 3608 3649 3885 3706; x_wconf 85' lang='lat' dir='ltr'><strong>menses,</strong></span> <span class='ocrx_word' id='word_1_639' title='bbox 3922 3632 3990 3696; x_wconf 90' lang='lat' dir='ltr'><strong>in</strong></span> <span class='ocrx_word' id='word_1_640' title='bbox 4029 3632 4319 3700; x_wconf 88' lang='lat' dir='ltr'><strong>hostium</strong></span> 
     </span>
     <span class='ocr_line' id='line_1_91' title="bbox 2383 3714 4315 3797; baseline 0.004 -19"><span class='ocrx_word' id='word_1_641' title='bbox 2383 3714 2683 3780; x_wconf 86' lang='lat' dir='ltr'><strong>viderent</strong></span> <span class='ocrx_word' id='word_1_642' title='bbox 2727 3724 3047 3797; x_wconf 89' lang='lat' dir='ltr'><strong>potestate</strong></span> <span class='ocrx_word' id='word_1_643' title='bbox 3091 3715 3416 3796; x_wconf 87' lang='lat' dir='ltr'><strong>captivam</strong></span> <span class='ocrx_word' id='word_1_644' title='bbox 3461 3714 3750 3796; x_wconf 86' lang='lat' dir='ltr'><strong>retineri,</strong></span> <span class='ocrx_word' id='word_1_645' title='bbox 3797 3717 3980 3782; x_wconf 87' lang='lat' dir='ltr'><strong>nobis</strong></span> <span class='ocrx_word' id='word_1_646' title='bbox 4017 3718 4137 3784; x_wconf 84' lang='lat' dir='ltr'><strong>boc</strong></span> <span class='ocrx_word' id='word_1_647' title='bbox 4175 3720 4315 3786; x_wconf 90' lang='lat' dir='ltr'><strong>loco</strong></span> 
     </span>
     <span class='ocr_line' id='line_1_92' title="bbox 2381 3799 4316 3885; baseline 0.004 -22"><span class='ocrx_word' id='word_1_648' title='bbox 2381 3801 2446 3865; x_wconf 89' lang='lat' dir='ltr'><strong>in</strong></span> <span class='ocrx_word' id='word_1_649' title='bbox 2492 3801 2722 3884; x_wconf 86' lang='lat' dir='ltr'><strong>primis</strong></span> <span class='ocrx_word' id='word_1_650' title='bbox 2764 3799 3260 3884; x_wconf 84' lang='lat' dir='ltr'><strong>expendendum</strong></span> <span class='ocrx_word' id='word_1_651' title='bbox 3308 3809 3426 3864; x_wconf 88' lang='lat' dir='ltr'><strong>est.</strong></span> <span class='ocrx_word' id='word_1_652' title='bbox 3513 3800 3684 3865; x_wconf 90' lang='lat' dir='ltr'><strong>Nam</strong></span> <span class='ocrx_word' id='word_1_653' title='bbox 3721 3801 3778 3866; x_wconf 91' lang='lat' dir='ltr'><strong>si</strong></span> <span class='ocrx_word' id='word_1_654' title='bbox 3813 3803 4120 3885; x_wconf 85' lang='lat' dir='ltr'><strong>perendie</strong></span> <span class='ocrx_word' id='word_1_655' title='bbox 4156 3805 4316 3872; x_wconf 88' lang='lat' dir='ltr'><strong>Phi-</strong></span> 
     </span>
     <span class='ocr_line' id='line_1_93' title="bbox 2379 3884 4313 3969; baseline 0.004 -19"><span class='ocrx_word' id='word_1_656' title='bbox 2379 3884 2597 3952; x_wconf 89' lang='lat' dir='ltr'><strong>listaei</strong></span> <span class='ocrx_word' id='word_1_657' title='bbox 2631 3896 2884 3969; x_wconf 87' lang='lat' dir='ltr'><strong>captam</strong></span> <span class='ocrx_word' id='word_1_658' title='bbox 2923 3886 3384 3962; x_wconf 88' lang='lat' dir='ltr'><strong>restituissent,</strong></span> <span class='ocrx_word' id='word_1_659' title='bbox 3430 3906 3755 3951; x_wconf 90' lang='lat' dir='ltr'><strong>summam</strong></span> <span class='ocrx_word' id='word_1_660' title='bbox 3791 3888 4074 3954; x_wconf 88' lang='lat' dir='ltr'><strong>laetitiae</strong></span> <span class='ocrx_word' id='word_1_661' title='bbox 4109 3905 4313 3958; x_wconf 90' lang='lat' dir='ltr'><strong>mate-</strong></span> 
     </span>
     <span class='ocr_line' id='line_1_94' title="bbox 2382 3971 4308 4058; baseline 0.004 -23"><span class='ocrx_word' id='word_1_662' title='bbox 2382 3973 2546 4038; x_wconf 90' lang='lat' dir='ltr'><strong>riam</strong></span> <span class='ocrx_word' id='word_1_663' title='bbox 2605 3973 2726 4037; x_wconf 88' lang='lat' dir='ltr'><strong>sibi</strong></span> <span class='ocrx_word' id='word_1_664' title='bbox 2784 3971 3065 4036; x_wconf 90' lang='lat' dir='ltr'><strong>oblatam</strong></span> <span class='ocrx_word' id='word_1_665' title='bbox 3124 3971 3421 4036; x_wconf 89' lang='lat' dir='ltr'><strong>arbitrati</strong></span> <span class='ocrx_word' id='word_1_666' title='bbox 3467 3983 3700 4038; x_wconf 88' lang='lat' dir='ltr'><strong>essent.</strong></span> <span class='ocrx_word' id='word_1_667' title='bbox 3791 3977 3884 4038; x_wconf 88' lang='lat' dir='ltr'><strong>At</strong></span> <span class='ocrx_word' id='word_1_668' title='bbox 3929 3996 4129 4058; x_wconf 91' lang='lat' dir='ltr'><strong>quum</strong></span> <span class='ocrx_word' id='word_1_669' title='bbox 4175 3987 4308 4043; x_wconf 89' lang='lat' dir='ltr'><strong>tam</strong></span> 
     </span>
     <span class='ocr_line' id='line_1_95' title="bbox 2380 4056 4308 4145; baseline 0.003 -23"><span class='ocrx_word' id='word_1_670' title='bbox 2380 4059 2649 4142; x_wconf 90' lang='lat' dir='ltr'><strong>longum</strong></span> <span class='ocrx_word' id='word_1_671' title='bbox 2707 4060 3018 4140; x_wconf 88' lang='lat' dir='ltr'><strong>temporis</strong></span> <span class='ocrx_word' id='word_1_672' title='bbox 3074 4056 3513 4142; x_wconf 89' lang='lat' dir='ltr'><strong>intervallum,</strong></span> <span class='ocrx_word' id='word_1_673' title='bbox 3574 4069 3817 4141; x_wconf 89' lang='lat' dir='ltr'><strong>septem</strong></span> <span class='ocrx_word' id='word_1_674' title='bbox 3864 4073 4024 4143; x_wconf 89' lang='lat' dir='ltr'><strong>puta</strong></span> <span class='ocrx_word' id='word_1_675' title='bbox 4066 4061 4308 4145; x_wconf 88' lang='lat' dir='ltr'><strong>integri</strong></span> 
     </span>
     <span class='ocr_line' id='line_1_96' title="bbox 2378 4143 4307 4227; baseline 0.002 -18"><span class='ocrx_word' id='word_1_676' title='bbox 2378 4166 2655 4223; x_wconf 88' lang='lat' dir='ltr'><strong>menses,</strong></span> <span class='ocrx_word' id='word_1_677' title='bbox 2715 4143 2968 4225; x_wconf 88' lang='lat' dir='ltr'><strong>lapsum</strong></span> <span class='ocrx_word' id='word_1_678' title='bbox 3026 4144 3131 4222; x_wconf 89' lang='lat' dir='ltr'><strong>sit,</strong></span> <span class='ocrx_word' id='word_1_679' title='bbox 3190 4164 3315 4226; x_wconf 91' lang='lat' dir='ltr'><strong>quo</strong></span> <span class='ocrx_word' id='word_1_680' title='bbox 3374 4143 3650 4227; x_wconf 89' lang='lat' dir='ltr'><strong>populus</strong></span> <span class='ocrx_word' id='word_1_681' title='bbox 3697 4145 3810 4210; x_wconf 91' lang='lat' dir='ltr'><strong>ille</strong></span> <span class='ocrx_word' id='word_1_682' title='bbox 3867 4167 4008 4211; x_wconf 88' lang='lat' dir='ltr'><strong>sese</strong></span> <span class='ocrx_word' id='word_1_683' title='bbox 4066 4148 4129 4210; x_wconf 91' lang='lat' dir='ltr'><strong>in</strong></span> <span class='ocrx_word' id='word_1_684' title='bbox 4178 4147 4307 4213; x_wconf 89' lang='lat' dir='ltr'><strong>Dei</strong></span> 
     </span>
     <span class='ocr_line' id='line_1_97' title="bbox 2378 4230 4308 4312; baseline 0 -14"><span class='ocrx_word' id='word_1_685' title='bbox 2378 4232 2561 4298; x_wconf 92' lang='lat' dir='ltr'><strong>cultu</strong></span> <span class='ocrx_word' id='word_1_686' title='bbox 2626 4250 2931 4295; x_wconf 86' lang='lat' dir='ltr'><strong>exercere</strong></span> <span class='ocrx_word' id='word_1_687' title='bbox 2996 4251 3128 4293; x_wconf 92' lang='lat' dir='ltr'><strong>non</strong></span> <span class='ocrx_word' id='word_1_688' title='bbox 3192 4230 3419 4312; x_wconf 89' lang='lat' dir='ltr'><strong>potuit,</strong></span> <span class='ocrx_word' id='word_1_689' title='bbox 3488 4251 3694 4312; x_wconf 90' lang='lat' dir='ltr'><strong>neque</strong></span> <span class='ocrx_word' id='word_1_690' title='bbox 3759 4232 3932 4296; x_wconf 92' lang='lat' dir='ltr'><strong>enim</strong></span> <span class='ocrx_word' id='word_1_691' title='bbox 3993 4232 4308 4298; x_wconf 88' lang='lat' dir='ltr'><strong>sacrificia</strong></span> 
     </span>
     <span class='ocr_line' id='line_1_98' title="bbox 2377 4315 4306 4400; baseline 0 -17"><span class='ocrx_word' id='word_1_692' title='bbox 2377 4318 2612 4383; x_wconf 87' lang='lat' dir='ltr'><strong>licebat</strong></span> <span class='ocrx_word' id='word_1_693' title='bbox 2670 4317 2797 4381; x_wconf 90' lang='lat' dir='ltr'><strong>nisi</strong></span> <span class='ocrx_word' id='word_1_694' title='bbox 2841 4316 2913 4379; x_wconf 91' lang='lat' dir='ltr'><strong>in</strong></span> <span class='ocrx_word' id='word_1_695' title='bbox 2956 4315 3133 4380; x_wconf 89' lang='lat' dir='ltr'><strong>illius</strong></span> <span class='ocrx_word' id='word_1_696' title='bbox 3178 4334 3365 4379; x_wconf 90' lang='lat' dir='ltr'><strong>arcae</strong></span> <span class='ocrx_word' id='word_1_697' title='bbox 3409 4316 3780 4398; x_wconf 88' lang='lat' dir='ltr'><strong>praesentia</strong></span> <span class='ocrx_word' id='word_1_698' title='bbox 3825 4319 4052 4400; x_wconf 84' lang='lat' dir='ltr'><strong>facere,</strong></span> <span class='ocrx_word' id='word_1_699' title='bbox 4110 4338 4306 4400; x_wconf 89' lang='lat' dir='ltr'><strong>quam</strong></span> 
     </span>
     <span class='ocr_line' id='line_1_99' title="bbox 2377 4400 4308 4470; baseline -0.001 -2"><span class='ocrx_word' id='word_1_700' title='bbox 2377 4405 2673 4470; x_wconf 88' lang='lat' dir='ltr'><strong>acerbam</strong></span> <span class='ocrx_word' id='word_1_701' title='bbox 2732 4402 2931 4466; x_wconf 79' lang='lat' dir='ltr'><strong>fuisse</strong></span> <span class='ocrx_word' id='word_1_702' title='bbox 2989 4401 3230 4465; x_wconf 87' lang='lat' dir='ltr'><strong>luctam</strong></span> <span class='ocrx_word' id='word_1_703' title='bbox 3290 4400 3473 4465; x_wconf 92' lang='lat' dir='ltr'><strong>illam</strong></span> <span class='ocrx_word' id='word_1_704' title='bbox 3529 4411 3595 4466; x_wconf 90' lang='lat' dir='ltr'><strong>et</strong></span> <span class='ocrx_word' id='word_1_705' title='bbox 3650 4405 4073 4466; x_wconf 89' lang='lat' dir='ltr'><strong>tentationem</strong></span> <span class='ocrx_word' id='word_1_706' title='bbox 4134 4405 4308 4469; x_wconf 89' lang='lat' dir='ltr'><strong>arbi-</strong></span> 
     </span>
     <span class='ocr_line' id='line_1_100' title="bbox 2378 4487 4307 4572; baseline 0 -17"><span class='ocrx_word' id='word_1_707' title='bbox 2378 4489 2679 4555; x_wconf 87' lang='lat' dir='ltr'><strong>tramur?</strong></span> <span class='ocrx_word' id='word_1_708' title='bbox 2725 4487 3024 4571; x_wconf 88' lang='lat' dir='ltr'><strong>Namque</strong></span> <span class='ocrx_word' id='word_1_709' title='bbox 3067 4487 3298 4551; x_wconf 91' lang='lat' dir='ltr'><strong>merito</strong></span> <span class='ocrx_word' id='word_1_710' title='bbox 3334 4495 3634 4569; x_wconf 84' lang='lat' dir='ltr'><strong>poterant</strong></span> <span class='ocrx_word' id='word_1_711' title='bbox 3670 4488 3950 4572; x_wconf 88' lang='lat' dir='ltr'><strong>cogitare</strong></span> <span class='ocrx_word' id='word_1_712' title='bbox 3985 4509 4055 4552; x_wconf 90' lang='lat' dir='ltr'><strong>se</strong></span> <span class='ocrx_word' id='word_1_713' title='bbox 4090 4510 4130 4553; x_wconf 87' lang='lat' dir='ltr'><strong>a</strong></span> <span class='ocrx_word' id='word_1_714' title='bbox 4166 4489 4307 4555; x_wconf 91' lang='lat' dir='ltr'><strong>Deo</strong></span> 
     </span>
     <span class='ocr_line' id='line_1_101' title="bbox 2378 4572 4307 4659; baseline 0.001 -19"><span class='ocrx_word' id='word_1_715' title='bbox 2378 4596 2642 4659; x_wconf 88' lang='lat' dir='ltr'><strong>prorsus</strong></span> <span class='ocrx_word' id='word_1_716' title='bbox 2686 4574 3063 4639; x_wconf 86' lang='lat' dir='ltr'><strong>derelictos:</strong></span> <span class='ocrx_word' id='word_1_717' title='bbox 3110 4587 3175 4637; x_wconf 91' lang='lat' dir='ltr'><strong>et</strong></span> <span class='ocrx_word' id='word_1_718' title='bbox 3217 4572 3446 4638; x_wconf 86' lang='lat' dir='ltr'><strong>foedus</strong></span> <span class='ocrx_word' id='word_1_719' title='bbox 3490 4573 3656 4656; x_wconf 91' lang='lat' dir='ltr'><strong>quod</strong></span> <span class='ocrx_word' id='word_1_720' title='bbox 3704 4574 3858 4636; x_wconf 91' lang='lat' dir='ltr'><strong>olim</strong></span> <span class='ocrx_word' id='word_1_721' title='bbox 3903 4594 4050 4639; x_wconf 90' lang='lat' dir='ltr'><strong>cum</strong></span> <span class='ocrx_word' id='word_1_722' title='bbox 4100 4575 4307 4641; x_wconf 87' lang='lat' dir='ltr'><strong>Abra·</strong></span> 
     </span>
     <span class='ocr_line' id='line_1_102' title="bbox 2378 4658 4305 4743; baseline 0 -16"><span class='ocrx_word' id='word_1_723' title='bbox 2378 4663 2574 4727; x_wconf 89' lang='lat' dir='ltr'><strong>hamo</strong></span> <span class='ocrx_word' id='word_1_724' title='bbox 2636 4671 2700 4725; x_wconf 88' lang='lat' dir='ltr'><strong>et</strong></span> <span class='ocrx_word' id='word_1_725' title='bbox 2764 4660 2971 4743; x_wconf 87' lang='lat' dir='ltr'><strong>ipsius</strong></span> <span class='ocrx_word' id='word_1_726' title='bbox 3037 4659 3314 4743; x_wconf 86' lang='lat' dir='ltr'><strong>posteris</strong></span> <span class='ocrx_word' id='word_1_727' title='bbox 3382 4665 3714 4742; x_wconf 84' lang='lat' dir='ltr'><strong>pepigerat</strong></span> <span class='ocrx_word' id='word_1_728' title='bbox 3779 4659 3975 4724; x_wconf 79' lang='lat' dir='ltr'><strong>fuisse</strong></span> <span class='ocrx_word' id='word_1_729' title='bbox 4041 4658 4305 4742; x_wconf 87' lang='lat' dir='ltr'><strong>abipso</strong></span> 
     </span>
     <span class='ocr_line' id='line_1_103' title="bbox 2378 4743 4307 4828; baseline 0.001 -17"><span class='ocrx_word' id='word_1_730' title='bbox 2378 4748 2691 4824; x_wconf 81' lang='lat' dir='ltr'><strong>fractum3</strong></span> <span class='ocrx_word' id='word_1_731' title='bbox 2749 4747 3028 4828; x_wconf 89' lang='lat' dir='ltr'><strong>denique</strong></span> <span class='ocrx_word' id='word_1_732' title='bbox 3080 4744 3233 4827; x_wconf 91' lang='lat' dir='ltr'><strong>quid</strong></span> <span class='ocrx_word' id='word_1_733' title='bbox 3289 4744 3420 4809; x_wconf 89' lang='lat' dir='ltr'><strong>illis</strong></span> <span class='ocrx_word' id='word_1_734' title='bbox 3480 4743 3655 4809; x_wconf 91' lang='lat' dir='ltr'><strong>aliud</strong></span> <span class='ocrx_word' id='word_1_735' title='bbox 3700 4764 3893 4826; x_wconf 91' lang='lat' dir='ltr'><strong>quam</strong></span> <span class='ocrx_word' id='word_1_736' title='bbox 3941 4743 4307 4828; x_wconf 86' lang='lat' dir='ltr'><strong>desperatio</strong></span> 
     </span>
     <span class='ocr_line' id='line_1_104' title="bbox 2377 4830 4308 4915; baseline -0.001 -16"><span class='ocrx_word' id='word_1_737' title='bbox 2377 4841 2734 4915; x_wconf 88' lang='lat' dir='ltr'><strong>supererat,</strong></span> <span class='ocrx_word' id='word_1_738' title='bbox 2800 4855 2840 4896; x_wconf 91' lang='lat' dir='ltr'><strong>a</strong></span> <span class='ocrx_word' id='word_1_739' title='bbox 2897 4832 3133 4914; x_wconf 90' lang='lat' dir='ltr'><strong>quibus</strong></span> <span class='ocrx_word' id='word_1_740' title='bbox 3190 4831 3371 4895; x_wconf 91' lang='lat' dir='ltr'><strong>Deus</strong></span> <span class='ocrx_word' id='word_1_741' title='bbox 3430 4830 3697 4894; x_wconf 88' lang='lat' dir='ltr'><strong>omnino</strong></span> <span class='ocrx_word' id='word_1_742' title='bbox 3742 4830 4082 4895; x_wconf 87' lang='lat' dir='ltr'><strong>recessisse</strong></span> <span class='ocrx_word' id='word_1_743' title='bbox 4128 4832 4308 4898; x_wconf 88' lang='lat' dir='ltr'><strong>vide-</strong></span> 
     </span>
     <span class='ocr_line' id='line_1_105' title="bbox 2381 4915 4306 4986; baseline -0.001 0"><span class='ocrx_word' id='word_1_744' title='bbox 2381 4919 2622 4986; x_wconf 83' lang='lat' dir='ltr'><strong>batur?</strong></span> <span class='ocrx_word' id='word_1_745' title='bbox 2712 4918 2964 4983; x_wconf 84' lang='lat' dir='ltr'><strong>Verum</strong></span> <span class='ocrx_word' id='word_1_746' title='bbox 3032 4916 3367 4983; x_wconf 89' lang='lat' dir='ltr'><strong>enimvero</strong></span> <span class='ocrx_word' id='word_1_747' title='bbox 3434 4936 3563 4979; x_wconf 91' lang='lat' dir='ltr'><strong>non</strong></span> <span class='ocrx_word' id='word_1_748' title='bbox 3628 4915 3722 4978; x_wconf 91' lang='lat' dir='ltr'><strong>ita</strong></span> <span class='ocrx_word' id='word_1_749' title='bbox 3786 4916 4055 4982; x_wconf 83' lang='lat' dir='ltr'><strong>miseros</strong></span> <span class='ocrx_word' id='word_1_750' title='bbox 4124 4918 4306 4985; x_wconf 90' lang='lat' dir='ltr'><strong>Deus</strong></span> 
     </span>
     <span class='ocr_line' id='line_1_106' title="bbox 2379 4998 4306 5089; baseline 0.001 -20"><span class='ocrx_word' id='word_1_751' title='bbox 2379 5005 2741 5089; x_wconf 88' lang='lat' dir='ltr'><strong>dereliquit,</strong></span> <span class='ocrx_word' id='word_1_752' title='bbox 2806 5005 2967 5087; x_wconf 90' lang='lat' dir='ltr'><strong>quin</strong></span> <span class='ocrx_word' id='word_1_753' title='bbox 3026 5001 3415 5068; x_wconf 89' lang='lat' dir='ltr'><strong>testimoniis</strong></span> <span class='ocrx_word' id='word_1_754' title='bbox 3473 5021 3607 5063; x_wconf 89' lang='lat' dir='ltr'><strong>non</strong></span> <span class='ocrx_word' id='word_1_755' title='bbox 3662 4998 3875 5064; x_wconf 90' lang='lat' dir='ltr'><strong>dubiis</strong></span> <span class='ocrx_word' id='word_1_756' title='bbox 3917 5005 4306 5085; x_wconf 80' lang='lat' dir='ltr'><strong>agnoverint</strong></span> 
     </span>
     <span class='ocr_line' id='line_1_107' title="bbox 2381 5085 4302 5162; baseline -0.001 -5"><span class='ocrx_word' id='word_1_757' title='bbox 2381 5091 2595 5157; x_wconf 87' lang='lat' dir='ltr'><strong>Deum</strong></span> <span class='ocrx_word' id='word_1_758' title='bbox 2672 5111 2805 5155; x_wconf 92' lang='lat' dir='ltr'><strong>non</strong></span> <span class='ocrx_word' id='word_1_759' title='bbox 2873 5091 3138 5154; x_wconf 89' lang='lat' dir='ltr'><strong>omnino</strong></span> <span class='ocrx_word' id='word_1_760' title='bbox 3208 5088 3309 5152; x_wconf 89' lang='lat' dir='ltr'><strong>sui</strong></span> <span class='ocrx_word' id='word_1_761' title='bbox 3363 5085 3653 5162; x_wconf 85' lang='lat' dir='ltr'><strong>oblitum,</strong></span> <span class='ocrx_word' id='word_1_762' title='bbox 3737 5087 3869 5149; x_wconf 89' lang='lat' dir='ltr'><strong>imo</strong></span> <span class='ocrx_word' id='word_1_763' title='bbox 3912 5088 4105 5152; x_wconf 87' lang='lat' dir='ltr'><strong>ctiam</strong></span> <span class='ocrx_word' id='word_1_764' title='bbox 4152 5111 4302 5155; x_wconf 89' lang='lat' dir='ltr'><strong>sen·</strong></span> 
     </span>
     <span class='ocr_line' id='line_1_108' title="bbox 2379 5171 4302 5263; baseline -0.001 -20"><span class='ocrx_word' id='word_1_765' title='bbox 2379 5178 2586 5243; x_wconf 89' lang='lat' dir='ltr'><strong>serint</strong></span> <span class='ocrx_word' id='word_1_766' title='bbox 2641 5177 3149 5263; x_wconf 87' lang='lat' dir='ltr'><strong>promissionum</strong></span> <span class='ocrx_word' id='word_1_767' title='bbox 3191 5174 3394 5255; x_wconf 90' lang='lat' dir='ltr'><strong>ipsius</strong></span> <span class='ocrx_word' id='word_1_768' title='bbox 3439 5172 3572 5234; x_wconf 90' lang='lat' dir='ltr'><strong>vim</strong></span> <span class='ocrx_word' id='word_1_769' title='bbox 3618 5178 3684 5237; x_wconf 85' lang='lat' dir='ltr'><strong>et</strong></span> <span class='ocrx_word' id='word_1_770' title='bbox 3725 5171 4075 5238; x_wconf 84' lang='lat' dir='ltr'><strong>efficaciam</strong></span> <span class='ocrx_word' id='word_1_771' title='bbox 4120 5176 4185 5240; x_wconf 91' lang='lat' dir='ltr'><strong>in</strong></span> <span class='ocrx_word' id='word_1_772' title='bbox 4232 5199 4302 5242; x_wconf 87' lang='lat' dir='ltr'><strong>se</strong></span> 
     </span>
    </p>
   </div>
   <div class='ocr_carea' id='block_1_9' title="bbox 322 5255 4305 5348">
    <p class='ocr_par' dir='ltr' id='par_1_10' title="bbox 322 5255 4305 5348">
     <span class='ocr_line' id='line_1_109' title="bbox 322 5255 4305 5348; baseline 0.001 -20"><span class='ocrx_word' id='word_1_773' title='bbox 322 5263 540 5341; x_wconf 85' lang='lat' dir='ltr'><strong>tituri,</strong></span> <span class='ocrx_word' id='word_1_774' title='bbox 603 5284 832 5327; x_wconf 88' lang='lat' dir='ltr'><strong>verum</strong></span> <span class='ocrx_word' id='word_1_775' title='bbox 895 5261 1017 5329; x_wconf 88' lang='lat' dir='ltr'><strong>hoc</strong></span> <span class='ocrx_word' id='word_1_776' title='bbox 1074 5283 1216 5327; x_wconf 87' lang='lat' dir='ltr'><strong>esse</strong></span> <span class='ocrx_word' id='word_1_777' title='bbox 1262 5262 1445 5328; x_wconf 87' lang='lat' dir='ltr'><strong>uobis</strong></span> <span class='ocrx_word' id='word_1_778' title='bbox 1489 5272 1871 5346; x_wconf 89' lang='lat' dir='ltr'><strong>apparatum</strong></span> <span class='ocrx_word' id='word_1_779' title='bbox 1915 5264 2276 5332; x_wconf 90' lang='lat' dir='ltr'><strong>remedium</strong></span> <span class='ocrx_word' id='word_1_780' title='bbox 2378 5265 2638 5330; x_wconf 90' lang='lat' dir='ltr'><strong>tuendis</strong></span> <span class='ocrx_word' id='word_1_781' title='bbox 2704 5285 2780 5330; x_wconf 90' lang='lat' dir='ltr'><strong>ac</strong></span> <span class='ocrx_word' id='word_1_782' title='bbox 2821 5259 3255 5348; x_wconf 82' lang='lat' dir='ltr'><strong>protegendis.</strong></span> <span class='ocrx_word' id='word_1_783' title='bbox 3342 5255 3586 5341; x_wconf 86' lang='lat' dir='ltr'><strong>Ecquis</strong></span> <span class='ocrx_word' id='word_1_784' title='bbox 3628 5257 3803 5323; x_wconf 90' lang='lat' dir='ltr'><strong>enim</strong></span> <span class='ocrx_word' id='word_1_785' title='bbox 3848 5257 4103 5327; x_wconf 88' lang='lat' dir='ltr'><strong>dubitat</strong></span> <span class='ocrx_word' id='word_1_786' title='bbox 4143 5263 4305 5347; x_wconf 83' lang='lat' dir='ltr'><strong>quin</strong></span> 
     </span>
    </p>
   </div>
   <div class='ocr_carea' id='block_1_10' title="bbox 538 5363 1444 5435">
    <p class='ocr_par' dir='ltr' id='par_1_11' title="bbox 538 5363 1444 5435">
     <span class='ocr_line' id='line_1_110' title="bbox 538 5363 1444 5435; baseline -0.002 -11"><span class='ocrx_word' id='word_1_787' title='bbox 538 5363 767 5424; x_wconf 63' lang='lat' dir='ltr'><strong>Gabini</strong></span> <span class='ocrx_word' id='word_1_788' title='bbox 795 5380 984 5435; x_wconf 73' lang='lat' dir='ltr'><strong>opera.</strong></span> <span class='ocrx_word' id='word_1_789' title='bbox 1058 5364 1183 5423; x_wconf 77' lang='lat' dir='ltr'><strong>Vol.</strong></span> <span class='ocrx_word' id='word_1_790' title='bbox 1209 5364 1444 5422; x_wconf 82' lang='lat' dir='ltr'><strong>XXIX.</strong></span> 
     </span>
    </p>
   </div>
   <div class='ocr_carea' id='block_1_11' title="bbox 3826 5359 3898 5415">
    <p class='ocr_par' dir='ltr' id='par_1_12' title="bbox 3826 5359 3898 5415">
     <span class='ocr_line' id='line_1_111' title="bbox 3826 5359 3898 5415; baseline 0 0"><span class='ocrx_word' id='word_1_791' title='bbox 3826 5359 3898 5415; x_wconf 76' lang='lat'><strong>30</strong></span> 
     </span>
    </p>
   </div>
  </div>
 </body>
</html>
