5059 6059
301 309 406 374 161

287 501 477 571 tiores,

283 582 669 650 difficultates
724 581 1029 648 facillime
1086 593 1544 666 superaturos:
1604 593 1671 648 et
1713 582 2040 648 Samuelis
2083 603 2197 647 ex-

284 670 548 753 emplum
582 667 830 734 alacres
871 669 1218 749 imitemur,
1260 689 1476 751 quem,
1524 669 1677 734 licet
1718 691 1848 733 non
1893 666 2201 734 abiecerit

280 775 488 821 omnes
543 754 864 819 humanas
920 754 1254 837 passiones
1299 763 1364 821 et
1407 756 1593 822 initio
1638 754 1865 820 mortis
1911 766 2089 820 metu
2132 762 2200 820 et

279 840 602 907 formidine
668 840 754 905 sit
817 840 1128 914 affectus,
1195 855 1416 906 tamen
1483 840 1781 906 videmus
1848 841 1989 906 Deo
2056 860 2199 905 sese

272 939 460 991 totum
515 926 906 1011 permisisse,
962 935 1029 991 et
1084 927 1225 992 eius
1270 926 1647 993 mandatum
1695 925 1976 992 fideliter
2018 947 2198 991 exse-

270 1029 526 1098 quntum
572 1034 735 1077 esse.

423 1095 552 1165 Sed
581 1098 686 1164 hic
714 1099 951 1163 iterum
990 1098 1306 1180 quaedam
1342 1099 1637 1182 quaestio
1674 1099 1927 1163 moveri
1962 1109 2194 1180 potest,

262 1183 567 1267 quomodo
611 1182 796 1250 Deus
839 1184 1229 1268 prophetam
1273 1185 1374 1250 vel
1420 1185 1686 1251 iusserit
1731 1184 1832 1250 vel
1879 1183 2190 1266 permise-

262 1272 342 1333 rit
401 1271 492 1335 uti
561 1269 1016 1335 simulatione:
1084 1291 1238 1335 nam
1304 1270 1629 1336 mendacii
1698 1270 1983 1354 speciem
2049 1290 2192 1336 esse

255 1367 490 1420 eertum
543 1369 643 1421 est
703 1377 906 1440 quum
971 1355 1147 1421 aliud
1208 1356 1286 1420 fit
1328 1354 1504 1422 aliud
1549 1356 1916 1422 simulatur.
2004 1354 2190 1422 Deus

255 1453 461 1505 antem
500 1441 787 1507 maxime
826 1442 1097 1506 veritate
1141 1441 1522 1508 delectatur.
1590 1441 1816 1523 Quare
1860 1441 2189 1508 simulatio

248 1527 363 1592 ista
403 1526 569 1592 levis
614 1547 757 1592 esse
803 1527 1083 1606 videtur,
1185 1548 1335 1592 nam
1383 1540 1603 1594 tamen
1650 1527 1834 1594 Deus
1870 1528 2184 1610 permisit.

247 1611 791 1696 Respondendum
869 1613 1089 1696 itaque
1139 1548 1442 1680 ¹Samueli
1520 1634 1929 1698 nequaquam
1987 1613 2187 1680 fuisse

1562 307 1662 374 IN
1705 307 1762 374 1.
1805 306 1986 373 LIB.
2032 302 2434 372 SAMUEL.
2481 302 2682 369 CAP.
2725 299 2919 367 XVI.

4123 313 4247 380 162

533 516 912 579 persuasum
967 495 1324 562 habeamus
1370 517 1493 562 nos
1538 497 1680 561 Deo
1725 496 1889 563 duce
1932 496 2198 580 quasvis
2302 492 2574 575 proinde
2631 492 2839 559 noluit
2895 515 2936 558 a
2990 495 3310 577 propheta
3366 495 3695 580 evulgari:
3763 494 3878 563 sed
3935 499 4244 568 sacrificii

2301 580 2516 662 specie
2559 579 2694 661 tegi
2739 579 3094 645 mandavit.

2471 663 2789 748 Sequitur
2854 665 3195 749 deinceps:
3263 665 3437 733 Fecit
3497 688 3638 751 erqo
3706 665 3969 734 Samuel
4080 672 4242 738 siout

2297 749 2590 832 loquutus
2645 757 2735 817 est
2788 753 2847 818 ei
2888 749 3236 819 Dominus:
3295 754 3578 835 venitwe
3635 754 3706 819 in
3748 718 4129 840 Bethlehem,
4187 762 4241 822 et

2298 837 2607 902 admirati
2661 842 2823 916 sunt,
2886 837 3011 916 vel,
3071 842 3129 903 et
3167 839 3522 923 conpreyatt‘
3564 845 3711 905 sunt
3753 838 3891 925 (sed
3938 841 4096 907 satis
4141 852 4240 908 est

2299 922 2608 1006 frequens
2644 923 2713 987 in
2760 925 2962 990 sacris
3004 923 3455 990 admirationis
3497 924 3906 1009 significatio,
3952 934 4020 992 et
4060 948 4239 1011 spec·

2299 1017 2400 1072 tat
2456 1011 2665 1093 magis
2723 1008 2805 1074 ad
2860 1021 3241 1092 sequentem
3298 1011 3909 1096 interrogationem,
3962 1014 4237 1081 seniores

2293 1093 2568 1160 civitatis
2598 1100 2976 1163 occurrentes
3017 1095 3111 1161 eis
3126 1145 3144 1176 ,
3197 1097 3638 1178 dixeruntque.-
3697 1096 3860 1164 Paci
4146 1105 4240 1166 est

2294 1179 2616 1262 inme-esus
2670 1181 2868 1246 tuus?
2951 1181 3251 1248 Insolens
3310 1185 3484 1247 enim
3542 1192 3685 1248 erat
3740 1183 3865 1250 iste
3910 1184 4236 1251 adventus

2292 1264 2668 1348 prophetae,
2713 1267 2900 1334 cuius
2935 1267 3117 1333 nulla
3151 1289 3348 1334 causa
3382 1269 3770 1352 apparebat:
3810 1291 4021 1353 neque
4056 1272 4235 1336 enim

2292 1363 2487 1416 antea
2546 1353 2771 1418 venire
2815 1373 2892 1418 eo
2934 1364 3396 1420 consueverat:
3455 1375 3653 1437 quare
3696 1353 3975 1420 subitam
4023 1365 4090 1422 et
4133 1377 4232 1421 re-

2292 1438 2628 1518 pentinam
2684 1439 2964 1522 aliquam
3010 1460 3268 1506 causam
3314 1440 3647 1506 subortam
3693 1462 3834 1508 esse
3876 1443 4230 1525 oportebat.

2288 1520 2544 1589 Idcirco
2600 1525 2811 1610 igitur
2867 1524 3320 1593 admirationis
3362 1525 3696 1592 seniorum
3741 1527 3850 1593 hic
3893 1527 3970 1593 fit
4015 1529 4223 1594 nomi-

2289 1610 2495 1676 natim
2540 1612 2806 1678 mentio.
2888 1611 3063 1677 Nam
3108 1632 3239 1679 non
3284 1621 3426 1679 erat
3468 1612 3934 1697 prophetarum
3980 1636 4123 1682 mos
4165 1626 4231 1679 et

238 1699 496 1763 mentiri
522 1697 942 1782 permissum,
978 1699 1426 1766 dissimulasse
1460 1698 1720 1784 quidem
1759 1697 1936 1783 quod
1972 1699 2184 1767 facere
2284 1697 2684 1763 consuetudo
2752 1709 2994 1763 temere
3063 1698 3193 1766 huc
3256 1698 3413 1765 illuc
3477 1719 3524 1765 v
3609 1698 3728 1781 ari,
3794 1699 3925 1766 nisi
3991 1721 4231 1785 magna

241 1784 454 1861 voluit,
502 1805 737 1849 verum
784 1797 1001 1850 tamen
1047 1786 1244 1851 etiam
1289 1784 1553 1852 dixisse.
1621 1786 1827 1852 Porro
1871 1785 2184 1852 simulare
2285 1779 2503 1865 aliqua
2558 1793 2829 1868 cogente
2886 1782 3033 1851 illos
3075 1783 3480 1851 necessitate.

234 1881 296 1933 et
353 1867 770 1936 dissimulare
826 1871 1004 1936 inter
1059 1892 1130 1935 se
1190 1869 1522 1938 differunt.
1610 1872 1787 1938 Nam
1833 1872 1944 1956 qui
1990 1871 2180 1938 dissi·

229 1955 448 2033 mulat,
511 1977 707 2020 suum
766 1955 1113 2022 eonsilium
1169 1958 1335 2041 tegit
1392 1977 1475 2023 ne
1519 1958 1591 2022 in
1635 1956 1873 2057 vulgus
1915 1959 2176 2023 veniat:

3623 1786 3875 1852 eniores
3918 1805 4074 1870 ergo
4118 1787 4228 1852 isti

2283 1863 2613 1934 Samuelis
2667 1871 3023 1935 adventum
3080 1869 3402 1949 admirati,
3448 1878 3518 1936 et
3559 1872 3935 1955 ignorantes
3976 1892 4065 1936 an
4108 1870 4226 1937 ali-

2279 1950 2435 2035 quid
2483 1953 2744 2020 adversi
2787 1954 3261 2022 Bethlehemae
3319 1955 3674 2038 accidisset,
3728 1970 4072 2042 quaerunt,
4117 1959 4228 2024 sit-

230 2041 334 2123 qui
393 2054 617 2107 autem
679 2042 947 2107 simulat
991 2041 1250 2108 fallacia
1293 2055 1358 2108 et
1400 2043 1632 2109 fraude
1681 2051 1893 2109 utitur
1934 2042 2018 2109 ad
2063 2043 2178 2109 ali·
2277 2058 2362 2102 ne
2418 2040 2724 2122 pacificus
2781 2041 2989 2124 ipsius
3034 2041 3376 2108 adventus.
3465 2042 3659 2109 Pacis
3700 2054 3922 2108 autem
3963 2044 4226 2110 nomine

222 2145 407 2208 quem
458 2127 958 2211 decipiendum:
1020 2127 1194 2213 quod
1238 2129 1489 2194 nemini
1534 2130 1719 2197 licet:
1766 2129 2175 2195 dissimulare

219 2227 456 2290 autem,
519 2212 595 2277 id
652 2222 753 2279 est
811 2235 944 2279 non
1008 2215 1262 2296 aperire
1319 2225 1525 2280 totum
1572 2236 1767 2282 suum
1811 2214 2170 2294 consilium,

214 2320 338 2362 non
402 2308 633 2383 potest
689 2298 988 2365 damnari
1046 2321 1257 2400 neque
1308 2300 1472 2367 vitio
1515 2301 1721 2368 verti:
1783 2302 1903 2366 etsi
1950 2311 2171 2367 tamen

218 2384 268 2448 si
325 2385 480 2451 finis
533 2385 730 2451 istius
775 2385 1313 2451 dissimulationis
1359 2386 1438 2452 ad
1482 2387 1778 2454 fraudem
1824 2397 2167 2469 spectaret,

212 2490 478 2553 semper
535 2471 908 2554 vituperari
968 2471 1217 2538 debeat.
1306 2472 1535 2556 Neque
1589 2474 1764 2539 enim
1809 2471 1991 2539 Deus
2034 2472 2168 2541 illis

213 2556 492 2639 argutiis
556 2558 819 2640 capitur
864 2555 1096 2641 quibus
1138 2557 1327 2624 facile
1369 2557 1746 2625 hominibus
1787 2560 2165 2642 imponitur.

213 2640 438 2722 Quare
473 2642 640 2707 licet
684 2663 901 2708 coram
945 2642 1323 2709 hominibus
1366 2643 1809 2711 dissimulator
1853 2666 1982 2710 non
2027 2667 2170 2729 pos-

208 2728 291 2791 sit
326 2728 760 2813 reprehendi,
803 2749 1020 2794 coram
1044 2727 1187 2794 Deo
1224 2738 1446 2794 tamen
1490 2752 1640 2797 reus
1683 2745 1785 2796 est
1826 2729 2167 2811 mendacii,

208 2815 312 2895 qui
348 2814 639 2879 fallendi
678 2814 975 2880 animum
1019 2814 1234 2881 habet.
1293 2815 1601 2900 Exempli
1646 2819 1876 2901 gratia,
1922 2817 1978 2883 si
2022 2818 2169 2900 quis

205 2899 443 2965 vitium
484 2898 863 2965 dissimulet
899 2921 1169 2965 suarum
1205 2903 1540 2982 mercium,
1588 2923 1751 2986 quae
1792 2901 2059 2969 fallaces
2104 2914 2168 2969 et

202 2983 473 3052 fucosae
512 2997 695 3064 sunt,
742 2986 868 3053 etsi
909 2985 1231 3052 mendacii
1272 3007 1405 3052 non
1450 2989 1654 3071 possit
1696 2989 2010 3069 convinci,
2055 3011 2166 3055 ne-

198 3091 320 3153 que
408 3072 721 3138 accusari
801 3070 978 3155 quod
1097 3075 1449 3139 ersuaserit
1513 3074 1684 3158 quod
1749 3073 1939 3138 aliter
2005 3086 2165 3154 erat,

200 3169 423 3223 tamen
488 3157 618 3241 qni
677 3178 831 3223 cum
889 3157 1060 3241 simp
1088 3158 1170 3224 ici
1210 3179 1490 3243 persona
1531 3181 1668 3225 rem
1714 3157 1960 3235 habuit,
2004 3181 2168 3245 quae

194 3240 514 3328 detegere
555 3242 797 3310 vitium
842 3263 972 3309 non
1018 3244 1242 3327 potuit,
1287 3243 1474 3312 fraus
1518 3245 1628 3311 illa
1672 3257 1789 3321 est,
1835 3258 1904 3310 et
1944 3265 2164 3312 coram

193 3326 336 3394 Deo
398 3330 585 3394 furti
650 3330 788 3396 loco
846 3328 1147 3394 habetur.
1235 3329 1458 3412 Quare
1501 3332 1700 3396 finem
1745 3331 2164 3397 consiliorum

188 3433 464 3497 semper
526 3413 963 3499 spectandum
1025 3435 1168 3480 esse
1223 3417 1523 3493 sciamus,
1584 3438 1716 3482 non
1775 3417 1844 3481 in
1890 3432 2167 3483 externa

189 3500 404 3567 forma
468 3513 742 3566 tantum
802 3500 1223 3580 haerendum,
1284 3523 1494 3585 neque
1536 3502 1812 3587 argutiis
1855 3514 1922 3567 et
1963 3502 2165 3568 subti-

185 3583 508 3653 litatibus
586 3584 935 3663 utendum,
1022 3608 1295 3670 quarum
1364 3588 1663 3653 homines
1729 3608 1851 3654 sua
1915 3590 2167 3655 malitia

183 3685 348 3737 sunt
413 3673 634 3757 periti
694 3673 994 3750 artifices,
1053 3671 1222 3756 quod
1276 3675 1465 3756 aequi
1523 3687 1589 3738 et
1648 3674 1803 3740 boni
1863 3675 2162 3740 notitiam

182 3779 318 3822 non
392 3759 727 3837 habeant,
786 3768 853 3823 et
910 3759 1091 3824 Deus
1149 3781 1231 3824 ex
1280 3779 1485 3842 aequo
1543 3769 1609 3825 et
1665 3759 1835 3824 bono
1895 3781 2028 3825 non
2082 3782 2164 3827 ex

177 3843 430 3910 callido
509 3857 914 3929 versutoque
979 3844 1122 3909 iure
1189 3864 1330 3909 rem
1395 3844 1667 3912 iudicari
1735 3845 1909 3912 velit.
2018 3847 2164 3912 Iam

177 3929 408 4013 itaque
473 3941 566 3996 ut
609 3927 940 3996 Samuelis
996 3930 1241 3996 factum
1282 3930 1748 4015 expendamus,
1808 3930 2161 3998 observan-

170 4014 334 4081 dum
401 4015 600 4082 nihil
657 4016 874 4099 ipsum
918 4015 1280 4094 simulasse,
1339 4016 1452 4081 sed
1499 4016 1740 4083 dixisse
1782 4016 1956 4100 quod
2000 4030 2158 4095 erat,

167 4122 329 4166 nem
384 4125 427 4168 e
454 4123 542 4167 se
571 4100 656 4166 ad
680 4101 1179 4167 sacrificandum
1205 4101 1485 4168 venisse.
1530 4102 1876 4169 Caeterum
1915 4103 2160 4169 nemini

160 4186 314 4253 frau
369 4209 496 4256 em
568 4187 746 4266 fecit,
798 4188 1126 4252 neminem
1186 4187 1457 4272 decepit,
1521 4187 1719 4254 nullis
1770 4209 1926 4254 usus
1970 4189 2160 4256 malis

163 4275 466 4353 artibus,
539 4272 665 4339 sed
720 4272 867 4337 Deo
921 4272 1169 4339 iubenti
1228 4272 1743 4358 obtemperavit:
1804 4273 1976 4357 quod
2033 4274 2159 4340 Dei

161 4361 557 4428 eonsilium
620 4378 825 4442 quum
874 4357 1093 4424 adhuc
1145 4380 1286 4426 esse
1344 4359 1673 4425 occultum
1716 4360 1902 4426 Deus
1949 4360 2160 4442 vellet,

157 4466 296 4511 non
391 4446 719 4531 oportuit
796 4444 1007 4526 palam
1087 4445 1473 4530 praedicari.
1583 4444 1863 4512 Davidis
1942 4457 2157 4511 autem

161 4534 591 4598 unctionem
651 4528 973 4597 occultam
1027 4551 1170 4597 esse
1226 4530 1506 4611 volebat,
1564 4530 1769 4597 donec
1827 4552 1947 4597 suo
1996 4545 2160 4597 tem-

153 4639 326 4700 pore
414 4616 1000 4684 manifestaretur.
1108 4615 1337 4698 Quare
1417 4616 1583 4682 nihil
1654 4616 2160 4700 reprehensione

155 4703 466 4789 dignum
497 4704 585 4768 in
621 4724 697 4768 eo
730 4701 997 4767 consilio
1041 4701 1212 4786 quod
1255 4715 1567 4786 oeqnutus
1609 4712 1713 4768 est
1755 4701 1835 4767 de
1881 4704 2164 4788 tegenda

151 4790 510 4856 unctione
584 4789 799 4872 specie
857 4788 1177 4872 sacrificii,
1235 4791 1541 4873 quoniam
1601 4788 1854 4852 nullum
1898 4791 2162 4855 suberat

151 4875 659 4950 mendacium,
718 4884 785 4937 et
827 4873 981 4939 finis
1023 4873 1233 4939 bonus
1275 4885 1433 4950 erat,
1483 4895 1689 4957 neque
1733 4873 1816 4939 ad
1861 4873 2160 4941 fraudem

145 4961 380 5028 ullam
435 4969 581 5026 aut
622 4958 846 5024 dolum
891 4960 1282 5042 pertinebat:
1329 4959 1443 5027 sed
1466 4959 1743 5027 Davidis
1787 4962 2161 5027 unctionem

147 5048 360 5114 Deus
433 5045 648 5112 velut
698 5044 1005 5129 quiddam
1063 5045 1230 5110 clam
1291 5047 1677 5129 depositum,
1738 5059 1804 5110 et
1847 5058 2160 5131 tanquam

139 5134 424 5235 pignus
471 5130 845 5216 diligenter
879 5142 1290 5197 asservatum
1326 5152 1468 5198 esee
1507 5132 1729 5198 voluit.
1780 5131 1967 5198 Istud
2005 5155 2161 5219 ergo

141 5221 286 5285 fuit
355 5216 675 5284 Domini
732 5216 801 5282 in
864 5216 1170 5283 unctione
1231 5218 1505 5284 Davidis
1557 5217 1921 5298 consilium,
1986 5219 2160 5302 quod

377 5316 647 5383 Calvisi
674 5333 864 5389 opera.
936 5318 1062 5375 Vol.
1089 5318 1290 5377 XXX.

2274 2125 2549 2274 {naevis
2593 2147 2906 2211 prospera
2950 2127 3429 2213 intelliguntur,
3477 2129 3664 2211 quasi
3709 2129 4222 2214 interrogarent:

2331 2209 2515 2277 intne
2564 2214 2786 2278 omnia
2836 2234 3163 2296 prospera,
3207 2234 3293 2280 an
3334 2215 3503 2280 bene
3544 2216 3766 2281 omnia
3810 2236 3880 2281 se
3918 2215 4219 2283 habeant.

2275 2293 2623 2379 Respondit
2666 2300 2876 2382 itaque
2922 2298 3211 2366 Samuel:
3269 2299 3601 2383 Pacificas
3642 2302 3728 2368 ad
3768 2301 4221 2369 immolandum

2272 2378 2547 2448 Domino
2577 2386 2737 2450 veni.
2781 2385 2992 2451 Porro
3014 2385 3453 2453 Bethlehema
3484 2397 3625 2452 tum
3650 2408 3782 2452 non
3817 2398 3960 2453 erat
3996 2391 4221 2474 magni

2273 2470 2577 2551 nominis,
2621 2471 2735 2537 sed
2772 2481 3029 2537 tantum
3065 2472 3343 2557 exiguus
3387 2492 3628 2556 pagus:
3672 2473 4218 2555 quemadmodum

2271 2552 2571 2622 Micheas
2628 2556 2970 2641 propheta,
3031 2556 3303 2623 Domini
3362 2559 3572 2625 nostri
3615 2557 3764 2625 Iesu
3809 2558 4058 2626 Christi
4104 2562 4217 2627 ad·

2273 2652 2543 2707 ventum
2584 2641 2989 2725 praedicens,
3034 2644 3161 2708 ait:
3207 2643 3301 2709 At
3343 2651 3419 2709 tu
3443 2644 3835 2710 Bethlehem
3861 2646 4215 2728 Ephratae,

2273 2737 2351 2790 nt
2391 2726 2482 2793 sis
2526 2728 2801 2795 minima
2841 2730 2911 2794 in
2959 2727 3231 2795 ducibus
3274 2727 3582 2808 Iehudae,
3629 2751 3713 2796 ex
3757 2741 3822 2795 te
3865 2733 4028 2797 mihi
4072 2754 4218 2817 pro-

2275 2809 2439 2877 dibit
2482 2814 2750 2880 futurus
2792 2814 3163 2881 dominator
3205 2816 3269 2879 in
3316 2813 3582 2882 Israele.
3657 2816 4048 2883 Bethlehem
4092 2819 4214 2903 igi-

2275 2905 2383 2962 tur
2440 2907 2582 2965 tum
2641 2922 2769 2966 non
2832 2910 2975 2966 erat
3014 2900 3269 2966 illustre
3312 2910 3423 2966 aut
3468 2900 3684 2967 nobile
3726 2900 4055 2985 oppidum,
4101 2903 4214 2971 sed

2272 2982 2581 3066 ignobilis
2640 3006 2847 3070 pagus
2903 2998 2968 3050 et
3025 2985 3291 3069 quidem
3345 3008 3427 3051 ex
3487 2987 3937 3054 remotissimis
3984 2999 4211 3055 terrac.

2272 3070 2373 3134 Eo
2435 3078 2660 3136 tamen
2715 3094 2784 3136 se
2845 3073 3102 3137 venisse
3144 3070 3226 3137 ad
3271 3071 3739 3138 immolandum
3785 3072 3876 3138 ait
3923 3071 4209 3142 Samuel.

2271 3155 2418 3221 Non
2455 3155 2728 3222 dubium
2765 3168 2984 3223 autem
3021 3157 3177 3240 quin
3213 3157 3502 3224 seniores
3537 3158 3659 3224 sibi
3694 3180 3948 3224 summo
3981 3159 4215 3227 honori

2268 3240 2597 3321 duxerint,
2642 3243 2813 3326 qnod
2856 3242 3176 3327 propheta
3218 3242 3430 3309 locum
3475 3242 3667 3309 illum
3710 3243 3792 3309 ad
3837 3265 4021 3310 sacra
4065 3246 4207 3313 Deo

2269 3327 2563 3393 facienda
2608 3326 2972 3414 delegisset.

2438 3411 2571 3483 Sed
2617 3413 2725 3480 hic
2766 3416 3004 3480 iterum
3050 3415 3274 3498 quaeri
3316 3423 3549 3498 potest,
3596 3414 3917 3498 quomodo
3939 3415 4209 3484 Samuel

2266 3496 2389 3562 sibi
2457 3508 2715 3565 tantum
2780 3501 3182 3585 permiserit:
3249 3499 3419 3583 quod
3488 3520 3618 3565 non
3686 3513 3859 3568 esset
3912 3524 4209 3571 summus

2265 3584 2584 3656 sacerdos,
2645 3607 2720 3652 ac
2776 3586 3050 3670 proinde
3109 3607 3241 3650 non
3305 3598 3477 3652 esset
3529 3586 3734 3672 ipsius
3777 3609 4020 3654 munus
4066 3590 4208 3655 Deo

2265 3691 2450 3735 sacra
2505 3671 2760 3738 offerre.
2848 3672 3202 3738 Praeterea
3261 3693 3390 3737 non
3447 3686 3548 3740 est
3590 3674 3946 3739 verisimile
3991 3697 4207 3742 arcam

2266 3755 2551 3822 foederis
2596 3771 2712 3823 aut
2755 3758 3225 3832 sanctuarium¹
3250 3757 3448 3824 fuisse
3494 3770 3634 3825 tum
3680 3781 3755 3826 eo
3799 3760 3938 3826 loci.
4008 3760 4205 3828 Colli-

2264 3842 2483 3925 gimus
2550 3854 2772 3909 autem
2841 3844 3047 3924 facile,
3114 3842 3660 3926 quemadmodum
3724 3867 3807 3911 ex
3875 3846 4019 3912 aliis
4073 3849 4203 3914 iam

2264 3927 2425 3993 locis
2458 3928 2977 4011 observavimus,
3020 3930 3333 4013 populum
3381 3950 3421 3994 a
3464 3930 3748 4013 puritate
3792 3933 3955 4016 legis
3998 3954 4207 4000 reces-

2266 4013 2451 4093 sisse,
2495 4016 2902 4100 multumque
2945 4016 3066 4082 sibi
3110 4016 3480 4099 permisisse
3523 4017 3589 4081 in
3632 4015 3760 4082 Dei
3803 4018 4000 4093 cultu,
4047 4018 4206 4085 adeo

2268 4108 2342 4163 ut
2401 4099 2600 4166 fuerit
2659 4102 2848 4168 valde
2905 4112 3271 4184 corruptus.
3360 4101 3502 4167 Iam
3559 4123 3718 4187 ergo
3774 4104 3829 4168 si
3875 4105 4211 4187 quaeritur

2264 4184 2425 4267 quid
2486 4186 2566 4253 de
2610 4185 2942 4253 Samuelis
3005 4188 3172 4254 facto
3226 4186 3649 4254 iudicandum
3694 4190 3800 4265 sit,
3860 4188 4206 4255 dicendum

2266 4293 2397 4336 non
2463 4292 2657 4356 posse
2721 4294 2840 4339 nec
2908 4272 3140 4339 debere
3205 4273 3369 4339 illud
3434 4274 3503 4339 in
3569 4274 3939 4358 exemplum
4010 4276 4202 4342 trahi.

2263 4356 2480 4423 Deum
2521 4373 2743 4424 antem
2781 4358 3059 4443 quodam
3098 4359 3439 4444 privilegio
3474 4369 3542 4425 et
3578 4359 3923 4425 tolerantia
3968 4362 4202 4428 vitium

2262 4442 2424 4507 illud
2486 4444 2906 4522 condonasse,
2967 4455 3041 4510 ut
3099 4466 3216 4511 nos
3272 4457 3569 4529 oporteat
3610 4465 3868 4529 semper
3910 4445 3989 4510 ad
4040 4446 4204 4531 legis

2261 4529 2610 4595 formulam
2648 4539 2713 4595 et
2752 4531 3232 4615 praescriptum
3278 4541 3541 4596 nostras
3584 4531 3869 4596 actiones
3914 4533 4199 4614 exigere.

2258 4614 2431 4679 Nam
2467 4616 2525 4681 si
2566 4626 2870 4681 veterum
2918 4629 3289 4683 sanctorum
3337 4616 3697 4701 singularia
3736 4616 3909 4683 facta
3952 4618 4197 4684 imitari

2260 4711 2327 4766 et
2360 4702 2428 4766 in
2469 4702 2839 4785 exemplum
2886 4702 3144 4768 trahere
3189 4702 3508 4787 volumus,
3551 4704 3619 4767 in
3665 4704 4054 4769 immensum
4100 4704 4195 4770 la-

2259 4788 2644 4872 byrinthum
2724 4788 3087 4854 incidemus
3166 4810 3247 4854 ex
3317 4809 3443 4871 quo
3508 4809 3637 4853 non
3704 4788 3894 4853 detur
3959 4789 4193 4871 exitus,

2258 4872 2798 4957 quemadmodum
2878 4875 3119 4940 factum
3199 4873 3510 4940 videmus.
3631 4872 3919 4940 Obsecro
3996 4875 4194 4958 enim,

2261 4958 2434 5025 unde
2475 4970 2660 5024 tanta
2701 4959 3032 5043 dissipatio
3075 4961 3141 5024 in
3189 4959 3522 5025 ecclesiam
3569 4960 3849 5038 invecta,
3895 4972 3967 5025 ut
4011 4962 4194 5029 nulla

2261 5044 2598 5131 religionis
2655 5046 2862 5112 forma
2919 5046 3312 5129 apparuerit,
3371 5046 3497 5111 nisi
3557 5044 3725 5130 quod
3790 5047 3859 5110 in
3917 5046 4192 5116 aliorum

2259 5132 2431 5197 facta
2485 5132 2757 5197 coniecti
2811 5141 2966 5197 sunt
3020 5131 3207 5212 oculi,
3274 5150 3439 5214 quae
3497 5130 3730 5196 deinde
3789 5152 3906 5215 pro
3964 5136 4190 5218 regula

2260 5227 2416 5283 sunt
2472 5218 2725 5301 posita?
2826 5216 3058 5301 Neque
3119 5238 3271 5283 vero
3328 5218 3503 5284 istud
3548 5216 3793 5283 malum
3839 5241 3877 5284 a
3922 5219 4192 5290 Domini
