5059 6059
257 324 364 390 145

249 528 462 580 saevus
511 518 579 574 et
636 509 917 576 crudelis
958 509 1211 589 fuisset,
1269 509 1445 593 quod
1484 511 1873 593 sanguinem
1918 507 2150 574 humo}-

247 618 388 667 num
420 594 704 673 fudisset,
742 597 914 679 qued
953 596 1196 661 multas
1229 616 1466 661 uxores
1488 594 1719 660 viduas
1741 594 2147 660 reddidisset.

248 686 331 752 Bt
356 690 566 747 tamen
603 681 823 746 divina
861 682 1075 748 ultio
1058 703 1128 746 in
1172 682 1316 765 ipso
1349 693 1614 764 peccata
1654 680 1914 745 illorum
1953 680 2149 747 ulcis-

245 770 402 836 citur
451 767 562 849 qui
617 767 748 831 iam
809 777 961 832 ante
1017 777 1343 834 trecentos
1398 786 1606 832 annos
1656 775 1934 831 mortem
1975 766 2146 832 obio-

245 861 395 922 rant.
480 850 674 931 Sane,
735 864 802 918 et
841 853 998 918 inde
1041 865 1314 936 apparet
1353 853 1573 917 Deum
1619 863 1845 918 vetera
1886 863 2150 936 peccata

243 940 632 1092 ffissi‘issa’
632 959 816 1089 ,2¹:12⁶
839 938 991 1088 132¹?
1022 939 1839 1107 ιὲῗέἑὴΐὲώέρεὶἶῗίξὲθ
1860 939 2146 1089 .ἓὲἲέἲὲ

2133 1073 2149 1104 2

242 1123 302 1177 et
338 1110 666 1178 consilium
711 1110 920 1193 ipsius
959 1121 1296 1176 aeternum
1353 1111 1661 1188 revereri,
1719 1120 1787 1174 et
1842 1112 1913 1174 in
1969 1111 2147 1175 omni

237 1197 592 1263 humilitate
640 1195 948 1279 quidquid
1009 1215 1195 1262 sacra
1247 1195 1434 1261 decet
1475 1194 1802 1280 scriptura
1841 1196 2145 1281 recipere.

235 1285 318 1349 Et
351 1281 660 1366 quidquid
699 1281 990 1346 humana
1023 1283 1192 1346 ratio
1224 1280 1442 1360 dictet,
1478 1300 1556 1346 os
1586 1289 1804 1346 tamen
1825 1281 2146 1358 claudere,

233 1380 295 1435 et
352 1371 420 1433 in
483 1388 727 1434 arcana
777 1366 902 1432 Dei
967 1366 1207 1433 iudicia
1270 1387 1400 1433 non
1464 1365 1743 1434 ulterius
1793 1366 2142 1451 inquirere.

234 1454 393 1534 Quid
437 1455 632 1530 enim,
701 1473 959 1537 quaeso,
998 1452 1316 1536 profuerit
1357 1452 1670 1519 adversus
1710 1452 1926 1537 ipsum
1970 1452 2146 1519 oblo-

230 1540 375 1625 qui?
463 1539 689 1620 Quare
749 1559 1176 1623 quaecunque
1235 1538 1502 1603 tandem
1546 1548 1853 1606 exerceat
1889 1537 2148 1621 iudicia,

225 1647 378 1709 quae
422 1627 615 1691 nobis
667 1625 1024 1691 insolentia
1077 1623 1493 1705 videbuntur,
1548 1645 1636 1690 ne
1691 1634 1909 1691 tamen
1961 1625 2145 1710 quid-

228 1732 412 1795 quam
472 1713 789 1777 adversus
839 1712 1057 1794 ipsum
1104 1710 1568 1793 obloquamur:
1627 1711 2146 1794 quandoquidem

221 1818 334 1863 sua
384 1815 649 1880 semper
704 1795 804 1861 illi
860 1795 1252 1861 iudiciorum
1308 1803 1568 1862 constat
1613 1796 1806 1862 ratio.
1889 1797 2151 1863 Interea

222 1895 504 1948 nostram
567 1903 607 1946 a
802 1883 1010 1946 utiam
1072 1892 1140 1947 et
1184 1883 1619 1948 temeritatem
1664 1883 1737 1947 in
1780 1883 2150 1949 scrutandis

221 1967 1159 2135 iplglimezudieiguobse’ii‘vabit
1172 1986 1564 2118 Θῖὲιὶοῗῃὲιο
1605 1969 2150 2119 ¹<²:2³iamtituuiporc

221 2077 260 2119 ιι
345 2077 412 2121 sc
485 2075 570 2120 ur
790 2074 893 2118 am
984 2073 1120 2118 rem
1519 2074 1601 2119 an
1734 2074 1811 2119 ra
1864 2075 1971 2119 σιιι
2015 2075 2148 2120 non

216 2149 524 2226 appareat
584 2141 877 2205 omnium
939 2138 1067 2204 Dei
1124 2137 1508 2205 iudiciorum
1563 2140 1761 2219 ratio,
1834 2150 2151 2224 tanquam

215 2229 577 2294 iustissima
616 2235 839 2290 tamen
884 2224 1334 2308 suspiciamus.

379 2314 475 2379 Et
534 2313 891 2395 hactenus3
961 2329 1127 2394 quae
1185 2330 1346 2375 vero
1399 2321 1766 2394 sequuntur
1822 2312 2150 2395 quandam

214 2397 666 2464 difficultatem
723 2397 791 2462 in
854 2417 926 2462 se
982 2396 1342 2476 continent,
1398 2395 1570 2479 quod
1616 2396 1854 2463 dicitur
1896 2397 2151 2464 Samuel

211 2481 2146 2567 infractacoacidisseAycffimcoromDomiaoinGal·

206 2569 389 2651 qaus.
482 2570 598 2634 An
646 2569 822 2634 enim
866 2570 1145 2651 ipsemet
1183 2567 1514 2633 hominem
1556 2568 1931 2635 interfecit?
2009 2570 2146 2636 Ita

207 2676 330 2739 que
384 2654 500 2721 hic
556 2657 843 2737 primum
899 2653 1378 2720 observandum
1430 2664 1550 2731 est,
1610 2655 1692 2720 iis
1749 2655 2147 2738 temporibus

204 2762 331 2807 non
387 2762 544 2807 eam
606 2760 775 2840 quae
817 2761 993 2806 nunc
1037 2739 1287 2805 obtinet
1329 2740 1526 2806 fuisse
1567 2741 2143 2807 consuetudinem·

204 2838 268 2892 et
322 2827 623 2893 iustitiae
675 2826 1047 2892 ministrum
1091 2845 1236 2892 esse
1277 2846 1409 2892 non
1453 2825 1653 2891 fuisse
1691 2826 2144 2893 inhonestum.

198 2915 534 3015 corruptis
593 2933 749 2979 vero
805 2911 1044 2978 deinde
1095 2910 1374 2977 saeculis
1431 2912 1691 2991 factum,
1747 2922 1824 2977 ιιι
1865 2912 1946 2978 de
1988 2914 2147 2980 faci·

196 3003 449 3065 norosis
496 3020 640 3064 non
686 3007 985 3064 sumatur
1024 2997 1435 3081 supplicium,
1492 2997 1617 3063 nisi
1660 3018 1780 3081 per
1818 3000 2146 3081 publicum

197 3082 519 3161 lictorem,
588 3083 669 3149 ad
716 3084 888 3150 hanc
931 3103 1070 3147 rem
1115 3081 1512 3148 ordinatum.
1595 3083 1853 3151 Deinde
1896 3100 2145 3151 certum

196 3169 356 3236 illud
402 3191 582 3251 esse,
640 3168 1014 3237 Samuelem
1060 3188 1100 3233 a
1143 3168 1287 3233 Deo
1332 3170 1516 3253 regia
1557 3182 1880 3253 potestate
1920 3187 1988 3236 et
2030 3194 2146 3237 au-

196 3258 468 3322 toritate
515 3265 869 3332 armatum,
916 3255 1184 3320 iubente
1204 3254 1507 3339 Agagum
1552 3256 1850 3323 interfici.
1917 3258 2150 3340 Neque

192 3344 369 3408 enim
433 3342 779 3409 Samuelis
836 3342 1122 3405 officium
1181 3351 1323 3405 erat
1378 3341 1681 3425 Agagum
1741 3343 2149 3408 interimere:

193 3429 302 3493 sed
350 3442 592 3494 tamen
637 3440 934 3494 cessante
980 3425 1182 3492 Saule
1226 3439 1294 3490 et
1338 3428 1629 3491 officium
1677 3449 1804 3492 non
1849 3429 2150 3508 faciente,

192 3513 469 3581 Samuel
521 3534 668 3578 rem
713 3513 999 3596 perfecit.
1061 3512 1257 3592 Quod
1306 3533 1458 3577 vero
1504 3511 1663 3580 Saul
1709 3516 1850 3579 sine
1889 3527 2148 3581 contra-

191 3598 488 3666 dictione
533 3599 605 3665 id
651 3598 974 3682 permittit
1009 3599 1168 3676 fieri,
1225 3601 1290 3661 in
1338 3618 1413 3662 eo
1460 3600 1759 3665 videmus
1799 3600 1987 3664 illum
2032 3621 2144 3666 ve·

189 3685 310 3751 luti
371 3687 626 3751 fraeno
684 3683 970 3769 quodam
1029 3683 1353 3749 cohibet-iz
1408 3686 1518 3749 ssd
1567 3696 1787 3749 tamen
1834 3700 2143 3769 tauquam

183 3771 594 3838 simulatum
657 3771 1009 3847 homiuem,
1082 3770 1268 3834 cuius
1325 3789 1438 3834 cor
1495 3791 1628 3835 non
1685 3782 1825 3835 erat
1879 3792 2148 3855 prorsus

181 3856 486 3924 alienum
543 3879 594 3924 a
631 3856 1022 3923 rebellione·
1079 3856 1192 3921 sed
1237 3858 1349 3938 qui
1394 3877 1565 3922 nunc
1607 3857 2016 3939 prophetam,
2070 3867 2147 3922 ut

181 3939 1527 4096 ειθίιιεῆιωιιεᾞῑιῆέἳιὶι
1559 3943 2144 4111 masaga:

179 4115 354 4182 dea&
452 4113 917 4215 Quamobrem
975 4133 1108 4177 non
1152 4120 1255 4178 est
1297 4111 1722 4180 adscribenda
1766 4112 1953 4181 Sauli
1999 4114 2144 4179 laus

177 4201 410 4286 aliqua
471 4201 788 4266 virtutis·
847 4199 959 4265 sed
1017 4197 1355 4264 sciendum
1412 4219 1454 4262 a
1494 4199 1640 4265 Deo
1697 4201 1895 4265 fuisse
1938 4201 2142 4266 veluti

178 4289 482 4354 belluam
545 4284 883 4369 quandam
936 4286 1323 4350 fraenatum.
1410 4284 1628 4350 Deum
1685 4289 1904 4370 itaque
1960 4287 2146 4351 vide-

177 4393 328 4440 mus
356 4371 681 4440 samueli
725 4392 968 4437 uorum
1012 4371 1222 4436 veluti
1267 4368 1470 4435 robur
1512 4372 1594 4436 ad
1640 4372 1763 4438 hoc
1803 4393 1966 4456 opus
2009 4372 2141 4438 suf-

174 4460 440 4539 fecisse,
493 4455 685 4542 qnod
729 4458 1020 4540 alioquin
1064 4478 1102 4521 a
1147 4477 1218 4521 se
1260 4478 1395 4522 non
1438 4455 1727 4523 haberet.
1817 4457 2006 4538 Nam,
2069 4470 2145 4523 ιιι

173 4545 503 4625 vidimus,
573 4542 662 4609 ad
717 4563 1041 4609 summam
1086 4551 1489 4609 senectutem
1531 4560 1929 4627 pervenerat,
1975 4565 2142 4628 quae

171 4630 423 4715 {rigida
469 4630 876 4715 plerumque
919 4637 989 4694 et
1030 4629 1299 4694 infirma
1339 4637 1459 4695 est.
1525 4631 1719 4713 Agag
1760 4643 1979 4695 autem
2021 4630 2140 4695 flo-

171 4729 367 4782 rente
430 4715 672 4783 adhue
713 4725 928 4780 aetate
967 4714 1227 4779 videtur
1267 4713 1505 4779 fuisse.
1560 4727 1626 4779 et
1668 4716 1818 4781 licet
1861 4727 2136 4781 aetatem

167 4801 386 4885 ipsioe
450 4806 872 4902 ignoremus,
928 4811 1150 4866 tamen
1214 4821 1344 4865 non
1392 4801 1588 4866 fuisse
1629 4802 1993 4866 confectum
2038 4822 2137 4867 se·

169 4899 453 4956 neotum
519 4886 886 4954 verisimile
940 4897 1062 4951 est..
1139 4887 1346 4951 Porro
1403 4907 1531 4952 non
1588 4897 1844 4951 tantum
1895 4907 2136 4965 caesus,

166 4974 286 5040 sed
323 4978 400 5043 in
441 4977 682 5042 frusta
721 4972 1082 5056 discerptus
1116 4971 1486 5038 aSamuele
1528 4972 1783 5057 dicitur,
1827 4983 2135 5056 tanquam

163 5062 220 5125 si
282 5060 784 5128 mollissimum
827 5057 980 5140 quid
1024 5057 1432 5125 concidisset.
1513 5058 1656 5123 Nae
1698 5060 1965 5124 omnino
2008 5071 2137 5124 sta-

164 5146 511 5214 tumeam
557 5143 691 5209 Dei
735 5164 1002 5209 manum
1043 5153 1297 5209 tantam
1340 5144 1480 5210 vim
1524 5144 1816 5210 Samueli
1860 5144 2134 5210 dedisse.

159 5231 374 5301 Unde
415 5231 864 5299 manifestum
904 5237 1010 5295 est
1040 5228 1336 5297 Samueli
1381 5249 1624 5296 munus
1664 5233 1924 5315 regium
1963 5251 2137 5297 com-

411 5333 667 5393 calcem·
691 5348 887 5403 opera.
921 5330 1041 5391 Vol.
1065 5332 1260 5390 XXX.

1546 319 1645 386 IN
1691 320 1741 386 1.
1786 320 1966 388 Lm.
2014 317 2412 387 SAUUEL.
2457 318 2657 386 CAP.
2704 316 2858 384 XV.

4063 322 4194 400 246

2252 506 2547 585 missum,
2602 506 2726 572 etsi
2783 527 2899 589 pro
2900 508 3104 591 pheta
3153 517 3328 574 erat:
3389 509 3736 594 Deumque
3790 509 4076 577 voluisse
4119 521 4197 577 ut

2249 592 2421 677 quod
2446 553 2611 658 Sa⁹ul
2634 592 2923 659 officium
2947 594 3347 677 neglexerat,
3391 595 3532 679 ipse
3554 530 3824 662 Samuel
3867 596 3960 662 im
4008 596 4192 662 leret.

2420 677 2715 744 Tandem
2758 677 2995 744 dicitur
3042 679 3299 747 Senmet
3340 680 3572 747 abiisse
3612 702 3683 747 m
3727 680 3938 749 Rama

2246 763 2677 830 mouisse
2753 764 2925 830 ultra
2996 765 3252 832 Saulem
3335 786 3531 849 usqae
3607 768 4197 835 addam-sortis

2243 870 2419 931 snm,
2474 855 2896 916 vmmttamea
2944 851 3186 918 luxisse
3237 851 3441 933 illum,
3497 854 3794 935 quoniam
3847 853 4194 921 Dominum

2236 936 2665 1018 poenitus-sset,
2720 937 3337 1018 quodoonsumism
3386 938 3800 1022 reymSaal
3848 958 4039 1022 anper
4086 939 4192 1006 Is·

2245 1021 2401 1086 rael.
2505 1019 2878 1088 Samuelem
2942 1024 3295 1089 verisimile
3359 1035 3458 1088 est
3524 1026 3903 1091 comitatum
3973 1023 4193 1094 Saulis

2247 1106 2629 1182 deseruisse,
2691 1127 2775 1172 ne
2831 1107 3165 1174 videretur
3223 1110 3416 1178 vanis
3455 1109 3638 1175 illum
3684 1111 4194 1178 comminationi-

2251 1193 2373 1258 bus
2418 1205 2663 1258 terrere
2706 1193 3023 1259 voluisse:
3090 1194 3204 1260 sed
3270 1197 3492 1278 potius
3541 1207 3617 1261 ut
3658 1195 3989 1263 decretum
4031 1198 4193 1263 irre-

2248 1277 2544 1345 vocabile
2605 1298 2752 1345 esse
2816 1279 3503 1348 demonstraret.1ta
3559 1282 3870 1349 recedens
3910 1302 3950 1347 a
3994 1280 4195 1350 Saule

2246 1362 2564 1463 propbeta
2605 1365 2821 1448 palam
2867 1373 3174 1432 testatum
3234 1367 3511 1433 feeitse
3573 1377 3728 1451 tanq
3732 1389 3883 1433 uam
3931 1367 4057 1435 Dei
4100 1369 4194 1436 le·

2248 1458 2477 1535 gatum
2517 1450 2738 1533 ipsum
2783 1451 3177 1536 coarguisse,
3210 1463 3282 1518 et
3324 1465 3399 1518 ut
3442 1452 3722 1518 habebat
3762 1455 3829 1519 in
3868 1453 4195 1521 mandatis

2248 1536 2635 1602 aDomino
2690 1555 2931 1619 poenas
2986 1537 3313 1604 minatum
3372 1559 3534 1604 esse.
3623 1539 3767 1605 'Pali
3823 1543 4196 1606 constantia

2250 1621 2823 1774 33¹3..ssss
2849 1624 3992 1811 ἙἉὲἒᾷωὲἳἸέᾍοὲἓὲἳέι
3987 1626 4193 1777 ῗὶἵῖιῗ

2250 1813 2371 1894 per
2421 1803 2846 1860 transemam
2903 1793 2987 1860 de
3041 1797 3329 1879 peccatis
3384 1809 3702 1879 arguant,
3766 1807 3839 1862 et

2249 1880 2410 1962 ipsis
2485 1878 2867 1945 adulentur·
2945 1881 3492 1981 quemadmodum
3571 1882 3913 1967 plerosque
3977 1883 4199 1949 videas

2252 1964 2513 2049 egregie
2553 1965 2941 2032 simulantes
2982 1967 3167 2034 viros
3206 1967 3441 2051 probos
3487 1978 3554 2034 et
3593 1967 3836 2035 fortes
3818 1991 3885 2034 ιιι
3909 1967 4197 2036 docendo

2252 2060 2321 2116 et
2362 2050 2717 2135 arguenda,
2779 2052 2892 2134 qui
2957 2062 3332 2135 peccantem
3396 2053 3660 2155 quidem
3720 2054 4196 2122 admonebunt.

2252 2135 2384 2214 sed,
2442 2137 2500 2202 si
2544 2147 3068 2221 perseverantem
3112 2139 3182 2204 in
3223 2142 3501 2223 peccatis
3547 2140 3848 2218 viderint¹
3894 2139 4195 2207 dissimu-

2252 2221 2392 2289 lent
2453 2230 2522 2287 et
2564 2219 2933 2288 adulentur.
3020 2226 3222 2308 Atqui
3281 2225 3405 2292 hoc
3459 2237 3560 2293 est
3602 2228 3673 2291 in
3718 2226 3934 2292 Deum
3979 2227 4193 2312 ipsum

2253 2327 2539 2394 peccare,
2581 2319 2649 2374 et
2690 2309 2900 2391 ipsius
2939 2309 3348 2377 maiestatem
3393 2311 3682 2377 irridere.
3750 2310 3932 2380 Sane
3975 2333 4196 2396 pecca·

2254 2405 2425 2460 tores
2471 2393 2552 2459 de
2593 2396 2876 2478 peccatis
2919 2394 3257 2462 admoneri
3298 2417 3419 2482 par
3461 2408 3579 2482 est,
3625 2409 3690 2463 et
3733 2399 3787 2464 si
3813 2409 4198 2465 convertan-

2254 2489 2363 2547 tur
2404 2481 2698 2565 ipsorum
2743 2489 3009 2563 peccata
3050 2492 3370 2567 perpetua
3408 2493 3566 2551 sunt
3606 2483 3934 2550 oblivione
3975 2484 4199 2550 oblite-

2252 2566 2476 2647 randa,
2541 2567 2742 2632 immo
2805 2576 2873 2633 et
2935 2568 3094 2651 ipsis
3158 2570 3360 2635 animi
3428 2568 3706 2635 addendi
3770 2591 4046 2654 spesque
4100 2572 4195 2637 fa·-

2250 2653 2481 2719 cienda
2515 2671 2851 2736 nunquam
2887 2652 3057 2719 illa
3038 2655 3198 2738 ipsis
3217 2655 3688 2739 exprobranda.
3732 2654 3944 2724 sedni
3969 2667 4197 2723 contra

2253 2738 2626 2804 Densiusto
2646 2738 2887 2804 iudicio
2904 2739 3316 2842 persequitur
3338 2752 3787 2844 peccatores,q
3790 2746 3854 2807 ui
3881 2743 4197 2810 admoniti

2250 2824 2508 2907 quidem
2542 2825 3061 2907 nsipiscentiam
3077 2825 3407 2905 simulent,
3441 2827 3555 2893 sed
3578 2828 3701 2894 ad
3685 2829 4025 2914 ingenium
4046 2828 4194 2894 sub-

2247 2909 2406 2975 inde
2443 2920 2876 2988 revertamur,
2922 2910 3099 2977 hunc
3118 2910 3246 2977 Dei
3290 2923 3732 2997 contemptum
3775 2916 4193 2980 manifestum

2249 2995 2452 3080 ipsius
2493 3017 2649 3063 suos
2688 3015 2914 3064 servos
2957 2995 3172 3064 odisse
3211 3006 3283 3063 et
3321 2998 3625 3082 persequi
3647 3012 3923 3082 oportet.
3968 2999 4193 3101 Quare

2249 3081 2579 3147 Samuelis
2661 3081 2785 3147 hac
2860 3084 2934 3146 in
3008 3093 3196 3166 parte
3281 3083 3677 3150 laudandam
3754 3086 4192 3151 constantiam

2248 3169 2597 3319 &tw-2.
2612 3169 2803 3319 ‘¹23'ss
2846 3189 3201 3337 ἳὲἲηὲῖωὲ
3199 3170 3218 3233 ¹
3238 3178 3385 3321 132⁸.
3421 3171 3770 3323 ’ξῖἕοῗαὲῗ
3771 3179 3959 3323 '³³33
4005 3170 4189 3340 {325

2247 3360 2392 3404 eum
2441 3338 2803 3405 deseruerit
2844 3348 2913 3404 et
2950 3357 3263 3424 tanquam
3304 3340 3678 3424 deploratae
3715 3342 3945 3409 salutis
3988 3341 4192 3408 homi·

2249 3446 2394 3490 nem
2435 3425 2791 3508 reliquerit.
2849 3424 3041 3505 Quod
3085 3437 3300 3492 autem
3347 3427 3650 3494 adiicitur
3687 3428 3933 3496 luxisse
3969 3429 4190 3512 ipsum

2250 3509 2545 3588 Saulem,
2616 3509 2787 3594 quod
2843 3511 3024 3595 regia
3079 3511 3395 3596 dignitate
3451 3512 3759 3597 depulsus
3816 3536 3856 3580 a
3915 3515 4193 3581 Domino

2246 3596 2491 3672 fuisset,
2538 3595 2823 3662 declarat
2847 3595 3218 3666 Samuelem
3263 3598 3344 3663 ab
3389 3600 3568 3663 omni
3613 3599 3965 3667 ambitione
3995 3601 4193 3666 fuisse

2247 3681 2752 3747 alienissimum.
2819 3682 3103 3749 vidimus
3160 3683 3337 3749 enim
3395 3682 3664 3750 Saulem
3731 3686 3800 3751 in
3862 3684 4189 3753 Samuelis

2247 3768 2459 3833 locum
2503 3769 2953 3834 substitutum.
3019 3771 3221 3853 Atqui
3263 3780 3339 3834 ut
3381 3777 3537 3836 sunt
3580 3769 3877 3838 homines
3922 3773 4191 3839 honoris

2245 3854 2484 3936 cupidi,
2544 3853 2599 3917 si
2646 3854 2791 3936 quis
2835 3853 3114 3937 aliquem
3158 3857 3229 3920 in
3271 3855 3483 3922 locum
3527 3877 3719 3922 suum
3764 3856 4189 3924 substitutum

2247 3938 2513 4020 viderit,
2595 3940 2734 4005 fleri
2801 3959 2933 4004 non
2999 3951 3220 4024 potest
3280 3941 3441 4023 quin
3507 3941 3788 4024 quodam
3855 3947 4190 4010 stomacho

2245 4035 2603 4090 moveatur.
2694 4023 2829 4091 Sed
2881 4024 3051 4109 quod
3114 4024 3380 4091 Samuel
3429 4024 3699 4093 Saulem
3755 4028 3968 4113 luget,
4025 4031 4186 4095 satis

2242 4109 2534 4175 declarat
2584 4112 2800 4193 ipsum
2860 4132 3071 4194 neque
3126 4111 3389 4177 honoris
3445 4123 3557 4177 aut
3601 4112 3939 4198 dignitatis
4003 4115 4186 4197 cupi·

2245 4195 2426 4275 dum,
2476 4217 2685 4279 neque
2739 4196 3086 4280 primariae
3142 4198 3212 4262 in
3258 4198 3541 4281 reliquos
3583 4200 3948 4266 autoritatis
3992 4219 4186 4298 appe-

2245 4289 2509 4359 tentem,
2561 4292 2675 4348 aut
2720 4281 2932 4348 laudis
2974 4281 3264 4350 avidum.
3354 4282 3601 4367 Sponte
3644 4287 3817 4350 enim
3862 4286 4075 4362 cessit,
4118 4297 4186 4351 et

2244 4368 2522 4433 libenter
2566 4366 2648 4433 de
2691 4369 3097 4434 dominatore
3139 4370 3346 4436 factus
3385 4381 3485 4436 est
3526 4371 3871 4436 subiectus.
3933 4370 4185 4438 Idcirco

2243 4453 2465 4536 itaque
2507 4453 2729 4520 Saulis
2784 4475 3005 4520 casum
3073 4476 3201 4519 non
3260 4457 3486 4539 lugere
3530 4475 3660 4521 non
3707 4466 3950 4538 potest,
4010 4455 4181 4540 quod

2245 4540 2553 4605 reiectum
2598 4552 2667 4605 et
2708 4540 3118 4624 reprobatum
3167 4541 3351 4606 illum
3408 4561 3448 4604 a
3495 4542 3772 4606 Domino
3816 4553 4179 4626 cognoscat.

2244 4623 2401 4692 Saul
2447 4642 2675 4691 contra
2715 4648 2844 4691 non
2892 4626 3130 4709 legitur
3192 4628 3363 4692 idem
3411 4627 3491 4691 de
3530 4626 3854 4693 Samuelis
3896 4628 4181 4694 discessu

2241 4733 2284 4777 a
2324 4733 2398 4776 se
2436 4710 2685 4791 fecisse,
2732 4733 2957 4778 verum
3005 4714 3219 4794 potius
3259 4711 3495 4778 callum
3540 4710 3902 4793 obduxisse,
3957 4722 4025 4778 ct
4066 4715 4178 4780 ob-

2241 4796 2542 4862 duruisse
2585 4800 2793 4863 instar
2836 4799 3105 4877 belluae,
3151 4811 3218 4864 et
3256 4801 3326 4864 in
3372 4818 3517 4862 eam
3561 4797 3804 4862 rabiem
3829 4817 4181 4866 conversus

2242 4894 2318 4949 ut
2360 4880 2673 4949 adversus
2716 4885 2927 4967 ipsum
2975 4884 3188 4948 Deum
3234 4886 3676 4960 insurrexerit,
3742 4895 3811 4948 et
3851 4883 3972 4950 sibi
4033 4896 4179 4952 tan·

2240 4972 2386 5033 dem
2460 4989 2695 5036 manus
2754 4980 2825 5034 et
2886 4969 3190 5034 ultimum
3257 4970 3531 5034 exitium
3599 4969 3913 5035 attulerit.
3998 4971 4177 5040 Hine

2240 5055 2666 5123 admonemur
2705 5054 3188 5122 exsultantibus
3233 5067 3300 5119 et
3344 5054 4031 5136 triumphantibusm
3943 5079 3961 5121 ι

2238 5143 2339 5208 bis
2380 5140 2771 5221 hominibus,
2829 5142 3019 5207 nobis
3075 5141 3292 5224 potius
3344 5139 3634 5205 flendum
3678 5151 3744 5206 et
3786 5057 4179 5226 gemenXum

2240 5248 2371 5295 non
2415 5235 2671 5294 tantum
2736 5237 2995 5312 peecata
3036 5235 3266 5293 nostra
3307 5226 3831 5386 agnoscentiblus,
3882 5228 3999 5296 sod
4053 5232 4177 5297 im

3742 5333 3781 5390 0
