5059 6059
826 265 954 331 267

827 474 947 604 pro
982 452 1120 518 filio
1156 474 1534 538 nuncupare
1572 454 1962 537 permissum
1999 467 2176 522 erat:
2212 475 2342 520 non
2380 463 2599 520 tamen
2637 453 2775 520 cui-

860 539 992 604 ibet
1036 539 1408 621 exemplum
1454 538 1631 605 istud
1671 539 1915 605 imitari
1958 539 2210 606 licebat.
2301 540 2552 606 Verum
2597 541 2777 606 enim

836 625 999 692 illud
1044 639 1144 692 est
1186 624 1362 708 quod
1400 624 1709 692 Christus
1745 627 1912 691 dixit
1955 626 2297 710 apostolis:
2345 626 2629 692 Nescitis
2673 648 2780 693 cu·

837 712 941 779 ius
985 711 1254 795 spiritus
1296 712 1477 775 sitis:
1537 732 1737 794 quare
1795 712 1972 779 hunc
2029 711 2132 779 vel
2176 712 2361 778 illum
2411 724 2567 779 vota
2606 735 2777 780 nun·

839 796 1139 882 cupando
1187 796 1353 864 velle
1396 796 1643 862 imitari
1687 809 2004 874 sanctum,
2040 812 2107 863 et
2141 798 2210 863 in
2254 798 2534 882 speciem
2574 819 2776 882 quan·

840 884 990 949 dam
1048 904 1207 966 prae
1257 903 1326 948 se
1386 883 1555 948 ferre
1618 884 2120 949 sanctimoniam
2178 904 2411 967 parum
2471 893 2604 950 est:
2662 883 2776 950 sed

839 981 1217 1037 sanctorum
1274 971 1564 1035 virorum
1629 969 1950 1034 imitanda
2013 979 2112 1034 est
2167 970 2458 1053 affectio,
2515 990 2591 1035 ac
2650 968 2778 1035 Dei

839 1056 1110 1138 spiritus
1153 1055 1596 1133 invocandus,
1655 1075 1845 1137 quem
1908 1055 1978 1119 in
2041 1057 2211 1121 votis
2269 1054 2496 1122 ducem
2545 1076 2777 1138 sequa-

839 1163 1003 1208 mur.
1095 1139 1445 1206 Caeterum
1494 1143 1726 1206 Annae
1770 1139 1937 1205 nihil
1983 1141 2264 1225 amplius
2308 1161 2554 1208 vovere
2597 1140 2780 1207 licuit

843 1249 1040 1312 quam
1086 1225 1460 1294 Samuelem
1509 1227 1652 1292 Deo
1696 1225 2054 1292 secundum
2107 1248 2293 1292 suam
2337 1226 2777 1293 conditionem

842 1313 1388 1379 ministraturum.
1436 1311 1661 1394 Neque
1703 1312 1876 1378 enim
1924 1312 2137 1393 potuit
2177 1324 2292 1378 aut
2335 1312 2561 1379 debuit
2582 1315 2780 1378 Anna

842 1401 1270 1466 constitutum
1309 1420 1348 1463 a
1376 1399 1512 1464 Deo
1547 1398 1614 1463 in
1659 1397 1806 1480 lege
1849 1397 2145 1463 ordinem
2195 1398 2456 1475 violare,
2500 1401 2611 1482 qui
2655 1400 2780 1464 fuit

840 1494 1310 1552 sacrosanctus.
1358 1483 1506 1549 Non
1551 1485 1774 1565 itaque
1820 1497 1973 1550 vcta
2017 1504 2134 1567 pro
2178 1485 2398 1550 futuro
2443 1484 2779 1551 sacerdote

842 1570 1152 1637 Samuele
1200 1579 1565 1652 nuncupat:
1608 1568 1778 1652 quod
1818 1568 2019 1649 licuit,
2062 1570 2262 1648 vovit,
2304 1568 2448 1635 Deo
2492 1571 2774 1636 nascitu-

844 1678 988 1723 rum
1037 1656 1298 1731 dicavit,
1325 1675 1401 1721 ac
1443 1653 1763 1720 sacerdoti
1808 1657 2154 1737 commisit,
2179 1655 2534 1721 secundum
2580 1677 2776 1722 suum

842 1743 1138 1809 ordinem
1199 1742 1269 1805 in
1314 1742 1688 1807 sanctuario
1745 1742 2287 1808 ministraturum.
2376 1743 2485 1807 Ex
2544 1742 2779 1825 quibus

839 1828 1004 1894 illud
1051 1827 1222 1911 quod
1269 1827 1606 1909 attigimus
1651 1848 1850 1909 supra
1892 1829 2329 1909 conspicuum,
2378 1828 2520 1894 Deo
2564 1827 2778 1894 solum

840 1912 1280 1996 nuncupanda
1326 1922 1476 1977 vota
1518 1910 1597 1976 de
1640 1911 1723 1977 iis
1769 1933 1933 1995 quae
1978 1912 2058 1978 ab
2102 1914 2244 1997 ipso
2281 1914 2668 1996 accepimus,
2714 1923 2780 1979 et

839 2021 1008 2085 quae
1051 2011 1240 2084 grata
1283 2009 1669 2081 acceptaque
1713 1997 1837 2063 sibi
1882 2000 2019 2063 fore
2056 1999 2250 2066 verbo
2287 2000 2610 2082 patefecit.
2653 1999 2781 2064 Hic

845 2087 972 2151 fuit
1015 2083 1296 2168 Iephthe
1339 2083 1581 2165 lapsus,
1629 2086 1930 2150 voventis
1972 2084 2206 2150 seDeo
2231 2086 2300 2150 in
2327 2085 2778 2152 holocaustum

843 2172 1231 2250 oblaturum,
1275 2169 1704 2253 quodcunque
1741 2171 2023 2252 primum
2069 2170 2488 2253 egrederetur
2531 2172 2780 2237 foribus

843 2260 1077 2323 domus
1121 2277 1279 2321 suae
1323 2256 1584 2321 obviam
1628 2255 1773 2320 sibi.
1842 2255 2017 2321 Filia
2061 2257 2237 2338 prior
2281 2259 2597 2324 occurrit:
2642 2257 2782 2342 dig-

840 2366 968 2410 nus
1010 2363 1168 2410 sane
1213 2353 1364 2407 voto
1408 2341 1645 2406 exitus.
1705 2341 1811 2406 En
1857 2342 2034 2405 enim
2080 2344 2378 2424 propriae
2423 2343 2596 2408 filiae
2631 2364 2777 2427 par-

843 2428 1151 2506 ricidam,
1211 2425 1420 2493 scelus
1478 2425 1936 2492 detestandum
1995 2447 2071 2492 ac
2126 2429 2319 2511 plane
2364 2428 2778 2507 diabolicum,

844 2524 911 2581 et
998 2513 1260 2597 quidem
1362 2513 1651 2595 specioso
1738 2512 2078 2589 religionis
2165 2514 2429 2579 nomine
2516 2525 2779 2580 tectum.

848 2599 1074 2682 Quare
1134 2599 1571 2682 maximopere
1629 2597 1998 2664 cavendum
2055 2620 2139 2665 ne
2196 2597 2385 2664 illum
2429 2600 2781 2681 imitemur,

845 2686 958 2752 scd
1005 2697 1157 2751 vota
1201 2684 1422 2749 omnia
1465 2682 1546 2750 ad
1597 2682 1720 2749 Dei
1779 2684 2133 2750 voluntatis
2192 2686 2487 2770 regulam
2532 2686 2781 2751 exami-

844 2771 1064 2838 nanda
1109 2791 1252 2836 esse
1296 2772 1596 2835 sciamus.
1659 2771 1747 2834 Et
1792 2770 2106 2836 hactenns
2152 2769 2231 2836 de
2276 2781 2463 2854 parte
2507 2771 2625 2837 illa
2672 2794 2782 2837 vo-

844 2860 925 2938 ti,
993 2877 1119 2940 quo
1180 2860 1372 2921 Anna
1422 2857 1558 2922 Deo
1618 2856 1827 2920 filium
1895 2877 2140 2922 marem
2202 2858 2607 2924 nasciturum
2673 2858 2784 2923 dat

845 2944 1141 3027 dicatque
1185 2943 1252 3007 in
1299 2952 1682 3024 perpetuum
1730 2942 2198 3022 ministerium;
2242 2943 2451 3009 altera
2488 2945 2784 3026 sequitur

845 3050 1016 3114 pars,
1060 3049 1190 3095 non
1233 3028 1683 3095 adst-erasurum
1735 3048 1929 3109 saper
1976 3033 2167 3109 eaput
2208 3030 2348 3095 eius
2394 3030 2781 3096 novaculam.

845 3115 926 3181 In
973 3115 1313 3181 historiam
1360 3113 1704 3179 Samsonis
1761 3111 1841 3178 de
1883 3113 2290 3180 Nazaraeatu
2355 3114 2598 3180 dictum
2661 3125 2780 3181 est.

844 3200 1040 3284 Quod
1105 3199 1459 3267 caesariem
1529 3199 1704 3265 alere
1764 3199 2126 3266 Nazaraeos
2187 3201 2369 3267 Deus
2428 3200 2780 3285 praecepit,

843 3310 976 3355 non
1017 3287 1165 3352 ideo
1210 3288 1451 3352 factum
1497 3284 1664 3368 quod
1710 3285 2029 3368 quaedam
2074 3286 2143 3350 in
2187 3286 2302 3352 illa
2343 3288 2659 3354 sanctitas
2681 3288 2781 3352 in·

845 3385 1033 3450 esset,
1079 3370 1216 3453 sed,
1259 3382 1333 3437 ut
1378 3370 1573 3437 rudes
1618 3382 1771 3437 sunt
1819 3371 2146 3448 homines,
2194 3373 2584 3454 quibusdam
2628 3371 2781 3439 sub-

841 3458 1046 3542 sidiis,
1091 3457 1329 3542 quibus
1373 3459 1455 3522 ad
1504 3459 1809 3539 pietatem
1854 3469 1922 3523 et
1956 3458 2036 3522 ad
2082 3458 2367 3524 officium
2412 3459 2780 3525 faciendum

841 3544 1228 3622 incitentur,
1289 3564 1451 3626 opus
1515 3543 1776 3609 habent.
1865 3542 1980 3608 Sic
2039 3543 2447 3610 Nazaraeum
2492 3546 2784 3628 oportuit

840 3631 1022 3696 omni
1090 3631 1356 3713 potione
1411 3629 1777 3697 inebriante
1844 3628 2207 3706 abstinere,
2266 3651 2340 3696 ac
2396 3632 2782 3698 nominatim

840 3716 1137 3792 cervisia,
1176 3735 1342 3798 quae
1365 3714 1701 3782 delicatior
1722 3716 1917 3780 etiam
1944 3715 2139 3798 potio,
2175 3716 2299 3781 etsi
2323 3737 2478 3784 voce
2503 3715 2785 3782 hebraea

847 3822 966 3885 pro
1015 3802 1168 3866 vino
1220 3821 1711 3884 nonnumquam
1757 3802 2097 3884 accipitur,
2139 3799 2253 3867 sed
2302 3823 2505 3886 quum
2553 3804 2782 3868 vinum

843 3887 1255 3969 exprimitur,
1302 3886 1588 3968 reliquae
1635 3887 1931 3970 potiones
1967 3886 2368 3953 inebriantes
2409 3887 2782 3972 intelligen-

844 3974 964 4039 dae
1007 3983 1180 4040 sunt.
1271 3970 1495 4054 Quare
1538 3993 1742 4056 quum
1802 3972 1883 4038 ad
1929 3994 2074 4038 eam
2112 3973 2564 4039 austeritatem
2611 3975 2785 4040 vitae

843 4058 1157 4124 Nazaraei
1185 4070 1588 4136 vocarentur,
1630 4069 1701 4124 ut
1723 4058 2176 4125 communibus
2209 4058 2512 4126 omnibus
2536 4058 2785 4125 deliciis

842 4145 1167 4211 abstinere
1192 4142 1587 4221 iuberentur,
1612 4165 1872 4210 necesse
1897 4144 2021 4210 fuit
2041 4144 2172 4209 illis
2206 4155 2362 4212 ante
2395 4145 2615 4211 oculos
2650 4166 2783 4211 me·

843 4231 1247 4296 moraculum
1293 4229 1617 4312 quoddam
1661 4230 2027 4310 observari,
2089 4251 2172 4296 ne
2214 4252 2283 4296 se
2326 4231 2783 4298 communibus

844 4318 1036 4382 rebus
1083 4314 1285 4398 pollui
1328 4326 1726 4398 paterentur.
1787 4315 2010 4397 Quare
2055 4336 2307 4382 comam
2344 4316 2614 4397 alentes,
2662 4327 2783 4384 tes-

842 4402 1150 4468 tabantur
1193 4423 1269 4466 eo
1311 4402 1451 4484 ipso
1494 4422 1636 4467 sese
1681 4411 1848 4467 totos
1872 4401 1994 4467 Dei
2029 4402 2233 4467 cultui
2278 4402 2601 4469 addictos:
2650 4424 2782 4469 non

841 4486 1101 4571 quidem
1167 4485 1341 4570 quod
1398 4509 1531 4552 non
1592 4487 1875 4570 reliquos
1938 4487 2041 4552 vel
2082 4488 2341 4553 infimae
2384 4488 2782 4556 conditionis

842 4587 957 4640 aut
1001 4575 1227 4638 aetatis
1273 4572 1567 4638 homines
1613 4583 1937 4656 oporteret
1987 4572 2111 4638 Dei
2163 4574 2413 4640 cultum
2467 4575 2778 4657 profiteri,

841 4659 954 4728 sed
979 4660 1455 4726 Nazaraeorum
1495 4659 1790 4741 specialis
1833 4658 2150 4743 quaedam
2196 4661 2362 4725 ratio
2406 4658 2549 4736 fuit,
2594 4660 2779 4727 cuius

842 4748 1106 4828 signum
1152 4746 1308 4828 ipsis
1350 4755 1494 4810 erat
1549 4747 1896 4824 caesaries,
1954 4757 2029 4810 ut
2082 4744 2163 4810 ad
2218 4744 2501 4812 officium
2561 4754 2780 4811 essent

841 4832 1313 4916 propensiores.
1406 4831 1611 4895 Porro
1658 4832 1949 4913 papistac
1994 4853 2077 4895 ne
2128 4830 2261 4894 vini
2310 4831 2777 4897 abstinentiam

843 4928 1156 4984 voverent
1212 4938 1624 4999 summopere
1690 4923 2026 4982 caverunt.
2126 4917 2299 4981 Nam
2363 4918 2536 4982 inter
2603 4918 2776 5001 ipsos

843 5002 1309 5084 religiosissimi
1354 5004 1661 5069 carnibus
1706 5004 2125 5079 abstinentes,
2174 5003 2325 5068 vino
2373 5014 2593 5068 tamen
2641 5005 2773 5087 pri·

847 5089 989 5154 vari
1031 5111 1100 5154 se
1143 5110 1277 5156 non
1323 5087 1572 5154 ferunt:
1616 5090 1840 5173 quales
1869 5087 2086 5155 videas
2113 5087 2584 5156 carthusianos
2628 5090 2775 5156 illos

837 5176 1292 5259 semiangelos,
1336 5175 1572 5259 quibus
1616 5176 1919 5262 religioni
1962 5173 2225 5259 quidem
2266 5183 2365 5242 est
2413 5176 2517 5242 vel
2560 5176 2772 5242 carni-

2514 264 2930 334 HOMILIA
2993 264 3121 332 111.

4668 268 4766 338 268

2879 475 2994 519 um
3036 452 3394 521 frustulum
3440 453 3802 536 degustare,
3845 454 3959 520 sed
4004 453 4161 519 vinc
4205 474 4347 520 sese
4389 452 4766 547 ingurgitare,

2880 551 2948 605 et
2988 540 3152 607 cibis
3197 539 3344 608 aliis
3389 541 3730 623 exquisitis
3774 539 4216 623 aqualiculum
4273 559 4503 606 curare
4541 539 4766 610 honori-

2880 627 3108 704 ficum,
3168 635 3238 691 et
3280 625 3540 709 quidem
3601 637 3786 692 tanto
3843 648 3990 693 cum
4049 626 4214 692 luxu
4257 635 4326 691 et
4364 626 4669 710 ingluvie,
4707 639 4762 697 ut

2882 709 3025 776 Deo
3068 712 3196 796 ipsi
3239 727 3309 777 et
3350 711 3478 796 legi
3522 713 3664 778 eius
3706 711 4028 798 oppedere
4074 712 4239 778 velle
4286 711 4636 791 videantur,
4709 738 4763 782 ro

2881 797 3148 864 libidine
3192 820 3315 866 sua
3359 797 3564 864 vitam
3612 798 4047 865 instituentes.
4121 798 4422 881 Denique
4468 798 4634 864 Deus
4669 737 4764 870 hoo

2881 884 3069 969 signo
3138 883 3345 950 voluit
3411 884 3720 968 populum
3790 905 3980 949 suum
4029 883 4297 964 erudiri,
4359 893 4427 947 et
4489 883 4555 947 in
4598 885 4764 954 officio

2880 969 3232 1050 contineri,
3291 979 3388 1048 et,
3448 982 3526 1034 ut
3582 969 3861 1053 singulis
3905 970 4254 1035 momentis
4300 968 4427 1035 Dei
4469 969 4766 1038 beneficio·

2883 1076 3028 1120 rum
3072 1055 3585 1121 memoraculum
3631 1066 3787 1120 ante
3829 1053 4051 1122 oculos
4087 1054 4438 1132 habentes,
4499 1064 4766 1138 tanquam

2884 1142 3067 1223 pueri
3114 1162 3314 1206 manu
3358 1140 3440 1206 ad
3485 1141 3840 1207 eorundem
3888 1140 4287 1225 agnitionem
4343 1149 4411 1206 et
4468 1143 4765 1209 confessio·

2885 1246 3033 1290 nem
3078 1227 3495 1293 ducerentur.
3584 1226 3867 1310 Ideoque
3911 1225 4276 1292 cavendum
4334 1249 4417 1292 ne
4478 1228 4543 1292 in
4596 1226 4766 1312 legem

2883 1320 2950 1376 et
2989 1313 3363 1395 exemplum
3408 1334 3829 1396 quaecunque
3873 1321 4028 1378 tunc
4065 1312 4392 1395 temporis,
4439 1334 4561 1396 quo
4599 1314 4767 1380 instar

2882 1418 3117 1479 pueros
3174 1399 3295 1464 sub
3339 1398 3742 1484 paedagogia
3797 1398 3961 1483 legis
4018 1397 4332 1483 populum
4380 1397 4562 1465 Deus
4610 1401 4768 1465 conti-

2881 1483 3059 1565 nuit,
3100 1485 3398 1550 factitata
3440 1495 3630 1565 sunt,
3682 1483 4044 1550 trahamus.
4129 1484 4453 1568 Magnum
4499 1484 4658 1550 enim
4693 1495 4767 1552 est

2880 1570 3054 1635 inter
3097 1568 3378 1636 Iudaeos
3422 1581 3489 1634 et
3533 1591 3649 1636 nos
3694 1568 4058 1636 discrimen.
4120 1572 4217 1634 Ac
4256 1591 4386 1634 non
4433 1570 4766 1655 ignoramus

2881 1653 3174 1720 adventu
3200 1656 3472 1721 Domini
3516 1657 3722 1721 nostri
3767 1656 3921 1742 Iesu
3946 1655 4195 1721 Ohristi
4251 1655 4544 1722 sublatas
4586 1678 4767 1723 omues

2882 1739 3167 1823 umbras,
3230 1761 3496 1824 nosque,
3557 1750 3632 1808 ut
3684 1742 3966 1825 loquitur
4009 1741 4373 1823 apostolus,
4433 1742 4515 1806 ad
4560 1742 4766 1807 virilem

2882 1836 3166 1892 aetatem
3210 1828 3606 1910 pervenisse,
3652 1840 3727 1893 ut
3767 1825 4136 1894 istiusmodi
4181 1828 4419 1893 ritibus
4461 1837 4527 1893 et
4567 1828 4766 1894 exerci-

2884 1912 3193 1978 tamentis
3248 1911 3433 1979 nobis
3492 1913 3774 1995 amplius
3832 1936 3960 1979 non
4023 1916 4109 1979 sit
4165 1933 4347 1997 opus.
4436 1911 4520 1979 In
4562 1935 4768 1980 summa

2888 1998 3261 2064 Nazaraeos
3319 2019 3463 2064 esse
3500 1999 3682 2063 Deus
3750 1999 3821 2063 in
3881 1998 4153 2064 ecclesia
4210 2020 4330 2064 sua
4382 1998 4615 2079 voluit,
4664 2010 4769 2065 tan·

2884 2105 3079 2166 quam
3122 2084 3582 2168 antesignanos
3625 2087 3734 2166 qui
3782 2085 4067 2166 reliquos
4110 2083 4194 2150 ad
4242 2085 4364 2150 Dei
4417 2085 4656 2151 cultum
4692 2108 4770 2149 ex·

2884 2170 3100 2253 emplo
3144 2191 3261 2235 suo
3303 2169 3674 2236 incitarent.
3745 2170 3996 2239 Idcirco
4041 2170 4357 2236 Ieremias
4403 2172 4684 2255 querelas
4716 2171 4769 2236 de

2884 2256 3190 2322 ecclesiae
3227 2256 3624 2321 desolatione
3660 2256 3943 2323 fundens
3978 2256 4149 2339 apud
4188 2255 4430 2342 Deum,
4470 2257 4637 2322 inter
4664 2278 4768 2323 cae·

2887 2355 3030 2407 tera
3071 2342 3525 2426 conqueritur,
3587 2341 3951 2408 Nazaraeos
4010 2341 4300 2407 abiectos
4344 2353 4417 2407 et
4461 2342 4770 2419 derelictos,

2888 2438 3215 2511 totamque
3260 2427 3437 2494 illam
3501 2429 3913 2494 sanctitatem
3975 2429 4184 2494 veluti
4235 2428 4515 2513 pedibus
4567 2428 4769 2495 concul-

2881 2525 3095 2579 catam
3141 2515 3212 2578 in
3259 2515 3471 2580 fumos
3532 2514 3731 2579 abire.
3824 2515 3929 2579 Ex
3987 2514 4384 2598 supradictis
4429 2515 4627 2599 igitur
4664 2535 4772 2580 cou-

2883 2600 3181 2682 spicuum
3224 2610 3345 2677 est,
3393 2621 3523 2665 non
3572 2602 3996 2667 temerarium
4042 2610 4264 2665 votum
4303 2600 4384 2664 ab
4427 2602 4619 2664 Anna
4644 2620 4768 2663 nun·

2882 2701 3227 2768 cupatum,
3272 2685 3386 2751 sed
3428 2709 3514 2751 ex
3562 2686 3743 2752 verbi
3791 2684 3916 2750 Dei
3963 2694 4030 2750 et
4072 2686 4237 2771 legis
4273 2685 4586 2751 mandato
4625 2683 4769 2749 insti·

2886 2781 3124 2837 tutum.

3053 2858 3264 2924 Porro
3315 2877 3504 2923 voces
3551 2857 3750 2922 etiam
3795 2855 4086 2941 reliquae
4130 2863 4287 2922 sunt
4330 2854 4768 2940 expendendas,

2885 2941 3133 3024 Iehova,
3178 2942 3426 3025 inquit,
3484 2944 3897 3023 exercituum,
3956 2943 4018 3008 si
4060 2942 4308 3008 omnino
4349 2943 4679 3026 respiciens
4709 2938 4769 3005 ad

2883 3028 3278 3109 afflictionem
3319 3027 3586 3094 ancillae
3628 3034 3773 3094 tuae
3808 3027 4230 3095 recordaberis
4272 3028 4417 3110 mei,
4462 3034 4520 3094 et
4559 3047 4669 3092 non
4701 3024 4768 3089 ob

2883 3113 3191 3181 livisoeris
3245 3114 3518 3180 ancillae
3570 3118 3734 3180 tuae.
3824 3113 4083 3196 Quibus
4149 3113 4362 3198 magis
4432 3113 4770 3198 exprimitur

2886 3199 3237 3266 vehemens
3281 3200 3396 3265 illa
3438 3199 3640 3265 animi
3679 3200 3955 3278 affectio,
4000 3199 4079 3264 de
4124 3221 4253 3282 qua
4296 3202 4628 3283 superiore
4656 3218 4767 3262 con-

2882 3287 3066 3353 cione
3106 3286 3411 3364 diximus,
3503 3296 3616 3350 uta
3658 3286 3860 3352 fuisse
3881 3285 4146 3351 Annam
4169 3303 4394 3349 amaro
4441 3285 4664 3361 animo,
4699 3302 4769 3348 ve-

2885 3374 3355 3455 hementerque
3412 3370 3459 3435 il
3485 3391 3591 3437 am
3652 3372 3928 3438 flevisse.
4032 3372 4138 3436 En
4197 3371 4406 3454 igitur
4465 3370 4766 3453 simplicem

2884 3458 3282 3523 orationem:
3329 3457 3546 3524 nullus
3590 3459 3763 3522 enim
3804 3458 3910 3524 hic
3955 3456 4316 3523 rhetoricae
4354 3457 4561 3537 locus,
4597 3454 4766 3521 nullus

2888 3543 3232 3609 verborum
3276 3553 3577 3622 ornatus,
3639 3544 3821 3609 nulla
3864 3543 4140 3626 denique
4186 3543 4542 3609 multarum
4587 3558 4763 3606 vocum

2886 3630 3255 3714 congeries,
3323 3638 3394 3693 ut
3457 3627 3671 3695 solent
3716 3629 4094 3714 hypocritae
4140 3626 4359 3695 Deum
4407 3628 4624 3694 multis
4658 3645 4762 3710 pre-

2886 3735 3035 3781 cum
3079 3712 3460 3800 ambagibus
3506 3714 3895 3796 sollicitare,
3955 3722 4292 3799 sperantes
4351 3735 4425 3780 se
4484 3713 4650 3778 inani
4685 3710 4761 3773 illo

2890 3800 3234 3866 verborum
3272 3801 3550 3881 strepitu
3595 3801 3855 3884 quidvis
3899 3802 4380 3883 impetraturos.
4449 3797 4580 3865 Sed
4614 3799 4760 3862 Anna

2884 3886 3160 3971 supplex
3207 3885 3289 3952 ad
3330 3884 3582 3965 Deum,
3638 3887 3718 3953 ab
3765 3885 4138 3952 hominibus
4182 3886 4455 3965 reiecta,
4496 3883 4759 3965 confugit:

2885 3994 3126 4056 neque,
3184 3984 3258 4038 ut
3316 3972 3504 4037 multi
3560 3972 3773 4038 solent
3842 3972 4100 4038 iniuriis
4167 3971 4486 4047 lacessiti,
4543 3972 4757 4035 ferocem

2882 4080 3041 4142 prae
3085 4081 3154 4124 se
3198 4059 3327 4124 fert
3369 4059 3829 4143 arrogantiam,
3853 4080 3928 4123 ac
3952 4079 4034 4122 ne
4056 4057 4524 4124 contumeliose
4556 4052 4757 4139 quidem

2884 4144 2966 4210 ab
3004 4144 3162 4210 Heli
3205 4155 3481 4227 excepta
3523 4159 3879 4227 responsat,
3924 4144 4035 4210 sed
4095 4164 4244 4209 cum
4288 4142 4537 4228 insigni
4571 4136 4757 4206 modes·

2885 4231 2982 4296 tia
3018 4241 3084 4296 et
3129 4229 3502 4298 humilitate
3546 4229 3692 4295 Deo
3739 4251 3874 4296 rem
3922 4251 4106 4295 suam
4151 4229 4543 4311 committit,
4602 4235 4657 4292 et
4685 4240 4756 4287 so·

2880 4316 3020 4381 lum
3062 4316 3251 4382 illum
3300 4315 3619 4382 bonorum
3656 4316 3946 4381 omnium
3992 4323 4283 4381 autorem
4328 4324 4398 4380 et
4443 4312 4753 4399 largitorem

2884 4403 3184 4487 agnoscit
3226 4423 3300 4470 ac
3341 4403 3707 4486 profitetur.
3795 4401 4050 4467 Idcirco
4101 4423 4173 4467 se
4229 4400 4513 4468 ancillae
4555 4394 4754 4464 nomino

2885 4488 3330 4566 commendat,
3388 4499 3460 4553 ut
3512 4489 3734 4554 Deum
3799 4486 3882 4551 ad
3937 4486 4269 4551 ferendam
4308 4507 4501 4570 opem
4535 4498 4753 4551 commo·

2886 4584 3066 4651 veat,
3130 4576 3490 4639 intuentem
3535 4582 3987 4657 contemptum
4047 4594 4194 4639 cum
4244 4572 4549 4637 maximis
4585 4575 4750 4635 contu·

2882 4659 3098 4725 meliis
3142 4661 3564 4726 coniunctum
3633 4681 3760 4743 quo
3820 4659 4003 4723 illam
4041 4658 4346 4724 Peninna
4408 4651 4750 4750 provoca-bnt⁸

2884 4744 3077 4827 Quod
3122 4746 3202 4811 ad
3250 4746 3598 4810 memoriae
3643 4755 3707 4809 et
3753 4744 4104 4809 oblivionis
4146 4765 4343 4811 voces
4379 4744 4621 4818 attinet,
4653 4734 4749 4829 111¹}-

2883 4853 3028 4898 rum
3068 4833 3136 4897 in
3183 4832 3386 4898 sacris
3430 4833 3589 4897 satis
3634 4840 3733 4896 est
3776 4829 4084 4913 frequens
4131 4852 4320 4908 usus,
4380 4837 4448 4894 et
4490 4850 4564 4892 ex
4599 4826 4750 4889 homi·

2882 4940 3040 4983 num
3096 4939 3292 4983 sensu
3365 4915 3850 5001 intelligendae.
3953 4915 4118 4995 Quis
4175 4917 4350 4981 enim
4413 4912 4618 5009 nescit·
4653 4907 4749 4971 D0⁰

2879 5025 3020 5071 esse
3064 5005 3285 5069 omnia
3343 5004 3748 5087 praesentia,
3803 5014 3870 5067 et
3916 5001 4079 5066 nihil
4126 5023 4275 5067 eum
4323 5000 4622 5065 oblivioni
4658 5003 4748 5055 tra-

2879 5088 3052 5169 dere,
3098 5100 3171 5156 ut
3217 5090 3595 5155 memoriam
3637 5090 3731 5154 illi
3778 5087 4160 5171 cuiusquam
4207 5087 4304 5153 rei
4347 5083 4618 5151 refricari
4655 5094 4744 5139 ⁰0¹1

2879 5175 2968 5244 sit
3009 5175 3218 5260 opus?
3271 5182 3358 5242 At
3404 5197 3536 5242 non
3581 5195 3840 5260 semper
3882 5173 3948 5239 id
3995 5174 4184 5240 nobis
4227 5170 4613 5257 experientia
4640 5181 4746 5229 con·
