5059 6059
789 312 919 382 291

797 503 918 572 illa
963 505 1105 573 sola
1145 504 1371 572 oculos
1415 505 1909 574 coniiceremus.
1998 506 2210 573 Porro
2244 506 2300 572 si
2335 504 2407 571 iu
2428 505 2732 572 morbum

795 592 999 657 etiam
1061 591 1344 675 aliquem
1402 590 1841 669 inciderimus,
1901 591 2034 658 heu
2090 594 2161 658 in
2217 613 2376 677 quos
2431 593 2735 677 gemitus,

796 685 869 743 et
923 677 993 741 in
1051 697 1217 760 quas
1274 677 1575 761 querelas
1617 678 2044 764 erumpimus,
2105 678 2237 745 heu
2277 699 2473 762 quam
2521 678 2734 762 indig-

799 762 1102 829 nabunde
1156 763 1475 831 adversus
1530 764 1749 831 Deum
1793 766 2386 844 obmurmuramus,
2446 784 2581 830 non
2624 763 2738 829 tri-

798 848 1073 916 buentes
1138 848 1234 915 illi
1297 851 1662 933 potentiam
1727 871 1895 934 quae
1961 851 2061 916 illi
2102 851 2365 935 propria
2406 849 2554 916 est?
2622 848 2734 914 Id-

798 935 968 1001 circo
1025 937 1225 1001 Anna
1268 934 1349 1001 de
1391 935 1520 1002 Dei
1565 936 1948 1002 fortitudine
1989 936 2380 1002 nominatim
2422 935 2736 1020 loquitur,

796 1029 863 1085 et
940 1041 1068 1086 non
1137 1029 1445 1088 contenta
1508 1020 1723 1087 Deum
1791 1022 1898 1090 vel
1964 1021 2321 1088 Dominum
2391 1030 2733 1087 aeteruum

794 1104 1032 1185 dicere,
1093 1106 1349 1174 adiicit:
1410 1107 1590 1175 Deus
1631 1112 1860 1186 noster,
1904 1127 2073 1190 quae
2108 1107 2379 1173 maximi
2417 1106 2736 1173 momenti

793 1213 990 1260 voces
1044 1202 1224 1258 sunt.
1310 1192 1482 1259 Nam
1539 1214 1735 1277 saepe
1789 1193 2050 1276 quidem
2095 1193 2321 1260 videas
2365 1191 2736 1260 incredulos

794 1278 926 1345 Dei
992 1278 1305 1344 virtutem
1372 1280 1649 1344 sentire:
1716 1279 1830 1344 sed
1889 1280 2043 1361 quid
2111 1279 2222 1346 hic
2278 1300 2510 1345 sensus
2555 1278 2734 1344 aliud

799 1364 960 1430 facit
1001 1385 1198 1448 quam
1245 1364 1417 1447 quod
1453 1364 1669 1449 magis
1703 1365 2017 1431 adversus
2052 1364 2271 1431 Deum
2296 1365 2475 1449 ipsos
2494 1366 2734 1444 irritat,

796 1449 974 1533 quod
1040 1470 1159 1533 pro
1223 1468 1381 1518 vero
1445 1451 1589 1516 Deo
1654 1472 1781 1515 non
1836 1451 2241 1536 agnoscant?
2309 1451 2530 1534 Atque
2575 1451 2737 1517 haec

792 1536 969 1601 ratio
1025 1545 1127 1601 est
1182 1557 1302 1602 cur
1360 1538 1564 1602 Anna
1607 1535 1824 1602 Deum
1866 1537 2102 1603 fortem
2149 1557 2471 1620 suumque
2513 1536 2734 1602 Deum

793 1633 1146 1704 nuncupet,
1206 1621 1379 1705 quod
1436 1622 1560 1688 hac
1602 1622 1893 1705 potentia
1934 1633 2002 1688 et
2044 1627 2294 1690 virtute
2337 1623 2534 1688 fidem
2583 1642 2732 1687 nos·

795 1713 967 1772 tram
1015 1718 1315 1791 oporteat
1367 1708 1759 1789 confirmari,
1816 1707 2339 1792 quandoquidem
2376 1710 2446 1774 in
2493 1709 2734 1775 nostris

793 1791 1289 1859 difficultatibus
1325 1803 1390 1859 et
1425 1794 1751 1878 angustiis
1784 1794 1933 1860 illas
1967 1794 2231 1861 exserit.
2312 1795 2494 1879 Ergo
2529 1815 2732 1878 quum

788 1878 976 1979 Deus
1030 1900 1222 1979 suam
1280 1881 1640 1962 potentiam
1701 1878 1784 1980 ad
1840 1900 1998 1980 suos
2040 1879 2351 1946 tutandos
2394 1880 2731 1981 producat,

791 1973 972 2115 322⁶?
997 1964 2430 2134 §2220‘21222‘1‘3bu20‘3253223.⁰3..‘.‘2.·³1‚¹:3¹ss¹.¹.⁰.
2459 1966 2734 2117 weg.

792 2157 1215 2220 opponamus.

961 2221 1255 2306 Pergens
1318 2224 1548 2300 Anna,
1643 2219 2024 2303 Dominum,
2087 2222 2460 2289 notitiarum
2522 2221 2734 2288 Deum

788 2307 1095 2391 appellat,
1152 2308 1385 2391 quibus
1445 2307 1660 2374 verbis
1716 2307 1966 2375 indicat
2025 2308 2193 2373 nihil
2239 2309 2551 2375 mortales
2592 2309 2729 2375 suis

786 2393 1128 2459 fraudibus
1184 2403 1381 2476 atque
1424 2393 1591 2459 dolis
1634 2415 2039 2477 promovere,
2098 2393 2213 2461 sed
2258 2404 2398 2459 tum
2446 2395 2729 2460 maxime

789 2478 1002 2561 decipi
1064 2499 1267 2561 quum
1330 2501 1401 2545 se
1467 2480 1602 2545 voti
1665 2489 1994 2563 compotes
2050 2480 2257 2547 factos
2302 2478 2725 2546 arbitrantur.

788 2563 976 2628 Deus
1021 2565 1196 2629 euim
1238 2564 1661 2631 scientiarum
1685 2565 1869 2631 Deus
1911 2574 2028 2632 est.
2096 2566 2324 2648 Neque
2361 2587 2515 2633 vero
2552 2567 2725 2632 exis-

791 2649 1160 2714 timandum
1218 2658 1318 2715 est
1373 2650 1686 2716 scientiae
1746 2652 2010 2717 nomine
2056 2652 2320 2717 Annam
2387 2651 2494 2718 hic
2550 2662 2725 2718 artes

791 2732 1092 2800 liberales
1148 2755 1314 2818 quae
1370 2737 1442 2801 in
1499 2735 1848 2803 academiis
1907 2737 2238 2816 docentur,
2294 2735 2410 2803 sed
2454 2738 2726 2804 consilia

789 2829 857 2886 et
944 2829 1117 2886 artes
1193 2821 1277 2886 ad
1341 2822 1878 2906 gubernationem
1943 2823 2243 2906 proprias
2306 2822 2722 2908 intelligere:

783 2904 1059 2989 Deoque
1113 2905 1277 2971 nihil
1342 2907 1424 2975 ad
1469 2907 1666 2974 huius
1711 2908 1886 2974 orbis
1927 2908 2566 2975 administrationem
2612 2908 2724 2974 de·

783 3013 929 3058 esse
983 2992 1305 3075 profiteri:
1376 2995 1562 3077 quasi
1620 2993 1864 3060 diceret
1917 2995 2047 3060 Dei
2092 2994 2574 3079 providentiam
2617 3015 2723 3060 res

780 3099 1009 3144 omnes
1097 3078 1462 3163 attingere:
1520 3079 1692 3162 quod
1735 3079 1891 3163 quia
1933 3102 2064 3146 non
2110 3088 2368 3164 poterat
2400 3101 2558 3147 voce
2595 3100 2724 3145 una

779 3184 996 3230 comm
1080 3186 1118 3230 e
1182 3167 1342 3230 satis
1397 3165 1787 3250 exprimere,
1856 3187 1978 3232 nec
2034 3186 2155 3232 nos
2210 3167 2371 3233 satis
2418 3166 2720 3232 meditari

783 3259 859 3316 ut
913 3270 1033 3334 par
1091 3257 1211 3330 est,
1265 3250 1422 3317 dicit
1480 3252 1699 3316 Deum
1761 3271 1904 3316 esse
1946 3251 2158 3318 Deum
2196 3253 2571 3318 notitiarum
2610 3273 2722 3318 seu

779 3336 1207 3403 scientiarum.
1338 3335 1469 3402 Hic
1559 3357 1714 3403 vero
1800 3336 2153 3422 diligenter
2217 3338 2718 3417 observandum,

779 3442 945 3505 quae
986 3422 1133 3487 Deo
1177 3422 1575 3499 tribuuntur,
1625 3424 1717 3489 sic
1758 3422 1858 3487 illi
1901 3444 2043 3490 esse
2087 3426 2353 3508 propria
2397 3433 2469 3489 ιιι
2512 3424 2724 3490 homi-

780 3505 976 3607 uibus
1013 3528 1142 3573 non
1180 3508 1614 3574 conveniant:
1652 3529 1855 3591 quare
1891 3509 2187 3593 quisquis
2222 3510 2303 3576 ab
2341 3508 2721 3576 hominibus

777 3593 942 3677 ipsis
1027 3593 1446 3660 scientiarum
1529 3595 1967 3679 cognitionem
2033 3616 2301 3661 manare
2366 3597 2720 3680 putaverit,

781 3698 905 3744 nae
960 3678 1370 3744 tantumdem
1429 3679 1510 3745 de
1556 3678 1682 3745 Dei
1727 3681 2080 3746 autoritate
2124 3680 2501 3759 detraxerit,
2546 3681 2718 3764 quod

784 3764 874 3828 sit
896 3764 1079 3829 Deus
1108 3786 1279 3830 unus
1310 3766 1522 3830 omnis
1565 3766 1876 3832 scientiae
1910 3766 2056 3832 fons
2093 3775 2160 3831 et
2193 3768 2396 3851 origo.
2465 3765 2717 3849 Quam·

788 3850 1013 3914 obrem
1070 3859 1640 3934 quantamcunque
1697 3851 1896 3919 huius
1955 3852 2264 3918 scientiae
2328 3852 2719 3936 particulam

783 3936 971 4001 Deus
1013 3934 1084 3999 in
1131 3955 1250 4001 nos
1297 3936 1648 4017 instillarit,
1691 3946 1886 4021 atque
1920 3938 2062 4005 eius
2097 3937 2442 4022 participes
2476 3939 2719 4017 fecerit,

793 4021 970 4088 hunc
1031 4029 1250 4086 tamen
1305 4021 1400 4086 illi
1465 4021 1888 4089 deferendum
1943 4023 2261 4090 honorem
2298 4025 2602 4103 sciamus,
2644 4032 2724 4089 ut

789 4107 1007 4173 omnis
1071 4108 1427 4191 sapientiae
1492 4119 1556 4173 et
1619 4109 2035 4193 perfectionis
2090 4119 2298 4187 autor,
2365 4110 2498 4174 imo
2544 4109 2722 4176 solus

784 4195 1050 4277 sapiens
1107 4202 1517 4278 agnoscatur,
1577 4205 1652 4259 ut
1710 4195 1959 4262 Paulus
2002 4195 2293 4278 loquitur
2339 4196 2396 4261 1.
2442 4196 2612 4261 Tim.
2661 4196 2719 4273 1,

786 4279 889 4344 17.
980 4283 1200 4361 Atque
1259 4278 1431 4344 hanc
1472 4280 1672 4346 fuisse
1713 4290 1999 4346 mentem
2045 4281 2281 4347 Annae
2324 4281 2486 4347 satis
2530 4302 2719 4365 aper-

785 4375 934 4430 tum
994 4372 1116 4440 est,
1190 4376 1265 4430 ut
1337 4364 1459 4431 hac
1520 4367 1770 4431 ratione
1835 4366 2105 4433 stultam
2173 4368 2513 4432 hominum
2581 4368 2720 4452 opi-

781 4453 1055 4517 nionem
1088 4450 1319 4529 rideat,
1364 4451 1492 4517 sibi
1516 4454 1873 4517 maximam
1909 4454 2303 4537 sapientiam
2339 4460 2405 4518 et
2441 4452 2724 4535 pruden-

781 4539 943 4604 tiam
990 4536 1463 4621 arrogantium,
1524 4545 1594 4602 et
1645 4539 1830 4621 quasi
1886 4538 1991 4603 his
2044 4540 2264 4605 verbis
2322 4537 2467 4605 Deo
2511 4539 2720 4605 insul-

778 4625 1102 4690 tantium:
1162 4624 1270 4689 An
1316 4643 1445 4688 non
1491 4643 1612 4708 ego
1658 4624 1928 4702 ratione,
1985 4644 2071 4689 an
2117 4647 2251 4690 non
2293 4623 2536 4690 iudicio
2580 4626 2719 4709 pol·

779 4708 925 4776 leo?
1034 4708 1165 4776 Sed
1232 4729 1356 4792 age
1422 4709 1642 4787 miser,
1709 4729 1748 4773 a
1815 4730 1945 4792 quo
2010 4710 2325 4777 iudicium
2391 4711 2717 4794 accepisti,

778 4797 926 4881 quis
970 4795 1255 4878 denique
1299 4794 1415 4860 tibi
1461 4793 1724 4860 aliunde
1766 4809 2106 4879 acceptum
2142 4795 2535 4863 conservat?
2582 4796 2719 4861 Ita-

778 4904 905 4967 que
963 4882 1057 4949 sic
1113 4880 1423 4947 mortales
1482 4878 1721 4964 duplici
1784 4880 2038 4947 ratione
2082 4891 2372 4967 peccant,
2428 4883 2716 4966 primum

779 4967 1039 5051 quando
1077 4969 1216 5032 Deo
1253 4966 1544 5033 debitum
1583 4968 1897 5033 honorem
1923 4967 2047 5033 sibi
2070 4976 2434 5046 assumunt,
2480 4967 2718 5034 deinde

779 5076 980 5138 quum
1017 5054 1089 5118 in
1125 5063 1375 5118 tantam
1412 5054 1785 5138 superbiam
1822 5065 1890 5119 et
1912 5054 2327 5119 insolentiam
2351 5053 2719 5120 efferuntur

777 5160 1047 5206 suarum
1090 5140 1410 5206 virtutum
1456 5140 1778 5223 opinione,
1826 5150 1901 5205 ut
1938 5160 2055 5221 pro
2090 5140 2374 5207 scintilla
2408 5141 2717 5207 scientiae

776 5247 970 5312 quam
1033 5236 1446 5308 acceperunt,
1528 5227 1711 5310 quasi
1772 5227 1852 5292 de
1910 5226 2184 5310 perenni
2244 5226 2513 5292 flumine
2575 5227 2713 5312 glo-

2513 313 2928 385 nomn
2971 317 3057 386 V.

4619 316 4726 384 292

2834 516 3109 672 ῧῗιιιζῖιῖ.
3167 508 3455 660 οὲιὲιῖιαίἰι
3481 504 4314 660 ιὲῗῶἓθᾚὴοᾝτ
4347 519 4519 653 sfssalloltil
4561 610 4729 672 quam

2834 680 2960 747 sibi
2999 678 3347 764 indulgent
3389 698 3676 762 eousque
3721 687 3802 743 ut
3837 675 4151 746 scientiae
4186 674 4488 760 opinione
4521 676 4729 760 turgidi

2834 786 3075 850 magua
3129 765 3447 849 quaedam
3510 764 3886 843 moliantur,
3945 781 4114 848 quae
4176 770 4398 825 tamen
4440 773 4727 827 numento

2834 852 3019 919 Deus
3077 851 3351 936 dissipat
3404 858 3470 917 et
3514 849 3715 916 donat
3758 849 3980 916 ventis
4017 847 4226 912 irrita.
4315 845 4421 910 Ex
4464 844 4578 911 hoc
4614 846 4729 914 loco

2834 937 3053 1023 itaque
3097 937 3444 1015 discamus,
3535 936 3776 1001 timum
3820 936 3878 1000 si
3922 933 4128 1000 animi
4170 931 4379 998 nostri
4425 933 4590 998 vires
4615 933 4729 998 exi·

2836 1043 3007 1108 guae
3049 1023 3316 1100 fuerint,
3361 1021 3444 1087 ad
3557 1041 3705 1087 eum
3751 1018 4078 1103 supplices
4120 1018 4444 1094 accedere,
4500 1029 4573 1082 ut
4607 1016 4728 1085 illas

2827 1119 3076 1194 augeat
3140 1118 3209 1174 et
3271 1107 3558 1174 roboret:
3649 1105 3883 1172 deinde
3947 1106 4004 1171 si
4071 1102 4322 1170 viribus
4387 1102 4730 1186 polleamus,

2838 1194 3118 1262 eundem
3175 1194 3427 1279 precari
3471 1213 3557 1259 ne
3600 1213 3720 1260 nos
3763 1188 4235 1276 ingratitudine
4278 1197 4347 1254 et
4391 1191 4730 1273 arrogantia

2835 1292 3066 1348 nostra
3153 1289 3338 1345 tanto
3424 1280 3595 1346 bono
3673 1278 3923 1362 privari
3990 1276 4352 1359 permittat.
4459 1273 4730 1359 Denique

2834 1368 3042 1452 ipsius
3100 1367 3302 1432 verbo
3357 1386 3476 1431 nos
3518 1366 3696 1449 ipsos
3739 1372 3807 1429 et
3846 1362 4157 1428 iudicium
4207 1371 4499 1426 nostrum
4541 1379 4611 1425 ae
4646 1382 4730 1426 ra·

2835 1455 3101 1531 tionem,
3162 1460 3230 1517 et
3265 1453 3353 1515 -in
3411 1470 3672 1516 summa
3722 1447 4035 1533 quidquid
4094 1446 4360 1513 virtutis
4400 1447 4733 1530 accepimus

2835 1560 3096 1624 semper
3136 1536 3602 1603 subiiciamus:
3644 1549 4002 1617 nostroque
4037 1532 4134 1599 sic
4163 1532 4382 1597 officio
4420 1532 4733 1616 fungamur

2835 1647 2922 1691 ne
2977 1633 3361 1708 arroganter
3413 1621 3884 1688 insolescamus
3940 1620 4211 1702 eiusque
4268 1618 4438 1683 dona
4493 1617 4733 1684 floccifa—

2835 1712 3100 1785 ciamus‚
3144 1709 3328 1792 quasi
3373 1709 3617 1774 nostris
3661 1707 3910 1772 viribus
3951 1717 4067 1770 aut
4109 1702 4402 1770 consiliis
4444 1723 4734 1787 quaecuu-

2833 1818 2961 1881 que
3009 1795 3402 1879 suscipimus
3436 1792 3825 1877 perfecturi:
3872 1811 3957 1857 ne
3993 1789 4147 1874 quid
4184 1789 4543 1856 insolenter
4576 1790 4732 1856 nobis

2833 1878 3601 2034 25320323033333
3632 1878 3809 2031 ⁰33³
3846 1876 4305 2028 3:3332233.
4319 1874 4734 2045 mss'ss‘fflsslss

2833 2053 3272 2132 decurramus,
3326 2071 3410 2116 ne
3452 2050 3676 2117 sensui
3719 2059 3939 2116 nostro
3981 2057 4048 2113 et
4093 2046 4348 2112 libidini
4395 2046 4605 2113 losum
4644 2047 4736 2111 de·

2832 2159 2998 2219 mus,
3045 2138 3126 2204 ad
3170 2158 3249 2203 ea
3290 2157 3461 2220 quae
3503 2137 3600 2202 fas
3645 2157 3779 2201 non
3823 2143 3925 2200 est
3967 2132 4404 2216 suscipienda.

3003 2225 3297 2304 Pei-gens
3364 2225 3561 2287 Anna
3624 2222 3814 2288 dicit:
3895 2218 4040 2302 Ipsi
4095 2219 4490 2302 praeparari
4548 2218 4739 2301 cogita-

2829 2312 3029 2377 tiones
3082 2309 3194 2393 qui
3236 2309 3418 2375 locus
3459 2317 3558 2374 est
3602 2307 4074 2385 subobscurior,
4129 2325 4206 2372 ac
4247 2302 4524 2389 proinde
4565 2304 4735 2369 etiam

2832 2397 3012 2462 varie
3055 2417 3137 2462 ex
3185 2394 3437 2461 licatur.
3524 2392 3696 2458 Nam
3743 2413 3874 2459 vox
3920 2391 4201 2457 hebraea
4245 2390 4512 2474 proprie
4545 2409 4741 2454 nume-

2829 2503 2997 2558 rare,
3058 2417 3183 2548 vaf
3206 2479 3567 2564 ponderare
3612 2478 3959 2560 significat,
4002 2475 4352 2560 aliquando
4395 2477 4591 2542 etiam
4632 2495 4738 2541 vox

2828 2566 3059 2634 eadem
3115 2566 3254 2633 sola
3302 2565 3495 2631 litera
3546 2564 3896 2631 immutata
3957 2563 4199 2629 bonum
4245 2561 4447 2628 valde
4487 2559 4736 2628 indicat:

2828 2653 3001 2754 hinc‘
3027 2654 3107 2718 fit
3139 2662 3213 2718 ut
3247 2651 3507 2736 quidam
3546 2651 3737 2751 hunc·
3757 2670 4026 2715 sensum
4062 2648 4358 2748 eliciant:
4410 2648 4536 2748 Dei
4568 2665 4738 2730 opera

2827 2739 3421 2907 ffilssbffiigffi
3456 2747 3838 2888 ‘'ffiffiz.
3847 2732 4510 2901 “⁰00⁰ng?02¹‚²⁸‘q„3a⁰¹
4528 2751 4737 2901 322?ae

2829 2911 3013 2976 Deus
3068 2908 3225 2993 quid
3289 2908 3528 2974 bouum
3587 2910 3676 2974 sit
3716 2905 4003 2991 quidque
4060 2906 4219 2971 utile
4277 2905 4484 2989 probe
4538 2913 4738 2971 notum

2830 2997 3085 3073 babeat,
3151 2993 3450 3077 nihilque
3529 2993 3718 3059 illum
3781 2993 4021 3072 lateat,
4097 3012 4175 3058 ac
4232 2991 4512 3074 proinde
4541 2991 4738 3056 ,talem

2827 3102 2969 3148 esse
3046 3101 3268 3181 rerum
3336 3101 3498 3164 quas
3560 3078 3962 3228 ordinavgrit
4026 3076 4457 3179 stabi-litatem·
4516 3084 4592 3143 ut
4645 3095 4738 3176 eas

2823 3167 4238 3405 {Ellsscgtssmrsslissaffi‘ffiffleui‘ssffi0535
4252 3183 4617 3314 ⁸53131⁰m²
4587 3181 4738 3396 ’ἔξ

2867 3358 2999 3405 ior:
3131 3355 4478 3404 cinemeoranueiennue
4681 3353 4735 3396 e·

2822 3425 2957 3490 rari
2991 3445 3197 3509 posse.
3285 3358 3501 3505 ngm
3544 3357 3928 3503 ἔθεθιιειῗιίιι,
3986 3355 4119 3504 quig
4142 3355 4736 3486 mihifflhomffnodis·

2820 3512 3025 3577 simus
3098 3510 3381 3590 videtur,
3439 3508 3856 3586 retineamus,
3915 3528 4051 3571 non
4109 3526 4315 3589 parva
4371 3504 4461 3572 ad
4518 3526 4630 3572 nos
4667 3524 4738 3569 ex

2820 3597 2963 3680 ipso
2997 3594 3232 3662 redibit
3279 3595 3547 3662 utilitas.
3639 3594 3810 3659 Nam
3854 3593 3997 3658 Deo
4034 3592 4159 3657 hoc
4194 3592 4301 3658 vel
4335 3589 4512 3657 illud
4545 3590 4734 3656 decer·

2822 3690 3018 3747 nente
3079 3682 3361 3746 sciemus
3405 3681 3737 3746 neminem
3781 3700 3922 3745 esse
3966 3678 4077 3761 qui
4121 3675 4189 3742 id
4232 3677 4341 3743 vel
4391 3685 4734 3743 remoretur

2821 3767 2926 3836 vel
2971 3767 3298 3851 impediat,
3368 3766 3640 3832 testibus
3683 3763 3976 3849 apostolo
4019 3764 4229 3830 Paulo
4271 3771 4341 3829 et
4375 3763 4577 3829 Esaia
4608 3779 4734 3845 pro·

2818 3853 3038 3937 pheta,
3084 3873 3288 3936 quum
3343 3853 3558 3917 aiunt:
3618 3851 3839 3934 Opera
3893 3859 4026 3930 tua,
4095 3850 4400 3923 Domine,
4447 3859 4602 3915 sunt
4639 3843 4734 3912 ad·

2821 3937 3122 4005 miranda
3176 3947 3243 4005 et
3295 3937 3855 4021 incomprehensa,
3909 3937 4060 4019 quis
4115 3956 4258 4000 sese
4313 3935 4453 4002 illis
4511 3932 4734 4017 opposi-

2820 4034 3011 4091 turus
3064 4023 3207 4090 est?
3277 4024 3383 4089 En
3440 4020 3761 4107 quomodo
3817 4021 4087 4106 gloriari
4158 4020 4384 4087 fideles
4446 4020 4736 4087 adversus

2821 4130 3244 4195 quascunque
3300 4110 3670 4175 molitiones
3713 4116 3782 4173 et
3822 4106 4099 4176 consilia
4141 4117 4474 4191 poterunt,
4530 4105 4739 4190 quibus

2820 4195 3015 4262 hodie
3084 4194 3293 4263 Satan
3360 4204 3572 4260 totum
3638 4194 3860 4260 orbem
3927 4193 4212 4259 infestat.
4315 4195 4539 4276 Atque
4603 4191 4736 4255 baec

2823 4288 2962 4347 esto
3007 4280 3303 4348 doctrina
3345 4301 3428 4346 ex
3467 4279 3813 4346 verborum
3850 4279 4112 4345 illorum
4135 4300 4365 4358 sensu,
4415 4278 4542 4344 Dei
4566 4294 4738 4361 opera

2823 4368 3033 4452 digeri
3114 4376 3230 4432 aut
3292 4366 3639 4451 ponderari
3706 4386 3838 4432 non
3905 4386 4111 4449 posse.
4199 4364 4493 4432 Pulchre
4557 4364 4736 4448 igitur

2822 4453 2984 4519 haec
3043 4454 3279 4519 Annae
3338 4453 3543 4518 verba
3585 4452 3760 4517 inter
3805 4472 3877 4517 se
3935 4451 4342 4518 conveniunt
4399 4471 4601 4535 seque
4651 4447 4734 4511 in·

2825 4538 3035 4606 vicem
3107 4538 3455 4623 explicant,
3526 4559 3727 4622 quum
3783 4537 3994 4604 Deum
4054 4538 4427 4603 notitiarum
4481 4536 4646 4612 dicit,
4693 4534 4740 4594 d

2821 4626 2962 4691 eius
3026 4645 3214 4707 opera
3269 4624 3545 4709 coynosci
3607 4623 3708 4690 vel
3758 4623 4107 4705 ponderari
4160 4644 4285 4690 non
4316 4644 4529 4707 posse.
4609 4618 4735 4685 Non

2823 4729 3010 4795 posse
3071 4709 3370 4775 videlicet
3428 4718 3711 4776 mentem
3774 4709 4127 4774 humanam
4190 4709 4568 4776 divinorum
4607 4725 4735 4786 ope-

2820 4817 2968 4861 rum
3003 4796 3515 4862 immensitatem
3556 4796 3834 4879 assequi,
3869 4804 3939 4860 et
3972 4795 4312 4881 sigillatim
4347 4796 4464 4862 illa
4498 4808 4735 4877 cognos-

2820 4902 2966 5031 cfire
3002 4902 3077 4948 ac
3113 4882 3506 5033 dtlalscgibetire:
3550 4882 3664 4948 sed
3701 4881 3864 4983 satis
3879 4902 4043 5032 ἔθει,
4077 4883 4138 5032 {i
4170 4892 4433 4968 gustum
4476 4879 4738 5027 aliqgglng

2817 4989 2843 5032 ι
2895 4989 3080 5033 orum
3209 4989 3248 5034 a
3294 4989 3370 5034 ea
3404 5019 3420 5048 ,
3511 4989 3639 5052 quo
3705 4989 3769 5033 in
3837 4989 3876 5034 a
3925 4989 4336 5034 miraionem
4404 4986 4605 5032 eorun

2819 5054 3424 5206 fflfflfarssffifffei
3437 5052 4249 5224 αᾶξιιῖξῖῗξᾶωᾱῑξῗῖιῑῗὶ)
4297 5046 4733 5223 ἔξιιζιῗὲωῗό

2818 5224 2980 5291 haec
3034 5229 3270 5293 Annae
3327 5225 3528 5293 verba
3584 5246 3733 5292 cum
3792 5224 3966 5292 Davi
4013 5226 4090 5307 is,
4156 5225 4280 5293 etsi
4339 5223 4569 5290 multis
4609 5224 4736 5306 post
