5059 6059
850 319 981 387 283

852 521 929 572 ut
985 508 1160 573 omni
1204 506 1509 589 superbia
1553 516 1618 570 et
1662 507 2035 590 arrogantia
2080 525 2199 571 nos
2245 514 2463 583 exuat,
2523 516 2592 568 ut
2638 503 2788 571 licet

2455 313 2855 381 HOMILIA
2907 314 3233 382 LXVIII.
4663 319 4757 389 284

2891 506 3167 590 quodam
3228 518 3493 582 terrore,
3553 506 3662 588 qui
3725 505 3899 571 tollit
3941 507 4100 591 ipsis
4144 506 4435 573 animum
4479 506 4542 573 id
4581 530 4760 594 aggre-

853 596 921 658 in
984 594 1187 675 pretio
1246 593 1468 674 aliquo
1528 590 1698 674 apud
1757 592 2058 657 homines
2110 593 2335 675 simus,
2396 605 2464 656 et
2508 589 2788 656 honores
2888 592 3106 657 diendi
3173 592 3340 674 quod
3386 593 3661 659 insanus
3716 593 4007 675 ipsorum
4069 592 4250 658 furor
4310 592 4605 676 agitabat.
4677 595 4762 664 Sic

852 680 1198 761 assequuti,
1242 700 1325 742 ne
1369 699 1533 744 aura
1569 677 1862 759 populari
1899 680 2253 760 capiamur,
2300 693 2366 743 et
2402 676 2547 742 istis
2587 677 2788 741 hono·

850 764 1032 830 ribus
1077 764 1495 842 inebriemur,
1555 762 1672 829 sed
1715 765 2007 829 omnium
2053 763 2373 827 virtut-um
2418 763 2785 846 praecipua,

850 870 1083 931 nempe
1132 850 1504 915 humilitate
1549 849 1840 933 insignes
1874 850 2132 913 fiamus.
2223 849 2429 913 Porro
2465 848 2629 914 Saul
2667 850 2784 913 ite-

850 957 996 1000 rum
1059 934 1384 1000 Davidem
1446 935 1779 1019 decepisse
1833 933 2090 1011 dicitur,
2156 935 2491 1016 filiamque
2536 935 2787 1008 Merob,

848 1042 1017 1103 quae
1059 1020 1306 1086 Davidi
1352 1022 1671 1103 promissa
1713 1019 1948 1097 fuerat,
1993 1021 2180 1085 alteri
2220 1020 2581 1086 tradidisse.
2650 1019 2786 1084 Da-

850 1105 1068 1171 videm
1155 1108 1440 1190 profecto
1512 1128 1643 1171 non
1711 1107 1989 1190 legimus
2056 1127 2199 1171 sese
2262 1105 2636 1183 obtrusisse,
2723 1117 2788 1170 et

856 1192 1124 1260 Saulem
1173 1192 1254 1256 de
1298 1191 1628 1274 implenda
1672 1191 2098 1275 promissione
2142 1192 2627 1274 interpellasse:
2674 1190 2786 1257 sed

856 1277 1126 1345 Saulem
1185 1277 1543 1344 verisimile
1597 1287 1696 1341 est
1755 1277 2032 1360 gratiam
2087 1285 2154 1342 et
2197 1280 2612 1342 autoritatem
2658 1299 2787 1359 qua

854 1364 1070 1429 David
1144 1365 1315 1445 apud
1397 1366 1733 1429 universos
1816 1363 2074 1427 valebat
2154 1362 2783 1428 animadvertentem

853 1450 1137 1516 voluisse
1195 1451 1406 1532 ipsum
1472 1450 1596 1514 sibi
1659 1450 1779 1513 hac
1835 1450 2090 1513 ratione
2133 1448 2498 1523 conciliare,
2561 1464 2625 1514 et
2670 1471 2784 1533 po-

852 1537 1009 1620 pulo
1054 1537 1405 1616 imponere,
1448 1535 1503 1600 si
1550 1556 1665 1617 pro
1708 1556 1949 1618 genero
1998 1533 2346 1599 haberetur
2380 1547 2444 1599 et
2482 1535 2598 1600 filii
2637 1556 2786 1619 gra-

858 1623 1012 1687 dum
1072 1620 1367 1686 obtinere
1412 1620 1767 1686 videretur.
1858 1621 1988 1685 Sed
2034 1620 2515 1686 observandum
2567 1620 2789 1688 Saulis

854 1727 1127 1790 pravum
1178 1709 1513 1791 ingenium
1548 1719 1613 1770 et
1629 1705 2156 1771 fraudulentum:
2204 1728 2414 1788 neque
2451 1709 2625 1772 enim
2656 1709 2786 1771 Da-

854 1792 1024 1858 vidis
1070 1814 1288 1858 amore
1330 1792 1530 1857 filiam
1578 1792 1701 1874 ipsi
1747 1793 2075 1867 offerebat,
2152 1794 2265 1875 qui
2311 1806 2486 1857 metu
2534 1807 2600 1856 et
2642 1794 2788 1856 odio

855 1878 1166 1945 adversus
1209 1900 1358 1944 eum
1397 1881 1750 1943 aestuabat.
1816 1876 1993 1943 Hinc
2032 1899 2184 1943 vero
2221 1892 2462 1960 quanta
2504 1881 2789 1943 vanitate

855 1965 1150 2030 ferantur
1207 1964 1481 2046 improbi
1538 1963 1882 2038 discamus,
1946 1976 2019 2027 ut
2061 1965 2190 2028 iam
2236 1978 2389 2028 ante
2434 1965 2789 2047 attigimus,

855 2071 1128 2133 quorum
1208 2049 1464 2114 animus
1541 2049 1763 2111 multis
1845 2049 1997 2113 hinc
2062 2049 2213 2114 inde
2290 2048 2789 2131 cogitationibus

857 2136 1200 2219 abripitur,
1246 2149 1318 2199 ut
1358 2155 1687 2218 nunquam
1729 2135 2218 2216 conquiescant,
2265 2137 2506 2200 nullam
2546 2150 2787 2201 certam

856 2221 1276 2289 consiliorum
1359 2223 1675 2285 rationem
1757 2220 2001 2286 ineant.
2090 2220 2274 2285 Deus
2353 2222 2572 2303 itaque
2643 2222 2790 2286 illos

857 2308 1167 2374 continua
1239 2305 1691 2388 inquietudine
1749 2306 1988 2383 turbat,
2063 2305 2234 2390 quod
2291 2308 2503 2373 instar
2556 2307 2789 2372 fanati-

858 2415 1082 2459 corum
1121 2393 1551 2476 exagitentur.

1033 2478 1469 2560 Conspicuum
1515 2479 1691 2542 istud
1733 2478 2033 2560 exemplo
2081 2477 2320 2553 Saulis,
2365 2479 2476 2560 qui
2521 2479 2790 2543 Davidis

861 2563 1169 2646 adspectu
1213 2563 1512 2629 turbatus
1556 2585 1596 2628 a
1637 2586 1707 2628 se
1751 2565 1878 2629 alio
1915 2564 2187 2628 dimisit:
2235 2563 2342 2629 ubi
2381 2584 2536 2629 vero
2572 2565 2789 2631 felices

860 2649 1042 2713 illius
1095 2670 1429 2714 successus
1481 2649 1751 2725 audivit,
1811 2650 2217 2732 gratiamque
2262 2663 2329 2714 et
2372 2651 2787 2715 autoritatem

860 2755 1056 2817 quam
1100 2734 1199 2799 illi
1244 2734 1414 2817 apud
1458 2756 1682 2800 omnes
1719 2734 1903 2801 Deus
1940 2736 2328 2814 conciliavit,
2374 2738 2591 2801 statim
2630 2757 2791 2801 eun-

861 2820 1008 2884 dem
1088 2818 1172 2885 ad
1235 2841 1306 2885 se
1373 2822 1644 2886 vocavit.
1734 2821 2014 2886 Perinde
2076 2822 2294 2906 agitur
2356 2823 2576 2905 itaque
2640 2843 2786 2887 cum

862 2905 1065 2974 Saule
1124 2914 1320 2989 atque
1374 2927 1522 2973 cum
1581 2918 1859 2990 aegroto,
1919 2908 2031 2990 qui
2074 2908 2144 2972 in
2190 2906 2474 2973 frenesin
2521 2908 2787 2972 incidit:

864 3013 1017 3057 nam
1054 2994 1247 3057 modo
1284 2992 1407 3058 hac
1444 2993 1711 3072 visione,
1756 2991 1946 3057 modo
1983 2993 2094 3058 illa
2131 2995 2449 3071 turbatur,
2493 3005 2564 3057 et
2601 2993 2790 3059 valde

862 3077 1114 3143 laborat
1176 3079 1249 3143 in
1307 3078 1419 3143 illa
1478 3079 1771 3156 fantasia,
1844 3099 2174 3162 quousque
2230 3080 2298 3144 in
2347 3080 2629 3145 frenesin
2676 3092 2790 3143 aut

861 3165 1144 3230 furorem
1191 3163 1454 3230 incidat.
1544 3165 1738 3245 Nam,
1799 3173 1869 3228 ut
1914 3175 2065 3230 ante
2112 3163 2415 3243 diximus,
2461 3165 2621 3231 Saul
2671 3186 2787 3246 pu-

863 3251 1031 3314 tavit
1086 3273 1156 3316 se
1217 3250 1369 3315 mali
1415 3250 1704 3316 solamen
1752 3249 2009 3333 aliquod
2056 3262 2490 3334 accepturum,
2550 3251 2607 3315 si
2649 3249 2787 3314 Da·

864 3336 1076 3401 videm
1125 3338 1205 3401 ab
1250 3335 1557 3419 adspectu
1605 3357 1723 3401 suo
1770 3346 2090 3400 remotum
2136 3338 2356 3419 procul
2401 3334 2790 3403 dimitteret:

863 3434 930 3486 et
991 3434 1312 3488 remotum
1371 3423 1591 3486 statim
1639 3432 1920 3504 revocat,
1978 3423 2247 3488 audiens
2293 3421 2568 3488 Davidis
2612 3444 2792 3506 pros-

866 3526 1091 3588 perum
1165 3529 1552 3573 successum.
1643 3505 1774 3572 Sed
1839 3519 2098 3573 revocat
2154 3518 2228 3572 ut
2287 3509 2472 3574 vultu
2532 3509 2791 3592 quidem

864 3592 1217 3658 amicitiam
1276 3593 1560 3666 simulet,
1616 3593 1833 3657 odium
1898 3613 2054 3658 vero
2113 3604 2373 3677 pectore
2427 3594 2666 3672 foveat,
2728 3604 2793 3659 et

865 3675 1122 3743 fraudes
1168 3678 1397 3761 quibus
1435 3680 1771 3744 incautum
1810 3678 2136 3761 illaqueet,
2194 3678 2347 3745 data
2394 3680 2464 3744 in
2523 3702 2790 3745 uxorem

866 3763 1003 3827 filia
1048 3775 1281 3829 nectat.
1372 3764 1593 3846 Quare
1636 3764 1791 3829 dum
1836 3766 2093 3847 egregie
2138 3764 2508 3830 dissimulat
2549 3766 2789 3846 odium,

865 3849 984 3913 ait:
1051 3848 1198 3913 Non
1251 3851 1334 3915 sit
1389 3870 1619 3915 manus
1675 3870 1815 3915 mea
1867 3870 2055 3933 super

861 3954 1002 3999 eum
1045 3955 1272 4000 mnus
1299 3934 1803 4001 Philistinorum.
1872 3936 2029 4015 Nae,
2073 3936 2594 4020 quandoquidom
2632 3936 2789 4004 Saul

860 4031 1110 4084 tantam
1171 4020 1619 4086 crudelitatem
1663 4023 1880 4087 animo
1926 4022 2206 4099 fovebat,
2265 4022 2541 4088 libenter
2582 4023 2791 4088 Davi-

865 4105 1014 4171 dem
1081 4107 1301 4171 necari
1356 4107 1666 4181 iussisset,
1735 4119 1808 4171 ut
1865 4106 2121 4173 sublato
2181 4110 2317 4190 ipso
2378 4121 2554 4175 metu
2612 4111 2791 4174 omni

862 4192 1265 4257 liberaretur.
1355 4191 1486 4257 Sed
1549 4205 1765 4256 tamen
1826 4194 2056 4258 timore
2115 4194 2391 4276 quodam
2453 4197 2789 4272 retinetur,

861 4298 991 4359 qua
1048 4279 1156 4342 via
1216 4300 1352 4342 rem
1411 4278 1586 4342 illam
1648 4278 2065 4361 aggrediatur
2124 4280 2376 4346 dubius.
2468 4281 2570 4345 En
2630 4302 2786 4364 quo-

865 4362 1053 4428 modo
1114 4365 1300 4429 Deus
1344 4385 1611 4429 suorum
1655 4364 1929 4430 salutem
1977 4377 2295 4447 procuret.
2384 4365 2554 4430 Nam
2599 4388 2791 4449 saepe

860 4448 1120 4532 quidem
1184 4450 1502 4532 permittit
1556 4449 1777 4515 hostes
1831 4450 2254 4518 humanitatis
2313 4466 2518 4517 metas
2579 4465 2791 4517 trans·

862 4534 1058 4611 silire,
1104 4548 1168 4600 et
1212 4535 1559 4600 crudeliter
1602 4536 1874 4613 saevire,
1935 4558 2009 4602 ac
2053 4537 2466 4621 impudenter
2510 4536 2787 4620 quodvis

861 4621 1180 4704 flagitium
1262 4621 1621 4687 admittere.
1714 4621 2182 4688 Verumtamen
2261 4625 2452 4688 etiam
2529 4622 2787 4688 illorum

864 4706 1132 4771 consilia
1186 4719 1452 4789 repente
1511 4708 1802 4786 invertit,
1858 4707 2400 4789 quemadmodum
2458 4709 2524 4773 in
2585 4707 2790 4774 Saule

862 4793 1001 4873 ipso
1037 4813 1231 4874 supra
1265 4794 1741 4873 conspeximus,
1788 4814 1899 4875 qui
1939 4793 2037 4858 bis
2073 4795 2139 4857 in
2182 4794 2501 4860 Davidem
2528 4795 2788 4860 hastam

861 4877 1181 4942 iaculatus
1235 4879 1496 4961 quidem
1556 4890 1656 4943 est
1716 4892 2025 4962 tanquam
2084 4902 2234 4944 eum
2282 4880 2789 4947 transfossurus:

863 4963 976 5027 sed
1035 4964 1218 5028 cuius
1277 4967 1471 5029 ictum
1535 4962 1716 5030 Deus
1782 4987 2084 5030 aversum
2144 4989 2182 5031 a
2227 4965 2484 5032 Davide
2530 4967 2787 5031 irritum

865 5048 1034 5113 fecit.
1123 5049 1606 5132 Nonnunquam
1654 5052 1848 5114 etiam
1894 5054 2221 5133 improbos
2264 5053 2662 5128 ferocientes,
2724 5063 2789 5116 et

863 5134 1048 5198 virus
1090 5156 1282 5200 suum
1327 5134 1785 5218 despumantes
1828 5135 2012 5202 Deus
2056 5137 2147 5202 ita
2190 5150 2459 5213 coercet,
2506 5160 2588 5202 ne
2632 5160 2782 5203 con·

2113 3870 2270 3929 eum,
2329 3852 2437 3918 sed
2477 3852 2564 3917 sit
2603 3871 2794 3933 super

2894 677 3060 745 Saul
3126 690 3229 743 est
3291 676 3647 743 cohibitus:
3714 679 3829 761 qui
3894 677 4171 744 Davidis
4235 699 4457 746 necem
4522 682 4765 749 omnibus

2894 762 3104 829 modis
3162 760 3532 845 quaerebat,
3599 777 3664 827 et
3722 764 3964 828 multos
4007 764 4266 847 quidem
4313 764 4493 831 dolos
4534 769 4765 849 quotidie

2894 850 3219 914 nectebat:
3279 850 3389 914 sed
3451 858 3707 915 tantum
3763 850 3885 932 ipsi
3936 851 4114 915 Deus
4161 863 4401 915 metum
4449 850 4668 927 iniecit,
4716 872 4767 919 ut

2890 934 3214 1001 Davidem
3274 956 3408 1000 non
3465 935 3701 1000 audeat
3758 935 4047 1018 aggredi,
4101 957 4184 1001 ne
4228 937 4469 1020 ingrati
4513 939 4689 1002 animi
4720 954 4767 1003 et

2891 1020 3202 1103 perfidiae
3244 1032 3614 1087 accusetur:
3684 1031 3750 1084 et
3795 1020 4070 1103 populus
4112 1019 4435 1086 seditione
4478 1023 4637 1088 facta
4673 1024 4766 1091 dis·

2890 1107 3245 1172 cessionem
3304 1129 3342 1171 a
3398 1126 3469 1171 se
3513 1107 3840 1171 moliatur.
3930 1105 4257 1187 Quoniam
4300 1108 4509 1191 igitur
4548 1108 4769 1175 Davidis

2892 1213 3233 1275 prosperos
3277 1213 3610 1258 successus
3646 1190 3960 1256 adversus
3996 1193 4290 1258 inimicos
4316 1192 4512 1269 videt,
4555 1196 4773 1276 quiescit

2891 1292 2951 1342 et
3018 1278 3274 1342 vultum
3335 1276 3733 1343 dissimulat:
3794 1288 3860 1342 et
3915 1279 4136 1360 potuit
4190 1278 4360 1361 apud
4424 1300 4496 1344 se
4538 1282 4771 1363 cogitare

2892 1363 3213 1427 Davidem
3281 1385 3420 1428 esse
3493 1363 3711 1446 populi
3778 1364 4193 1445 praesidium,
4258 1374 4327 1430 et
4384 1365 4633 1431 nullum
4680 1368 4772 1449 ipsi

2894 1449 3135 1513 virtute
3204 1470 3420 1531 parem
3480 1471 3638 1514 esse.
3731 1448 3952 1530 Quare
4011 1469 4050 1512 a
4104 1449 4299 1516 caede
4358 1471 4556 1532 quam
4598 1454 4774 1517 molie-

2892 1537 3082 1599 batur
3140 1536 3454 1600 abstinet:
3524 1535 3638 1601 sed
3698 1546 3915 1600 tamen
3975 1536 4067 1599 ait
4093 1585 4106 1609 ,
4165 1537 4253 1600 sit
4306 1557 4564 1601 manum
4608 1537 4773 1602 Phai-

2890 1622 3200 1686 stinorum
3253 1641 3444 1701 super
3497 1641 3653 1699 eum,
3722 1642 3804 1685 ne
3846 1622 3987 1702 ipse
4034 1621 4332 1686 videatur
4378 1624 4605 1687 mortis
4642 1623 4776 1688 illius

2891 1706 3204 1772 conscius.
3273 1704 3701 1784 Laudabitur,
3737 1707 3970 1789 inquit,
4014 1716 4323 1789 tanquam
4364 1717 4665 1773 strenuus
4693 1710 4780 1773 im-

2892 1805 3171 1874 perator,
3239 1806 3306 1856 et
3348 1792 3654 1876 lacrymis
3693 1803 3994 1857 mortuus
4038 1790 4490 1858 decorabitur:
4547 1794 4651 1858 sed
4688 1816 4779 1879 ego

2891 1879 3156 1942 interim
3203 1878 3417 1943 caedis
3460 1898 3593 1942 non
3637 1878 4004 1957 accusabor,
4073 1899 4176 1943 res
4218 1879 4477 1945 occulta
4520 1881 4777 1945 manebit.

2895 1962 3068 2029 Hinc
3127 1975 3396 2046 apparet
3452 1962 3605 2045 quid
3666 1964 3868 2044 possit
3927 1976 4158 2040 metus,
4221 1977 4292 2028 ut
4352 1986 4432 2028 eo
4478 1966 4654 2049 pravi
4691 1965 4781 2030 ho·

2895 2052 3105 2113 mines
3130 2048 3554 2131 prohibentur
3581 2049 3819 2113 malam
3856 2070 4037 2114 suam
4079 2049 4490 2116 voluntatem
4526 2057 4779 2133 exsequi:

2892 2146 2959 2198 et
3015 2134 3170 2216 quid
3231 2135 3457 2216 pudor,
3515 2154 3642 2217 quo
3703 2146 4093 2200 revocantur
4150 2157 4189 2200 a
4244 2137 4472 2219 pravis
4514 2137 4782 2221 cupidita·

2895 2220 3088 2285 tibus.
3175 2221 3404 2301 Neque
3468 2220 3641 2285 enim
3701 2232 3951 2284 mutata
4010 2233 4228 2287 mente
4285 2223 4595 2288 meliores
4638 2225 4783 2297 fiunt,

2891 2304 3006 2371 sed
3051 2307 3116 2369 in
3166 2318 3425 2388 pectore
3468 2305 3615 2371 odia
3658 2316 3723 2370 et
3767 2306 4139 2372 inimicitias
4183 2307 4388 2383 alunt,
4438 2320 4510 2372 et
4541 2307 4784 2391 obliquas

2893 2392 3037 2456 vias
3095 2405 3438 2474 quaerunt,
3504 2392 3673 2475 quod
3729 2412 3943 2456 coram
3994 2392 4365 2458 hominibus
4412 2395 4595 2458 virus
4636 2416 4784 2458 suum

2893 2477 3197 2562 detegere
3235 2498 3363 2542 non
3404 2478 3703 2542 audeant.
3771 2475 4019 2542 Eadem
4066 2479 4354 2543 omnium
4399 2501 4626 2544 eorum
4659 2481 4786 2543 raa'o

2894 2565 3003 2644 qui
3072 2564 3196 2628 Dei
3264 2564 3496 2629 timore
3562 2584 3692 2627 non
3759 2563 4158 2643 retinentur;
4225 2566 4333 2645 qui
4400 2565 4561 2631 licet
4611 2567 4787 2648 ignem

2894 2650 3296 2714 extrinsecus
3336 2670 3465 2713 non
3498 2649 3877 2722 iaculentur,
3925 2659 4184 2730 pectore
4207 2664 4430 2715 tamen
4456 2653 4786 2716 continent:

2893 2751 2959 2798 et
3020 2736 3285 2799 interim
3352 2734 3503 2800 licet
3566 2733 3818 2799 invidia
3879 2745 4272 2818 rumpantur
4314 2746 4382 2800 et
4432 2739 4647 2802 furore
4683 2758 4788 2802 aes·

2893 2828 3103 2900 tuent,
3190 2820 3437 2884 invitos
3498 2828 3719 2885 tamen
3779 2830 4033 2902 oportet
4090 2820 4216 2886 sibi
4268 2821 4351 2886 ab
4412 2822 4558 2886 illis
4601 2824 4789 2887 timere

2893 2926 3052 2988 quos
3095 2905 3396 2971 funditus
3440 2904 3685 2971 deletos
3722 2905 3982 2984 vellent,
4030 2916 4099 2972 et
4133 2928 4291 2989 quos
4327 2908 4524 2974 facile
4559 2928 4786 2992 pessun·

2895 2990 3143 3072 darent,
3202 2992 3329 3057 nisi
3386 2990 3568 3057 Deus
3624 2991 3909 3056 furorem
3967 2993 4254 3074 ipsorum
4313 3015 4567 3059 arcana
4605 3014 4707 3060 sua
4743 2994 4789 3055 vi

2893 3088 3358 3161 compesceret:
3402 3076 3564 3143 adeo
3611 3087 3683 3141 ut
3724 3097 3952 3142 omnes
3987 3099 4096 3143 eos
4130 3078 4244 3160 qui
4267 3078 4396 3143 Dei
4440 3081 4788 3162 spiritunon

2896 3178 3214 3248 reguntur
3272 3180 3534 3228 necesse
3591 3164 3676 3227 sit
3732 3174 3843 3227 aut
3900 3162 4225 3228 leoninam
4273 3165 4412 3228 vim
4464 3176 4581 3231 aut
4622 3165 4791 3246 vulpi·

2894 3269 3049 3313 nam
3093 3248 3326 3331 pellem
3371 3248 3665 3314 induere.
3753 3247 3911 3327 Alii,
3959 3253 4245 3331 inquam,
4297 3251 4363 3314 vi
4412 3262 4647 3333 aperta
4681 3269 4790 3315 sae·

2896 3335 3102 3412 viunt,
3190 3343 3255 3399 et
3319 3356 3389 3399 se
3455 3355 3710 3401 omnem
3779 3336 4254 3400 humanitatem
4314 3348 4379 3399 et
4443 3338 4790 3420 aequitatem

2893 3420 3152 3486 exuisse
3196 3419 3662 3498 demonstrant,
3707 3428 3773 3484 et
3795 3432 4102 3503 tanquam
4127 3421 4454 3487 immanes
4476 3424 4649 3488 ferae
4670 3422 4792 3486 sero-

2894 3510 3152 3572 citatem
3191 3526 3373 3571 suam
3413 3504 3718 3589 produnt.
3796 3504 3931 3570 Alii
3967 3526 4125 3572 vero
4161 3507 4632 3588 vulpinantur:
4674 3528 4789 3572 nam

2895 3592 3017 3657 etsi
3079 3590 3263 3657 vultu
3323 3591 3672 3656 amicitiam
3719 3590 4050 3673 simulant,
4106 3604 4175 3657 et
4219 3592 4445 3659 verbis
4491 3602 4789 3665 testantur,

2894 3690 3111 3743 tamen
3171 3679 3308 3742 suis
3364 3675 3618 3744 technis
3678 3690 3743 3742 et
3799 3675 4143 3744 fraudibus
4200 3699 4435 3745 eorum
4481 3700 4640 3762 quos
4674 3676 4787 3744 ode·

2894 3773 3052 3827 runt
3106 3781 3381 3827 mortem
3441 3782 3789 3844 procurare
3849 3783 3983 3827 non
4029 3761 4370 3847 desinunt3
4443 3763 4647 3830 donec
4683 3764 4786 3828 ani·

2896 3870 3076 3914 mum
3121 3869 3315 3913 suum
3361 3848 3681 3931 sanguiue
3716 3847 3979 3913 illorum
4013 3849 4452 3931 expleverint.
4544 3850 4785 3932 Quinam

2893 3946 3134 4017 autem,
3197 3935 3481 4013 obsecro,
3546 3933 3817 3998 istorum
3887 3932 4233 3999 meliores?
4307 3935 4618 4003 Profecto
4673 3936 4720 4001 si
4762 3956 4787 3996 e

2893 4019 3143 4086 duobus
3223 4018 3415 4085 malis
3478 4018 3698 4085 minus
3766 4019 4139 4105 eligendum
4206 4032 4325 4102 est,
4413 4033 4660 4088 certum
4716 4036 4784 4085 est

2893 4117 3114 4190 aperte
3173 4106 3509 4170 inimicum
3570 4125 3696 4170 non
3754 4127 3896 4171 esse
3939 4114 4071 4170 tam
4118 4105 4571 4183 metuendum,
4632 4127 4785 4190 quam

2892 4214 3039 4258 eum
3107 4192 3216 4274 qui
3282 4191 3654 4257 inimicitias
3719 4190 4102 4270 dissimulat,
4188 4202 4256 4257 et
4319 4195 4493 4277 tegit
4554 4208 4784 4278 pectore.

2893 4279 3176 4361 Turpius
3235 4277 3429 4341 etiam
3489 4290 3588 4342 est
3633 4277 4061 4353 dissimulare,
4121 4298 4314 4361 quam
4360 4289 4595 4362 aperte
4635 4277 4784 4362 profi·

2894 4367 3017 4430 teri
3059 4364 3316 4427 odium:
3362 4373 3429 4427 et
3474 4363 3726 4429 facilius
3769 4374 4041 4428 cavetur
4084 4366 4195 4445 qui
4239 4365 4473 4446 procul
4524 4366 4783 4437 minatur,

2893 4460 2959 4513 et
3039 4470 3152 4514 ore
3233 4460 3460 4532 aperto
3540 4448 3951 4515 inimicitiam
4031 4448 4334 4514 declarat
4430 4448 4785 4534 versipelles

2891 4545 3107 4599 autem
3181 4533 3277 4598 illi
3343 4535 3452 4616 qui
3521 4534 3844 4601 amicitiae
3908 4543 4249 4617 praetextu
4318 4537 4678 4618 imponunt,
4738 4546 4783 4596 et

2891 4619 3067 4684 aliud
3104 4622 3172 4685 in
3209 4640 3320 4685 ore
3356 4619 3600 4685 habent
3634 4618 3810 4684 aliud
3844 4621 3915 4684 in
3945 4632 4220 4704 pectore,
4268 4620 4457 4687 dolos
4482 4634 4550 4687 et
4572 4617 4781 4687 fraudet

2892 4707 3205 4770 nimirum
3270 4705 3527 4779 habent,
3581 4706 3774 4790 longe
3832 4705 4186 4773 deteriores
4241 4719 4309 4772 et
4515 4709 4568 4773 's
4611 4708 4778 4773 detes·

2892 4792 3093 4875 tandi,
3138 4813 3331 4875 quam
3378 4812 3655 4873 quorum
3701 4803 3926 4874 aperta
3970 4793 4068 4857 vis
4113 4801 4228 4858 est.
4319 4792 4429 4857 Ita
4474 4729 4634 4859 Saul
4664 4810 4777 4876 pra·

2891 4899 3047 4943 vum
3095 4899 3286 4943 suum
3326 4898 3484 4960 erga
3507 4876 3830 4942 Davidem
3855 4877 4146 4943 animum
4170 4878 4472 4953 occuluit,
4519 4888 4775 4943 ettamen

2890 4964 3058 5031 clam
3129 4965 3254 5046 ipsi
3312 4963 3514 5028 vitam
3574 4964 3823 5045 eripere
3882 4964 4150 5029 studuit.
4241 4963 4384 5028 Hoc
4446 4961 4774 5046 exemplum

2890 5070 3009 5115 nos
3068 5047 3252 5116 decet
3307 5049 3570 5128 intueri,
3625 5062 3691 5113 et
3749 5050 3901 5113 inde
3962 5049 4227 5129 discere,
4286 5048 4505 5113 danda
4563 5066 4774 5114 omnem

2890 5155 3177 5217 operam,
3225 5144 3299 5200 ut
3341 5135 3395 5198 si
3443 5135 3602 5200 vitia
3647 5134 3994 5200 emendare
4036 5136 4355 5219 cupimus,
4400 5132 4618 5199 Deum
4657 5146 4772 5197 ante

860 5217 1005 5285 silia
1071 5240 1191 5284 sua
1255 5223 1506 5301 possint
1569 5220 1650 5287 ad
1717 5225 1967 5288 exitum
2034 5223 2420 5306 perducere:
2493 5224 2785 5290 immisso
2885 5223 3105 5288 oculos
3160 5222 3529 5287 habeamus.
3620 5220 3791 5285 Nam
3848 5222 4129 5287 multum
4188 5222 4591 5303 promovisse
4632 5217 4764 5285 vido-
