5059 6059
314 305 428 372 365

312 514 513 561 eornm
565 490 866 575 conditio,
933 490 1106 575 quod
1162 492 1245 558 ad
1302 493 1578 560 salutem
1641 494 1881 561 attinet
1934 516 2101 579 quae
2158 498 2229 563 in

316 579 558 647 Christo
640 578 795 644 Iesu
886 579 1309 662 promittitur.
1401 580 1572 646 Nam
1663 580 1888 647 fideles
1967 582 2230 666 quidem

314 685 507 750 saepe,
550 664 719 746 quod
763 662 847 729 ad
892 666 1256 746 praesentis
1302 667 1475 732 vitae
1516 678 1761 733 statum
1804 668 2062 747 attinet,
2110 669 2229 734 du-

318 756 441 816 rius
507 750 647 815 aliis
711 762 1123 828 exercentur,
1190 761 1256 815 et
1313 752 1725 834 gravioribus
1789 754 2022 836 poenis
2086 756 2229 820 affi-

315 838 575 916 ciuntur,
632 836 775 901 Deo
817 836 1083 900 interim
1127 836 1480 903 incredulis
1525 851 1848 922 parcente,
1915 850 1984 905 et
2027 840 2227 906 vitam

312 923 653 1006 longiorem
709 942 827 988 sue
885 924 1244 988 maiestatis
1287 924 1847 1007 contemptoribus
1890 926 2229 1009 largiente,

313 1007 414 1073 sed
466 1008 533 1071 in
593 1009 884 1090 ipsorum
942 1008 1212 1092 gravius
1265 1008 1595 1085 iudicium,
1651 1021 1720 1076 et
1760 1012 2226 1078 confusionem.

314 1093 543 1159 Contra
599 1112 760 1158 vero
816 1093 1119 1160 fidelibus
1160 1095 1315 1161 licet
1357 1098 1470 1160 vix
1515 1096 1902 1163 mediocrem
1950 1109 2226 1164 aetatem

312 1179 671 1264 assequutis,
728 1200 861 1244 non
922 1180 1115 1245 modo
1157 1202 1289 1245 non
1335 1181 1747 1263 detrimento,
1825 1184 1939 1248 sed
2004 1196 2230 1251 contra

314 1286 547 1331 summo
592 1264 758 1330 bono
800 1267 990 1343 cedit,
1037 1266 1090 1332 si
1137 1286 1174 1332 e
1218 1269 1409 1332 terris
1452 1278 1712 1334 mature
1755 1270 2086 1336 tollantur.

463 1349 806 1417 Caeterum
855 1371 1022 1434 quae
1065 1352 1372 1437 deinceps
1395 1369 1756 1438 sequuntur
1790 1357 2024 1421 leviter
2045 1377 2228 1441 prae-

312 1435 607 1501 tereunda
654 1457 789 1500 non
832 1451 1007 1516 sunt,
1053 1439 1290 1521 quibus
1333 1438 1596 1505 divinae
1640 1445 2003 1507 sententiae
2042 1463 2227 1507 seve·

308 1524 454 1587 ritas
508 1521 989 1605 quodammodo
1042 1523 1306 1601 lenitur,
1366 1546 1622 1609 nempe,
1679 1546 1747 1591 se
1800 1548 1924 1594 non
1975 1530 2227 1609 pentae

304 1627 373 1673 ea·
408 1606 519 1672 hec
555 1607 819 1691 samaia
870 1611 1079 1674 virum
1140 1611 1496 1676 ablaturum:
1554 1631 1635 1676 cx
1691 1613 1887 1679 altari
1938 1634 2077 1694 suo,
2127 1635 2231 1680 ne-

303 1714 409 1776 que
434 1695 693 1776 penitus
735 1694 888 1761 Heli
917 1700 1211 1776 posteros
1242 1695 1285 1760 ὁ
1325 1697 1701 1764 sacerdotali
1741 1719 1998 1767 munere
2037 1702 2226 1767 reiec-

305 1786 510 1846 turum.
600 1781 794 1861 Quae
838 1781 1039 1847 verba
1082 1801 1428 1864 possumus
1474 1784 1546 1849 in
1597 1784 1769 1851 huuc
1813 1807 2078 1852 sensum
2126 1789 2225 1852 in-

306 1867 661 1949 terpretari,
703 1868 892 1950 quasi
940 1868 1122 1933 Deus
1166 1869 2110 1954 punitionis'exseqnutionem
2154 1874 2223 1938 in

304 1954 549 2037 longum
594 1963 862 2036 tempus
904 1953 1303 2018 remitteret:
1345 1954 1517 2037 quod
1569 1964 1639 2019 et
1680 1976 1752 2023 re
1796 1959 1937 2041 ipsa
1978 1960 2221 2025 factum

300 2049 418 2113 est:
474 2059 631 2102 nam
675 2039 873 2122 longo
932 2039 1197 2104 demum
1239 2055 1390 2124 post
1434 2053 1724 2125 tempore
1768 2044 2035 2109 divinae
2076 2065 2225 2110 sen-

303 2125 525 2190 tentiae
605 2129 929 2190 severitas
994 2123 1298 2191 effectum
1365 2147 1557 2193 suum
1626 2138 1727 2195 est
1805 2142 2222 2213 consequuta.

304 2209 584 2293 Namque
624 2210 954 2275 Abiathar
998 2210 1081 2276 ab
1101 2210 1259 2276 Heli
1304 2215 1581 2296 posteris
1621 2214 1941 2281 oriundus
1986 2217 2225 2282 multos

308 2308 439 2378 post
497 2317 713 2362 annos
775 2297 1159 2362 sacerdotali
1233 2317 1507 2364 munere
1576 2312 2042 2368 exauctoratus
2103 2314 2221 2369 est.

305 2381 457 2447 Nam
526 2382 748 2448 David
815 2384 975 2448 satis
1055 2382 1167 2448 diu
1233 2386 1571 2468 regnavit,
1650 2398 1719 2452 et
1783 2388 1945 2454 satis
2033 2389 2224 2473 longo

306 2470 597 2551 temporis
644 2469 997 2534 intervallo
1046 2467 1317 2535 Samuel
1375 2491 1593 2536 rerum
1643 2471 2084 2556 gubernacula
2127 2487 2224 2539 te-

304 2555 450 2632 nuit,
494 2566 848 2638 antequam
873 2575 993 2620 rex
1016 2555 1190 2620 ullus
1210 2554 1483 2623 Israelis
1523 2569 1706 2623 ortus
1751 2571 1939 2625 esset.
2002 2560 2225 2641 Quare

302 2640 711 2723 conspicuum
756 2650 860 2706 est
904 2642 1120 2707 Deum
1165 2662 1294 2706 non
1334 2642 1553 2717 subite
1592 2646 1991 2709 sententiam
2036 2667 2222 2712 suam

304 2726 607 2793 adversus
651 2727 809 2792 Heli
853 2738 1288 2811 exsequutum
1335 2749 1497 2808 esse,
1540 2730 1654 2795 sed
1699 2729 1782 2795 ad
1828 2741 2087 2814 tempus
2131 2734 2223 2798 ei-

302 2809 437 2877 dem
480 2815 870 2897 pepercisse.
938 2814 1148 2878 Porro
1189 2813 1361 2897 quod
1404 2835 1476 2880 se
1515 2815 1835 2882 Dominus
1879 2817 2225 2900 pollicetur

302 2918 375 2963 ex
427 2899 547 2964 hac
600 2899 858 2964 familia
913 2901 1129 2966 virum
1190 2920 1321 2964 non
1382 2900 1754 2967 ablaturum
1812 2905 2091 2986 penitus,
2139 2905 2219 2969 ad

302 2983 667 3051 Solomonis
713 2995 1012 3069 tempora
1054 2986 1245 3051 referi
1291 2986 1552 3069 quidem
1596 3000 1830 3070 potest,
1874 3001 1948 3053 ut
1982 2989 2064 3054 ad
2109 2990 2222 3056 illa

304 3087 494 3153 usque
548 3090 963 3138 successores
1008 3071 1163 3136 Heli
1225 3093 1355 3138 non
1417 3073 1904 3152 exscindantur,
1961 3097 2221 3141 verum-

302 3165 505 3223 tamen
561 3156 740 3242 quod
798 3158 868 3222 in
927 3156 1351 3241 sequentibus
1394 3159 1715 3240 adiicitur,
1768 3180 1899 3226 non
1944 3182 2220 3243 perven-

302 3251 467 3308 turos
506 3247 587 3309 ad
633 3243 914 3310 senilem
958 3255 1237 3308 aetatem
1279 3243 1489 3327 ipsius
1531 3256 1844 3328 posteros,
1888 3249 1983 3312 sic
2026 3248 2220 3312 intel-

302 3326 620 3413 ligendum
647 3331 863 3414 magis
894 3328 1178 3408 videtur,
1217 3331 1403 3412 quasi
1428 3331 1749 3397 Dominus
1770 3350 1812 3397 a
1834 3333 2221 3399 sacerdotali

300 3416 540 3496 quidem
585 3434 868 3481 munere
908 3415 1293 3499 polliceatur
1334 3438 1466 3481 non
1511 3419 1776 3482 omnino
1811 3417 1967 3484 Heli
2012 3430 2221 3503 poste·

300 3519 397 3566 ros
444 3502 849 3581 reiiciendos,
905 3501 1021 3566 sed
1085 3521 1419 3584 nunquam
1474 3512 1695 3569 tamen
1755 3503 1837 3569 ad
1894 3525 2222 3572 summam

301 3589 603 3667 pontificis
650 3588 1038 3671 dignitatem
1083 3587 1487 3654 evehendus:
1538 3589 1652 3655 sed
1699 3591 1913 3672 potins
1956 3592 2039 3657 iis
2079 3593 2220 3674 qui-

298 3670 405 3738 bns
443 3688 637 3741 antea
683 3673 1194 3739 dominabantur
1235 3674 1687 3740 subiiciendos.
1775 3676 2222 3744 Nihilominus

186 3829 201 3852 ‚
298 3768 519 3844 minen,
563 3761 650 3826 ad
696 3758 954 3826 virilem
1002 3769 1281 3824 aetatem
1328 3780 1530 3843 quum
1584 3763 2023 3844 pervenerint,
2083 3785 2220 3829 mo-

301 3843 521 3913 rituros
563 3846 829 3932 repetit,
873 3866 949 3910 ac
992 3844 1075 3910 ad
1119 3856 1523 3911 senectutem
1571 3859 1892 3913 maturam
1933 3869 2063 3913 non
2110 3849 2221 3915 de-

302 3943 615 3999 venturos.
710 3930 905 3998 Unde
976 3930 1479 4013 observandum,
1549 3931 1692 3998 Deo
1750 3955 2220 4017 nonnunquam

298 4021 761 4085 correctionum
819 4039 895 4084 ae
948 4037 1307 4100 poenarum
1365 4022 1579 4084 minas
1635 4034 2045 4104 prorogante,
2089 4042 2221 4087 non

296 4100 429 4170 ideo
484 4107 677 4171 nobis
731 4104 1133 4169 occasionem
1181 4104 1616 4170 indurationis
1659 4107 1979 4188 praeberi,
2034 4110 2220 4189 quasi

295 4191 578 4272 supplicii
649 4189 882 4254 dilatio
947 4189 1106 4253 illud
1173 4192 1479 4256 auferret.
1569 4193 1789 4274 Atque
1854 4194 2223 4258 necessaria

293 4277 464 4342 nobis
507 4276 672 4343 haec
719 4276 1009 4341 doctrina
1049 4285 1166 4340 est.
1237 4273 1456 4355 Quam
1498 4276 1739 4342 multos
1774 4278 1950 4342 enim
1995 4278 2219 4345 videas

294 4380 548 4427 suorum
646 4363 1008 4426 facinorum
1090 4381 1333 4443 poenas
1433 4361 1684 4427 ablatas
1766 4365 2221 4431 existimantes

294 4447 449 4529 quod
494 4449 906 4527 differantur,
951 4455 1020 4512 et
1060 4446 1516 4530 impunitatem
1564 4449 1683 4513 sibi
1730 4450 2107 4531 pollicentes
2150 4451 2220 4516 in

295 4535 551 4615 quaevis
607 4534 861 4617 flagitia
920 4532 1127 4598 factos
1184 4532 1565 4600 audaciores
1630 4543 1697 4598 et
1761 4536 2221 4603 insolentiores

294 4619 517 4684 ruere?
608 4620 909 4702 Namque
967 4618 1462 4684 malefactorum
1518 4622 1837 4686 rationem
1885 4644 2241 4704 nunquam-

294 4705 683 4771 reddendam
729 4706 854 4772 sibi
896 4706 1213 4787 persuasi,
1258 4704 1340 4770 ad
1385 4707 1651 4787 quaevis
1694 4707 1949 4788 flagitia
1992 4709 2222 4774 fraena

293 4788 528 4867 laxant,
578 4803 647 4856 et
689 4793 1153 4875 impunitatem
1197 4791 1265 4854 in
1310 4803 1698 4875 perpetuum
1745 4804 2031 4875 sperant.
2123 4798 2221 4860 Ac

293 4896 441 4941 sane
486 4874 670 4944 Deus
728 4897 1199 4960 nonnunquam
1245 4877 1327 4941 ad
1370 4878 1722 4961 impiorum
1773 4879 2025 4962 flagitia
2067 4901 2219 4945 con-

294 4965 511 5028 nivere
576 4963 856 5043 videtur,
925 4962 1130 5028 donec
1198 4963 1510 5028 nimirum
1578 4965 1848 5046 impleta
1913 4985 2221 5030 mensura

294 5053 548 5130 gravius
590 5050 723 5114 illis
765 5050 1107 5116 incumbat
1149 5048 1481 5115 iudicium.
1540 5048 1979 5130 Quamobrem
2025 5053 2218 5133 agite,

294 5134 530 5213 fratres,
601 5136 817 5200 Deum
884 5137 1241 5200 minantem
1310 5145 1696 5215 metuamus,
1762 5157 1837 5203 ac
1896 5136 1977 5201 de
2034 5137 2220 5203 nobis

296 5221 457 5286 serio
514 5225 899 5312 cogitantes,
959 5241 1076 5288 nos
1120 5221 1296 5304 ipsos
1336 5222 1805 5305 expendamus,
1842 5242 1916 5289 ac
1961 5234 2222 5289 senten·

1637 304 1735 372 IN
1781 304 1838 372 I.
1883 305 2064 373 LIB.
2114 305 2517 375 SAMUEL.
2564 303 2762 372 OAP.
2805 303 2899 371 11.

4143 306 4277 374 366

2331 497 2493 562 tiam
2559 494 2908 560 adversum
2974 514 3096 559 nos
3162 493 3480 572 feramus,
3547 502 3625 558 ut
3688 491 4000 558 iudicium
4066 495 4275 578 ipsius

2333 582 2842 665 praevenientes
2874 580 3070 645 etiam
3106 580 3231 664 ipsi
3277 579 3792 645 reconciliemur.
3840 582 3940 646 Ac
3967 580 4120 645 licet
4141 602 4272 648 non

2331 689 2369 733 a
2421 679 2689 752 pareant
2733 678 2914 732 certa
2955 677 3020 732 et
3064 665 3427 730 indubitata
3473 667 3662 749 signa
3706 664 3967 731 divinae
3991 665 4274 746 ultiouis,

2332 689 2443 819 ubi
2500 753 2788 836 primum
2849 752 3354 836 peccaverimus,
3423 751 3879 837 nihilominus,
3939 773 4272 834 nunquam

2331 839 2521 905 nobis
2575 839 2644 904 in
2691 840 3049 905 erastinum
3095 838 3267 903 seria
3311 838 3711 920 poenitentia
3740 845 3843 902 est
3883 837 4272 904 reiicienda:

2333 947 2484 990 nam
2529 945 2660 1009 quo
2703 923 2952 990 diutius
2974 926 3041 989 in
3088 935 3460 989 nostrarum
3504 922 3795 988 sordium
3837 943 4039 989 coeno
4082 925 4271 990 volu-

2332 1012 2639 1088 tabimur‚
2683 1032 2760 1076 eo
2803 1010 3013 1094 magis
3055 1010 3504 1076 sordescemur
3546 1029 3622 1074 ac
3663 1009 4269 1076 contaminabimur.

2332 1096 2638 1181 Denique
2708 1095 3033 1162 discamus
3092 1097 3216 1162 Dei
3272 1094 3516 1161 iudicia
3572 1096 3695 1160 etsi
3752 1095 3975 1177 procul
4056 1096 4270 1160 adhuc

2331 1182 2576 1264 dissita,
2620 1192 2842 1248 tamen
2874 1182 3118 1247 intueri
3161 1192 3466 1264 tanquam
3512 1182 3909 1264 praesentia:
3958 1182 4270 1246 memoria

2330 1280 2734 1353 repetentes:
2779 1269 3117 1334 Noachum
3162 1277 3317 1332 ante
3352 1266 3671 1332 diluvium
3717 1286 3837 1349 per
3877 1267 4118 1333 multos
4152 1288 4269 1331 an-

2331 1377 2451 1421 nos
2494 1375 2711 1421 arcam
2755 1356 3183 1433 exstruxisse,
3239 1357 3309 1418 in
3355 1372 3482 1436 qua
3519 1355 3660 1436 ipse
3702 1372 3853 1417 cum
3898 1363 4037 1418 tota
4078 1353 4270 1418 fami·

2316 1442 2421 1506 -lia
2479 1450 2546 1504 et
2603 1442 3045 1507 animantibus
3103 1444 3145 1506 a
3202 1438 3451 1505 diluvio
3515 1450 3910 1518 servaretur,
3985 1449 4056 1504 et
4118 1459 4267 1505 cum

2332 1527 2535 1610 priori
2573 1527 2837 1605 mundo,
2897 1528 3112 1592 minas
3155 1526 3255 1590 illi
3298 1528 3733 1590 intentantem
3770 1525 3971 1590 futuri
4014 1523 4266 1605 diluvii,

2326 1614 2531 1678 fuisse
2574 1613 3029 1678 colluctatum:
3082 1630 3160 1677 ac
3203 1612 3655 1702 triumphante
3699 1611 3946 1675 mundo
3990 1620 4059 1675 et
4100 1611 4268 1676 nihil

2333 1699 2459 1765 nisi
2517 1698 2774 1763 delitias
2832 1699 2955 1765 sibi
3013 1698 3289 1763 faciente
3332 1696 3672 1762 Noachum
3731 1696 4148 1780 ingemuisse,
4193 1717 4270 1763 ac

2330 1785 2539 1850 multo
2582 1804 2730 1848 cum
2778 1784 3014 1858 labore,
3059 1803 3221 1849 cura
3264 1793 3333 1848 et
3375 1781 3813 1848 sollicitudine
3857 1801 4076 1848 arcam
4110 1801 4266 1848 con-

2327 1872 2678 1936 struxisse:
2739 1869 3285 1953 quemadmodum
3331 1869 3471 1951 ipse
3510 1888 3629 1933 nos
3674 1867 3998 1932 Dominus
4041 1879 4266 1935 noster

2328 1957 2515 2023 Iesus
2561 1956 2869 2023 Christus
2913 1955 3237 2032 admonet,
3286 1963 3355 2019 et
3398 1953 3481 2018 ad
3526 1955 3700 2020 vitae
3742 1952 4262 2020 emendationem

2329 2053 2396 2107 et
2453 2037 2778 2123 μετάνοιαν
2820 2041 3152 2126 proposito
3207 2039 3458 2106 Noachi
3505 2038 3806 2122 exemplo
3863 2038 4260 2106 cohortatur.

2329 2127 2507 2209 Quid
2552 2130 2644 2193 ita
2689 2149 2843 2193 vero
2864 2149 3007 2193 sese
3049 2125 3362 2193 Noachus
3395 2123 3694 2209 angebat,
3740 2145 3936 2208 quum
3974 2125 4263 2209 undique

2328 2235 2549 2279 rerum
2594 2233 3051 2297 prosperarum
3098 2225 3251 2279 ante
3292 2211 3516 2277 oculos
3539 2212 3736 2276 facies
3758 2211 4259 2277 obversaretur?

2329 2300 2581 2382 Nempe
2626 2301 2751 2365 Dei
2789 2301 2988 2365 verbo
3031 2298 3416 2377 admonitus,
3462 2299 3711 2373 metuit,
3757 2307 3824 2361 et
3860 2307 3968 2362 tan
4021 2298 4261 2363 namin

2327 2386 2594 2468 speculo
2641 2385 3034 2452 horrendam
3077 2384 3261 2449 illam
3306 2386 3469 2448 iram
3496 2393 3561 2448 et
3605 2381 3958 2448 vindictam
4051 2384 4111 2447 ei
4140 2384 4263 2449 toti

2329 2471 2575 2538 mundo
2624 2473 3082 2537 imminentem
3140 2482 3239 2535 est
3291 2469 3792 2552 contemplatus,
3834 2466 3914 2532 de
3959 2489 4090 2552 qua
4132 2470 4265 2535 fue-

2328 2568 2433 2622 rat
2468 2557 2731 2624 oraculo
2789 2556 3185 2622 admonitus.
3272 2555 3421 2621 Hoe
3480 2575 3600 2619 nos
3653 2554 4031 2636 exemplum
4077 2553 4265 2621 decet

2326 2644 2594 2712 imitari.
2684 2643 2854 2709 Nam
2911 2643 3036 2708 sibi
3081 2641 3303 2707 omnia
3357 2640 3716 2725 tranquilla
3757 2653 3825 2705 et
3867 2641 4080 2706 felicia
4124 2639 4261 2725 pol·

2331 2730 2677 2795 lieentibus
2733 2729 3067 2812 improbis,
3132 2727 3408 2793 exitium
3471 2727 3759 2791 maxime
3823 2727 4260 2809 propinquum

2328 2825 2447 2881 est.
2537 2814 2763 2897 Quare
2826 2815 3062 2880 merito
3115 2812 3243 2878 Dei
3310 2812 3694 2878 iudiciorum
3762 2825 3941 2878 metu
4006 2831 4264 2896 semper

2330 2901 2646 2967 deterreri
2711 2921 2831 2966 nos
2896 2920 2936 2964 a
2992 2898 3186 2977 malo,
3253 2898 3379 2964 etsi
3443 2900 3636 2963 rebus
3693 2916 4002 2981 prospere
4056 2913 4123 2962 et
4176 2919 4262 2963 ex

2325 2989 2545 3053 animo
2607 2986 3012 3067 cedentibus,
3090 2994 3363 3068 oportet,
3432 3005 3515 3048 ne
3572 2982 3957 3047 thesaurum
4014 2984 4153 3048 irae
4195 2997 4263 3049 et

2324 3073 2656 3139 vindictae
2704 3072 2914 3158 ipsius
2963 3092 3040 3137 eo
3094 3072 3405 3136 maiorem
3449 3069 3519 3133 in
3564 3082 3787 3134 nostra
3831 3069 4047 3151 capita
4090 3069 4261 3134 deri-

2328 3179 2576 3237 vemus,
2635 3181 2761 3242 quo
2819 3157 3229 3224 diuturniore
3270 3155 3588 3240 patientia
3635 3175 3754 3219 nos
3797 3153 3879 3220 ad
3924 3153 4262 3236 poeniten-

2325 3246 2485 3310 tiam
2547 3245 2863 3310 invitarit.
2953 3244 3045 3309 Et
3102 3244 3422 3310 hactenus
3479 3240 3559 3305 de
3613 3241 4113 3307 comminatione
4149 3237 4263 3304 ina

2325 3331 2570 3396 dictum
2616 3341 2771 3406 esto,
2818 3350 2945 3414 qua
2990 3341 3281 3414 posteros
3324 3325 3481 3392 Heli
3526 3323 4042 3392 exauctorandos
4074 3324 4260 3389 audi-

2327 3419 2574 3484 vimus:
2619 3417 2808 3484 cuius
2833 3429 3050 3481 tamen
3083 3413 3464 3498 prophetiae
3507 3413 3805 3477 effectum
3845 3430 4258 3493 nequaquam

2322 3503 2466 3586 ipse
2509 3513 2612 3568 est
2656 3501 2963 3568 intuitus:
3009 3522 3094 3565 ex
3128 3520 3256 3582 qua
3299 3499 3459 3565 haec
3502 3500 3568 3563 in
3613 3517 3870 3563 summa
3900 3497 4259 3577 retinenda,

2322 3604 2392 3655 et
2448 3589 2526 3654 ad
2586 3609 2779 3654 usum
2842 3586 3212 3654 revocanda
3265 3583 3560 3651 doctrina
3602 3596 3722 3663 est,
3776 3604 3971 3667 quam
4015 3586 4260 3666 saepis-

2324 3675 2490 3740 sime
2542 3677 2867 3757 scriptura
2923 3673 3224 3746 inculcat,
3292 3685 3364 3736 ut
3426 3669 3971 3755 quemadmodum
4042 3670 4261 3736 auimo

2326 3763 2620 3844 patiente
2686 3760 3058 3825 divinarum
3136 3759 3636 3840 promissionum
3711 3756 4260 3839 complementum

2324 3857 2798 3929 exspectamus,
2858 3847 2954 3910 sic
3014 3845 3317 3923 vicissim,
3378 3853 3630 3908 attenta
3672 3852 3739 3907 et
3798 3841 3984 3925 vigili
4041 3856 4260 3907 mente

2324 3932 2862 3999 comminationes
2918 3932 3121 4014 ipsius
3186 3939 3578 4006 metu-amus,
3645 3928 3881 4011 quibus
3946 3939 4258 4010 tanquam

2326 4019 2776 4103 praesentibus
2817 4018 3198 4090 afficiamur,
3244 4017 3365 4080 etsi
3409 4016 3601 4080 rebus
3646 4015 3975 4098 prosperis
4018 4025 4087 4078 et
4128 4013 4261 4078 alta

2325 4126 2482 4188 pace
2550 4125 2625 4170 ac
2693 4104 3167 4186 tranquillitate
3223 4101 3538 4165 fruamur.
3626 4100 3730 4165 lta
3785 4104 4080 4165 futurum
4139 4109 4257 4174 est,

2326 4205 2398 4255 ut
2454 4189 2680 4255 fideles
2737 4190 2915 4254 nullo
2979 4208 3263 4271 unquam
3325 4188 3566 4273 gaudio
3624 4188 3718 4252 sic
3762 4186 4151 4261 afficiantur,
4193 4195 4262 4254 et

2325 4277 2526 4342 nullis
2573 4297 2861 4358 unquam
2908 4274 3103 4340 rebus
3147 4275 3284 4339 suis
3322 4272 3624 4338 secundis
3667 4272 4016 4348 laetentur,
4063 4282 4134 4332 ut
4179 4265 4257 4333 il-

2324 4362 2430 4435 lis,
2486 4373 2563 4427 ut
2618 4362 2835 4427 solent
2898 4359 3238 4438 increduli,
3307 4360 3664 4424 efferantur
3716 4370 3783 4422 et
3834 4355 4257 4421 insolescant:

2325 4469 2537 4531 neque
2602 4448 2886 4512 vicissim
2958 4448 3151 4512 rebus
3215 4446 3511 4511 adversis
3591 4446 4077 4527 opprimantur,
4144 4443 4254 4506 sed

2325 4556 2429 4598 res
2476 4533 2787 4599 adversas
2833 4534 3161 4616 prosperis
3207 4540 3592 4614 temperent.
3660 4533 3905 4595 Contra
3943 4527 4256 4591 infideles.

2323 4620 2495 4685 Nam
2521 4618 2665 4683 Deo
2695 4619 2775 4684 ad
2815 4630 3076 4703 tempus
3106 4617 3493 4682 indiciorum
3520 4637 3787 4681 suorum
3814 4613 4255 4698 impletionem

2325 4706 2687 4782 differente,
2756 4713 2825 4770 et
2879 4706 3063 4768 velut
3120 4703 3200 4768 ad
3268 4705 3558 4788 ipsorum
3628 4721 3867 4785 poenas
3935 4699 4259 4774 tardante,

2324 4793 2565 4857 mirum
2640 4792 2710 4855 in
2775 4790 3036 4855 modum
3084 4790 3498 4866 insolescunt,
3561 4787 3976 4868 divinamque
4028 4785 4259 4852 doctri·

2325 4899 2475 4942 nam
2529 4878 2760 4942 sannis
2803 4877 3159 4960 excipiunt,
3218 4888 3286 4939 et
3330 4874 3613 4939 ludibrio
3661 4874 3919 4950 habent,
3965 4894 4039 4938 ac
4075 4872 4261 4937 velut

2322 4966 2642 5029 immanes
2686 4963 2883 5042 ferae,
2928 4962 3281 5026 indomitae
3326 4981 3400 5025 ae
3444 4959 3841 5023 effraenatae
3883 4958 4259 5024 calcitrant:

2323 5050 2560 5132 opibus
2618 5050 2756 5113 suis
2813 5058 2881 5113 et
2950 5051 3300 5112 autoritate
3356 5048 3449 5111 sic
3506 5045 3935 5123 inebriantur,
3990 5059 4064 5110 ut
4136 5047 4260 5110 sibi

2323 5136 2581 5219 quidvis
2615 5135 2812 5202 licere
2855 5134 3250 5210 existiment,
3297 5153 3373 5197 ac
3416 5133 3482 5195 iu
3529 5130 3828 5195 sordibus
3871 5132 4006 5197 suis
4049 5133 4264 5215 magis

2326 5221 2672 5306 magisque
2727 5220 3124 5288 volutentur.
3213 5222 3314 5285 Ac
3367 5216 3482 5282 ubi
3543 5239 3618 5283 se
3672 5216 3952 5283 vindicis
3993 5217 4094 5283 ira
4138 5240 4260 5282 nu-
