<?xml version="1.0" encoding="UTF-8"?>
<!DOCTYPE html PUBLIC "-//W3C//DTD XHTML 1.0 Transitional//EN"
    "http://www.w3.org/TR/xhtml1/DTD/xhtml1-transitional.dtd">
<html xmlns="http://www.w3.org/1999/xhtml" xml:lang="en" lang="en">
 <head>
  <title>
</title>
<meta http-equiv="Content-Type" content="text/html;charset=utf-8" />
  <meta name='ocr-system' content='tesseract 3.04.00' />
  <meta name='ocr-capabilities' content='ocr_page ocr_carea ocr_par ocr_line ocrx_word'/>
</head>
<body>
  <div class='ocr_page' id='page_1' title='image "./ioanniscalvinio07unkngoog_0756.png"; bbox 0 0 5059 6059; ppageno 0'>
   <div class='ocr_carea' id='block_1_1' title="bbox 830 322 959 387">
    <p class='ocr_par' dir='ltr' id='par_1_1' title="bbox 830 322 959 387">
     <span class='ocr_line' id='line_1_1' title="bbox 830 322 959 387; baseline -0.016 0"><span class='ocrx_word' id='word_1_1' title='bbox 830 322 959 387; x_wconf 81' lang='lat'>571</span> 
     </span>
    </p>
   </div>
   <div class='ocr_carea' id='block_1_2' title="bbox 834 508 2807 5312">
    <p class='ocr_par' dir='ltr' id='par_1_2' title="bbox 834 508 2802 3936">
     <span class='ocr_line' id='line_1_2' title="bbox 835 508 2788 594; baseline -0.002 -18"><span class='ocrx_word' id='word_1_2' title='bbox 835 509 1007 594; x_wconf 86' lang='lat' dir='ltr'>quod</span> <span class='ocrx_word' id='word_1_3' title='bbox 1055 528 1317 576; x_wconf 84' lang='lat' dir='ltr'>servum</span> <span class='ocrx_word' id='word_1_4' title='bbox 1376 528 1571 574; x_wconf 85' lang='lat' dir='ltr'>suum</span> <span class='ocrx_word' id='word_1_5' title='bbox 1619 528 1752 572; x_wconf 91' lang='lat' dir='ltr'>non</span> <span class='ocrx_word' id='word_1_6' title='bbox 1809 527 2043 591; x_wconf 78' lang='lat' dir='ltr'>passus</span> <span class='ocrx_word' id='word_1_7' title='bbox 2086 516 2261 573; x_wconf 89' lang='lat' dir='ltr'>esset</span> <span class='ocrx_word' id='word_1_8' title='bbox 2309 509 2641 592; x_wconf 85' lang='lat' dir='ltr'>privatam</span> <span class='ocrx_word' id='word_1_9' title='bbox 2685 508 2788 573; x_wconf 90' lang='lat' dir='ltr'>in·-</span> 
     </span>
     <span class='ocr_line' id='line_1_3' title="bbox 834 592 2787 672; baseline -0.001 -11"><span class='ocrx_word' id='word_1_10' title='bbox 834 596 1070 662; x_wconf 79' lang='lat' dir='ltr'>iuriam</span> <span class='ocrx_word' id='word_1_11' title='bbox 1117 594 1361 671; x_wconf 86' lang='lat' dir='ltr'>ulcisci,</span> <span class='ocrx_word' id='word_1_12' title='bbox 1406 593 1520 660; x_wconf 85' lang='lat' dir='ltr'>sed</span> <span class='ocrx_word' id='word_1_13' title='bbox 1567 592 2002 660; x_wconf 74' lang='lat' dir='ltr'><strong>subtraxisset</strong></span> <span class='ocrx_word' id='word_1_14' title='bbox 2046 613 2084 656; x_wconf 89' lang='lat' dir='ltr'>a</span> <span class='ocrx_word' id='word_1_15' title='bbox 2128 594 2322 672; x_wconf 86' lang='lat' dir='ltr'>malo,</span> <span class='ocrx_word' id='word_1_16' title='bbox 2369 614 2500 659; x_wconf 89' lang='lat' dir='ltr'>non</span> <span class='ocrx_word' id='word_1_17' title='bbox 2544 594 2787 659; x_wconf 86' lang='lat' dir='ltr'>leviter</span> 
     </span>
     <span class='ocr_line' id='line_1_4' title="bbox 835 678 2789 764; baseline -0.001 -17"><span class='ocrx_word' id='word_1_18' title='bbox 835 694 937 747; x_wconf 88' lang='lat' dir='ltr'>est</span> <span class='ocrx_word' id='word_1_19' title='bbox 980 680 1477 764; x_wconf 80' lang='lat' dir='ltr'>praetereunda.</span> <span class='ocrx_word' id='word_1_20' title='bbox 1567 678 1760 759; x_wconf 90' lang='lat' dir='ltr'>Quod</span> <span class='ocrx_word' id='word_1_21' title='bbox 1807 700 1965 744; x_wconf 87' lang='lat' dir='ltr'>vero</span> <span class='ocrx_word' id='word_1_22' title='bbox 2010 681 2089 744; x_wconf 91' lang='lat' dir='ltr'>de</span> <span class='ocrx_word' id='word_1_23' title='bbox 2136 680 2308 745; x_wconf 90' lang='lat' dir='ltr'>malo</span> <span class='ocrx_word' id='word_1_24' title='bbox 2355 681 2465 758; x_wconf 91' lang='lat' dir='ltr'>ait,</span> <span class='ocrx_word' id='word_1_25' title='bbox 2512 701 2648 744; x_wconf 90' lang='lat' dir='ltr'>non</span> <span class='ocrx_word' id='word_1_26' title='bbox 2690 680 2789 746; x_wconf 85' lang='lat' dir='ltr'>sic</span> 
     </span>
     <span class='ocr_line' id='line_1_5' title="bbox 834 763 2782 851; baseline -0.002 -19"><span class='ocrx_word' id='word_1_27' title='bbox 834 766 1338 851; x_wconf 76' lang='lat' dir='ltr'>intelligendum</span> <span class='ocrx_word' id='word_1_28' title='bbox 1375 766 1560 849; x_wconf 89' lang='lat' dir='ltr'>quasi</span> <span class='ocrx_word' id='word_1_29' title='bbox 1590 763 1806 831; x_wconf 90' lang='lat' dir='ltr'>David</span> <span class='ocrx_word' id='word_1_30' title='bbox 1851 766 1945 830; x_wconf 86' lang='lat' dir='ltr'>ita</span> <span class='ocrx_word' id='word_1_31' title='bbox 1988 786 2061 830; x_wconf 84' lang='lat' dir='ltr'>se</span> <span class='ocrx_word' id='word_1_32' title='bbox 2105 766 2462 831; x_wconf 87' lang='lat' dir='ltr'>iustificare</span> <span class='ocrx_word' id='word_1_33' title='bbox 2504 765 2782 845; x_wconf 85' lang='lat' dir='ltr'>studeat,</span> 
     </span>
     <span class='ocr_line' id='line_1_6' title="bbox 836 851 2787 934; baseline -0.001 -17"><span class='ocrx_word' id='word_1_34' title='bbox 836 866 910 918; x_wconf 91' lang='lat' dir='ltr'>ut</span> <span class='ocrx_word' id='word_1_35' title='bbox 954 853 1038 917; x_wconf 89' lang='lat' dir='ltr'>ab</span> <span class='ocrx_word' id='word_1_36' title='bbox 1079 852 1257 917; x_wconf 85' lang='lat' dir='ltr'>omni</span> <span class='ocrx_word' id='word_1_37' title='bbox 1303 852 1477 916; x_wconf 89' lang='lat' dir='ltr'>malo</span> <span class='ocrx_word' id='word_1_38' title='bbox 1520 852 1608 915; x_wconf 88' lang='lat' dir='ltr'>sit</span> <span class='ocrx_word' id='word_1_39' title='bbox 1653 872 1894 934; x_wconf 90' lang='lat' dir='ltr'>purus:</span> <span class='ocrx_word' id='word_1_40' title='bbox 1956 852 2069 919; x_wconf 90' lang='lat' dir='ltr'>sed</span> <span class='ocrx_word' id='word_1_41' title='bbox 2116 851 2406 918; x_wconf 88' lang='lat' dir='ltr'>laetatur</span> <span class='ocrx_word' id='word_1_42' title='bbox 2452 851 2668 917; x_wconf 86' lang='lat' dir='ltr'>David</span> <span class='ocrx_word' id='word_1_43' title='bbox 2714 869 2787 916; x_wconf 89' lang='lat' dir='ltr'>se</span> 
     </span>
     <span class='ocr_line' id='line_1_7' title="bbox 835 936 2789 1021; baseline -0.001 -18"><span class='ocrx_word' id='word_1_44' title='bbox 835 939 1221 1021; x_wconf 87' lang='lat' dir='ltr'>impeditum</span> <span class='ocrx_word' id='word_1_45' title='bbox 1269 958 1309 1003; x_wconf 90' lang='lat' dir='ltr'>a</span> <span class='ocrx_word' id='word_1_46' title='bbox 1352 937 1636 1002; x_wconf 88' lang='lat' dir='ltr'>Domino</span> <span class='ocrx_word' id='word_1_47' title='bbox 1680 936 1977 1002; x_wconf 87' lang='lat' dir='ltr'>mulieris</span> <span class='ocrx_word' id='word_1_48' title='bbox 2019 936 2198 1004; x_wconf 87' lang='lat' dir='ltr'>illius</span> <span class='ocrx_word' id='word_1_49' title='bbox 2241 939 2642 1012; x_wconf 88' lang='lat' dir='ltr'>interventu,</span> <span class='ocrx_word' id='word_1_50' title='bbox 2702 957 2789 1001; x_wconf 91' lang='lat' dir='ltr'>ne</span> 
     </span>
     <span class='ocr_line' id='line_1_8' title="bbox 835 1023 2787 1107; baseline -0.002 -17"><span class='ocrx_word' id='word_1_51' title='bbox 835 1025 1082 1090; x_wconf 84' lang='lat' dir='ltr'>malum</span> <span class='ocrx_word' id='word_1_52' title='bbox 1139 1023 1310 1107; x_wconf 88' lang='lat' dir='ltr'>quod</span> <span class='ocrx_word' id='word_1_53' title='bbox 1371 1024 1775 1107; x_wconf 73' lang='lat' dir='ltr'><strong>cogitaverat</strong></span> <span class='ocrx_word' id='word_1_54' title='bbox 1845 1031 2168 1106; x_wconf 88' lang='lat' dir='ltr'>patraret:</span> <span class='ocrx_word' id='word_1_55' title='bbox 2232 1034 2301 1088; x_wconf 90' lang='lat' dir='ltr'>et</span> <span class='ocrx_word' id='word_1_56' title='bbox 2362 1024 2660 1107; x_wconf 81' lang='lat' dir='ltr'>agnoscit</span> <span class='ocrx_word' id='word_1_57' title='bbox 2715 1043 2787 1087; x_wconf 92' lang='lat' dir='ltr'>se</span> 
     </span>
     <span class='ocr_line' id='line_1_9' title="bbox 838 1108 2785 1194; baseline -0.001 -19"><span class='ocrx_word' id='word_1_58' title='bbox 838 1112 1057 1194; x_wconf 74' lang='lat' dir='ltr'>gravis</span> <span class='ocrx_word' id='word_1_59' title='bbox 1116 1108 1411 1176; x_wconf 88' lang='lat' dir='ltr'>criminis</span> <span class='ocrx_word' id='word_1_60' title='bbox 1467 1128 1686 1175; x_wconf 78' lang='lat' dir='ltr'>coram</span> <span class='ocrx_word' id='word_1_61' title='bbox 1744 1108 1888 1174; x_wconf 89' lang='lat' dir='ltr'>Deo</span> <span class='ocrx_word' id='word_1_62' title='bbox 1948 1129 2134 1175; x_wconf 90' lang='lat' dir='ltr'>reum</span> <span class='ocrx_word' id='word_1_63' title='bbox 2201 1111 2497 1175; x_wconf 84' lang='lat' dir='ltr'>futurum</span> <span class='ocrx_word' id='word_1_64' title='bbox 2565 1109 2785 1188; x_wconf 71' lang='lat' dir='ltr'>fuisse,</span> 
     </span>
     <span class='ocr_line' id='line_1_10' title="bbox 839 1195 2785 1280; baseline -0.002 -18"><span class='ocrx_word' id='word_1_65' title='bbox 839 1198 970 1262; x_wconf 84' lang='lat' dir='ltr'>nisi</span> <span class='ocrx_word' id='word_1_66' title='bbox 1015 1195 1338 1261; x_wconf 89' lang='lat' dir='ltr'>cohibitus</span> <span class='ocrx_word' id='word_1_67' title='bbox 1383 1195 1632 1261; x_wconf 81' lang='lat' dir='ltr'>fuisset.</span> <span class='ocrx_word' id='word_1_68' title='bbox 1701 1195 2008 1260; x_wconf 70' lang='lat' dir='ltr'>Testatur</span> <span class='ocrx_word' id='word_1_69' title='bbox 2052 1196 2271 1280; x_wconf 87' lang='lat' dir='ltr'>itaque</span> <span class='ocrx_word' id='word_1_70' title='bbox 2312 1216 2384 1262; x_wconf 91' lang='lat' dir='ltr'>se</span> <span class='ocrx_word' id='word_1_71' title='bbox 2428 1196 2558 1261; x_wconf 93' lang='lat' dir='ltr'>Dei</span> <span class='ocrx_word' id='word_1_72' title='bbox 2603 1195 2785 1261; x_wconf 89' lang='lat' dir='ltr'>boni-</span> 
     </span>
     <span class='ocr_line' id='line_1_11' title="bbox 840 1279 2782 1366; baseline -0.002 -18"><span class='ocrx_word' id='word_1_73' title='bbox 840 1293 1045 1348; x_wconf 86' lang='lat' dir='ltr'>tatem</span> <span class='ocrx_word' id='word_1_74' title='bbox 1091 1302 1248 1366; x_wconf 89' lang='lat' dir='ltr'>erga</span> <span class='ocrx_word' id='word_1_75' title='bbox 1303 1301 1373 1346; x_wconf 90' lang='lat' dir='ltr'>se</span> <span class='ocrx_word' id='word_1_76' title='bbox 1430 1279 1760 1363; x_wconf 77' lang='lat' dir='ltr'>duplicem</span> <span class='ocrx_word' id='word_1_77' title='bbox 1817 1300 2205 1364; x_wconf 76' lang='lat' dir='ltr'>agnoscere:</span> <span class='ocrx_word' id='word_1_78' title='bbox 2264 1281 2549 1364; x_wconf 89' lang='lat' dir='ltr'>primum</span> <span class='ocrx_word' id='word_1_79' title='bbox 2611 1279 2782 1364; x_wconf 91' lang='lat' dir='ltr'>quod</span> 
     </span>
     <span class='ocr_line' id='line_1_12' title="bbox 839 1365 2787 1452; baseline -0.002 -20"><span class='ocrx_word' id='word_1_80' title='bbox 839 1378 1149 1452; x_wconf 79' lang='lat' dir='ltr'>paratum</span> <span class='ocrx_word' id='word_1_81' title='bbox 1207 1378 1341 1432; x_wconf 88' lang='lat' dir='ltr'>tam</span> <span class='ocrx_word' id='word_1_82' title='bbox 1399 1385 1603 1451; x_wconf 81' lang='lat' dir='ltr'>grave</span> <span class='ocrx_word' id='word_1_83' title='bbox 1655 1365 1867 1432; x_wconf 89' lang='lat' dir='ltr'>scelus</span> <span class='ocrx_word' id='word_1_84' title='bbox 1927 1366 2275 1432; x_wconf 81' lang='lat' dir='ltr'>admittere</span> <span class='ocrx_word' id='word_1_85' title='bbox 2341 1367 2787 1450; x_wconf 80' lang='lat' dir='ltr'>prohibuerit:</span> 
     </span>
     <span class='ocr_line' id='line_1_13' title="bbox 842 1450 2786 1536; baseline -0.002 -17"><span class='ocrx_word' id='word_1_86' title='bbox 842 1454 1079 1522; x_wconf 84' lang='lat' dir='ltr'>deinde</span> <span class='ocrx_word' id='word_1_87' title='bbox 1122 1452 1296 1535; x_wconf 90' lang='lat' dir='ltr'>quod</span> <span class='ocrx_word' id='word_1_88' title='bbox 1323 1452 1422 1517; x_wconf 69' lang='lat' dir='ltr'>‘de</span> <span class='ocrx_word' id='word_1_89' title='bbox 1460 1450 1721 1516; x_wconf 91' lang='lat' dir='ltr'>homine</span> <span class='ocrx_word' id='word_1_90' title='bbox 1753 1452 2080 1536; x_wconf 79' lang='lat' dir='ltr'>flagitioso</span> <span class='ocrx_word' id='word_1_91' title='bbox 2123 1473 2368 1536; x_wconf 87' lang='lat' dir='ltr'>poenas</span> <span class='ocrx_word' id='word_1_92' title='bbox 2412 1452 2786 1536; x_wconf 80' lang='lat' dir='ltr'>sumpserit.</span> 
     </span>
     <span class='ocr_line' id='line_1_14' title="bbox 843 1538 2787 1621; baseline -0.002 -16"><span class='ocrx_word' id='word_1_93' title='bbox 843 1539 1166 1621; x_wconf 85' lang='lat' dir='ltr'>Exemplo</span> <span class='ocrx_word' id='word_1_94' title='bbox 1233 1538 1515 1603; x_wconf 89' lang='lat' dir='ltr'>Davidis</span> <span class='ocrx_word' id='word_1_95' title='bbox 1581 1538 1929 1618; x_wconf 89' lang='lat' dir='ltr'>discamus,</span> <span class='ocrx_word' id='word_1_96' title='bbox 1998 1547 2253 1605; x_wconf 90' lang='lat' dir='ltr'>nostros</span> <span class='ocrx_word' id='word_1_97' title='bbox 2311 1539 2586 1604; x_wconf 84' lang='lat' dir='ltr'>affectus</span> <span class='ocrx_word' id='word_1_98' title='bbox 2652 1549 2787 1602; x_wconf 89' lang='lat' dir='ltr'>tam</span> 
     </span>
     <span class='ocr_line' id='line_1_15' title="bbox 844 1623 2789 1707; baseline -0.002 -15"><span class='ocrx_word' id='word_1_99' title='bbox 844 1626 1091 1692; x_wconf 88' lang='lat' dir='ltr'>strictis</span> <span class='ocrx_word' id='word_1_100' title='bbox 1153 1623 1428 1688; x_wconf 79' lang='lat' dir='ltr'>habenis</span> <span class='ocrx_word' id='word_1_101' title='bbox 1485 1643 1802 1699; x_wconf 91' lang='lat' dir='ltr'>coercere,</span> <span class='ocrx_word' id='word_1_102' title='bbox 1863 1635 1940 1689; x_wconf 92' lang='lat' dir='ltr'>ut</span> <span class='ocrx_word' id='word_1_103' title='bbox 1985 1644 2140 1690; x_wconf 88' lang='lat' dir='ltr'>vere</span> <span class='ocrx_word' id='word_1_104' title='bbox 2184 1625 2414 1690; x_wconf 87' lang='lat' dir='ltr'>laetari</span> <span class='ocrx_word' id='word_1_105' title='bbox 2459 1626 2789 1707; x_wconf 87' lang='lat' dir='ltr'>possimus</span> 
     </span>
     <span class='ocr_line' id='line_1_16' title="bbox 842 1708 2787 1793; baseline -0.002 -15"><span class='ocrx_word' id='word_1_106' title='bbox 842 1712 985 1778; x_wconf 92' lang='lat' dir='ltr'>Deo</span> <span class='ocrx_word' id='word_1_107' title='bbox 1028 1731 1149 1776; x_wconf 90' lang='lat' dir='ltr'>sua</span> <span class='ocrx_word' id='word_1_108' title='bbox 1191 1709 1432 1775; x_wconf 88' lang='lat' dir='ltr'>iudicia</span> <span class='ocrx_word' id='word_1_109' title='bbox 1491 1708 1808 1774; x_wconf 89' lang='lat' dir='ltr'>adversus</span> <span class='ocrx_word' id='word_1_110' title='bbox 1852 1710 2190 1791; x_wconf 90' lang='lat' dir='ltr'>improbos</span> <span class='ocrx_word' id='word_1_111' title='bbox 2222 1721 2571 1777; x_wconf 84' lang='lat' dir='ltr'>exserente</span> <span class='ocrx_word' id='word_1_112' title='bbox 2615 1710 2787 1793; x_wconf 91' lang='lat' dir='ltr'>quod</span> 
     </span>
     <span class='ocr_line' id='line_1_17' title="bbox 841 1795 2789 1881; baseline -0.001 -20"><span class='ocrx_word' id='word_1_113' title='bbox 841 1796 1089 1862; x_wconf 85' lang='lat' dir='ltr'>nullius</span> <span class='ocrx_word' id='word_1_114' title='bbox 1136 1816 1382 1879; x_wconf 87' lang='lat' dir='ltr'>pravae</span> <span class='ocrx_word' id='word_1_115' title='bbox 1415 1795 1770 1859; x_wconf 88' lang='lat' dir='ltr'>voluntatis</span> <span class='ocrx_word' id='word_1_116' title='bbox 1807 1805 1872 1860; x_wconf 88' lang='lat' dir='ltr'>et</span> <span class='ocrx_word' id='word_1_117' title='bbox 1915 1796 2206 1862; x_wconf 88' lang='lat' dir='ltr'>occultae</span> <span class='ocrx_word' id='word_1_118' title='bbox 2241 1795 2620 1881; x_wconf 75' lang='lat' dir='ltr'>cupiditatis</span> <span class='ocrx_word' id='word_1_119' title='bbox 2643 1797 2789 1860; x_wconf 84' lang='lat' dir='ltr'>vin·-</span> 
     </span>
     <span class='ocr_line' id='line_1_18' title="bbox 846 1880 2791 1967; baseline -0.001 -21"><span class='ocrx_word' id='word_1_120' title='bbox 846 1882 1057 1947; x_wconf 84' lang='lat' dir='ltr'>dictae</span> <span class='ocrx_word' id='word_1_121' title='bbox 1100 1883 1289 1947; x_wconf 87' lang='lat' dir='ltr'>nobis</span> <span class='ocrx_word' id='word_1_122' title='bbox 1331 1880 1575 1947; x_wconf 89' lang='lat' dir='ltr'>conscii</span> <span class='ocrx_word' id='word_1_123' title='bbox 1620 1880 1863 1960; x_wconf 80' lang='lat' dir='ltr'>simus:</span> <span class='ocrx_word' id='word_1_124' title='bbox 1915 1881 2034 1947; x_wconf 83' lang='lat' dir='ltr'>sed</span> <span class='ocrx_word' id='word_1_125' title='bbox 2095 1904 2260 1966; x_wconf 91' lang='lat' dir='ltr'>puro</span> <span class='ocrx_word' id='word_1_126' title='bbox 2303 1884 2526 1948; x_wconf 88' lang='lat' dir='ltr'>animo</span> <span class='ocrx_word' id='word_1_127' title='bbox 2580 1883 2791 1967; x_wconf 89' lang='lat' dir='ltr'>ipsius</span> 
     </span>
     <span class='ocr_line' id='line_1_19' title="bbox 844 1964 2792 2051; baseline -0.001 -18"><span class='ocrx_word' id='word_1_128' title='bbox 844 1968 1088 2035; x_wconf 85' lang='lat' dir='ltr'>iudicia</span> <span class='ocrx_word' id='word_1_129' title='bbox 1149 1968 1552 2044; x_wconf 88' lang='lat' dir='ltr'>intueamur,</span> <span class='ocrx_word' id='word_1_130' title='bbox 1620 1977 1686 2030; x_wconf 91' lang='lat' dir='ltr'>et</span> <span class='ocrx_word' id='word_1_131' title='bbox 1742 1967 1813 2032; x_wconf 89' lang='lat' dir='ltr'>in</span> <span class='ocrx_word' id='word_1_132' title='bbox 1873 1964 2003 2033; x_wconf 88' lang='lat' dir='ltr'>illis</span> <span class='ocrx_word' id='word_1_133' title='bbox 2062 1970 2612 2051; x_wconf 84' lang='lat' dir='ltr'>conquiescamus.</span> <span class='ocrx_word' id='word_1_134' title='bbox 2701 1967 2792 2032; x_wconf 84' lang='lat' dir='ltr'>Et</span> 
     </span>
     <span class='ocr_line' id='line_1_20' title="bbox 845 2052 2792 2138; baseline -0.001 -19"><span class='ocrx_word' id='word_1_135' title='bbox 845 2063 1185 2138; x_wconf 87' lang='lat' dir='ltr'>praeterea</span> <span class='ocrx_word' id='word_1_136' title='bbox 1225 2053 1371 2117; x_wconf 93' lang='lat' dir='ltr'>Deo</span> <span class='ocrx_word' id='word_1_137' title='bbox 1414 2052 1661 2136; x_wconf 85' lang='lat' dir='ltr'>gratias</span> <span class='ocrx_word' id='word_1_138' title='bbox 1705 2052 1902 2117; x_wconf 88' lang='lat' dir='ltr'>etiam</span> <span class='ocrx_word' id='word_1_139' title='bbox 1948 2072 2239 2136; x_wconf 83' lang='lat' dir='ltr'>agamus,</span> <span class='ocrx_word' id='word_1_140' title='bbox 2286 2075 2488 2138; x_wconf 90' lang='lat' dir='ltr'>quum</span> <span class='ocrx_word' id='word_1_141' title='bbox 2536 2077 2578 2119; x_wconf 87' lang='lat' dir='ltr'>a</span> <span class='ocrx_word' id='word_1_142' title='bbox 2621 2053 2792 2118; x_wconf 87' lang='lat' dir='ltr'>malo</span> 
     </span>
     <span class='ocr_line' id='line_1_21' title="bbox 845 2138 2789 2224; baseline -0.001 -19"><span class='ocrx_word' id='word_1_143' title='bbox 845 2160 968 2205; x_wconf 79' lang='lat' dir='ltr'>nos</span> <span class='ocrx_word' id='word_1_144' title='bbox 1009 2140 1380 2204; x_wconf 75' lang='lat' dir='ltr'>retraxerit.</span> <span class='ocrx_word' id='word_1_145' title='bbox 1470 2138 1639 2203; x_wconf 88' lang='lat' dir='ltr'>Nam</span> <span class='ocrx_word' id='word_1_146' title='bbox 1699 2139 1823 2204; x_wconf 88' lang='lat' dir='ltr'>etsi</span> <span class='ocrx_word' id='word_1_147' title='bbox 1867 2159 2086 2204; x_wconf 90' lang='lat' dir='ltr'>coram</span> <span class='ocrx_word' id='word_1_148' title='bbox 2145 2140 2351 2224; x_wconf 86' lang='lat' dir='ltr'>ipsius</span> <span class='ocrx_word' id='word_1_149' title='bbox 2411 2140 2651 2205; x_wconf 89' lang='lat' dir='ltr'>iudicio</span> <span class='ocrx_word' id='word_1_150' title='bbox 2696 2140 2789 2204; x_wconf 89' lang='lat' dir='ltr'>rei</span> 
     </span>
     <span class='ocr_line' id='line_1_22' title="bbox 847 2226 2791 2309; baseline -0.001 -19"><span class='ocrx_word' id='word_1_151' title='bbox 847 2226 982 2290; x_wconf 87' lang='lat' dir='ltr'>iam</span> <span class='ocrx_word' id='word_1_152' title='bbox 1041 2226 1267 2301; x_wconf 85' lang='lat' dir='ltr'>simus,</span> <span class='ocrx_word' id='word_1_153' title='bbox 1330 2243 1535 2307; x_wconf 89' lang='lat' dir='ltr'>quum</span> <span class='ocrx_word' id='word_1_154' title='bbox 1593 2233 1814 2289; x_wconf 89' lang='lat' dir='ltr'>mente</span> <span class='ocrx_word' id='word_1_155' title='bbox 1871 2245 2151 2306; x_wconf 90' lang='lat' dir='ltr'>pravum</span> <span class='ocrx_word' id='word_1_156' title='bbox 2211 2226 2474 2309; x_wconf 81' lang='lat' dir='ltr'>aliquod</span> <span class='ocrx_word' id='word_1_157' title='bbox 2532 2226 2791 2292; x_wconf 86' lang='lat' dir='ltr'>facinus</span> 
     </span>
     <span class='ocr_line' id='line_1_23' title="bbox 846 2310 2791 2394; baseline -0.001 -16"><span class='ocrx_word' id='word_1_158' title='bbox 846 2313 1295 2393; x_wconf 85' lang='lat' dir='ltr'>concepimus,</span> <span class='ocrx_word' id='word_1_159' title='bbox 1353 2311 1507 2375; x_wconf 89' lang='lat' dir='ltr'>licet</span> <span class='ocrx_word' id='word_1_160' title='bbox 1562 2310 1632 2373; x_wconf 92' lang='lat' dir='ltr'>in</span> <span class='ocrx_word' id='word_1_161' title='bbox 1692 2317 1913 2374; x_wconf 85' lang='lat' dir='ltr'>actum</span> <span class='ocrx_word' id='word_1_162' title='bbox 1972 2331 2097 2376; x_wconf 89' lang='lat' dir='ltr'>non</span> <span class='ocrx_word' id='word_1_163' title='bbox 2158 2312 2508 2394; x_wconf 88' lang='lat' dir='ltr'>prodierit,</span> <span class='ocrx_word' id='word_1_164' title='bbox 2567 2320 2791 2377; x_wconf 87' lang='lat' dir='ltr'>tamen</span> 
     </span>
     <span class='ocr_line' id='line_1_24' title="bbox 846 2394 2790 2481; baseline 0 -20"><span class='ocrx_word' id='word_1_165' title='bbox 846 2399 974 2479; x_wconf 89' lang='lat' dir='ltr'>ipsi</span> <span class='ocrx_word' id='word_1_166' title='bbox 1018 2397 1269 2480; x_wconf 79' lang='lat' dir='ltr'>gratias</span> <span class='ocrx_word' id='word_1_167' title='bbox 1313 2416 1511 2480; x_wconf 78' lang='lat' dir='ltr'>agere</span> <span class='ocrx_word' id='word_1_168' title='bbox 1554 2394 1888 2471; x_wconf 74' lang='lat' dir='ltr'>debemus,</span> <span class='ocrx_word' id='word_1_169' title='bbox 1930 2396 2101 2478; x_wconf 89' lang='lat' dir='ltr'>quod</span> <span class='ocrx_word' id='word_1_170' title='bbox 2127 2417 2260 2463; x_wconf 90' lang='lat' dir='ltr'>non</span> <span class='ocrx_word' id='word_1_171' title='bbox 2304 2399 2677 2481; x_wconf 84' lang='lat' dir='ltr'>permiserit</span> <span class='ocrx_word' id='word_1_172' title='bbox 2719 2397 2790 2462; x_wconf 91' lang='lat' dir='ltr'>in</span> 
     </span>
     <span class='ocr_line' id='line_1_25' title="bbox 849 2481 2791 2565; baseline -0.001 -17"><span class='ocrx_word' id='word_1_173' title='bbox 849 2492 1071 2548; x_wconf 85' lang='lat' dir='ltr'>actum</span> <span class='ocrx_word' id='word_1_174' title='bbox 1129 2502 1471 2563; x_wconf 89' lang='lat' dir='ltr'>erumpere</span> <span class='ocrx_word' id='word_1_175' title='bbox 1490 2529 1505 2558; x_wconf 93' lang='lat'><strong><em>‚</em></strong></span> <span class='ocrx_word' id='word_1_176' title='bbox 1573 2481 1746 2563; x_wconf 77' lang='lat' dir='ltr'>quod</span> <span class='ocrx_word' id='word_1_177' title='bbox 1802 2482 2021 2546; x_wconf 86' lang='lat' dir='ltr'>animo</span> <span class='ocrx_word' id='word_1_178' title='bbox 2082 2483 2521 2549; x_wconf 86' lang='lat' dir='ltr'>volueramus.</span> <span class='ocrx_word' id='word_1_179' title='bbox 2610 2483 2791 2565; x_wconf 88' lang='lat' dir='ltr'>Quin</span> 
     </span>
     <span class='ocr_line' id='line_1_26' title="bbox 853 2566 2793 2655; baseline 0.001 -22"><span class='ocrx_word' id='word_1_180' title='bbox 853 2568 1053 2633; x_wconf 87' lang='lat' dir='ltr'>etiam</span> <span class='ocrx_word' id='word_1_181' title='bbox 1099 2569 1349 2650; x_wconf 86' lang='lat' dir='ltr'>precari</span> <span class='ocrx_word' id='word_1_182' title='bbox 1388 2566 1716 2644; x_wconf 91' lang='lat' dir='ltr'>debemus,</span> <span class='ocrx_word' id='word_1_183' title='bbox 1760 2579 1836 2631; x_wconf 89' lang='lat' dir='ltr'>ut</span> <span class='ocrx_word' id='word_1_184' title='bbox 1868 2587 2108 2650; x_wconf 88' lang='lat' dir='ltr'>pravas</span> <span class='ocrx_word' id='word_1_185' title='bbox 2129 2571 2330 2634; x_wconf 89' lang='lat' dir='ltr'>etiam</span> <span class='ocrx_word' id='word_1_186' title='bbox 2368 2570 2793 2655; x_wconf 83' lang='lat' dir='ltr'>cogitationes</span> 
     </span>
     <span class='ocr_line' id='line_1_27' title="bbox 850 2652 2793 2736; baseline 0.001 -17"><span class='ocrx_word' id='word_1_187' title='bbox 850 2663 1242 2736; x_wconf 88' lang='lat' dir='ltr'>compescat.</span> <span class='ocrx_word' id='word_1_188' title='bbox 1329 2653 1500 2716; x_wconf 87' lang='lat' dir='ltr'>Nam</span> <span class='ocrx_word' id='word_1_189' title='bbox 1545 2671 1623 2716; x_wconf 90' lang='lat' dir='ltr'>ea</span> <span class='ocrx_word' id='word_1_190' title='bbox 1666 2664 1768 2717; x_wconf 88' lang='lat' dir='ltr'>est</span> <span class='ocrx_word' id='word_1_191' title='bbox 1823 2652 2166 2718; x_wconf 89' lang='lat' dir='ltr'>hominum</span> <span class='ocrx_word' id='word_1_192' title='bbox 2223 2663 2480 2733; x_wconf 89' lang='lat' dir='ltr'>natura,</span> <span class='ocrx_word' id='word_1_193' title='bbox 2542 2666 2614 2720; x_wconf 92' lang='lat' dir='ltr'>ut</span> <span class='ocrx_word' id='word_1_194' title='bbox 2658 2656 2793 2721; x_wconf 90' lang='lat' dir='ltr'>sin-</span> 
     </span>
     <span class='ocr_line' id='line_1_28' title="bbox 851 2738 2794 2823; baseline 0.001 -19"><span class='ocrx_word' id='word_1_195' title='bbox 851 2739 1028 2823; x_wconf 83' lang='lat' dir='ltr'>gulis</span> <span class='ocrx_word' id='word_1_196' title='bbox 1071 2738 1423 2804; x_wconf 88' lang='lat' dir='ltr'>momentis</span> <span class='ocrx_word' id='word_1_197' title='bbox 1481 2739 1707 2820; x_wconf 90' lang='lat' dir='ltr'>pravis</span> <span class='ocrx_word' id='word_1_198' title='bbox 1763 2739 2267 2822; x_wconf 79' lang='lat' dir='ltr'>cogitationibus</span> <span class='ocrx_word' id='word_1_199' title='bbox 2326 2750 2392 2807; x_wconf 93' lang='lat' dir='ltr'>et</span> <span class='ocrx_word' id='word_1_200' title='bbox 2447 2741 2794 2809; x_wconf 88' lang='lat' dir='ltr'>affectibus</span> 
     </span>
     <span class='ocr_line' id='line_1_29' title="bbox 852 2822 2794 2912; baseline 0.002 -23"><span class='ocrx_word' id='word_1_201' title='bbox 852 2826 1159 2910; x_wconf 80' lang='lat' dir='ltr'>agitetur,</span> <span class='ocrx_word' id='word_1_202' title='bbox 1227 2824 1357 2890; x_wconf 85' lang='lat' dir='ltr'>nisi</span> <span class='ocrx_word' id='word_1_203' title='bbox 1422 2822 1606 2888; x_wconf 88' lang='lat' dir='ltr'>Deus</span> <span class='ocrx_word' id='word_1_204' title='bbox 1669 2823 2001 2907; x_wconf 90' lang='lat' dir='ltr'>impediat.</span> <span class='ocrx_word' id='word_1_205' title='bbox 2093 2825 2320 2906; x_wconf 89' lang='lat' dir='ltr'>Quare</span> <span class='ocrx_word' id='word_1_206' title='bbox 2385 2829 2593 2912; x_wconf 82' lang='lat' dir='ltr'>quum</span> <span class='ocrx_word' id='word_1_207' title='bbox 2660 2839 2794 2891; x_wconf 86' lang='lat' dir='ltr'>tam</span> 
     </span>
     <span class='ocr_line' id='line_1_30' title="bbox 850 2909 2797 2996; baseline 0.002 -21"><span class='ocrx_word' id='word_1_208' title='bbox 850 2911 1174 2996; x_wconf 80' lang='lat' dir='ltr'>proclives</span> <span class='ocrx_word' id='word_1_209' title='bbox 1231 2909 1312 2974; x_wconf 89' lang='lat' dir='ltr'>ad</span> <span class='ocrx_word' id='word_1_210' title='bbox 1357 2910 1633 2993; x_wconf 82' lang='lat' dir='ltr'>quaevis</span> <span class='ocrx_word' id='word_1_211' title='bbox 1691 2911 1856 2975; x_wconf 85' lang='lat' dir='ltr'>vitia</span> <span class='ocrx_word' id='word_1_212' title='bbox 1910 2910 2138 2990; x_wconf 88' lang='lat' dir='ltr'>simus,</span> <span class='ocrx_word' id='word_1_213' title='bbox 2196 2934 2400 2996; x_wconf 89' lang='lat' dir='ltr'>quum</span> <span class='ocrx_word' id='word_1_214' title='bbox 2444 2913 2513 2979; x_wconf 84' lang='lat' dir='ltr'>vi</span> <span class='ocrx_word' id='word_1_215' title='bbox 2573 2913 2797 2980; x_wconf 86' lang='lat' dir='ltr'>divina</span> 
     </span>
     <span class='ocr_line' id='line_1_31' title="bbox 851 2993 2797 3084; baseline 0 -21"><span class='ocrx_word' id='word_1_216' title='bbox 851 2998 1229 3072; x_wconf 82' lang='lat' dir='ltr'>retinemur,</span> <span class='ocrx_word' id='word_1_217' title='bbox 1288 3015 1546 3061; x_wconf 87' lang='lat' dir='ltr'>summo</span> <span class='ocrx_word' id='word_1_218' title='bbox 1589 2993 1883 3061; x_wconf 88' lang='lat' dir='ltr'>beneficii</span> <span class='ocrx_word' id='word_1_219' title='bbox 1927 2996 2071 3063; x_wconf 91' lang='lat' dir='ltr'>loco</span> <span class='ocrx_word' id='word_1_220' title='bbox 2116 2998 2464 3084; x_wconf 87' lang='lat' dir='ltr'>ducamus,</span> <span class='ocrx_word' id='word_1_221' title='bbox 2526 3001 2797 3083; x_wconf 89' lang='lat' dir='ltr'>Deoque</span> 
     </span>
     <span class='ocr_line' id='line_1_32' title="bbox 852 3081 2796 3168; baseline 0.002 -21"><span class='ocrx_word' id='word_1_222' title='bbox 852 3081 1101 3168; x_wconf 87' lang='lat' dir='ltr'>gratias</span> <span class='ocrx_word' id='word_1_223' title='bbox 1160 3103 1451 3166; x_wconf 83' lang='lat' dir='ltr'>agamus,</span> <span class='ocrx_word' id='word_1_224' title='bbox 1509 3103 1630 3146; x_wconf 87' lang='lat' dir='ltr'>nos</span> <span class='ocrx_word' id='word_1_225' title='bbox 1686 3083 1746 3146; x_wconf 93' lang='lat' dir='ltr'>ei</span> <span class='ocrx_word' id='word_1_226' title='bbox 1803 3083 1926 3148; x_wconf 90' lang='lat' dir='ltr'>hoc</span> <span class='ocrx_word' id='word_1_227' title='bbox 1970 3084 2236 3149; x_wconf 84' lang='lat' dir='ltr'>nomine</span> <span class='ocrx_word' id='word_1_228' title='bbox 2282 3086 2639 3168; x_wconf 88' lang='lat' dir='ltr'>plurimum</span> <span class='ocrx_word' id='word_1_229' title='bbox 2686 3086 2796 3151; x_wconf 88' lang='lat' dir='ltr'>de·</span> 
     </span>
     <span class='ocr_line' id='line_1_33' title="bbox 854 3167 2798 3254; baseline 0.001 -19"><span class='ocrx_word' id='word_1_230' title='bbox 854 3170 1108 3235; x_wconf 83' lang='lat' dir='ltr'>vinctos</span> <span class='ocrx_word' id='word_1_231' title='bbox 1152 3173 1614 3251; x_wconf 83' lang='lat' dir='ltr'>agnoscentes:</span> <span class='ocrx_word' id='word_1_232' title='bbox 1675 3176 1742 3231; x_wconf 91' lang='lat' dir='ltr'>et</span> <span class='ocrx_word' id='word_1_233' title='bbox 1786 3167 2063 3234; x_wconf 91' lang='lat' dir='ltr'>Davidis</span> <span class='ocrx_word' id='word_1_234' title='bbox 2122 3171 2422 3254; x_wconf 90' lang='lat' dir='ltr'>exemplo</span> <span class='ocrx_word' id='word_1_235' title='bbox 2469 3172 2798 3238; x_wconf 88' lang='lat' dir='ltr'>discamus</span> 
     </span>
     <span class='ocr_line' id='line_1_34' title="bbox 856 3253 2796 3341; baseline 0.003 -23"><span class='ocrx_word' id='word_1_236' title='bbox 856 3253 1174 3339; x_wconf 83' lang='lat' dir='ltr'>prohibiti</span> <span class='ocrx_word' id='word_1_237' title='bbox 1198 3254 1492 3336; x_wconf 80' lang='lat' dir='ltr'>privatas</span> <span class='ocrx_word' id='word_1_238' title='bbox 1533 3253 1810 3319; x_wconf 89' lang='lat' dir='ltr'>iniurias</span> <span class='ocrx_word' id='word_1_239' title='bbox 1853 3257 2174 3338; x_wconf 85' lang='lat' dir='ltr'>persequi,</span> <span class='ocrx_word' id='word_1_240' title='bbox 2217 3259 2390 3340; x_wconf 80' lang='lat' dir='ltr'>grati</span> <span class='ocrx_word' id='word_1_241' title='bbox 2422 3278 2582 3335; x_wconf 89' lang='lat' dir='ltr'>esse,</span> <span class='ocrx_word' id='word_1_242' title='bbox 2626 3257 2796 3341; x_wconf 90' lang='lat' dir='ltr'>quod</span> 
     </span>
     <span class='ocr_line' id='line_1_35' title="bbox 852 3338 2801 3424; baseline 0.001 -17"><span class='ocrx_word' id='word_1_243' title='bbox 852 3342 910 3408; x_wconf 90' lang='lat' dir='ltr'>si</span> <span class='ocrx_word' id='word_1_244' title='bbox 942 3340 1145 3405; x_wconf 88' lang='lat' dir='ltr'>semel</span> <span class='ocrx_word' id='word_1_245' title='bbox 1182 3338 1556 3405; x_wconf 87' lang='lat' dir='ltr'>iracundiae</span> <span class='ocrx_word' id='word_1_246' title='bbox 1590 3339 1776 3404; x_wconf 84' lang='lat' dir='ltr'>laxas</span> <span class='ocrx_word' id='word_1_247' title='bbox 1808 3338 2097 3405; x_wconf 85' lang='lat' dir='ltr'>habenas</span> <span class='ocrx_word' id='word_1_248' title='bbox 2133 3344 2639 3424; x_wconf 88' lang='lat' dir='ltr'>permiserimus,</span> <span class='ocrx_word' id='word_1_249' title='bbox 2684 3344 2801 3410; x_wconf 87' lang='lat' dir='ltr'>vix</span> 
     </span>
     <span class='ocr_line' id='line_1_36' title="bbox 856 3424 2800 3510; baseline 0.002 -18"><span class='ocrx_word' id='word_1_250' title='bbox 856 3426 1093 3492; x_wconf 87' lang='lat' dir='ltr'>deinde</span> <span class='ocrx_word' id='word_1_251' title='bbox 1137 3426 1450 3491; x_wconf 79' lang='lat' dir='ltr'>reducere</span> <span class='ocrx_word' id='word_1_252' title='bbox 1493 3424 1643 3490; x_wconf 89' lang='lat' dir='ltr'>illas</span> <span class='ocrx_word' id='word_1_253' title='bbox 1683 3445 2025 3509; x_wconf 84' lang='lat' dir='ltr'>queamus,</span> <span class='ocrx_word' id='word_1_254' title='bbox 2082 3426 2337 3510; x_wconf 88' lang='lat' dir='ltr'>Deique</span> <span class='ocrx_word' id='word_1_255' title='bbox 2384 3429 2661 3495; x_wconf 86' lang='lat' dir='ltr'>bonitati</span> <span class='ocrx_word' id='word_1_256' title='bbox 2706 3430 2800 3495; x_wconf 90' lang='lat' dir='ltr'>lo-</span> 
     </span>
     <span class='ocr_line' id='line_1_37' title="bbox 855 3509 2801 3599; baseline 0.002 -21"><span class='ocrx_word' id='word_1_257' title='bbox 855 3533 1004 3578; x_wconf 88' lang='lat' dir='ltr'>cum</span> <span class='ocrx_word' id='word_1_258' title='bbox 1063 3532 1198 3576; x_wconf 91' lang='lat' dir='ltr'>non</span> <span class='ocrx_word' id='word_1_259' title='bbox 1258 3510 1730 3594; x_wconf 81' lang='lat' dir='ltr'>relinquamus.</span> <span class='ocrx_word' id='word_1_260' title='bbox 1821 3509 1952 3577; x_wconf 85' lang='lat' dir='ltr'>Sed</span> <span class='ocrx_word' id='word_1_261' title='bbox 1998 3513 2055 3577; x_wconf 92' lang='lat' dir='ltr'>si</span> <span class='ocrx_word' id='word_1_262' title='bbox 2098 3515 2420 3595; x_wconf 88' lang='lat' dir='ltr'>patientes</span> <span class='ocrx_word' id='word_1_263' title='bbox 2463 3516 2801 3599; x_wconf 86' lang='lat' dir='ltr'>fuerimus,</span> 
     </span>
     <span class='ocr_line' id='line_1_38' title="bbox 856 3596 2801 3681; baseline 0.001 -17"><span class='ocrx_word' id='word_1_264' title='bbox 856 3607 924 3664; x_wconf 85' lang='lat' dir='ltr'>et</span> <span class='ocrx_word' id='word_1_265' title='bbox 980 3597 1279 3663; x_wconf 85' lang='lat' dir='ltr'>inimicos</span> <span class='ocrx_word' id='word_1_266' title='bbox 1337 3596 1420 3661; x_wconf 89' lang='lat' dir='ltr'>ad</span> <span class='ocrx_word' id='word_1_267' title='bbox 1488 3596 1961 3679; x_wconf 88' lang='lat' dir='ltr'>poenitentiam</span> <span class='ocrx_word' id='word_1_268' title='bbox 2030 3598 2637 3681; x_wconf 86' lang='lat' dir='ltr'>sollicitaverimus,</span> <span class='ocrx_word' id='word_1_269' title='bbox 2703 3601 2801 3666; x_wconf 91' lang='lat' dir='ltr'>illi</span> 
     </span>
     <span class='ocr_line' id='line_1_39' title="bbox 854 3683 2801 3770; baseline 0.002 -21"><span class='ocrx_word' id='word_1_270' title='bbox 854 3703 1012 3750; x_wconf 88' lang='lat' dir='ltr'>vero</span> <span class='ocrx_word' id='word_1_271' title='bbox 1055 3683 1479 3764; x_wconf 86' lang='lat' dir='ltr'>pertinaciter</span> <span class='ocrx_word' id='word_1_272' title='bbox 1519 3684 1592 3746; x_wconf 93' lang='lat' dir='ltr'>in</span> <span class='ocrx_word' id='word_1_273' title='bbox 1629 3683 1878 3748; x_wconf 82' lang='lat' dir='ltr'>malitia</span> <span class='ocrx_word' id='word_1_274' title='bbox 1923 3684 2351 3766; x_wconf 85' lang='lat' dir='ltr'>perstiterint,</span> <span class='ocrx_word' id='word_1_275' title='bbox 2396 3687 2615 3753; x_wconf 92' lang='lat' dir='ltr'>Deum</span> <span class='ocrx_word' id='word_1_276' title='bbox 2652 3708 2801 3770; x_wconf 89' lang='lat' dir='ltr'>per-</span> 
     </span>
     <span class='ocr_line' id='line_1_40' title="bbox 856 3768 2802 3851; baseline 0.002 -16"><span class='ocrx_word' id='word_1_277' title='bbox 856 3769 1033 3835; x_wconf 84' lang='lat' dir='ltr'>suasi</span> <span class='ocrx_word' id='word_1_278' title='bbox 1079 3769 1283 3836; x_wconf 82' lang='lat' dir='ltr'>simus</span> <span class='ocrx_word' id='word_1_279' title='bbox 1325 3788 1593 3833; x_wconf 83' lang='lat' dir='ltr'>manum</span> <span class='ocrx_word' id='word_1_280' title='bbox 1640 3768 2085 3851; x_wconf 89' lang='lat' dir='ltr'>admoturum,</span> <span class='ocrx_word' id='word_1_281' title='bbox 2146 3779 2214 3835; x_wconf 89' lang='lat' dir='ltr'>et</span> <span class='ocrx_word' id='word_1_282' title='bbox 2255 3792 2494 3840; x_wconf 87' lang='lat' dir='ltr'>causae</span> <span class='ocrx_word' id='word_1_283' title='bbox 2538 3783 2802 3839; x_wconf 89' lang='lat' dir='ltr'>nostrae</span> 
     </span>
     <span class='ocr_line' id='line_1_41' title="bbox 859 3853 1824 3936; baseline 0 -18"><span class='ocrx_word' id='word_1_284' title='bbox 859 3853 1304 3920; x_wconf 80' lang='lat' dir='ltr'>defensionem</span> <span class='ocrx_word' id='word_1_285' title='bbox 1349 3862 1824 3936; x_wconf 86' lang='lat' dir='ltr'>suscepturum.</span> 
     </span>
    </p>

    <p class='ocr_par' dir='ltr' id='par_1_3' title="bbox 855 3938 2807 5312">
     <span class='ocr_line' id='line_1_42' title="bbox 1027 3938 2801 4030; baseline 0.003 -25"><span class='ocrx_word' id='word_1_286' title='bbox 1027 3938 1346 4021; x_wconf 84' lang='lat' dir='ltr'>Sequitur</span> <span class='ocrx_word' id='word_1_287' title='bbox 1388 3939 1697 4022; x_wconf 87' lang='lat' dir='ltr'>deinceps</span> <span class='ocrx_word' id='word_1_288' title='bbox 1745 3941 2066 4006; x_wconf 88' lang='lat' dir='ltr'>Davidem</span> <span class='ocrx_word' id='word_1_289' title='bbox 2113 3944 2380 4010; x_wconf 86' lang='lat' dir='ltr'>nuntios</span> <span class='ocrx_word' id='word_1_290' title='bbox 2424 3944 2507 4009; x_wconf 89' lang='lat' dir='ltr'>ad</span> <span class='ocrx_word' id='word_1_291' title='bbox 2529 3944 2801 4030; x_wconf 76' lang='lat' dir='ltr'>Abigai-</span> 
     </span>
     <span class='ocr_line' id='line_1_43' title="bbox 855 4024 2801 4108; baseline 0.003 -17"><span class='ocrx_word' id='word_1_292' title='bbox 855 4025 990 4091; x_wconf 85' lang='lat' dir='ltr'>lem</span> <span class='ocrx_word' id='word_1_293' title='bbox 1033 4025 1310 4104; x_wconf 88' lang='lat' dir='ltr'>misisse,</span> <span class='ocrx_word' id='word_1_294' title='bbox 1367 4024 1480 4107; x_wconf 92' lang='lat' dir='ltr'>qui</span> <span class='ocrx_word' id='word_1_295' title='bbox 1536 4025 1607 4089; x_wconf 90' lang='lat' dir='ltr'>in</span> <span class='ocrx_word' id='word_1_296' title='bbox 1653 4046 1923 4091; x_wconf 90' lang='lat' dir='ltr'>uxorem</span> <span class='ocrx_word' id='word_1_297' title='bbox 1970 4027 2152 4093; x_wconf 88' lang='lat' dir='ltr'>illam</span> <span class='ocrx_word' id='word_1_298' title='bbox 2212 4030 2336 4094; x_wconf 91' lang='lat' dir='ltr'>sibi</span> <span class='ocrx_word' id='word_1_299' title='bbox 2381 4030 2801 4108; x_wconf 82' lang='lat' dir='ltr'>adducerent,</span> 
     </span>
     <span class='ocr_line' id='line_1_44' title="bbox 858 4111 2802 4197; baseline 0.004 -22"><span class='ocrx_word' id='word_1_300' title='bbox 858 4133 1062 4195; x_wconf 91' lang='lat' dir='ltr'>quum</span> <span class='ocrx_word' id='word_1_301' title='bbox 1124 4117 1319 4176; x_wconf 82' lang='lat' dir='ltr'>antea</span> <span class='ocrx_word' id='word_1_302' title='bbox 1378 4111 1676 4177; x_wconf 81' lang='lat' dir='ltr'>duxisset</span> <span class='ocrx_word' id='word_1_303' title='bbox 1733 4112 1933 4177; x_wconf 88' lang='lat' dir='ltr'>etiam</span> <span class='ocrx_word' id='word_1_304' title='bbox 1990 4112 2382 4180; x_wconf 83' lang='lat' dir='ltr'>Achinoam.</span> <span class='ocrx_word' id='word_1_305' title='bbox 2470 4116 2664 4197; x_wconf 88' lang='lat' dir='ltr'>Quod</span> <span class='ocrx_word' id='word_1_306' title='bbox 2720 4117 2802 4183; x_wconf 79' lang='lat' dir='ltr'>ad</span> 
     </span>
     <span class='ocr_line' id='line_1_45' title="bbox 855 4196 2801 4288; baseline 0.002 -24"><span class='ocrx_word' id='word_1_307' title='bbox 855 4198 989 4264; x_wconf 90' lang='lat' dir='ltr'>Abi</span> <span class='ocrx_word' id='word_1_308' title='bbox 1037 4198 1253 4275; x_wconf 84' lang='lat' dir='ltr'>silem,</span> <span class='ocrx_word' id='word_1_309' title='bbox 1313 4196 1551 4261; x_wconf 80' lang='lat' dir='ltr'>licebat</span> <span class='ocrx_word' id='word_1_310' title='bbox 1596 4198 1839 4263; x_wconf 88' lang='lat' dir='ltr'>Davidi</span> <span class='ocrx_word' id='word_1_311' title='bbox 1882 4199 1954 4263; x_wconf 91' lang='lat' dir='ltr'>in</span> <span class='ocrx_word' id='word_1_312' title='bbox 2000 4219 2271 4265; x_wconf 89' lang='lat' dir='ltr'>uxorem</span> <span class='ocrx_word' id='word_1_313' title='bbox 2319 4202 2500 4267; x_wconf 90' lang='lat' dir='ltr'>illam</span> <span class='ocrx_word' id='word_1_314' title='bbox 2544 4202 2801 4288; x_wconf 88' lang='lat' dir='ltr'>ducere,</span> 
     </span>
     <span class='ocr_line' id='line_1_46' title="bbox 856 4281 2803 4369; baseline 0.003 -20"><span class='ocrx_word' id='word_1_315' title='bbox 856 4306 944 4366; x_wconf 89' lang='lat' dir='ltr'>qu</span> <span class='ocrx_word' id='word_1_316' title='bbox 1063 4282 1312 4349; x_wconf 82' lang='lat' dir='ltr'>Michol</span> <span class='ocrx_word' id='word_1_317' title='bbox 1349 4281 1572 4350; x_wconf 83' lang='lat' dir='ltr'>Saulis</span> <span class='ocrx_word' id='word_1_318' title='bbox 1613 4282 1752 4348; x_wconf 88' lang='lat' dir='ltr'>filia</span> <span class='ocrx_word' id='word_1_319' title='bbox 1796 4293 2020 4368; x_wconf 91' lang='lat' dir='ltr'>erepta</span> <span class='ocrx_word' id='word_1_320' title='bbox 2053 4286 2182 4369; x_wconf 88' lang='lat' dir='ltr'>ipsi</span> <span class='ocrx_word' id='word_1_321' title='bbox 2226 4288 2474 4365; x_wconf 83' lang='lat' dir='ltr'>fuisset,</span> <span class='ocrx_word' id='word_1_322' title='bbox 2521 4297 2589 4353; x_wconf 87' lang='lat' dir='ltr'>et</span> <span class='ocrx_word' id='word_1_323' title='bbox 2610 4290 2803 4354; x_wconf 89' lang='lat' dir='ltr'>alteri</span> 
     </span>
     <span class='ocr_line' id='line_1_47' title="bbox 858 4368 2803 4458; baseline 0.004 -24"><span class='ocrx_word' id='word_1_324' title='bbox 858 4369 1105 4436; x_wconf 88' lang='lat' dir='ltr'>locata:</span> <span class='ocrx_word' id='word_1_325' title='bbox 1164 4368 1318 4435; x_wconf 90' lang='lat' dir='ltr'>licet</span> <span class='ocrx_word' id='word_1_326' title='bbox 1360 4388 1505 4434; x_wconf 89' lang='lat' dir='ltr'>eam</span> <span class='ocrx_word' id='word_1_327' title='bbox 1550 4375 1777 4452; x_wconf 86' lang='lat' dir='ltr'>postea</span> <span class='ocrx_word' id='word_1_328' title='bbox 1820 4372 2100 4454; x_wconf 89' lang='lat' dir='ltr'>recepit,</span> <span class='ocrx_word' id='word_1_329' title='bbox 2155 4380 2230 4437; x_wconf 90' lang='lat' dir='ltr'>ut</span> <span class='ocrx_word' id='word_1_330' title='bbox 2274 4372 2581 4458; x_wconf 88' lang='lat' dir='ltr'>deinceps</span> <span class='ocrx_word' id='word_1_331' title='bbox 2625 4374 2803 4443; x_wconf 85' lang='lat' dir='ltr'>vide-</span> 
     </span>
     <span class='ocr_line' id='line_1_48' title="bbox 857 4454 2805 4544; baseline 0.004 -24"><span class='ocrx_word' id='word_1_332' title='bbox 857 4456 1091 4521; x_wconf 76' lang='lat' dir='ltr'>bimus.</span> <span class='ocrx_word' id='word_1_333' title='bbox 1184 4454 1408 4536; x_wconf 82' lang='lat' dir='ltr'>Quare</span> <span class='ocrx_word' id='word_1_334' title='bbox 1452 4474 1659 4537; x_wconf 91' lang='lat' dir='ltr'>quum</span> <span class='ocrx_word' id='word_1_335' title='bbox 1716 4455 1812 4519; x_wconf 88' lang='lat' dir='ltr'>illi</span> <span class='ocrx_word' id='word_1_336' title='bbox 1857 4457 2087 4523; x_wconf 84' lang='lat' dir='ltr'>fuisset</span> <span class='ocrx_word' id='word_1_337' title='bbox 2131 4478 2306 4523; x_wconf 87' lang='lat' dir='ltr'>uxor</span> <span class='ocrx_word' id='word_1_338' title='bbox 2348 4459 2676 4544; x_wconf 88' lang='lat' dir='ltr'>adempta,</span> <span class='ocrx_word' id='word_1_339' title='bbox 2736 4469 2805 4527; x_wconf 87' lang='lat' dir='ltr'>et</span> 
     </span>
     <span class='ocr_line' id='line_1_49' title="bbox 860 4540 2805 4627; baseline 0.003 -19"><span class='ocrx_word' id='word_1_340' title='bbox 860 4562 1012 4608; x_wconf 83' lang='lat' dir='ltr'>eum</span> <span class='ocrx_word' id='word_1_341' title='bbox 1056 4540 1265 4607; x_wconf 87' lang='lat' dir='ltr'>altero</span> <span class='ocrx_word' id='word_1_342' title='bbox 1309 4550 1614 4610; x_wconf 82' lang='lat' dir='ltr'>scortata.</span> <span class='ocrx_word' id='word_1_343' title='bbox 1674 4541 1847 4623; x_wconf 88' lang='lat' dir='ltr'>quod</span> <span class='ocrx_word' id='word_1_344' title='bbox 1893 4563 2023 4608; x_wconf 89' lang='lat' dir='ltr'>non</span> <span class='ocrx_word' id='word_1_345' title='bbox 2079 4553 2302 4627; x_wconf 87' lang='lat' dir='ltr'>posset</span> <span class='ocrx_word' id='word_1_346' title='bbox 2343 4547 2484 4612; x_wconf 88' lang='lat' dir='ltr'>iure</span> <span class='ocrx_word' id='word_1_347' title='bbox 2527 4547 2805 4613; x_wconf 90' lang='lat' dir='ltr'>maritus</span> 
     </span>
     <span class='ocr_line' id='line_1_50' title="bbox 859 4626 2804 4711; baseline 0.004 -20"><span class='ocrx_word' id='word_1_348' title='bbox 859 4628 1068 4710; x_wconf 87' lang='lat' dir='ltr'>ipsius</span> <span class='ocrx_word' id='word_1_349' title='bbox 1104 4647 1264 4703; x_wconf 87' lang='lat' dir='ltr'>esse,</span> <span class='ocrx_word' id='word_1_350' title='bbox 1308 4629 1519 4710; x_wconf 85' lang='lat' dir='ltr'>potuit</span> <span class='ocrx_word' id='word_1_351' title='bbox 1561 4626 1785 4692; x_wconf 83' lang='lat' dir='ltr'>David</span> <span class='ocrx_word' id='word_1_352' title='bbox 1833 4628 2199 4711; x_wconf 84' lang='lat' dir='ltr'>Abigailem</span> <span class='ocrx_word' id='word_1_353' title='bbox 2246 4630 2484 4698; x_wconf 91' lang='lat' dir='ltr'>ducere</span> <span class='ocrx_word' id='word_1_354' title='bbox 2526 4632 2598 4697; x_wconf 91' lang='lat' dir='ltr'>in</span> <span class='ocrx_word' id='word_1_355' title='bbox 2639 4652 2804 4698; x_wconf 89' lang='lat' dir='ltr'>uxo-</span> 
     </span>
     <span class='ocr_line' id='line_1_51' title="bbox 861 4712 2807 4813; baseline 0.003 -36"><span class='ocrx_word' id='word_1_356' title='bbox 861 4734 1032 4813; x_wconf 72' lang='lat' dir='ltr'>rem:</span> <span class='ocrx_word' id='word_1_357' title='bbox 1096 4733 1293 4795; x_wconf 89' lang='lat' dir='ltr'>quam</span> <span class='ocrx_word' id='word_1_358' title='bbox 1351 4733 1553 4813; x_wconf 77' lang='lat' dir='ltr'>quum</span> <span class='ocrx_word' id='word_1_359' title='bbox 1608 4712 1999 4796; x_wconf 82' lang='lat' dir='ltr'>prudentem</span> <span class='ocrx_word' id='word_1_360' title='bbox 2062 4714 2375 4781; x_wconf 87' lang='lat' dir='ltr'>feminam</span> <span class='ocrx_word' id='word_1_361' title='bbox 2435 4731 2502 4782; x_wconf 92' lang='lat' dir='ltr'>et</span> <span class='ocrx_word' id='word_1_362' title='bbox 2556 4719 2807 4785; x_wconf 87' lang='lat' dir='ltr'>virtute</span> 
     </span>
     <span class='ocr_line' id='line_1_52' title="bbox 860 4801 2803 4883; baseline 0.003 -20"><span class='ocrx_word' id='word_1_363' title='bbox 860 4819 1187 4881; x_wconf 73' lang='lat' dir='ltr'>insignem</span> <span class='ocrx_word' id='word_1_364' title='bbox 1233 4812 1657 4883; x_wconf 75' lang='lat' dir='ltr'>cognovisset,</span> <span class='ocrx_word' id='word_1_365' title='bbox 1705 4818 1838 4863; x_wconf 86' lang='lat' dir='ltr'>non</span> <span class='ocrx_word' id='word_1_366' title='bbox 1873 4801 2114 4865; x_wconf 88' lang='lat' dir='ltr'>mirum</span> <span class='ocrx_word' id='word_1_367' title='bbox 2161 4811 2276 4877; x_wconf 90' lang='lat' dir='ltr'>est,</span> <span class='ocrx_word' id='word_1_368' title='bbox 2324 4805 2378 4868; x_wconf 91' lang='lat' dir='ltr'>si</span> <span class='ocrx_word' id='word_1_369' title='bbox 2425 4806 2493 4867; x_wconf 90' lang='lat' dir='ltr'>in</span> <span class='ocrx_word' id='word_1_370' title='bbox 2532 4825 2803 4870; x_wconf 89' lang='lat' dir='ltr'>uxorem</span> 
     </span>
     <span class='ocr_line' id='line_1_53' title="bbox 862 4884 2805 4973; baseline 0.004 -25"><span class='ocrx_word' id='word_1_371' title='bbox 862 4904 1008 4949; x_wconf 91' lang='lat' dir='ltr'>eam</span> <span class='ocrx_word' id='word_1_372' title='bbox 1053 4884 1173 4949; x_wconf 84' lang='lat' dir='ltr'>sibi</span> <span class='ocrx_word' id='word_1_373' title='bbox 1220 4884 1587 4968; x_wconf 88' lang='lat' dir='ltr'>postulavit.</span> <span class='ocrx_word' id='word_1_374' title='bbox 1636 4885 1727 4949; x_wconf 85' lang='lat' dir='ltr'>Et</span> <span class='ocrx_word' id='word_1_375' title='bbox 1759 4884 2020 4967; x_wconf 89' lang='lat' dir='ltr'>quidem</span> <span class='ocrx_word' id='word_1_376' title='bbox 2061 4889 2233 4952; x_wconf 81' lang='lat' dir='ltr'>ratio</span> <span class='ocrx_word' id='word_1_377' title='bbox 2255 4908 2449 4970; x_wconf 88' lang='lat' dir='ltr'>quam</span> <span class='ocrx_word' id='word_1_378' title='bbox 2488 4900 2805 4973; x_wconf 91' lang='lat' dir='ltr'>sequutus</span> 
     </span>
     <span class='ocr_line' id='line_1_54' title="bbox 863 4969 2805 5055; baseline 0.003 -20"><span class='ocrx_word' id='word_1_379' title='bbox 863 4979 965 5035; x_wconf 85' lang='lat' dir='ltr'>est</span> <span class='ocrx_word' id='word_1_380' title='bbox 1003 4969 1133 5036; x_wconf 80' lang='lat' dir='ltr'>fuit</span> <span class='ocrx_word' id='word_1_381' title='bbox 1173 4970 1538 5050; x_wconf 88' lang='lat' dir='ltr'>laudabilis,</span> <span class='ocrx_word' id='word_1_382' title='bbox 1594 4969 1769 5053; x_wconf 91' lang='lat' dir='ltr'>quod</span> <span class='ocrx_word' id='word_1_383' title='bbox 1813 4992 1943 5036; x_wconf 89' lang='lat' dir='ltr'>non</span> <span class='ocrx_word' id='word_1_384' title='bbox 1988 4973 2131 5055; x_wconf 88' lang='lat' dir='ltr'>ipse</span> <span class='ocrx_word' id='word_1_385' title='bbox 2174 4973 2354 5037; x_wconf 88' lang='lat' dir='ltr'>illam</span> <span class='ocrx_word' id='word_1_386' title='bbox 2400 4975 2578 5055; x_wconf 88' lang='lat' dir='ltr'>adiit,</span> <span class='ocrx_word' id='word_1_387' title='bbox 2625 4985 2692 5042; x_wconf 92' lang='lat' dir='ltr'>et</span> <span class='ocrx_word' id='word_1_388' title='bbox 2735 4978 2805 5040; x_wconf 92' lang='lat' dir='ltr'>in</span> 
     </span>
     <span class='ocr_line' id='line_1_55' title="bbox 863 5056 2803 5140; baseline 0.005 -22"><span class='ocrx_word' id='word_1_389' title='bbox 863 5076 1134 5121; x_wconf 87' lang='lat' dir='ltr'>uxorem</span> <span class='ocrx_word' id='word_1_390' title='bbox 1195 5057 1474 5140; x_wconf 88' lang='lat' dir='ltr'>accepit,</span> <span class='ocrx_word' id='word_1_391' title='bbox 1537 5056 1651 5121; x_wconf 91' lang='lat' dir='ltr'>sed</span> <span class='ocrx_word' id='word_1_392' title='bbox 1717 5077 1836 5140; x_wconf 88' lang='lat' dir='ltr'>per</span> <span class='ocrx_word' id='word_1_393' title='bbox 1900 5059 2172 5124; x_wconf 88' lang='lat' dir='ltr'>nuncios</span> <span class='ocrx_word' id='word_1_394' title='bbox 2240 5058 2321 5124; x_wconf 91' lang='lat' dir='ltr'>de</span> <span class='ocrx_word' id='word_1_395' title='bbox 2386 5063 2803 5127; x_wconf 84' lang='lat' dir='ltr'>matrimonio</span> 
     </span>
     <span class='ocr_line' id='line_1_56' title="bbox 863 5141 2803 5226; baseline 0.004 -22"><span class='ocrx_word' id='word_1_396' title='bbox 863 5141 1341 5223; x_wconf 75' lang='lat' dir='ltr'>interpellavit:</span> <span class='ocrx_word' id='word_1_397' title='bbox 1405 5141 1581 5226; x_wconf 88' lang='lat' dir='ltr'>quod</span> <span class='ocrx_word' id='word_1_398' title='bbox 1640 5142 1882 5226; x_wconf 89' lang='lat' dir='ltr'>alioqui</span> <span class='ocrx_word' id='word_1_399' title='bbox 1928 5144 2112 5210; x_wconf 87' lang='lat' dir='ltr'>visus</span> <span class='ocrx_word' id='word_1_400' title='bbox 2172 5144 2401 5210; x_wconf 82' lang='lat' dir='ltr'>fuisset</span> <span class='ocrx_word' id='word_1_401' title='bbox 2441 5167 2586 5212; x_wconf 86' lang='lat' dir='ltr'>eam</span> <span class='ocrx_word' id='word_1_402' title='bbox 2630 5148 2803 5214; x_wconf 89' lang='lat' dir='ltr'>invi-</span> 
     </span>
     <span class='ocr_line' id='line_1_57' title="bbox 863 5227 2805 5312; baseline 0.005 -21"><span class='ocrx_word' id='word_1_403' title='bbox 863 5239 1023 5310; x_wconf 88' lang='lat' dir='ltr'>tam,</span> <span class='ocrx_word' id='word_1_404' title='bbox 1066 5227 1172 5292; x_wconf 87' lang='lat' dir='ltr'>vel</span> <span class='ocrx_word' id='word_1_405' title='bbox 1215 5229 1570 5294; x_wconf 84' lang='lat' dir='ltr'>autoritate</span> <span class='ocrx_word' id='word_1_406' title='bbox 1592 5227 1703 5294; x_wconf 88' lang='lat' dir='ltr'>vel</span> <span class='ocrx_word' id='word_1_407' title='bbox 1738 5230 1802 5294; x_wconf 89' lang='lat' dir='ltr'>vi</span> <span class='ocrx_word' id='word_1_408' title='bbox 1844 5227 2219 5297; x_wconf 85' lang='lat' dir='ltr'>abduxisse.</span> <span class='ocrx_word' id='word_1_409' title='bbox 2267 5229 2490 5312; x_wconf 82' lang='lat' dir='ltr'>Quare</span> <span class='ocrx_word' id='word_1_410' title='bbox 2535 5247 2609 5299; x_wconf 90' lang='lat' dir='ltr'>ut</span> <span class='ocrx_word' id='word_1_411' title='bbox 2644 5233 2805 5301; x_wconf 89' lang='lat' dir='ltr'>libe·</span> 
     </span>
    </p>
   </div>
   <div class='ocr_carea' id='block_1_3' title="bbox 2505 316 4739 385">
    <p class='ocr_par' dir='ltr' id='par_1_4' title="bbox 2505 316 4739 385">
     <span class='ocr_line' id='line_1_58' title="bbox 2505 316 4739 385; baseline -0 -1"><span class='ocrx_word' id='word_1_412' title='bbox 2505 318 2915 385; x_wconf 83' lang='lat' dir='ltr'><strong>HOMILIA</strong></span> <span class='ocrx_word' id='word_1_413' title='bbox 2956 316 3179 384; x_wconf 85' lang='lat' dir='ltr'>XCII.</span> <span class='ocrx_word' id='word_1_414' title='bbox 4650 318 4739 384; x_wconf 73' lang='lat'>572</span> 
     </span>
    </p>
   </div>
   <div class='ocr_carea' id='block_1_4' title="bbox 2889 500 4794 5319">
    <p class='ocr_par' dir='ltr' id='par_1_5' title="bbox 2889 500 4794 5319">
     <span class='ocr_line' id='line_1_59' title="bbox 2890 500 4741 580; baseline -0.001 -9"><span class='ocrx_word' id='word_1_415' title='bbox 2890 528 3041 572; x_wconf 83' lang='lat' dir='ltr'>rum</span> <span class='ocrx_word' id='word_1_416' title='bbox 3086 507 3174 573; x_wconf 88' lang='lat' dir='ltr'>sit</span> <span class='ocrx_word' id='word_1_417' title='bbox 3211 507 3702 580; x_wconf 88' lang='lat' dir='ltr'>matrimonum,</span> <span class='ocrx_word' id='word_1_418' title='bbox 3746 503 4019 568; x_wconf 88' lang='lat' dir='ltr'>nuntios</span> <span class='ocrx_word' id='word_1_419' title='bbox 4061 500 4142 567; x_wconf 89' lang='lat' dir='ltr'>ad</span> <span class='ocrx_word' id='word_1_420' title='bbox 4168 521 4314 567; x_wconf 89' lang='lat' dir='ltr'>eam</span> <span class='ocrx_word' id='word_1_421' title='bbox 4358 500 4542 579; x_wconf 82' lang='lat' dir='ltr'>misit,</span> <span class='ocrx_word' id='word_1_422' title='bbox 4578 511 4741 573; x_wconf 79' lang='lat' dir='ltr'>utnon</span> 
     </span>
     <span class='ocr_line' id='line_1_60' title="bbox 2890 586 4742 671; baseline -0.001 -14"><span class='ocrx_word' id='word_1_423' title='bbox 2890 593 3101 658; x_wconf 83' lang='lat' dir='ltr'>invita</span> <span class='ocrx_word' id='word_1_424' title='bbox 3170 591 3291 658; x_wconf 82' lang='lat' dir='ltr'>sed</span> <span class='ocrx_word' id='word_1_425' title='bbox 3371 591 3603 657; x_wconf 81' lang='lat' dir='ltr'>volens</span> <span class='ocrx_word' id='word_1_426' title='bbox 3669 587 3948 656; x_wconf 85' lang='lat' dir='ltr'>Davidis</span> <span class='ocrx_word' id='word_1_427' title='bbox 4025 586 4372 671; x_wconf 85' lang='lat' dir='ltr'>postulatis</span> <span class='ocrx_word' id='word_1_428' title='bbox 4447 589 4742 671; x_wconf 77' lang='lat' dir='ltr'>acquiescat.</span> 
     </span>
     <span class='ocr_line' id='line_1_61' title="bbox 2890 674 4747 759; baseline -0.002 -16"><span class='ocrx_word' id='word_1_429' title='bbox 2890 678 3083 759; x_wconf 89' lang='lat' dir='ltr'>Quod</span> <span class='ocrx_word' id='word_1_430' title='bbox 3130 676 3212 742; x_wconf 86' lang='lat' dir='ltr'>ad</span> <span class='ocrx_word' id='word_1_431' title='bbox 3254 678 3529 742; x_wconf 81' lang='lat' dir='ltr'>alteram</span> <span class='ocrx_word' id='word_1_432' title='bbox 3578 677 3944 742; x_wconf 85' lang='lat' dir='ltr'>Achiouam</span> <span class='ocrx_word' id='word_1_433' title='bbox 3980 674 4233 749; x_wconf 79' lang='lat' dir='ltr'>attinet,</span> <span class='ocrx_word' id='word_1_434' title='bbox 4292 694 4602 752; x_wconf 76' lang='lat' dir='ltr'>excusare,</span> <span class='ocrx_word' id='word_1_435' title='bbox 4643 687 4693 741; x_wconf 79' lang='lat' dir='ltr'>st</span> <span class='ocrx_word' id='word_1_436' title='bbox 4718 700 4747 746; x_wconf 75' lang='lat' dir='ltr'>t</span> 
     </span>
     <span class='ocr_line' id='line_1_62' title="bbox 2889 760 4746 848; baseline -0.001 -17"><span class='ocrx_word' id='word_1_437' title='bbox 2889 765 3082 848; x_wconf 85' lang='lat' dir='ltr'>culpa</span> <span class='ocrx_word' id='word_1_438' title='bbox 3136 764 3418 828; x_wconf 89' lang='lat' dir='ltr'>liberare</span> <span class='ocrx_word' id='word_1_439' title='bbox 3475 762 3799 828; x_wconf 84' lang='lat' dir='ltr'>Davidem</span> <span class='ocrx_word' id='word_1_440' title='bbox 3858 781 3993 825; x_wconf 87' lang='lat' dir='ltr'>non</span> <span class='ocrx_word' id='word_1_441' title='bbox 4052 779 4421 842; x_wconf 88' lang='lat' dir='ltr'>possumus.</span> <span class='ocrx_word' id='word_1_442' title='bbox 4500 760 4627 827; x_wconf 69' lang='lat' dir='ltr'>Etsi</span> <span class='ocrx_word' id='word_1_443' title='bbox 4656 786 4746 829; x_wconf 78' lang='lat' dir='ltr'>uon</span> 
     </span>
     <span class='ocr_line' id='line_1_63' title="bbox 2891 845 4748 930; baseline 0 -15"><span class='ocrx_word' id='word_1_444' title='bbox 2891 849 3202 915; x_wconf 87' lang='lat' dir='ltr'>debemus</span> <span class='ocrx_word' id='word_1_445' title='bbox 3246 850 3628 914; x_wconf 90' lang='lat' dir='ltr'>existimare</span> <span class='ocrx_word' id='word_1_446' title='bbox 3672 846 4119 930; x_wconf 86' lang='lat' dir='ltr'>voluptatibus</span> <span class='ocrx_word' id='word_1_447' title='bbox 4160 845 4377 927; x_wconf 86' lang='lat' dir='ltr'>ipsum</span> <span class='ocrx_word' id='word_1_448' title='bbox 4413 845 4542 912; x_wconf 86' lang='lat' dir='ltr'>suis</span> <span class='ocrx_word' id='word_1_449' title='bbox 4578 849 4656 914; x_wconf 79' lang='lat' dir='ltr'>sic</span> <span class='ocrx_word' id='word_1_450' title='bbox 4684 851 4748 915; x_wconf 83' lang='lat' dir='ltr'>in-</span> 
     </span>
     <span class='ocr_line' id='line_1_64' title="bbox 2890 930 4750 1020; baseline -0.001 -20"><span class='ocrx_word' id='word_1_451' title='bbox 2890 935 3207 1020; x_wconf 88' lang='lat' dir='ltr'>dulsisse,</span> <span class='ocrx_word' id='word_1_452' title='bbox 3278 946 3352 1000; x_wconf 88' lang='lat' dir='ltr'>ut</span> <span class='ocrx_word' id='word_1_453' title='bbox 3408 934 3683 999; x_wconf 85' lang='lat' dir='ltr'>alteram</span> <span class='ocrx_word' id='word_1_454' title='bbox 3745 933 3948 1016; x_wconf 86' lang='lat' dir='ltr'>priori</span> <span class='ocrx_word' id='word_1_455' title='bbox 4009 930 4367 998; x_wconf 87' lang='lat' dir='ltr'>addiderit:</span> <span class='ocrx_word' id='word_1_456' title='bbox 4436 931 4539 996; x_wconf 87' lang='lat' dir='ltr'>sed</span> <span class='ocrx_word' id='word_1_457' title='bbox 4593 937 4750 1018; x_wconf 75' lang='lat' dir='ltr'>potita</span> 
     </span>
     <span class='ocr_line' id='line_1_65' title="bbox 2889 1016 4751 1096; baseline -0.001 -8"><span class='ocrx_word' id='word_1_458' title='bbox 2889 1032 3180 1088; x_wconf 88' lang='lat' dir='ltr'>coactum</span> <span class='ocrx_word' id='word_1_459' title='bbox 3204 1021 3594 1087; x_wconf 86' lang='lat' dir='ltr'>necessitate</span> <span class='ocrx_word' id='word_1_460' title='bbox 3614 1019 3819 1085; x_wconf 83' lang='lat' dir='ltr'>fuisse</span> <span class='ocrx_word' id='word_1_461' title='bbox 3860 1017 4169 1096; x_wconf 89' lang='lat' dir='ltr'>iudicare,</span> <span class='ocrx_word' id='word_1_462' title='bbox 4212 1027 4283 1080; x_wconf 87' lang='lat' dir='ltr'>et</span> <span class='ocrx_word' id='word_1_463' title='bbox 4324 1018 4420 1082; x_wconf 87' lang='lat' dir='ltr'>ita</span> <span class='ocrx_word' id='word_1_464' title='bbox 4458 1016 4627 1085; x_wconf 84' lang='lat' dir='ltr'>rebus</span> <span class='ocrx_word' id='word_1_465' title='bbox 4658 1023 4751 1088; x_wconf 76' lang='lat' dir='ltr'>suin</span> 
     </span>
     <span class='ocr_line' id='line_1_66' title="bbox 2889 1102 4754 1186; baseline 0.001 -14"><span class='ocrx_word' id='word_1_466' title='bbox 2889 1108 3228 1174; x_wconf 89' lang='lat' dir='ltr'>consulere</span> <span class='ocrx_word' id='word_1_467' title='bbox 3250 1106 3595 1172; x_wconf 74' lang='lat' dir='ltr'>smduisse.</span> <span class='ocrx_word' id='word_1_468' title='bbox 3632 1103 4206 1186; x_wconf 80' lang='lat' dir='ltr'>Quemadmodum</span> <span class='ocrx_word' id='word_1_469' title='bbox 4226 1102 4446 1168; x_wconf 87' lang='lat' dir='ltr'>solent</span> <span class='ocrx_word' id='word_1_470' title='bbox 4464 1104 4533 1167; x_wconf 90' lang='lat' dir='ltr'>in</span> <span class='ocrx_word' id='word_1_471' title='bbox 4550 1108 4754 1173; x_wconf 77' lang='lat' dir='ltr'>smmis</span> 
     </span>
     <span class='ocr_line' id='line_1_67' title="bbox 2891 1190 4755 1277; baseline 0 -18"><span class='ocrx_word' id='word_1_472' title='bbox 2891 1193 3218 1277; x_wconf 77' lang='lat' dir='ltr'>angustiis</span> <span class='ocrx_word' id='word_1_473' title='bbox 3276 1192 3633 1267; x_wconf 80' lang='lat' dir='ltr'>constituti,</span> <span class='ocrx_word' id='word_1_474' title='bbox 3684 1192 3973 1256; x_wconf 89' lang='lat' dir='ltr'>rationes</span> <span class='ocrx_word' id='word_1_475' title='bbox 4023 1209 4338 1272; x_wconf 79' lang='lat' dir='ltr'>quaerere</span> <span class='ocrx_word' id='word_1_476' title='bbox 4395 1190 4614 1272; x_wconf 85' lang='lat' dir='ltr'>quibus</span> <span class='ocrx_word' id='word_1_477' title='bbox 4659 1214 4755 1259; x_wconf 75' lang='lat' dir='ltr'>sene</span> 
     </span>
     <span class='ocr_line' id='line_1_68' title="bbox 2891 1275 4758 1363; baseline 0.001 -19"><span class='ocrx_word' id='word_1_478' title='bbox 2891 1290 3221 1363; x_wconf 78' lang='lat' dir='ltr'>tueantur,</span> <span class='ocrx_word' id='word_1_479' title='bbox 3280 1287 3349 1343; x_wconf 88' lang='lat' dir='ltr'>et</span> <span class='ocrx_word' id='word_1_480' title='bbox 3393 1278 3759 1343; x_wconf 76' lang='lat' dir='ltr'>foederibus</span> <span class='ocrx_word' id='word_1_481' title='bbox 3802 1287 3871 1343; x_wconf 89' lang='lat' dir='ltr'>et</span> <span class='ocrx_word' id='word_1_482' title='bbox 3922 1275 4337 1360; x_wconf 74' lang='lat' dir='ltr'>cognationis</span> <span class='ocrx_word' id='word_1_483' title='bbox 4381 1297 4457 1341; x_wconf 88' lang='lat' dir='ltr'>ac</span> <span class='ocrx_word' id='word_1_484' title='bbox 4497 1277 4758 1345; x_wconf 57' lang='lat' dir='ltr'>affinia&amp;</span> 
     </span>
     <span class='ocr_line' id='line_1_69' title="bbox 2891 1361 4758 1431; baseline -0.001 -2"><span class='ocrx_word' id='word_1_485' title='bbox 2891 1366 3174 1430; x_wconf 86' lang='lat' dir='ltr'>vinculis</span> <span class='ocrx_word' id='word_1_486' title='bbox 3213 1365 3499 1431; x_wconf 81' lang='lat' dir='ltr'>foveant.</span> <span class='ocrx_word' id='word_1_487' title='bbox 3547 1362 3996 1429; x_wconf 82' lang='lat' dir='ltr'>Nihilominus</span> <span class='ocrx_word' id='word_1_488' title='bbox 4034 1362 4303 1427; x_wconf 78' lang='lat' dir='ltr'>virtiosa</span> <span class='ocrx_word' id='word_1_489' title='bbox 4344 1373 4416 1427; x_wconf 84' lang='lat' dir='ltr'>et</span> <span class='ocrx_word' id='word_1_490' title='bbox 4456 1361 4657 1429; x_wconf 81' lang='lat' dir='ltr'>illicita</span> <span class='ocrx_word' id='word_1_491' title='bbox 4672 1365 4758 1428; x_wconf 79' lang='lat' dir='ltr'>fuit</span> 
     </span>
     <span class='ocr_line' id='line_1_70' title="bbox 2892 1447 4761 1533; baseline -0.001 -18"><span class='ocrx_word' id='word_1_492' title='bbox 2892 1452 3054 1516; x_wconf 88' lang='lat' dir='ltr'>haec</span> <span class='ocrx_word' id='word_1_493' title='bbox 3120 1452 3287 1516; x_wconf 87' lang='lat' dir='ltr'>ratio</span> <span class='ocrx_word' id='word_1_494' title='bbox 3361 1450 3556 1516; x_wconf 86' lang='lat' dir='ltr'>rebus</span> <span class='ocrx_word' id='word_1_495' title='bbox 3627 1450 3766 1515; x_wconf 89' lang='lat' dir='ltr'>suis</span> <span class='ocrx_word' id='word_1_496' title='bbox 3829 1447 4248 1526; x_wconf 86' lang='lat' dir='ltr'>consulendi,</span> <span class='ocrx_word' id='word_1_497' title='bbox 4307 1447 4761 1533; x_wconf 74' lang='lat' dir='ltr'>quandoquidem</span> 
     </span>
     <span class='ocr_line' id='line_1_71' title="bbox 2891 1534 4761 1620; baseline -0.003 -16"><span class='ocrx_word' id='word_1_498' title='bbox 2891 1548 3125 1604; x_wconf 88' lang='lat' dir='ltr'>contra</span> <span class='ocrx_word' id='word_1_499' title='bbox 3167 1537 3448 1620; x_wconf 87' lang='lat' dir='ltr'>primam</span> <span class='ocrx_word' id='word_1_500' title='bbox 3497 1535 3982 1601; x_wconf 82' lang='lat' dir='ltr'>institutionem</span> <span class='ocrx_word' id='word_1_501' title='bbox 4028 1534 4431 1599; x_wconf 83' lang='lat' dir='ltr'>matrimonii</span> <span class='ocrx_word' id='word_1_502' title='bbox 4490 1536 4636 1601; x_wconf 81' lang='lat' dir='ltr'>fuit:</span> <span class='ocrx_word' id='word_1_503' title='bbox 4679 1537 4761 1599; x_wconf 73' lang='lat' dir='ltr'>etsi</span> 
     </span>
     <span class='ocr_line' id='line_1_72' title="bbox 2892 1619 4766 1704; baseline 0 -17"><span class='ocrx_word' id='word_1_504' title='bbox 2892 1645 3025 1688; x_wconf 92' lang='lat' dir='ltr'>non</span> <span class='ocrx_word' id='word_1_505' title='bbox 3074 1635 3207 1687; x_wconf 79' lang='lat' dir='ltr'>tam</span> <span class='ocrx_word' id='word_1_506' title='bbox 3252 1623 3492 1688; x_wconf 88' lang='lat' dir='ltr'>vitiosa</span> <span class='ocrx_word' id='word_1_507' title='bbox 3549 1641 3745 1704; x_wconf 84' lang='lat' dir='ltr'>quam</span> <span class='ocrx_word' id='word_1_508' title='bbox 3790 1622 3846 1685; x_wconf 89' lang='lat' dir='ltr'>si</span> <span class='ocrx_word' id='word_1_509' title='bbox 3892 1619 4311 1704; x_wconf 87' lang='lat' dir='ltr'>voluptatum</span> <span class='ocrx_word' id='word_1_510' title='bbox 4358 1641 4553 1687; x_wconf 87' lang='lat' dir='ltr'>causa</span> <span class='ocrx_word' id='word_1_511' title='bbox 4590 1620 4766 1687; x_wconf 72' lang='lat' dir='ltr'>fuisset</span> 
     </span>
     <span class='ocr_line' id='line_1_73' title="bbox 2892 1704 4767 1792; baseline -0.001 -19"><span class='ocrx_word' id='word_1_512' title='bbox 2892 1709 2973 1774; x_wconf 92' lang='lat' dir='ltr'>ab</span> <span class='ocrx_word' id='word_1_513' title='bbox 3039 1710 3179 1791; x_wconf 92' lang='lat' dir='ltr'>ipso</span> <span class='ocrx_word' id='word_1_514' title='bbox 3237 1707 3604 1792; x_wconf 88' lang='lat' dir='ltr'>quaesitum</span> <span class='ocrx_word' id='word_1_515' title='bbox 3663 1707 4176 1771; x_wconf 88' lang='lat' dir='ltr'>matrimonium.</span> <span class='ocrx_word' id='word_1_516' title='bbox 4267 1704 4407 1772; x_wconf 84' lang='lat' dir='ltr'>Sed</span> <span class='ocrx_word' id='word_1_517' title='bbox 4459 1707 4525 1772; x_wconf 90' lang='lat' dir='ltr'>iu</span> <span class='ocrx_word' id='word_1_518' title='bbox 4576 1728 4767 1772; x_wconf 81' lang='lat' dir='ltr'>summ</span> 
     </span>
     <span class='ocr_line' id='line_1_74' title="bbox 2892 1791 4766 1876; baseline -0.001 -16"><span class='ocrx_word' id='word_1_519' title='bbox 2892 1794 3462 1861; x_wconf 88' lang='lat' dir='ltr'>condemnandum</span> <span class='ocrx_word' id='word_1_520' title='bbox 3519 1791 3802 1858; x_wconf 89' lang='lat' dir='ltr'>Davidis</span> <span class='ocrx_word' id='word_1_521' title='bbox 3857 1793 4124 1872; x_wconf 84' lang='lat' dir='ltr'>factum,</span> <span class='ocrx_word' id='word_1_522' title='bbox 4182 1791 4357 1876; x_wconf 89' lang='lat' dir='ltr'>quod</span> <span class='ocrx_word' id='word_1_523' title='bbox 4418 1792 4576 1859; x_wconf 84' lang='lat' dir='ltr'>duas</span> <span class='ocrx_word' id='word_1_524' title='bbox 4624 1793 4766 1858; x_wconf 68' lang='lat' dir='ltr'>simd</span> 
     </span>
     <span class='ocr_line' id='line_1_75' title="bbox 2894 1876 4769 1962; baseline -0.001 -17"><span class='ocrx_word' id='word_1_525' title='bbox 2894 1900 3136 1947; x_wconf 85' lang='lat' dir='ltr'>uxores</span> <span class='ocrx_word' id='word_1_526' title='bbox 3180 1880 3510 1946; x_wconf 84' lang='lat' dir='ltr'>habuerit:</span> <span class='ocrx_word' id='word_1_527' title='bbox 3570 1877 3743 1962; x_wconf 91' lang='lat' dir='ltr'>quod</span> <span class='ocrx_word' id='word_1_528' title='bbox 3788 1898 3872 1943; x_wconf 91' lang='lat' dir='ltr'>ex</span> <span class='ocrx_word' id='word_1_529' title='bbox 3919 1876 4206 1944; x_wconf 89' lang='lat' dir='ltr'>hominis</span> <span class='ocrx_word' id='word_1_530' title='bbox 4254 1881 4474 1961; x_wconf 90' lang='lat' dir='ltr'>prima</span> <span class='ocrx_word' id='word_1_531' title='bbox 4511 1881 4769 1945; x_wconf 68' lang='lat' dir='ltr'>efflatione</span> 
     </span>
     <span class='ocr_line' id='line_1_76' title="bbox 2893 1963 4765 2050; baseline -0.002 -18"><span class='ocrx_word' id='word_1_532' title='bbox 2893 1968 3055 2033; x_wconf 90' lang='lat' dir='ltr'>satis</span> <span class='ocrx_word' id='word_1_533' title='bbox 3111 1976 3399 2050; x_wconf 86' lang='lat' dir='ltr'>apparet,</span> <span class='ocrx_word' id='word_1_534' title='bbox 3457 1966 3573 2031; x_wconf 81' lang='lat' dir='ltr'>ubi</span> <span class='ocrx_word' id='word_1_535' title='bbox 3622 1965 3945 2030; x_wconf 90' lang='lat' dir='ltr'>Dominus</span> <span class='ocrx_word' id='word_1_536' title='bbox 4003 1965 4126 2030; x_wconf 89' lang='lat' dir='ltr'>ait:</span> <span class='ocrx_word' id='word_1_537' title='bbox 4186 1963 4248 2029; x_wconf 93' lang='lat' dir='ltr'>N</span> <span class='ocrx_word' id='word_1_538' title='bbox 4252 1986 4336 2030; x_wconf 90' lang='lat' dir='ltr'>on</span> <span class='ocrx_word' id='word_1_539' title='bbox 4399 1987 4539 2031; x_wconf 87' lang='lat' dir='ltr'>esse</span> <span class='ocrx_word' id='word_1_540' title='bbox 4591 1966 4765 2032; x_wconf 85' lang='lat' dir='ltr'>bonum</span> 
     </span>
     <span class='ocr_line' id='line_1_77' title="bbox 2896 2050 4769 2135; baseline -0.001 -17"><span class='ocrx_word' id='word_1_541' title='bbox 2896 2054 3145 2118; x_wconf 90' lang='lat' dir='ltr'>homini</span> <span class='ocrx_word' id='word_1_542' title='bbox 3180 2074 3322 2119; x_wconf 89' lang='lat' dir='ltr'>esse</span> <span class='ocrx_word' id='word_1_543' title='bbox 3367 2052 3612 2117; x_wconf 89' lang='lat' dir='ltr'>solum:</span> <span class='ocrx_word' id='word_1_544' title='bbox 3655 2052 3876 2135; x_wconf 87' lang='lat' dir='ltr'>itaque</span> <span class='ocrx_word' id='word_1_545' title='bbox 3911 2051 4282 2117; x_wconf 84' lang='lat' dir='ltr'>faciendum</span> <span class='ocrx_word' id='word_1_546' title='bbox 4316 2051 4421 2116; x_wconf 88' lang='lat' dir='ltr'>illi</span> <span class='ocrx_word' id='word_1_547' title='bbox 4446 2050 4769 2116; x_wconf 86' lang='lat' dir='ltr'>adiutorium</span> 
     </span>
     <span class='ocr_line' id='line_1_78' title="bbox 2895 2137 4769 2222; baseline -0.001 -19"><span class='ocrx_word' id='word_1_548' title='bbox 2895 2138 3110 2203; x_wconf 88' lang='lat' dir='ltr'>simile</span> <span class='ocrx_word' id='word_1_549' title='bbox 3149 2139 3287 2222; x_wconf 89' lang='lat' dir='ltr'>ipsi.</span> <span class='ocrx_word' id='word_1_550' title='bbox 3333 2137 3692 2204; x_wconf 89' lang='lat' dir='ltr'>Decretum</span> <span class='ocrx_word' id='word_1_551' title='bbox 3732 2137 3936 2221; x_wconf 79' lang='lat' dir='ltr'>igitur</span> <span class='ocrx_word' id='word_1_552' title='bbox 3980 2158 4063 2203; x_wconf 87' lang='lat' dir='ltr'>ex</span> <span class='ocrx_word' id='word_1_553' title='bbox 4101 2137 4501 2202; x_wconf 82' lang='lat' dir='ltr'>immutabili</span> <span class='ocrx_word' id='word_1_554' title='bbox 4533 2158 4638 2202; x_wconf 87' lang='lat' dir='ltr'>suo</span> <span class='ocrx_word' id='word_1_555' title='bbox 4664 2156 4769 2201; x_wconf 87' lang='lat' dir='ltr'>con·</span> 
     </span>
     <span class='ocr_line' id='line_1_79' title="bbox 2896 2223 4772 2307; baseline -0.002 -18"><span class='ocrx_word' id='word_1_556' title='bbox 2896 2223 3043 2290; x_wconf 87' lang='lat' dir='ltr'>silio</span> <span class='ocrx_word' id='word_1_557' title='bbox 3087 2224 3381 2307; x_wconf 90' lang='lat' dir='ltr'>protulit,</span> <span class='ocrx_word' id='word_1_558' title='bbox 3418 2224 3751 2288; x_wconf 88' lang='lat' dir='ltr'>hominem</span> <span class='ocrx_word' id='word_1_559' title='bbox 3790 2233 4091 2306; x_wconf 87' lang='lat' dir='ltr'>oportere</span> <span class='ocrx_word' id='word_1_560' title='bbox 4135 2244 4273 2287; x_wconf 90' lang='lat' dir='ltr'>uua</span> <span class='ocrx_word' id='word_1_561' title='bbox 4314 2242 4526 2288; x_wconf 86' lang='lat' dir='ltr'>uxore</span> <span class='ocrx_word' id='word_1_562' title='bbox 4566 2235 4772 2289; x_wconf 75' lang='lat' dir='ltr'>conten·</span> 
     </span>
     <span class='ocr_line' id='line_1_80' title="bbox 2896 2308 4770 2392; baseline -0.003 -16"><span class='ocrx_word' id='word_1_563' title='bbox 2896 2320 3041 2376; x_wconf 90' lang='lat' dir='ltr'>tum</span> <span class='ocrx_word' id='word_1_564' title='bbox 3083 2331 3245 2376; x_wconf 89' lang='lat' dir='ltr'>esse.</span> <span class='ocrx_word' id='word_1_565' title='bbox 3311 2309 3546 2392; x_wconf 89' lang='lat' dir='ltr'>Neque</span> <span class='ocrx_word' id='word_1_566' title='bbox 3589 2310 3766 2374; x_wconf 91' lang='lat' dir='ltr'>enim</span> <span class='ocrx_word' id='word_1_567' title='bbox 3811 2308 3996 2388; x_wconf 84' lang='lat' dir='ltr'>dixit,</span> <span class='ocrx_word' id='word_1_568' title='bbox 4041 2308 4171 2373; x_wconf 89' lang='lat' dir='ltr'>duo</span> <span class='ocrx_word' id='word_1_569' title='bbox 4216 2308 4546 2374; x_wconf 88' lang='lat' dir='ltr'>adiutoria</span> <span class='ocrx_word' id='word_1_570' title='bbox 4583 2309 4770 2390; x_wconf 69' lang='lat' dir='ltr'>ipdfz·</span> 
     </span>
     <span class='ocr_line' id='line_1_81' title="bbox 2897 2394 4776 2477; baseline -0.003 -14"><span class='ocrx_word' id='word_1_571' title='bbox 2897 2398 3166 2473; x_wconf 90' lang='lat' dir='ltr'>ciamus,</span> <span class='ocrx_word' id='word_1_572' title='bbox 3213 2397 3346 2470; x_wconf 89' lang='lat' dir='ltr'>sed,</span> <span class='ocrx_word' id='word_1_573' title='bbox 3394 2395 3793 2460; x_wconf 87' lang='lat' dir='ltr'>adiutorium</span> <span class='ocrx_word' id='word_1_574' title='bbox 3817 2395 3944 2477; x_wconf 90' lang='lat' dir='ltr'>ipsi</span> <span class='ocrx_word' id='word_1_575' title='bbox 3967 2394 4202 2460; x_wconf 90' lang='lat' dir='ltr'>simile.</span> <span class='ocrx_word' id='word_1_576' title='bbox 4250 2394 4405 2460; x_wconf 88' lang='lat' dir='ltr'>Hoc</span> <span class='ocrx_word' id='word_1_577' title='bbox 4424 2394 4776 2461; x_wconf 79' lang='lat' dir='ltr'>satisidoueo</span> 
     </span>
     <span class='ocr_line' id='line_1_82' title="bbox 2897 2479 4776 2546; baseline -0.002 0"><span class='ocrx_word' id='word_1_578' title='bbox 2897 2482 3272 2546; x_wconf 88' lang='lat' dir='ltr'>testimonio</span> <span class='ocrx_word' id='word_1_579' title='bbox 3318 2480 3539 2546; x_wconf 86' lang='lat' dir='ltr'>David</span> <span class='ocrx_word' id='word_1_580' title='bbox 3601 2481 3724 2546; x_wconf 87' lang='lat' dir='ltr'>hoc</span> <span class='ocrx_word' id='word_1_581' title='bbox 3769 2480 3907 2545; x_wconf 88' lang='lat' dir='ltr'>loco</span> <span class='ocrx_word' id='word_1_582' title='bbox 3951 2479 4468 2546; x_wconf 87' lang='lat' dir='ltr'>condemnatur:</span> <span class='ocrx_word' id='word_1_583' title='bbox 4528 2490 4620 2545; x_wconf 90' lang='lat' dir='ltr'>est</span> <span class='ocrx_word' id='word_1_584' title='bbox 4651 2481 4776 2544; x_wconf 83' lang='lat' dir='ltr'>enim</span> 
     </span>
     <span class='ocr_line' id='line_1_83' title="bbox 2896 2563 4778 2648; baseline -0.002 -16"><span class='ocrx_word' id='word_1_585' title='bbox 2896 2568 3025 2632; x_wconf 92' lang='lat' dir='ltr'>Dei</span> <span class='ocrx_word' id='word_1_586' title='bbox 3082 2569 3415 2633; x_wconf 88' lang='lat' dir='ltr'>decretum</span> <span class='ocrx_word' id='word_1_587' title='bbox 3459 2565 3871 2631; x_wconf 88' lang='lat' dir='ltr'>immutabile</span> <span class='ocrx_word' id='word_1_588' title='bbox 3929 2579 3999 2631; x_wconf 92' lang='lat' dir='ltr'>et</span> <span class='ocrx_word' id='word_1_589' title='bbox 4054 2565 4508 2642; x_wconf 85' lang='lat' dir='ltr'>irrevocabile,</span> <span class='ocrx_word' id='word_1_590' title='bbox 4560 2576 4624 2630; x_wconf 88' lang='lat' dir='ltr'>et</span> <span class='ocrx_word' id='word_1_591' title='bbox 4656 2563 4778 2648; x_wconf 82' lang='lat' dir='ltr'>quod</span> 
     </span>
     <span class='ocr_line' id='line_1_84' title="bbox 2895 2651 4779 2737; baseline -0.003 -18"><span class='ocrx_word' id='word_1_592' title='bbox 2895 2655 3084 2719; x_wconf 89' lang='lat' dir='ltr'>initio</span> <span class='ocrx_word' id='word_1_593' title='bbox 3128 2653 3316 2719; x_wconf 92' lang='lat' dir='ltr'>Deus</span> <span class='ocrx_word' id='word_1_594' title='bbox 3360 2654 3716 2731; x_wconf 88' lang='lat' dir='ltr'>constituit,</span> <span class='ocrx_word' id='word_1_595' title='bbox 3763 2651 4138 2719; x_wconf 85' lang='lat' dir='ltr'>habendum</span> <span class='ocrx_word' id='word_1_596' title='bbox 4183 2662 4287 2718; x_wconf 90' lang='lat' dir='ltr'>est</span> <span class='ocrx_word' id='word_1_597' title='bbox 4331 2653 4506 2737; x_wconf 86' lang='lat' dir='ltr'>legis</span> <span class='ocrx_word' id='word_1_598' title='bbox 4549 2653 4779 2718; x_wconf 73' lang='grc'><strong>188818-</strong></span> 
     </span>
     <span class='ocr_line' id='line_1_85' title="bbox 2898 2737 4778 2821; baseline -0.001 -16"><span class='ocrx_word' id='word_1_599' title='bbox 2898 2740 3248 2805; x_wconf 88' lang='lat' dir='ltr'>mutabilis.</span> <span class='ocrx_word' id='word_1_600' title='bbox 3293 2738 3553 2806; x_wconf 91' lang='lat' dir='ltr'>Deinde</span> <span class='ocrx_word' id='word_1_601' title='bbox 3590 2752 3658 2803; x_wconf 86' lang='lat' dir='ltr'>et</span> <span class='ocrx_word' id='word_1_602' title='bbox 3692 2738 3819 2804; x_wconf 91' lang='lat' dir='ltr'>alio</span> <span class='ocrx_word' id='word_1_603' title='bbox 3854 2737 3998 2804; x_wconf 92' lang='lat' dir='ltr'>loco</span> <span class='ocrx_word' id='word_1_604' title='bbox 4018 2739 4349 2821; x_wconf 89' lang='lat' dir='ltr'>scriptura</span> <span class='ocrx_word' id='word_1_605' title='bbox 4385 2739 4581 2818; x_wconf 81' lang='lat' dir='ltr'>iubet,</span> <span class='ocrx_word' id='word_1_606' title='bbox 4618 2757 4778 2821; x_wconf 76' lang='lat' dir='ltr'>quem·</span> 
     </span>
     <span class='ocr_line' id='line_1_86' title="bbox 2898 2824 4781 2909; baseline -0.003 -18"><span class='ocrx_word' id='word_1_607' title='bbox 2898 2847 3023 2909; x_wconf 91' lang='lat' dir='ltr'>que</span> <span class='ocrx_word' id='word_1_608' title='bbox 3059 2828 3273 2891; x_wconf 89' lang='lat' dir='ltr'>virum</span> <span class='ocrx_word' id='word_1_609' title='bbox 3318 2847 3505 2890; x_wconf 87' lang='lat' dir='ltr'>suam</span> <span class='ocrx_word' id='word_1_610' title='bbox 3552 2824 3793 2892; x_wconf 90' lang='lat' dir='ltr'>habere</span> <span class='ocrx_word' id='word_1_611' title='bbox 3836 2846 4129 2906; x_wconf 87' lang='lat' dir='ltr'>uxorem,</span> <span class='ocrx_word' id='word_1_612' title='bbox 4174 2834 4239 2891; x_wconf 86' lang='lat' dir='ltr'>et</span> <span class='ocrx_word' id='word_1_613' title='bbox 4263 2835 4504 2890; x_wconf 85' lang='lat' dir='ltr'>contra</span> <span class='ocrx_word' id='word_1_614' title='bbox 4524 2842 4781 2908; x_wconf 69' lang='lat' dir='ltr'>quamque</span> 
     </span>
     <span class='ocr_line' id='line_1_87' title="bbox 2900 2908 4782 2993; baseline -0.003 -16"><span class='ocrx_word' id='word_1_615' title='bbox 2900 2912 3241 2977; x_wconf 89' lang='lat' dir='ltr'>mulierem</span> <span class='ocrx_word' id='word_1_616' title='bbox 3286 2931 3478 2977; x_wconf 90' lang='lat' dir='ltr'>suum</span> <span class='ocrx_word' id='word_1_617' title='bbox 3519 2910 3758 2977; x_wconf 89' lang='lat' dir='ltr'>habere</span> <span class='ocrx_word' id='word_1_618' title='bbox 3794 2913 4126 2976; x_wconf 88' lang='lat' dir='ltr'>maritum.</span> <span class='ocrx_word' id='word_1_619' title='bbox 4195 2910 4432 2991; x_wconf 80' lang='lat' dir='ltr'>Quare</span> <span class='ocrx_word' id='word_1_620' title='bbox 4468 2911 4522 2975; x_wconf 92' lang='lat' dir='ltr'>si</span> <span class='ocrx_word' id='word_1_621' title='bbox 4557 2911 4685 2993; x_wconf 87' lang='lat' dir='ltr'>quis</span> <span class='ocrx_word' id='word_1_622' title='bbox 4716 2908 4782 2972; x_wconf 81' lang='lat' dir='ltr'>vir</span> 
     </span>
     <span class='ocr_line' id='line_1_88' title="bbox 2897 2993 4785 3082; baseline -0.001 -20"><span class='ocrx_word' id='word_1_623' title='bbox 2897 2999 3122 3082; x_wconf 86' lang='lat' dir='ltr'>plures</span> <span class='ocrx_word' id='word_1_624' title='bbox 3154 3019 3393 3064; x_wconf 89' lang='lat' dir='ltr'>uxores</span> <span class='ocrx_word' id='word_1_625' title='bbox 3439 2997 3679 3063; x_wconf 88' lang='lat' dir='ltr'>habere</span> <span class='ocrx_word' id='word_1_626' title='bbox 3721 2998 3885 3076; x_wconf 84' lang='lat' dir='ltr'>vult,</span> <span class='ocrx_word' id='word_1_627' title='bbox 3929 2998 4121 3062; x_wconf 88' lang='lat' dir='ltr'>uxori</span> <span class='ocrx_word' id='word_1_628' title='bbox 4156 2997 4314 3063; x_wconf 84' lang='lat' dir='ltr'>facit</span> <span class='ocrx_word' id='word_1_629' title='bbox 4358 2997 4659 3062; x_wconf 87' lang='lat' dir='ltr'>iniuriam</span> <span class='ocrx_word' id='word_1_630' title='bbox 4677 2993 4785 3061; x_wconf 64' lang='lat' dir='ltr'>De·</span> 
     </span>
     <span class='ocr_line' id='line_1_89' title="bbox 2902 3083 4786 3168; baseline -0.002 -20"><span class='ocrx_word' id='word_1_631' title='bbox 2902 3103 3029 3168; x_wconf 87' lang='lat' dir='ltr'>que</span> <span class='ocrx_word' id='word_1_632' title='bbox 3074 3085 3285 3168; x_wconf 85' lang='lat' dir='ltr'>legem</span> <span class='ocrx_word' id='word_1_633' title='bbox 3330 3084 3559 3149; x_wconf 88' lang='lat' dir='ltr'>violat.</span> <span class='ocrx_word' id='word_1_634' title='bbox 3604 3083 3857 3148; x_wconf 79' lang='lat' dir='ltr'>Eadem</span> <span class='ocrx_word' id='word_1_635' title='bbox 3879 3084 4056 3148; x_wconf 90' lang='lat' dir='ltr'>enim</span> <span class='ocrx_word' id='word_1_636' title='bbox 4093 3084 4369 3166; x_wconf 84' lang='lat' dir='ltr'>utrique</span> <span class='ocrx_word' id='word_1_637' title='bbox 4390 3083 4620 3168; x_wconf 81' lang='lat' dir='ltr'>regula</span> <span class='ocrx_word' id='word_1_638' title='bbox 4652 3100 4786 3164; x_wconf 76' lang='lat' dir='ltr'>pne·</span> 
     </span>
     <span class='ocr_line' id='line_1_90' title="bbox 2901 3168 4788 3248; baseline -0.003 -11"><span class='ocrx_word' id='word_1_639' title='bbox 2901 3171 3226 3248; x_wconf 89' lang='lat' dir='ltr'>scribitur,</span> <span class='ocrx_word' id='word_1_640' title='bbox 3287 3179 3363 3234; x_wconf 91' lang='lat' dir='ltr'>ut</span> <span class='ocrx_word' id='word_1_641' title='bbox 3405 3170 3645 3235; x_wconf 90' lang='lat' dir='ltr'>mulier</span> <span class='ocrx_word' id='word_1_642' title='bbox 3687 3170 3998 3235; x_wconf 87' lang='lat' dir='ltr'>maritum</span> <span class='ocrx_word' id='word_1_643' title='bbox 4042 3189 4237 3235; x_wconf 89' lang='lat' dir='ltr'>suum</span> <span class='ocrx_word' id='word_1_644' title='bbox 4280 3168 4550 3245; x_wconf 86' lang='lat' dir='ltr'>habeat,</span> <span class='ocrx_word' id='word_1_645' title='bbox 4603 3181 4661 3233; x_wconf 84' lang='lat' dir='ltr'>et</span> <span class='ocrx_word' id='word_1_646' title='bbox 4692 3186 4788 3231; x_wconf 69' lang='lat' dir='ltr'>ma·</span> 
     </span>
     <span class='ocr_line' id='line_1_91' title="bbox 2902 3251 4789 3338; baseline -0.003 -18"><span class='ocrx_word' id='word_1_647' title='bbox 2902 3256 3069 3322; x_wconf 88' lang='lat' dir='ltr'>ritus</span> <span class='ocrx_word' id='word_1_648' title='bbox 3113 3277 3300 3321; x_wconf 87' lang='lat' dir='ltr'>suam</span> <span class='ocrx_word' id='word_1_649' title='bbox 3343 3276 3639 3321; x_wconf 88' lang='lat' dir='ltr'>uxorem.</span> <span class='ocrx_word' id='word_1_650' title='bbox 3717 3255 4135 3338; x_wconf 80' lang='lat' dir='ltr'>Quapropter</span> <span class='ocrx_word' id='word_1_651' title='bbox 4177 3256 4234 3321; x_wconf 93' lang='lat' dir='ltr'>si</span> <span class='ocrx_word' id='word_1_652' title='bbox 4280 3257 4439 3338; x_wconf 88' lang='lat' dir='ltr'>quis</span> <span class='ocrx_word' id='word_1_653' title='bbox 4496 3255 4671 3320; x_wconf 84' lang='lat' dir='ltr'>hodie</span> <span class='ocrx_word' id='word_1_654' title='bbox 4703 3251 4789 3317; x_wconf 81' lang='lat' dir='ltr'>sihi</span> 
     </span>
     <span class='ocr_line' id='line_1_92' title="bbox 2903 3337 4789 3425; baseline -0.004 -18"><span class='ocrx_word' id='word_1_655' title='bbox 2903 3343 3239 3408; x_wconf 85' lang='lat' dir='ltr'>licentiam</span> <span class='ocrx_word' id='word_1_656' title='bbox 3295 3351 3595 3407; x_wconf 90' lang='lat' dir='ltr'>assumat</span> <span class='ocrx_word' id='word_1_657' title='bbox 3647 3342 3869 3425; x_wconf 89' lang='lat' dir='ltr'>plures</span> <span class='ocrx_word' id='word_1_658' title='bbox 3920 3340 4205 3407; x_wconf 89' lang='lat' dir='ltr'>habendi</span> <span class='ocrx_word' id='word_1_659' title='bbox 4261 3361 4542 3419; x_wconf 80' lang='lat' dir='ltr'>uxores,</span> <span class='ocrx_word' id='word_1_660' title='bbox 4594 3360 4713 3405; x_wconf 81' lang='lat' dir='ltr'>sess</span> <span class='ocrx_word' id='word_1_661' title='bbox 4742 3337 4789 3400; x_wconf 84' lang='lat' dir='ltr'>in</span> 
     </span>
     <span class='ocr_line' id='line_1_93' title="bbox 2905 3423 4788 3512; baseline -0.003 -19"><span class='ocrx_word' id='word_1_662' title='bbox 2905 3438 3123 3512; x_wconf 90' lang='lat' dir='ltr'>partes</span> <span class='ocrx_word' id='word_1_663' title='bbox 3160 3427 3484 3511; x_wconf 88' lang='lat' dir='ltr'>discerpat</span> <span class='ocrx_word' id='word_1_664' title='bbox 3518 3439 3793 3511; x_wconf 86' lang='lat' dir='ltr'>oportet.</span> <span class='ocrx_word' id='word_1_665' title='bbox 3858 3428 4040 3511; x_wconf 84' lang='lat' dir='ltr'>Ergo</span> <span class='ocrx_word' id='word_1_666' title='bbox 4066 3426 4282 3493; x_wconf 87' lang='lat' dir='ltr'>David</span> <span class='ocrx_word' id='word_1_667' title='bbox 4320 3429 4567 3492; x_wconf 90' lang='lat' dir='ltr'>merito</span> <span class='ocrx_word' id='word_1_668' title='bbox 4600 3423 4788 3490; x_wconf 72' lang='lat' dir='ltr'>duabu</span> 
     </span>
     <span class='ocr_line' id='line_1_94' title="bbox 2904 3512 4789 3598; baseline -0.002 -19"><span class='ocrx_word' id='word_1_669' title='bbox 2904 3515 3257 3598; x_wconf 85' lang='lat' dir='ltr'>assumptis</span> <span class='ocrx_word' id='word_1_670' title='bbox 3314 3512 3626 3578; x_wconf 79' lang='lat' dir='ltr'>uxoribus</span> <span class='ocrx_word' id='word_1_671' title='bbox 3669 3513 4039 3579; x_wconf 85' lang='lat' dir='ltr'>damnatur.</span> <span class='ocrx_word' id='word_1_672' title='bbox 4128 3514 4220 3578; x_wconf 81' lang='lat' dir='ltr'>Et</span> <span class='ocrx_word' id='word_1_673' title='bbox 4272 3514 4569 3596; x_wconf 83' lang='lat' dir='ltr'>quidem,</span> <span class='ocrx_word' id='word_1_674' title='bbox 4618 3513 4789 3584; x_wconf 69' lang='lat' dir='ltr'>atem,</span> 
     </span>
     <span class='ocr_line' id='line_1_95' title="bbox 2906 3598 4791 3683; baseline -0.004 -19"><span class='ocrx_word' id='word_1_675' title='bbox 2906 3600 3080 3665; x_wconf 90' lang='lat' dir='ltr'>idem</span> <span class='ocrx_word' id='word_1_676' title='bbox 3136 3598 3517 3665; x_wconf 85' lang='lat' dir='ltr'>Abrahamo</span> <span class='ocrx_word' id='word_1_677' title='bbox 3572 3609 3643 3663; x_wconf 88' lang='lat' dir='ltr'>et</span> <span class='ocrx_word' id='word_1_678' title='bbox 3694 3600 3923 3665; x_wconf 88' lang='lat' dir='ltr'>Isaaco</span> <span class='ocrx_word' id='word_1_679' title='bbox 3979 3600 4286 3683; x_wconf 80' lang='lat' dir='ltr'>contigit:</span> <span class='ocrx_word' id='word_1_680' title='bbox 4352 3600 4509 3678; x_wconf 86' lang='lat' dir='ltr'>sed,</span> <span class='ocrx_word' id='word_1_681' title='bbox 4571 3610 4643 3663; x_wconf 85' lang='lat' dir='ltr'>ut</span> <span class='ocrx_word' id='word_1_682' title='bbox 4687 3609 4791 3661; x_wconf 69' lang='lat' dir='ltr'>ante</span> 
     </span>
     <span class='ocr_line' id='line_1_96' title="bbox 2905 3680 4789 3768; baseline -0.004 -17"><span class='ocrx_word' id='word_1_683' title='bbox 2905 3686 3060 3762; x_wconf 87' lang='lat' dir='ltr'>dixi,</span> <span class='ocrx_word' id='word_1_684' title='bbox 3106 3696 3405 3752; x_wconf 82' lang='lat' dir='ltr'>veterum</span> <span class='ocrx_word' id='word_1_685' title='bbox 3449 3685 3744 3751; x_wconf 89' lang='lat' dir='ltr'>fidelium</span> <span class='ocrx_word' id='word_1_686' title='bbox 3790 3685 4091 3768; x_wconf 86' lang='lat' dir='ltr'>exempla</span> <span class='ocrx_word' id='word_1_687' title='bbox 4124 3706 4257 3750; x_wconf 88' lang='lat' dir='ltr'>non</span> <span class='ocrx_word' id='word_1_688' title='bbox 4298 3696 4556 3752; x_wconf 84' lang='lat' dir='ltr'>temere</span> <span class='ocrx_word' id='word_1_689' title='bbox 4594 3680 4789 3750; x_wconf 85' lang='lat' dir='ltr'>suntin</span> 
     </span>
     <span class='ocr_line' id='line_1_97' title="bbox 2904 3765 4790 3857; baseline -0.002 -20"><span class='ocrx_word' id='word_1_690' title='bbox 2904 3772 3117 3856; x_wconf 81' lang='lat' dir='ltr'>legem</span> <span class='ocrx_word' id='word_1_691' title='bbox 3163 3770 3519 3837; x_wconf 82' lang='lat' dir='ltr'>trahenda:</span> <span class='ocrx_word' id='word_1_692' title='bbox 3579 3770 3694 3837; x_wconf 89' lang='lat' dir='ltr'>sed</span> <span class='ocrx_word' id='word_1_693' title='bbox 3740 3772 3953 3854; x_wconf 88' lang='lat' dir='ltr'>potius</span> <span class='ocrx_word' id='word_1_694' title='bbox 3994 3770 4075 3836; x_wconf 90' lang='lat' dir='ltr'>ad</span> <span class='ocrx_word' id='word_1_695' title='bbox 4120 3771 4252 3835; x_wconf 93' lang='lat' dir='ltr'>Dei</span> <span class='ocrx_word' id='word_1_696' title='bbox 4297 3772 4525 3857; x_wconf 86' lang='lat' dir='ltr'>legem</span> <span class='ocrx_word' id='word_1_697' title='bbox 4567 3781 4630 3835; x_wconf 91' lang='lat' dir='ltr'>et</span> <span class='ocrx_word' id='word_1_698' title='bbox 4663 3765 4790 3832; x_wconf 78' lang='lat' dir='ltr'>insti-</span> 
     </span>
     <span class='ocr_line' id='line_1_98' title="bbox 2905 3852 4787 3940; baseline -0.003 -18"><span class='ocrx_word' id='word_1_699' title='bbox 2905 3859 3228 3924; x_wconf 89' lang='lat' dir='ltr'>tutionem</span> <span class='ocrx_word' id='word_1_700' title='bbox 3288 3857 3781 3938; x_wconf 86' lang='lat' dir='ltr'>recurrendum,</span> <span class='ocrx_word' id='word_1_701' title='bbox 3837 3865 3904 3922; x_wconf 90' lang='lat' dir='ltr'>et</span> <span class='ocrx_word' id='word_1_702' title='bbox 3960 3857 4081 3923; x_wconf 88' lang='lat' dir='ltr'>soli</span> <span class='ocrx_word' id='word_1_703' title='bbox 4138 3858 4239 3921; x_wconf 82' lang='lat' dir='ltr'>illi</span> <span class='ocrx_word' id='word_1_704' title='bbox 4301 3852 4787 3940; x_wconf 66' lang='lat' dir='ltr'>acquiescendum</span> 
     </span>
     <span class='ocr_line' id='line_1_99' title="bbox 2905 3943 4794 4036; baseline -0.002 -26"><span class='ocrx_word' id='word_1_705' title='bbox 2905 3946 3048 4011; x_wconf 90' lang='lat' dir='ltr'>sine</span> <span class='ocrx_word' id='word_1_706' title='bbox 3093 3944 3638 4010; x_wconf 85' lang='lat' dir='ltr'>contradictione:</span> <span class='ocrx_word' id='word_1_707' title='bbox 3680 3963 3758 4008; x_wconf 88' lang='lat' dir='ltr'>ac</span> <span class='ocrx_word' id='word_1_708' title='bbox 3800 3943 4075 4026; x_wconf 88' lang='lat' dir='ltr'>proinde</span> <span class='ocrx_word' id='word_1_709' title='bbox 4113 3944 4174 4009; x_wconf 87' lang='lat' dir='ltr'>si</span> <span class='ocrx_word' id='word_1_710' title='bbox 4219 3964 4358 4027; x_wconf 89' lang='lat' dir='ltr'>qua</span> <span class='ocrx_word' id='word_1_711' title='bbox 4404 3953 4564 4009; x_wconf 88' lang='lat' dir='ltr'>sunt</span> <span class='ocrx_word' id='word_1_712' title='bbox 4602 3953 4794 4036; x_wconf 60' lang='lat' dir='ltr'>sancto·</span> 
     </span>
     <span class='ocr_line' id='line_1_100' title="bbox 2905 4029 4787 4113; baseline 0.001 -18"><span class='ocrx_word' id='word_1_713' title='bbox 2905 4052 3056 4095; x_wconf 89' lang='lat' dir='ltr'>rum</span> <span class='ocrx_word' id='word_1_714' title='bbox 3116 4031 3406 4095; x_wconf 89' lang='lat' dir='ltr'>virorum</span> <span class='ocrx_word' id='word_1_715' title='bbox 3476 4029 3647 4094; x_wconf 84' lang='lat' dir='ltr'>facta</span> <span class='ocrx_word' id='word_1_716' title='bbox 3713 4050 3864 4095; x_wconf 89' lang='lat' dir='ltr'>cum</span> <span class='ocrx_word' id='word_1_717' title='bbox 3923 4031 4121 4095; x_wconf 91' lang='lat' dir='ltr'>verbo</span> <span class='ocrx_word' id='word_1_718' title='bbox 4197 4031 4327 4095; x_wconf 90' lang='lat' dir='ltr'>Dei</span> <span class='ocrx_word' id='word_1_719' title='bbox 4410 4033 4787 4113; x_wconf 64' lang='lat' dir='ltr'>congruo-1³⁸,</span> 
     </span>
     <span class='ocr_line' id='line_1_101' title="bbox 2906 4112 4789 4199; baseline -0.004 -18"><span class='ocrx_word' id='word_1_720' title='bbox 2906 4125 3222 4199; x_wconf 86' lang='lat' dir='ltr'>tanquam</span> <span class='ocrx_word' id='word_1_721' title='bbox 3290 4116 3458 4181; x_wconf 86' lang='lat' dir='ltr'>bona</span> <span class='ocrx_word' id='word_1_722' title='bbox 3507 4124 3663 4180; x_wconf 85' lang='lat' dir='ltr'>suut</span> <span class='ocrx_word' id='word_1_723' title='bbox 3712 4113 4152 4195; x_wconf 83' lang='lat' dir='ltr'>admittenda,</span> <span class='ocrx_word' id='word_1_724' title='bbox 4224 4124 4297 4179; x_wconf 88' lang='lat' dir='ltr'>et</span> <span class='ocrx_word' id='word_1_725' title='bbox 4358 4117 4437 4180; x_wconf 88' lang='lat' dir='ltr'>in</span> <span class='ocrx_word' id='word_1_726' title='bbox 4488 4112 4789 4196; x_wconf 76' lang='lat' dir='ltr'>exemplum</span> 
     </span>
     <span class='ocr_line' id='line_1_102' title="bbox 2907 4195 4785 4286; baseline -0.002 -20"><span class='ocrx_word' id='word_1_727' title='bbox 2907 4200 3356 4286; x_wconf 89' lang='lat' dir='ltr'>proponenda:</span> <span class='ocrx_word' id='word_1_728' title='bbox 3400 4203 3502 4267; x_wconf 88' lang='lat' dir='ltr'>sin</span> <span class='ocrx_word' id='word_1_729' title='bbox 3546 4202 3788 4278; x_wconf 87' lang='lat' dir='ltr'>minus,</span> <span class='ocrx_word' id='word_1_730' title='bbox 3831 4200 4333 4266; x_wconf 88' lang='lat' dir='ltr'>condemnanda</span> <span class='ocrx_word' id='word_1_731' title='bbox 4370 4213 4443 4267; x_wconf 89' lang='lat' dir='ltr'>et</span> <span class='ocrx_word' id='word_1_732' title='bbox 4486 4195 4785 4266; x_wconf 63' lang='lat' dir='ltr'>reiicimdt</span> 
     </span>
     <span class='ocr_line' id='line_1_103' title="bbox 2907 4285 4789 4378; baseline 0 -25"><span class='ocrx_word' id='word_1_733' title='bbox 2907 4287 3336 4368; x_wconf 77' lang='lat' dir='ltr'>Quum-vero</span> <span class='ocrx_word' id='word_1_734' title='bbox 3380 4295 3517 4351; x_wconf 87' lang='lat' dir='ltr'>tam</span> <span class='ocrx_word' id='word_1_735' title='bbox 3563 4285 3889 4352; x_wconf 84' lang='lat' dir='ltr'>Davidem</span> <span class='ocrx_word' id='word_1_736' title='bbox 3934 4308 4132 4371; x_wconf 91' lang='lat' dir='ltr'>quam</span> <span class='ocrx_word' id='word_1_737' title='bbox 4176 4287 4345 4353; x_wconf 86' lang='lat' dir='ltr'>alios</span> <span class='ocrx_word' id='word_1_738' title='bbox 4395 4290 4467 4353; x_wconf 90' lang='lat' dir='ltr'>in</span> <span class='ocrx_word' id='word_1_739' title='bbox 4514 4287 4628 4353; x_wconf 83' lang='lat' dir='ltr'>hac</span> <span class='ocrx_word' id='word_1_740' title='bbox 4656 4289 4789 4378; x_wconf 61' lang='lat' dir='ltr'>paru}</span> 
     </span>
     <span class='ocr_line' id='line_1_104' title="bbox 2906 4367 4787 4457; baseline -0.001 -20"><span class='ocrx_word' id='word_1_741' title='bbox 2906 4374 3123 4457; x_wconf 86' lang='lat' dir='ltr'>lapsos</span> <span class='ocrx_word' id='word_1_742' title='bbox 3168 4372 3529 4453; x_wconf 86' lang='lat' dir='ltr'>videamus,</span> <span class='ocrx_word' id='word_1_743' title='bbox 3588 4392 3667 4438; x_wconf 88' lang='lat' dir='ltr'>eo</span> <span class='ocrx_word' id='word_1_744' title='bbox 3727 4373 3971 4438; x_wconf 89' lang='lat' dir='ltr'>maiore</span> <span class='ocrx_word' id='word_1_745' title='bbox 4014 4392 4176 4438; x_wconf 88' lang='lat' dir='ltr'>cura</span> <span class='ocrx_word' id='word_1_746' title='bbox 4219 4384 4289 4438; x_wconf 86' lang='lat' dir='ltr'>et</span> <span class='ocrx_word' id='word_1_747' title='bbox 4349 4373 4576 4439; x_wconf 88' lang='lat' dir='ltr'>studio</span> <span class='ocrx_word' id='word_1_748' title='bbox 4610 4373 4666 4435; x_wconf 89' lang='lat' dir='ltr'>in</span> <span class='ocrx_word' id='word_1_749' title='bbox 4696 4367 4787 4430; x_wconf 67' lang='lat' dir='ltr'>De!</span> 
     </span>
     <span class='ocr_line' id='line_1_105' title="bbox 2906 4453 4785 4544; baseline -0.002 -20"><span class='ocrx_word' id='word_1_750' title='bbox 2906 4462 3143 4525; x_wconf 90' lang='lat' dir='ltr'>timore</span> <span class='ocrx_word' id='word_1_751' title='bbox 3186 4460 3373 4526; x_wconf 87' lang='lat' dir='ltr'>nobis</span> <span class='ocrx_word' id='word_1_752' title='bbox 3416 4457 3883 4525; x_wconf 81' lang='lat' dir='ltr'>ambulandum</span> <span class='ocrx_word' id='word_1_753' title='bbox 3928 4460 4231 4536; x_wconf 89' lang='lat' dir='ltr'>sciamus,</span> <span class='ocrx_word' id='word_1_754' title='bbox 4289 4480 4519 4544; x_wconf 83' lang='lat' dir='ltr'>neque</span> <span class='ocrx_word' id='word_1_755' title='bbox 4578 4453 4785 4524; x_wconf 70' lang='lat' dir='ltr'>dandam</span> 
     </span>
     <span class='ocr_line' id='line_1_106' title="bbox 2907 4543 4783 4613; baseline -0.001 -2"><span class='ocrx_word' id='word_1_756' title='bbox 2907 4543 3239 4613; x_wconf 85' lang='lat' dir='ltr'>licentiam</span> <span class='ocrx_word' id='word_1_757' title='bbox 3298 4546 3541 4610; x_wconf 88' lang='lat' dir='ltr'>nostris</span> <span class='ocrx_word' id='word_1_758' title='bbox 3594 4544 3935 4610; x_wconf 82' lang='lat' dir='ltr'>affectibus</span> <span class='ocrx_word' id='word_1_759' title='bbox 4004 4553 4229 4610; x_wconf 84' lang='lat' dir='ltr'>tantae</span> <span class='ocrx_word' id='word_1_760' title='bbox 4286 4545 4682 4612; x_wconf 80' lang='lat' dir='ltr'>confusionis</span> <span class='ocrx_word' id='word_1_761' title='bbox 4714 4558 4783 4602; x_wconf 68' lang='grc' dir='ltr'>ω·</span> 
     </span>
     <span class='ocr_line' id='line_1_107' title="bbox 2908 4625 4785 4718; baseline -0.004 -22"><span class='ocrx_word' id='word_1_762' title='bbox 2908 4631 3200 4715; x_wconf 89' lang='lat' dir='ltr'>quendae</span> <span class='ocrx_word' id='word_1_763' title='bbox 3218 4681 3234 4712; x_wconf 91' lang='lat'>,</span> <span class='ocrx_word' id='word_1_764' title='bbox 3300 4652 3382 4698; x_wconf 91' lang='lat' dir='ltr'>ne</span> <span class='ocrx_word' id='word_1_765' title='bbox 3437 4632 3508 4696; x_wconf 89' lang='lat' dir='ltr'>in</span> <span class='ocrx_word' id='word_1_766' title='bbox 3567 4631 3967 4697; x_wconf 82' lang='lat' dir='ltr'>immensum</span> <span class='ocrx_word' id='word_1_767' title='bbox 4011 4631 4347 4696; x_wconf 88' lang='lat' dir='ltr'>malorum</span> <span class='ocrx_word' id='word_1_768' title='bbox 4410 4625 4785 4718; x_wconf 76' lang='lat' dir='ltr'>labyrinthum</span> 
     </span>
     <span class='ocr_line' id='line_1_108' title="bbox 2908 4715 4785 4801; baseline -0.001 -18"><span class='ocrx_word' id='word_1_769' title='bbox 2908 4718 3351 4784; x_wconf 83' lang='lat' dir='ltr'>deveniamus.</span> <span class='ocrx_word' id='word_1_770' title='bbox 3438 4716 3649 4783; x_wconf 78' lang='lat' dir='ltr'>Cuius</span> <span class='ocrx_word' id='word_1_771' title='bbox 3704 4717 3800 4782; x_wconf 91' lang='lat' dir='ltr'>rei</span> <span class='ocrx_word' id='word_1_772' title='bbox 3846 4715 4186 4799; x_wconf 87' lang='lat' dir='ltr'>exemplar</span> <span class='ocrx_word' id='word_1_773' title='bbox 4236 4717 4393 4801; x_wconf 86' lang='lat' dir='ltr'>ipse</span> <span class='ocrx_word' id='word_1_774' title='bbox 4438 4716 4645 4783; x_wconf 85' lang='lat' dir='ltr'>David</span> <span class='ocrx_word' id='word_1_775' title='bbox 4679 4721 4785 4782; x_wconf 59' lang='grc' dir='ltr'>θεῶ,</span> 
     </span>
     <span class='ocr_line' id='line_1_109' title="bbox 2907 4798 4784 4888; baseline -0.004 -19"><span class='ocrx_word' id='word_1_776' title='bbox 2907 4805 3018 4888; x_wconf 91' lang='lat' dir='ltr'>qui</span> <span class='ocrx_word' id='word_1_777' title='bbox 3062 4801 3145 4868; x_wconf 90' lang='lat' dir='ltr'>ab</span> <span class='ocrx_word' id='word_1_778' title='bbox 3189 4804 3311 4870; x_wconf 92' lang='lat' dir='ltr'>hoc</span> <span class='ocrx_word' id='word_1_779' title='bbox 3355 4801 3546 4886; x_wconf 89' lang='lat' dir='ltr'>lapsu</span> <span class='ocrx_word' id='word_1_780' title='bbox 3587 4804 3659 4868; x_wconf 92' lang='lat' dir='ltr'>in</span> <span class='ocrx_word' id='word_1_781' title='bbox 3706 4801 3928 4885; x_wconf 88' lang='lat' dir='ltr'>plures</span> <span class='ocrx_word' id='word_1_782' title='bbox 3973 4803 4225 4883; x_wconf 86' lang='lat' dir='ltr'>incidit,</span> <span class='ocrx_word' id='word_1_783' title='bbox 4268 4803 4516 4869; x_wconf 84' lang='lat' dir='ltr'>multis</span> <span class='ocrx_word' id='word_1_784' title='bbox 4546 4798 4784 4868; x_wconf 73' lang='lat' dir='ltr'>uxoribus</span> 
     </span>
     <span class='ocr_line' id='line_1_110' title="bbox 2906 4883 4785 4974; baseline -0.002 -20"><span class='ocrx_word' id='word_1_785' title='bbox 2906 4889 3211 4965; x_wconf 86' lang='lat' dir='ltr'>inductis,</span> <span class='ocrx_word' id='word_1_786' title='bbox 3272 4890 3443 4973; x_wconf 90' lang='lat' dir='ltr'>quod</span> <span class='ocrx_word' id='word_1_787' title='bbox 3484 4890 3559 4954; x_wconf 87' lang='lat' dir='ltr'>in</span> <span class='ocrx_word' id='word_1_788' title='bbox 3618 4889 3930 4954; x_wconf 88' lang='lat' dir='ltr'>historiae</span> <span class='ocrx_word' id='word_1_789' title='bbox 3973 4891 4144 4954; x_wconf 88' lang='lat' dir='ltr'>serie</span> <span class='ocrx_word' id='word_1_790' title='bbox 4196 4890 4519 4974; x_wconf 84' lang='lat' dir='ltr'>deinceps</span> <span class='ocrx_word' id='word_1_791' title='bbox 4558 4883 4785 4973; x_wconf 70' lang='lat' dir='ltr'>pluribus</span> 
     </span>
     <span class='ocr_line' id='line_1_111' title="bbox 2909 4966 4784 5059; baseline -0.004 -18"><span class='ocrx_word' id='word_1_792' title='bbox 2909 4996 3395 5059; x_wconf 83' lang='lat' dir='ltr'>persequemur.</span> <span class='ocrx_word' id='word_1_793' title='bbox 3482 4974 3929 5056; x_wconf 86' lang='lat' dir='ltr'>Quamobrem</span> <span class='ocrx_word' id='word_1_794' title='bbox 4008 4995 4140 5040; x_wconf 80' lang='lat' dir='ltr'>nou</span> <span class='ocrx_word' id='word_1_795' title='bbox 4218 4983 4482 5042; x_wconf 88' lang='lat' dir='ltr'>temere</span> <span class='ocrx_word' id='word_1_796' title='bbox 4542 4966 4784 5040; x_wconf 70' lang='lat' dir='ltr'>imitanda</span> 
     </span>
     <span class='ocr_line' id='line_1_112' title="bbox 2908 5057 4783 5144; baseline -0.002 -18"><span class='ocrx_word' id='word_1_797' title='bbox 2908 5061 3276 5128; x_wconf 86' lang='lat' dir='ltr'>istiusmodi</span> <span class='ocrx_word' id='word_1_798' title='bbox 3321 5081 3661 5128; x_wconf 72' lang='lat' dir='ltr'>servorum</span> <span class='ocrx_word' id='word_1_799' title='bbox 3685 5061 3810 5127; x_wconf 90' lang='lat' dir='ltr'>Dei</span> <span class='ocrx_word' id='word_1_800' title='bbox 3846 5061 4167 5144; x_wconf 87' lang='lat' dir='ltr'>exempla,</span> <span class='ocrx_word' id='word_1_801' title='bbox 4211 5061 4333 5127; x_wconf 87' lang='lat' dir='ltr'>sed</span> <span class='ocrx_word' id='word_1_802' title='bbox 4358 5063 4602 5130; x_wconf 87' lang='lat' dir='ltr'>malum</span> <span class='ocrx_word' id='word_1_803' title='bbox 4620 5057 4783 5124; x_wconf 70' lang='lat' dir='ltr'>abono</span> 
     </span>
     <span class='ocr_line' id='line_1_113' title="bbox 2908 5142 4781 5231; baseline -0.004 -19"><span class='ocrx_word' id='word_1_804' title='bbox 2908 5146 3449 5214; x_wconf 84' lang='lat' dir='ltr'>discernendum:</span> <span class='ocrx_word' id='word_1_805' title='bbox 3515 5147 3786 5231; x_wconf 88' lang='lat' dir='ltr'>ideoque</span> <span class='ocrx_word' id='word_1_806' title='bbox 3828 5168 3948 5213; x_wconf 88' lang='lat' dir='ltr'>nos</span> <span class='ocrx_word' id='word_1_807' title='bbox 3998 5147 4153 5212; x_wconf 93' lang='lat' dir='ltr'>alibi</span> <span class='ocrx_word' id='word_1_808' title='bbox 4200 5148 4287 5213; x_wconf 89' lang='lat' dir='ltr'>D.</span> <span class='ocrx_word' id='word_1_809' title='bbox 4334 5149 4592 5214; x_wconf 88' lang='lat' dir='ltr'>Paulus</span> <span class='ocrx_word' id='word_1_810' title='bbox 4624 5142 4781 5208; x_wconf 72' lang='lat' dir='ltr'>adno-</span> 
     </span>
     <span class='ocr_line' id='line_1_114' title="bbox 2910 5229 4781 5319; baseline -0.001 -20"><span class='ocrx_word' id='word_1_811' title='bbox 2910 5241 3042 5314; x_wconf 88' lang='lat' dir='ltr'>net,</span> <span class='ocrx_word' id='word_1_812' title='bbox 3103 5247 3180 5298; x_wconf 89' lang='lat' dir='ltr'>ut</span> <span class='ocrx_word' id='word_1_813' title='bbox 3220 5235 3436 5317; x_wconf 87' lang='lat' dir='ltr'>ipsum</span> <span class='ocrx_word' id='word_1_814' title='bbox 3493 5252 3848 5318; x_wconf 86' lang='lat' dir='ltr'>sequamur</span> <span class='ocrx_word' id='word_1_815' title='bbox 3890 5241 3959 5299; x_wconf 89' lang='lat' dir='ltr'>et</span> <span class='ocrx_word' id='word_1_816' title='bbox 4013 5233 4382 5316; x_wconf 84' lang='lat' dir='ltr'>imitemur,</span> <span class='ocrx_word' id='word_1_817' title='bbox 4443 5229 4781 5319; x_wconf 75' lang='lat' dir='ltr'>quemadmo-</span> 
     </span>
    </p>
   </div>
   <div class='ocr_carea' id='block_1_5' title="bbox 4887 508 4915 4179">
    <p class='ocr_par' dir='ltr' id='par_1_6' title="bbox 4887 508 4915 4179">
     <span class='ocr_line' id='line_1_115' title="bbox 4887 508 4915 4179; baseline 0 0"><span class='ocrx_word' id='word_1_818' title='bbox 4887 508 4915 4179; x_wconf 95' lang='lat' dir='ltr'> </span> 
     </span>
    </p>
   </div>
  </div>
 </body>
</html>
