5059 6059
785 346 915 415 359

787 561 953 608 vero
1007 546 1229 606 tamen
1284 538 1795 607 existimandum
1854 539 2078 607 fideles
2136 540 2263 606 Dei
2309 538 2554 626 gloriae
2597 547 2737 606 stu-

794 626 1015 693 diosos
1069 649 1109 693 a
1152 625 1383 692 mundi
1426 627 1775 693 calumniis
1819 635 1887 692 et
1928 627 2076 693 odio
2120 628 2258 692 fore
2301 647 2570 710 prorsus
2613 628 2738 690 im-

788 734 1060 778 munes:
1149 712 1342 796 quale
1431 713 1758 778 Dominus
1852 725 2076 778 noster
2163 713 2351 778 Iesus
2432 712 2740 778 Christus

794 799 1129 883 exemplar
1166 799 1468 864 omnibus
1502 798 1893 864 intuendum
1930 799 2340 882 proponitur,
2384 819 2578 882 quem
2614 799 2739 862 im-

788 886 1142 969 proborum
1188 885 1532 949 calumniis
1567 886 1937 969 impetitum
1973 885 2386 968 adspicimus,
2475 885 2567 949 Et
2603 888 2741 968 ipse

794 971 881 1037 D.
927 970 1179 1036 Paulus
1224 971 1531 1036 admonet
1565 971 1665 1058 (2.
1713 970 1862 1037 Cor.
1909 970 1969 1048 6,
2016 969 2093 1057 8)
2129 968 2534 1054 superandas
2572 970 2739 1035 mul-

796 1068 899 1122 tas
958 1056 1376 1123 difficultates
1431 1057 1748 1137 fidelibus,
1807 1066 1874 1121 et
1930 1078 2048 1140 per
2106 1056 2380 1142 gloriam
2435 1076 2511 1121 ac
2554 1056 2739 1141 igno-

794 1142 1094 1222 miniam,
1138 1163 1258 1225 per
1301 1143 1595 1209 convicia
1639 1154 1702 1208 et
1749 1141 1973 1208 laudes
2016 1141 2520 1209 transeundum:
2567 1141 2738 1225 quod

795 1228 956 1312 ipse,
1061 1249 1254 1312 quem
1347 1229 1561 1312 instar
1637 1229 1856 1313 angeli
1939 1237 2158 1293 tamen
2240 1239 2738 1294 conversantem

792 1314 1081 1380 mundus
1172 1314 1489 1398 adspexit,
1579 1323 1800 1380 tamen
1878 1323 2188 1398 expertus
2266 1324 2383 1394 est,
2470 1335 2546 1380 ac
2620 1332 2739 1379 suo

799 1401 1123 1485 exemplo,
1185 1421 1224 1466 a
1268 1399 1530 1466 Iudaeis
1574 1401 1754 1465 omni
1797 1400 2343 1465 contumeliarum
2391 1420 2630 1485 genere
2674 1409 2739 1463 et

797 1488 1237 1553 conviciorum
1285 1486 1572 1565 affectus,
1615 1485 1789 1551 ferre
1832 1507 1952 1551 nos
1994 1484 2233 1552 docuit.
2321 1484 2423 1551 Ac
2467 1484 2739 1569 proinde

795 1570 1101 1638 fidelibus
1142 1572 1311 1637 hane
1342 1572 1721 1637 incumbere
1750 1573 2206 1637 necessitatem
2250 1573 2552 1655 sciamus,
2597 1590 2740 1636 sese

797 1658 881 1725 ad
922 1658 1256 1742 quodlibet
1289 1659 1691 1742 ignominiae
1726 1668 1790 1722 et
1825 1657 2265 1723 conviciorum
2303 1678 2515 1741 genus
2552 1677 2741 1740 prae-

795 1744 1100 1829 parandi,
1165 1744 1548 1827 praesertim
1618 1765 1817 1826 quum
1883 1742 1962 1808 de
2028 1741 2155 1807 Dei
2220 1743 2428 1826 gloria
2482 1763 2740 1826 promo·

801 1830 1034 1910 venda,
1093 1838 1163 1895 et
1220 1832 1418 1894 verbo
1461 1829 1664 1912 ipsius
1706 1828 2183 1913 promulgando
2221 1830 2397 1894 inter
2441 1828 2742 1893 homines

799 1918 1037 2002 agitur.
1124 1913 1232 1980 Ad
1299 1913 1473 1997 quod
1538 1934 1698 1979 sane
1770 1935 2010 1980 munus
2064 1914 2274 1998 inepti
2335 1925 2493 1980 sunt
2550 1934 2740 1996 quos·

793 2023 1055 2085 cunque
1088 2009 1305 2066 metus
1327 2015 1393 2064 et
1415 2000 1704 2064 humana
1739 1999 2058 2084 fragilitas
2092 2001 2449 2084 occupavit.
2496 1998 2744 2080 Quam-

794 2090 1020 2155 obrem
1104 2088 1246 2152 Deo
1312 2087 1564 2151 servire
1636 2083 2017 2150 studentem
2093 2086 2425 2151 hominem
2496 2086 2740 2151 multos

798 2174 1063 2257 quidem
1126 2173 1424 2238 inimicos
1489 2172 1558 2235 in
1624 2192 1696 2237 se
1758 2172 2236 2238 concitaturum
2300 2182 2554 2238 certum
2621 2182 2739 2249 est,

797 2261 872 2325 in
951 2259 1338 2324 deteriorem
1424 2266 1677 2340 partem
1766 2257 1908 2322 eius
1978 2278 2342 2322 sermonem
2420 2258 2739 2340 interpre-

796 2354 1051 2412 tantes:
1132 2351 1202 2407 at
1243 2343 1534 2409 convicia
1590 2342 1962 2408 istiusmodi
2020 2345 2257 2420 omnia,
2323 2341 2738 2426 blasphemae

796 2452 1012 2508 voces,
1071 2429 1615 2496 contumeliarum
1674 2428 1953 2512 denique
1996 2449 2204 2513 genus
2248 2450 2442 2494 omne
2485 2430 2741 2493 fortiter

799 2515 1162 2593 ferendum,
1220 2526 1289 2580 et
1344 2514 1548 2580 animi
1606 2514 1971 2598 praesentia
2014 2514 2504 2597 superandum„
2536 2515 2742 2580 donec

801 2603 984 2668 vitae
1045 2602 1243 2666 huius
1298 2599 1574 2666 decur‘so
1623 2598 1836 2665 stadio
1880 2599 2209 2665 felicitatis
2254 2611 2493 2664 metam
2539 2601 2739 2665 attin-

891 2708 1057 2753 mus.
1144 2685 1593 2751 Nihilominus
1638 2695 1858 2750 tamen
1904 2684 2121 2751 Deum
2157 2685 2480 2752 vindicem
2519 2685 2742 2750 fideles

873 2775 932 2839 ei
976 2774 1151 2838 servi
1196 2791 1272 2838 ae
1316 2771 1524 2837 bonae
1568 2792 1724 2837 suae
1768 2790 2000 2838 causae
2035 2770 2446 2836 defensorem
2483 2772 2621 2836 fore
2657 2793 2742 2837 ne

802 2858 1169 2943 diffidunto,
1227 2859 1349 2923 etsi
1404 2858 1751 2923 calumniis
1807 2869 1873 2922 et
1914 2856 2360 2922 conviciorum
2406 2859 2586 2921 omni
2632 2878 2741 2942 ge-

801 2967 962 3012 nere
1021 2945 1102 3011 ab
1155 2943 1473 3027 improbis
1529 2943 1934 3008 afficiantur:
1992 2962 2068 3008 ac
2111 2942 2376 3009 tandem
2421 2943 2736 3008 iustitiam

797 3033 1093 3116 ipsorum
1138 3040 1451 3112 tanquam
1496 3049 1797 3093 auroram
1834 3049 2254 3094 emersuram.
2341 3028 2741 3093 Patientiam

796 3118 1006 3202 igitur
1063 3138 1103 3182 a
1157 3118 1296 3181 suis
1358 3115 1683 3180 Dominus
1735 3115 1960 3198 exigit,
2017 3123 2091 3179 ut
2145 3114 2203 3179 si
2248 3113 2331 3179 ab
2368 3113 2743 3179 hominibus

799 3204 1132 3269 immerito
1210 3202 1557 3266 calumniis
1635 3211 2017 3284 graventur,
2116 3221 2192 3265 ac
2272 3219 2740 3282 nonnunquam

806 3289 1192 3368 obruantur,
1250 3307 1327 3352 ac
1383 3286 1599 3370 ipsum
1658 3285 1890 3352 mortis
1944 3285 2147 3350 limen
2206 3286 2500 3370 attigisse
2558 3285 2741 3351 vide-

803 3387 1019 3454 antur,
1065 3371 1514 3439 saevientibus
1558 3371 1712 3436 hino
1754 3370 1909 3436 inde
1954 3372 2447 3455 tempestatibus
2491 3381 2557 3436 et
2590 3390 2742 3454 pro-

809 3462 1023 3538 cellis,
1085 3468 1154 3525 et
1217 3458 1402 3524 nulla
1464 3478 1582 3542 spe
1646 3458 2080 3539 undecunque
2143 3457 2304 3540 ipsis
2364 3456 2742 3541 affulgente,

803 3549 1209 3614 exoritur-am
1254 3555 1475 3609 tamen
1522 3542 1786 3608 tandem
1833 3563 2156 3620 auroram,
2216 3564 2292 3609 ac
2334 3541 2540 3607 nubes
2585 3544 2744 3607 istas

802 3653 1033 3699 omnes
1104 3631 1596 3714 dissipaturam:
1672 3629 1888 3693 Deum
1943 3649 2179 3712 nempe
2230 3628 2445 3711 ipsum
2507 3628 2741 3693 libera-

799 3726 1009 3784 torem
1083 3726 1398 3799 tanquam
1465 3712 1587 3778 ἀπὸ
1649 3716 1914 3795 μηχανῆς
1973 3715 2351 3791 affuturum,
2429 3734 2744 3796 suamque

801 3802 992 3870 nobis
1036 3803 1313 3887 gratiam
1352 3811 1419 3866 et
1452 3801 1961 3865 misericordiam
2000 3801 2502 3882 patefacturum,
2548 3799 2742 3864 modo

803 3910 987 3973 spem
1050 3900 1342 3952 nostram
1399 3908 1659 3951 omnem
1704 3886 1773 3950 in
1819 3886 2003 3950 illum
2046 3885 2427 3969 defigamus,
2484 3893 2552 3950 et
2595 3906 2741 3969 pro·

803 3975 1191 4041 missionum
1236 3992 1554 4037 memores
1598 3973 1924 4055 patienter
1966 3971 2406 4054 impletionem
2452 3983 2744 4053 praesto·

802 4061 1050 4127 lemur:
1132 4079 1209 4123 ac
1266 4056 1780 4124 caecutientibus
1840 4058 2116 4122 caeteris
2173 4056 2474 4122 omnibus
2532 4055 2743 4120 homi-

799 4148 1019 4222 nibus,
1054 4155 1122 4209 et
1154 4144 1226 4207 in
1266 4144 1531 4208 densam
1572 4144 1989 4209 tenebrarum
2028 4142 2373 4225 caliginem
2417 4142 2742 4208 immersis

798 4233 930 4299 Dei
966 4231 1285 4296 iustitiam
1325 4229 1461 4293 suis
1496 4227 1797 4294 fidelibus
1832 4230 2301 4312 apparituram,
2346 4228 2742 4310 tandemque

801 4320 928 4385 Dei
990 4337 1208 4382 osores
1268 4334 1343 4379 ac
1401 4324 1876 4397 contemptores
1919 4314 2281 4398 ignominia
2324 4325 2390 4378 et
2428 4313 2742 4379 dedecore

799 4406 1070 4470 obrutos
1113 4401 1299 4468 factis
1345 4399 1612 4484 dignam
1657 4401 2016 4464 mercedem
2063 4408 2526 4481 reportaturos.
2615 4399 2743 4463 Ne-

802 4511 932 4575 que
993 4508 1148 4554 vero
1206 4487 1431 4551 mirari
1490 4506 1611 4549 nos
1668 4496 1924 4569 oportet
1976 4486 2032 4549 si
2093 4484 2219 4550 Dei
2263 4494 2741 4567 contemptores

800 4586 991 4642 tanta
1055 4572 1472 4656 corruptione
1540 4570 1880 4654 depravati
1939 4582 2127 4635 sunt:
2195 4570 2368 4654 quod
2428 4573 2740 4635 nimirum

801 4660 1194 4734 caecutiunt,
1241 4670 1310 4722 et
1353 4657 1689 4741 perpetuis
1733 4656 2023 4722 tenebris
2069 4676 2144 4721 ao
2189 4666 2377 4721 nocte
2420 4655 2742 4738 profunda

802 4745 1081 4812 demersi
1143 4755 1551 4829 premuntur.
1642 4740 1863 4822 Quare
1912 4742 2061 4807 licet
2110 4763 2228 4807 nos
2272 4762 2491 4807 secum
2541 4741 2743 4806 veluti

804 4833 1135 4897 demersos
1192 4831 1258 4895 in
1322 4830 1738 4894 tenebrarum
1784 4827 2096 4912 abyssum
2140 4827 2319 4892 omni
2362 4827 2743 4893 contumeli-

802 4940 990 4983 arum
1057 4937 1297 5000 genere
1354 4916 1662 4990 afficiant,
1733 4927 1797 4978 et
1865 4914 2118 4978 miseris
2161 4913 2461 4990 illudant,
2529 4912 2741 4996 adque

802 5005 927 5069 Dei
1009 5002 1504 5084 abnegationem
1576 4999 1951 5078 sollicitent,
2016 5019 2100 5063 ne
2157 4997 2525 5064 dubitemus
2584 4999 2740 5082 quin

800 5088 919 5154 lux
956 5089 1071 5153 illa
1105 5088 1405 5153 coelestis
1437 5086 1705 5151 tandem
1742 5087 1808 5150 in
1849 5085 2157 5150 maximis
2190 5084 2512 5166 angustiis
2548 5085 2739 5149 afful-

802 5187 972 5258 geat,
1030 5195 1105 5238 ao
1149 5173 1526 5238 divinarum
1574 5170 2079 5255 promissionum
2126 5170 2226 5235 vis
2269 5190 2412 5236 sese
2456 5183 2737 5247 exserat,

798 5280 1036 5343 nempe
1077 5257 1296 5324 Deum
1339 5258 1488 5324 illos
1533 5258 2010 5323 honoraturum
2054 5276 2095 5320 a
2128 5255 2362 5339 quibus
2392 5264 2529 5321 toto
2563 5257 2740 5322 vitae

2519 348 2934 418 HOMILIA
2977 348 3105 416 XI.

4637 345 4740 411 360

2840 560 2997 607 suae
3053 538 3377 606 curriculo
3430 539 3682 606 sineere
3737 538 3948 605 cultus
4006 543 4073 602 et
4116 536 4520 622 glorificatus
4561 536 4740 601 fuerit.

2840 627 3075 692 Nonne
3120 647 3274 691 vero
3319 625 3509 691 nobis
3553 626 3715 691 haee
3758 625 4010 690 animos
4046 623 4258 688 facere
4295 623 4554 702 debent,
4592 621 4742 687 etad

2840 712 3276 777 constantiam
3312 713 3647 794 animique
3681 712 4148 795 praestantiam
4186 710 4440 794 erigere
4465 710 4742 774 adversus

2843 797 3071 863 mundi
3139 819 3565 882 quascunque
3629 798 3841 862 minas
3905 808 3975 861 et
4039 816 4270 861 saevas
4335 805 4741 880 tempestates,

2843 905 2924 949 ne
2966 894 3148 949 metu
3192 904 3269 949 ac
3305 883 3606 949 vecordia
3641 884 4037 960 deficiamus,
4079 880 4192 946 sed
4230 880 4549 948 adversus
4583 901 4743 963 quos·

2845 990 3104 1054 cunque
3167 981 3381 1035 motus
3466 970 3913 1054 improborum
4001 968 4425 1051 imperterriti
4515 988 4743 1032 cursum

2844 1071 3135 1122 nostrum
3182 1056 3618 1134 absolvamus,
3660 1055 3719 1119 si
3763 1053 4016 1119 venerit
4059 1055 4130 1118 in
4171 1066 4456 1118 mentem
4505 1055 4625 1118 ista
4661 1073 4745 1119 co·

2843 1144 3089 1224 gitatio,
3150 1143 3366 1207 Deum
3424 1162 3541 1207 suo
3587 1153 3875 1225 tempore
3918 1139 4106 1205 nobis
4147 1139 4525 1217 affuturum,
4578 1160 4745 1220 reque

2842 1231 2984 1313 ipsa
3037 1227 3635 1293 demonstraturum
3680 1249 3808 1291 non
3853 1227 4119 1291 inanem
4163 1226 4358 1290 istam
4402 1246 4546 1290 esse
4585 1245 4744 1291 suam

2843 1315 3360 1400 promissionem,
3425 1335 3495 1379 se
3550 1313 4064 1395 glorificaturum
4121 1331 4230 1376 eos
4287 1332 4328 1376 a
4383 1310 4611 1393 quibus
4652 1313 4745 1375 ho·

2843 1422 3002 1466 nore
3062 1398 3277 1465 debito
3333 1408 3401 1464 et
3456 1398 3825 1464 reverentia
3879 1398 4081 1463 fuerit
4124 1395 4480 1480 acceptus?
4551 1397 4744 1473 Magni

2842 1507 3037 1571 saepe
3124 1484 3399 1551 facimus
3484 1485 3753 1550 collatos
3837 1486 3917 1551 ab
4007 1483 4382 1548 hominibus
4466 1483 4744 1547 honores:

2843 1589 3085 1657 quanto
3141 1573 3352 1655 magis
3412 1590 3568 1655 ergo
3633 1591 3753 1636 nos
3812 1570 3995 1636 decet
4037 1571 4118 1636 ab
4163 1570 4303 1653 ipso
4350 1569 4493 1633 Deo
4539 1568 4744 1634 divinis

2842 1658 3269 1725 cumulandos
3339 1657 3710 1734 honoribus,
3777 1655 4064 1721 eiusdem
4124 1655 4368 1739 gloriae
4417 1665 4486 1719 et
4546 1653 4744 1719 honori

2843 1742 3152 1810 studere?
3240 1742 3479 1808 Annon
3544 1742 3871 1826 pollicenti
3939 1740 4224 1807 Domino
4289 1741 4485 1805 fidem
4553 1739 4743 1806 haberi

2844 1830 2991 1914 plus
3046 1850 3241 1912 quam
3301 1849 3574 1912 aequum
3622 1840 3739 1907 est,
3797 1840 3864 1893 et
3904 1849 4053 1894 cum
4096 1825 4410 1891 modestia
4456 1836 4521 1890 et
4564 1825 4745 1891 humi·

2844 1918 3026 1981 litate
3083 1913 3583 1999 promissionum
3627 1914 3835 1997 ipsius
3875 1913 4317 1997 impletionem
4363 1911 4743 1994 exspectari?

2844 2001 3067 2083 Quare
3127 2000 3179 2066 si
3240 2002 3406 2066 forte
3464 2000 3810 2084 contigerit
3852 2011 3926 2065 ut
3967 2000 4080 2082 qui
4124 2019 4349 2063 auram
4396 1999 4746 2082 popularem

2844 2096 3129 2171 captant,
3175 2096 3241 2152 et
3281 2085 3650 2151 istiusmodi
3697 2085 4045 2151 honoribus
4080 2085 4446 2168 capiuntur,
4491 2084 4572 2149 ad
4608 2105 4749 2149 sum-

2846 2193 2985 2239 mos
3051 2174 3327 2238 honores
3383 2192 3620 2256 magno
3664 2173 3957 2237 omnium
4001 2173 4319 2254 applausu
4363 2170 4749 2248 extollantur,

2844 2260 3169 2343 patienter
3228 2268 3297 2322 et
3353 2279 3503 2323 cum
3561 2258 3822 2324 silentio
3880 2258 4133 2322 animas
4187 2264 4450 2321 nostras
4495 2255 4750 2338 posside·

2846 2365 3053 2423 amus,
3092 2354 3158 2410 et
3193 2345 3273 2409 ab
3307 2343 3440 2408 illis
3476 2343 3828 2409 divortium
3862 2342 4199 2418 facientes,
4248 2342 4425 2406 brevi
4465 2342 4531 2406 in
4569 2341 4751 2407 fumos

2845 2431 3171 2496 abituram
3271 2429 3661 2514 dignitatem
3749 2431 3978 2513 procul
4079 2428 4475 2493 intueamur.
4598 2427 4754 2492 Nihil

2848 2518 3020 2581 enim
3086 2517 3367 2581 Domino
3410 2516 3883 2598 supereminet:
3939 2512 4052 2581 sed
4098 2534 4266 2597 quae
4309 2513 4393 2578 ab
4436 2513 4583 2579 eins
4624 2513 4754 2578 libe-

2846 2603 2967 2667 rali
3020 2621 3216 2666 manu
3277 2602 3656 2685 consequuti
3714 2601 4048 2678 fuerimus,
4106 2620 4437 2665 summum
4483 2612 4756 2664 nostrum

2845 2688 3092 2753 bonum
3136 2708 3279 2754 esse
3324 2688 3637 2752 norimus.
3728 2690 3826 2752 Ao
3892 2685 4160 2770 proinde
4226 2707 4357 2749 non
4431 2705 4471 2749 a
4536 2685 4758 2749 mundo

2845 2772 3249 2857 quaerendos
3292 2772 3606 2838 honores:
3653 2772 3849 2855 plena
3893 2775 4066 2837 enim
4110 2771 4329 2836 omnia
4373 2772 4760 2836 ambitionis:

2845 2881 2973 2942 qua
3016 2861 3071 2924 si
3117 2858 3321 2924 semel
3364 2859 3752 2940 inficiamur,
3787 2878 3915 2923 non
3961 2855 4387 2923 dubitandum
4435 2859 4597 2940 quin
4631 2854 4763 2921 inde

2845 2945 3056 3011 labem
3117 2945 3254 3009 vita
3307 2954 3533 3010 nostra
3590 2944 3937 3009 contrahat
3978 2945 4045 3007 in
4092 2942 4362 3008 Domini
4406 2955 4763 3025 conspectu,

2844 3041 2913 3098 et
2968 3052 3045 3096 eo
3100 3031 3306 3094 maior
3357 3030 3443 3095 sit
3500 3051 3541 3095 a
3590 3029 3778 3096 nobis
3831 3029 4265 3112 exspectanda
4307 3028 4764 3107 condemnatio,

2844 3139 2972 3199 quo
3015 3114 3261 3182 foedior
3305 3116 3433 3181 erit
3475 3118 3650 3182 vitae
3694 3125 3954 3182 nostrae
3997 3115 4301 3182 conditio.
4390 3114 4528 3179 Sed
4576 3115 4764 3178 nomi·

2846 3204 3053 3267 natim
3128 3202 3445 3266 honorem
3514 3203 3806 3285 promitti
3869 3201 3990 3266 Dei
4050 3200 4411 3267 cultoribus
4470 3202 4766 3264 memine-

2846 3289 3053 3354 rimus
3096 3300 3363 3371 propter
3397 3287 3733 3351 hominum
3770 3287 4240 3362 infirmitatem,
4286 3307 4386 3364 ne,
4427 3288 4616 3369 quasi
4654 3289 4768 3350 sint

2845 3375 3213 3450 reiectanei,
3280 3372 3729 3457 despondeant
3771 3373 4085 3452 animum,
4129 3385 4243 3436 aut
4286 3373 4584 3437 nondum
4629 3371 4769 3436 satis

2844 3460 2926 3525 ab
2972 3460 3278 3524 humanis
3312 3458 3653 3524 affectibus
3689 3458 4045 3543 repurgati,
4089 3479 4252 3536 sese,
4300 3457 4404 3523 vel
4443 3470 4764 3524 contume-

2844 3546 3101 3622 liarum,
3163 3545 3269 3610 vel
3325 3544 3715 3610 iniuriarum
3776 3546 3955 3610 omni
4016 3565 4255 3630 genere
4312 3545 4524 3628 premi
4583 3543 4764 3609 senti·

2844 3643 3051 3715 entes,
3107 3631 3467 3696 immeritos
3509 3641 3576 3696 et
3617 3631 4019 3706 innocentes,
4060 3630 4327 3695 moleste
4370 3632 4623 3694 ferant:
4676 3628 4762 3692 fu·

2847 3727 3062 3781 turam
3108 3718 3282 3780 enim
3328 3715 3667 3801 dignitatis
3711 3727 3776 3782 et
3821 3716 4087 3782 honoris
4129 3716 4599 3800 sempiternam
4643 3714 4762 3798 glo·

2844 3803 3005 3866 riam
3056 3802 3400 3885 promittit,
3445 3803 3589 3868 istis
3631 3803 3932 3868 omnibus
3976 3802 4452 3867 momentaneis
4498 3813 4567 3866 et
4601 3798 4764 3865 brevi

2845 3888 3220 3953 transituris
3307 3888 3723 3953 contumeliis
3800 3886 4275 3972 opponendam.
4367 3885 4503 3953 Sed
4572 3897 4640 3951 et
4698 3881 4763 3948 ad

2845 3973 3340 4057 promissionem
3425 3973 3672 4041 aceedit
3755 3974 3954 4040 etiam
4035 3975 4472 4053 comminatio,
4565 3974 4761 4038 Deum

2843 4070 3335 4126 contemnentes
3390 4061 3570 4125 omni
3634 4059 3945 4127 dedecore
4002 4069 4071 4126 et
4112 4059 4476 4144 ignominia
4515 4056 4760 4124 tandem

2844 4145 3241 4211 afficiendos.

3016 4231 3223 4297 Cuius
3323 4231 3845 4298 comminationis
3936 4232 4072 4300 vim
4162 4242 4238 4298 ut
4323 4229 4759 4315 percipiamus.

2844 4317 3070 4400 paucis
3132 4317 3286 4400 quid
3343 4318 3431 4382 sit
3474 4316 3695 4383 Deum
3739 4326 4155 4383 contemnere
4196 4317 4385 4383 nobis
4428 4328 4530 4382 est
4570 4313 4758 4397 expli·

2842 4400 3144 4469 eandum.
3232 4402 3401 4468 Nam
3485 4403 3766 4486 alioquin
3848 4403 4180 4470 multoties
4259 4423 4666 4487 nequaquam
4725 4417 4757 4459 ⁸

2844 4488 3030 4552 nobis
3076 4486 3154 4553 de
3197 4488 3669 4554 contemnenda
3710 4489 3841 4553 Dei
3889 4491 4222 4555 maiestate
4264 4491 4638 4574 cogitatum,
4692 4503 4756 4548 ao
4875 4551 4876 4558 ,

2841 4571 3038 4638 malle
3114 4585 3357 4639 terram
3441 4576 3626 4641 nobis
3708 4576 4058 4652 dehiscere,
4138 4597 4332 4659 quam
4413 4576 4493 4640 de
4553 4571 4756 4638 divina
4871 4581 4872 4592 ¹

2843 4659 3049 4743 gloria
3135 4660 3485 4743 quidquam
3554 4661 3830 4739 detrahi,
3911 4661 4319 4741 testabimur,
4397 4680 4590 4744 quum
4674 4667 4755 4718 ta·
4859 4661 4862 4682 ³

2843 4764 2993 4810 men
3055 4745 3257 4810 divini
3313 4759 3722 4831 contemptus
3769 4747 4055 4812 maxime
4101 4749 4196 4812 rei
4246 4750 4471 4813 simus.
4555 4744 4758 4825 Quare

2842 4830 3199 4895 tenendum
3254 4845 3371 4909 est,
3430 4853 3547 4898 nos
3605 4854 3939 4916 nunquam
3997 4834 4078 4898 ab
4138 4833 4260 4898 hoc
4302 4834 4567 4899 crimine
4613 4829 4756 4893 libe-

2844 4916 3102 4999 randos,
3171 4919 3296 4981 nisi
3344 4939 3570 4983 omnes
3613 4933 3874 4984 nostrae
3919 4919 4204 4984 actiones
4248 4929 4314 4983 et
4355 4916 4753 5002 cogitationes

2843 5001 2910 5065 in
2972 5002 3099 5066 Dei
3144 5003 3416 5086 gloriam
3464 5006 3779 5084 ferantur,
3839 5024 4036 5087 quam
4080 5026 4201 5088 pro
4245 5007 4484 5070 nostris
4526 5000 4753 5068 viribus

2843 5107 3084 5170 augere
3145 5096 3214 5153 et
3269 5089 3666 5174 amplificare
3723 5090 4120 5166 studeamus,
4209 5101 4613 5173 nostramque
4665 5103 4756 5177 οὓς

2842 5172 3043 5238 lutem
3111 5195 3636 5258 promoveamus.
3733 5175 3973 5258 Quare,
4063 5176 4347 5261 exempli
4412 5177 4628 5261 gratia,
4701 5186 4753 5229 εἰ

2842 5259 3186 5326 malefacta
3267 5260 3754 5328 dissimulamus
3820 5283 3896 5330 ac
3961 5262 4332 5345 toleramus,
4412 5273 4518 5328 aut
4563 5257 4619 5324 si
4661 5251 4750 5316 of·
