5059 6059
271 337 378 402 213

1559 333 1658 399 IN
1701 333 1757 398 1.
1801 333 1983 399 LIB.
2028 331 2431 402 SAMUEL.
2477 334 2676 401 CAP.
2722 332 2952 403 XVII.

4074 337 4210 402 214

269 525 370 592 etsi
411 544 530 589 non
574 542 956 604 expressum
1000 530 1100 589 est
1143 523 1468 590 Davidem
1512 542 1655 588 sese
1699 522 1780 588 ad
1826 520 2161 605 singulare
2266 522 2333 587 in
2379 522 2507 588 Dei
2553 523 2877 606 potentia:
2927 525 3078 591 talis
3122 522 3484 591 recordatio
3528 522 3990 593 beneficiorum
4034 545 4207 609 quae

266 619 556 679 certamen
643 629 792 675 cum
869 607 1180 675 Goliatho
1263 607 1751 695 suscipiendum
1830 605 2161 689 obtulisse,

265 697 426 763 facile
498 705 719 760 tamen
800 715 886 760 ex
962 695 1103 777 ipsa
1167 705 1516 762 contextus
1581 695 1748 759 serie
1812 692 2159 773 colligitur.

260 783 409 849 Nam
461 779 765 863 deinceps
823 783 1134 863 sequitur,
1191 781 1416 846 audita
1472 801 1605 846 esse
1644 778 1827 845 verba
1870 799 2030 861 quae
2072 778 2160 843 lo·

258 873 461 951 quaeue
512 871 603 931 est
658 866 897 947 David,
954 871 1009 931 et
1064 866 1448 932 annunciata
1504 867 1576 931 in
1617 869 1936 946 conspectu
1983 862 2160 929 Saul.

255 955 355 1021 Ad
398 972 570 1035 quem
628 957 685 1017 et
735 953 940 1034 fuisse
988 951 1343 1029 adductum,
1399 952 1840 1034 loquutumque
1892 950 1963 1015 in
2013 949 2161 1016 haec

254 1040 448 1106 verba:
491 1037 635 1102 Non
678 1037 955 1104 concidat
996 1057 1097 1102 cor
1137 1038 1509 1119 cuiusquam
1551 1038 1624 1102 in
1665 1057 1752 1120 eo,
1796 1055 1901 1119 eqo
1941 1055 2160 1101 servus

253 1131 384 1191 tm
418 1124 661 1200 vadam,
705 1128 760 1188 et
789 1123 1084 1207 puynabo
1127 1123 1429 1189 adversus
1478 1121 1914 1188 Philistaeum.
1983 1119 2159 1188 Sane

253 1232 367 1278 non
428 1221 671 1275 temere
738 1209 940 1274 verba
1003 1207 1119 1273 illa
1174 1206 1394 1273 David
1460 1207 1769 1292 profudit,
1835 1217 1911 1272 ut
1968 1227 2160 1289 saepe

251 1298 442 1363 solent
472 1294 912 1360 adolescentes
948 1302 1191 1359 temere
1230 1295 1438 1359 multa
1479 1293 1831 1376 suscipere,
1878 1300 1950 1357 ut
1991 1291 2160 1357 nihil

249 1393 369 1448 tam
424 1381 697 1447 arduum
760 1378 937 1464 quod
983 1401 1114 1444 non
1174 1400 1244 1444 se
1299 1379 1486 1446 facile
1528 1388 1949 1463 superaturos
1987 1377 2158 1443 arbi-

249 1476 513 1545 trentur,
576 1478 643 1532 et
687 1475 760 1531 ut
802 1464 931 1532 dici
975 1465 1140 1532 solet
1182 1464 1544 1548 proverbio,
1589 1466 1813 1530 lunam
1856 1463 2159 1530 dentibus

243 1554 555 1637 accepturi
620 1551 990 1618 videantur.
1099 1551 1351 1634 Nempe
1415 1574 1485 1617 se
1551 1573 1684 1616 non
1751 1561 2029 1631 norunt,
2091 1557 2160 1614 et

241 1639 472 1705 nullam
509 1639 757 1704 habent
790 1638 1284 1721 experientiam,
1327 1645 1405 1701 ut
1439 1637 1889 1704 difficultatem
1932 1655 2155 1700 eorum

237 1745 388 1808 quae
427 1724 797 1808 suscipiunt
838 1724 1240 1808 dignoscant.
1321 1722 1487 1788 Inde
1529 1723 1609 1786 fit
1654 1733 1729 1787 ut
1769 1740 1962 1804 saepe
2006 1720 2158 1786 ado-

236 1811 542 1877 lescentes
607 1830 814 1892 aequo
878 1813 1015 1876 sint
1069 1809 1466 1885 audaciores,
1526 1819 1595 1873 et
1648 1807 2033 1891 praecipites
2083 1806 2155 1871 in

233 1896 513 1980 pericula
594 1909 824 1976 ruant,
906 1917 943 1960 e
1008 1896 1243 1978 quibus
1306 1916 1440 1960 non
1505 1901 1870 1979 emergunt.
1982 1890 2157 1958 Sane

237 1983 565 2048 temeritas
615 1982 732 2047 illa
790 1982 1085 2048 nascitur
1127 1981 1370 2065 partim
1413 2001 1501 2046 ex
1536 2000 1612 2044 eo
1655 1979 1829 2062 quod
1869 1999 1942 2044 se
1983 1978 2160 2060 ipsos

233 2089 358 2133 non
424 2079 672 2134 norunt
734 2089 906 2134 vana
961 2067 1240 2151 quadam
1300 2067 1401 2131 sui
1456 2066 1759 2149 opinione
1817 2083 2161 2147 praeoccu-

229 2156 396 2238 pati,
475 2155 719 2236 partim
796 2151 968 2237 quod
1044 2173 1264 2218 rerum
1341 2162 1496 2216 sunt
1558 2150 1864 2233 imperiti.
1972 2148 2161 2214 Nihil

231 2239 433 2306 simile
498 2239 720 2305 David
780 2259 1009 2322 passus
1064 2246 1195 2318 est,
1253 2236 1798 2322 quemadmodum
1857 2235 2160 2318 deinceps

225 2325 620 2391 videbimus.
707 2324 891 2390 Nihil
949 2324 1127 2391 enim
1184 2322 1264 2389 de
1318 2324 1453 2390 suis
1512 2319 1760 2387 viribus
1803 2319 1928 2388 sibi
1971 2320 2159 2404 polli-

227 2412 386 2476 citus
451 2419 573 2491 est,
641 2409 960 2478 adversus
1016 2410 1351 2495 gigantem
1396 2407 1780 2475 Goliathum
1839 2405 2156 2490 singulari

222 2497 578 2564 certamine
650 2496 962 2582 congredi
1026 2507 1323 2579 paratus:
1403 2515 1595 2577 quem
1662 2493 1822 2559 satis
1889 2501 2158 2558 noverat

222 2602 356 2648 esse
386 2582 601 2649 veluti
637 2582 891 2648 leonem
928 2592 1042 2647 aut
1076 2603 1302 2646 ursum
1339 2602 1380 2646 a
1413 2601 1540 2662 quo
1574 2588 1795 2663 posset
1828 2589 2158 2643 momento

222 2667 560 2734 dilaniari:
618 2667 732 2735 sed
775 2670 843 2733 in
889 2669 1107 2733 Deum
1153 2688 1335 2749 spem
1380 2686 1641 2730 omnem
1684 2664 2047 2746 collocavit,
2089 2675 2158 2728 et

217 2754 488 2821 coelitus
534 2755 854 2820 auxilium
899 2754 1323 2836 exspectavit,
1382 2751 1462 2816 de
1505 2772 1575 2817 se
1617 2751 1758 2834 ipso
1799 2748 1967 2814 nibil
2011 2769 2156 2831 spe·

215 2859 387 2907 rans.
459 2840 650 2923 Quin
684 2842 815 2905 imo
858 2838 1218 2905 notandum
1240 2837 1569 2903 Davidem
1612 2835 1902 2920 impulsu
1946 2835 2157 2901 sancti

214 2927 493 3009 spiritus
557 2928 654 2992 ita
712 2926 1081 3009 loquutum.
1169 2924 1341 2989 Nam
1397 2923 1508 3006 qui
1564 2931 1702 2987 tam
1743 2919 2033 2986 modeste
2076 2920 2155 2985 de

212 3033 280 3077 se
336 3014 576 3092 sensit,
638 3021 701 3077 et
759 3031 1097 3095 nunquam
1150 3031 1255 3075 res
1299 3029 1574 3092 magnas
1617 3006 1884 3092 aggredi
1929 3006 2152 3083 voluit,

208 3099 542 3181 quomodo
589 3100 725 3164 iam
770 3109 907 3163 tam
951 3095 1227 3163 arduum
1275 3094 1627 3179 negotium,
1675 3093 1799 3158 nisi
1843 3101 2155 3176 operante

207 3183 388 3249 intus
457 3185 691 3251 divina
754 3184 1016 3264 virtute,
1081 3178 1515 3265 suscepisset?
1610 3178 1834 3260 Quare
1892 3198 2154 3243 necesse

202 3279 303 3335 est
338 3271 680 3336 fateamur
722 3270 1117 3350 singularem
1162 3267 1347 3332 illum
1391 3267 1590 3332 fuisse
1634 3265 1840 3330 sancti
1883 3263 2154 3347 spiritus

202 3365 458 3421 motum
479 3405 498 3436 ,
569 3355 900 3420 Davidem
966 3355 1046 3419 ad
1112 3351 1277 3420 illud
1342 3361 1672 3419 certamen
1737 3351 2151 3415 excitantem.

203 3437 382 3506 Sane
441 3462 649 3524 saepe
696 3442 880 3507 Deus
925 3440 1021 3507 sic
1064 3438 1587 3505 extraordinaria
1630 3437 1886 3501 ratione
1929 3455 2153 3518 opera·

199 3533 311 3591 tur
365 3528 440 3592 in
504 3528 594 3592 iis
651 3528 762 3611 qui
820 3527 1071 3592 facinus
1125 3522 1387 3608 aliquod
1429 3523 1687 3605 insigne
1731 3533 1796 3588 et
1839 3520 2155 3586 memoria

198 3610 482 3697 dignum
512 3612 1018 3697 aggrediuntur.
1076 3608 1518 3692 Quamobrem
1541 3608 1892 3693 diligenter
1921 3607 2154 3673 distin·

191 3699 514 3782 guendae
563 3706 727 3764 sunt
769 3700 1054 3765 virtutes
1097 3696 1467 3761 ordinariae
1508 3692 1800 3759 fidelium
1848 3693 1972 3758 Dei
2016 3714 2150 3759 ser·

189 3806 457 3864 vorum,
527 3807 571 3851 a
626 3785 814 3850 donis
867 3782 1309 3867 singularibus
1363 3791 1431 3846 et
1486 3781 1762 3864 propriis
1820 3799 1896 3844 ac
1939 3789 2154 3843 extra·

184 3870 587 3938 ordinariis.
656 3872 828 3937 Nam
864 3871 922 3935 si
961 3870 1041 3935 de
1078 3866 1443 3934 obedientia
1487 3886 1653 3950 quae
1676 3864 1818 3929 Deo
1864 3862 2152 3944 debetur,

187 3954 269 4021 de
313 3957 684 4041 patientia,
740 3957 820 4022 de
863 3954 1236 4021 humilitate
1295 3954 1699 4036 caeterisque
1742 3949 2152 4015 instiusmodi

183 4043 576 4110 virtutibus
636 4053 888 4126 agatur,
948 4040 1030 4107 ad
1091 4060 1319 4105 omnes
1359 4039 1587 4104 fideles
1629 4039 1756 4103 ista
1798 4038 2150 4119 pertinent.

179 4127 363 4195 Nam
412 4129 521 4196 ita
569 4129 818 4214 singuli
861 4128 1326 4195 confirmamur
1368 4126 1438 4189 in
1486 4123 1781 4189 doctrina
1822 4143 1990 4205 quae
2022 4121 2156 4187 Dei

177 4214 396 4281 verbo
445 4215 870 4291 continetur3
916 4223 981 4279 et
1023 4214 1080 4278 si
1124 4211 1334 4277 fidelis
1378 4209 1650 4276 alicuius
1697 4209 1866 4275 vitae
1907 4208 2151 4278 sancti·

173 4303 494 4367 moniam
563 4311 633 4365 et
694 4300 1002 4366 virtutem
1064 4317 1217 4363 cum
1274 4306 1616 4380 praecepta
1659 4294 1954 4360 doctrina
1997 4313 2151 4360 con-

173 4384 515 4468 seramus,
570 4407 649 4452 eo
682 4387 891 4471 magis
928 4405 1051 4449 nos
1094 4384 1177 4450 ad
1223 4385 1536 4449 virtutem
1581 4379 1855 4446 excitari
1897 4390 1965 4445 et
2005 4400 2153 4445 con-

171 4472 444 4539 firmari
525 4480 808 4556 oportet.
918 4469 1054 4537 Sed
1117 4469 1434 4553 quaedam
1500 4477 1658 4533 sunt
1715 4467 2011 4545 virtutes,
2074 4475 2151 4530 ut

172 4567 340 4624 ante
378 4558 570 4642 dixi,
614 4558 913 4641 propriae
947 4555 1360 4639 quorundum
1403 4574 1566 4637 quas
1608 4574 1739 4618 non
1782 4557 2038 4636 oportet
2079 4551 2150 4615 in

167 4644 599 4728 exemplum
656 4643 856 4719 trahi,
906 4655 974 4708 et
1030 4664 1148 4724 pro
1207 4639 1498 4726 generali
1539 4638 1765 4722 regula
1808 4637 2146 4704 constitui:

167 4730 400 4811 qualis
440 4731 574 4796 hic
597 4728 873 4795 Davidis
907 4728 1127 4794 fervor
1160 4740 1227 4793 et
1268 4728 1484 4793 virtus
1526 4723 1932 4808 proponitur,
1974 4722 2147 4805 quod

162 4815 298 4882 fnit
360 4815 458 4882 ad
528 4823 797 4898 tempus
851 4813 1127 4898 speciale
1185 4811 1506 4896 quoddam
1562 4809 2011 4892 privilegium:
2082 4816 2149 4874 et

163 4921 239 4966 re
283 4903 451 4985 ipsa
481 4901 718 4968 David
750 4901 903 4966 fecit
947 4899 1365 4965 manifestum
1407 4895 1706 4963 seaDeo
1749 4895 2028 4960 electum
2071 4903 2150 4960 ιιι

159 4986 250 5052 ad
309 4988 607 5073 regiam
663 4986 1052 5072 dignitatem
1109 4984 1501 5070 perveniret.
1584 4980 1758 5048 Sane
1817 4981 2025 5045 fateor
2077 4982 2152 5047 in

159 5073 296 5140 hoc
334 5074 739 5142 certamine
772 5073 1156 5156 conspicuas
1199 5090 1340 5136 esse
1382 5069 1662 5134 virtutes
1701 5085 1864 5149 quae
1908 5065 1992 5131 ad
2027 5086 2149 5132 nos

155 5161 382 5227 etiam
423 5160 805 5244 pertinent,
852 5167 916 5225 et
951 5179 1115 5242 quac
1160 5155 1244 5222 ad
1288 5153 1595 5221 ecclesiae
1635 5153 1737 5219 sin
1789 5151 1899 5216 ula
1940 5172 2147 5217 mem-

152 5244 286 5314 bra
346 5243 659 5314 extendi
712 5244 970 5311 debent.
1053 5241 1231 5309 'Palis
1287 5251 1387 5308 est
1429 5239 1668 5307 fiducia
1709 5239 1758 5304 il
1784 5257 1825 5302 a
1867 5236 2146 5306 Davidis

2265 608 2471 674 aDeo
2514 620 2868 693 acceperat,
2917 629 2958 675 a
3001 630 3131 693 quo
3174 610 3622 676 fortitudinem
3659 621 3725 677 et
3767 612 3970 677 animi
4012 633 4205 695 prae-

2263 694 2573 760 stantiam
2640 693 2951 760 habebat:
3016 715 3181 779 quae
3245 717 3580 778 nunquam
3635 697 3819 761 illum
3871 696 3941 762 in
4001 698 4205 764 rebus

2262 780 2557 863 angustis
2601 793 2665 845 et
2721 800 2926 864 paene
2980 781 3336 863 desperatis
3395 782 3716 860 deseruit,
3771 783 3888 847 sed
3942 803 4206 867 semper

2261 865 2425 932 fovit
2479 875 2550 931 et
2590 867 3025 932 confirmavit.
3114 866 3394 931 Tantam
3435 866 3718 933 Davidis
3759 867 4202 935 constantiam

2260 951 2614 1029 intuentes,
2672 953 2740 1016 in
2799 951 3172 1036 exemplum
3218 973 3548 1019 assumere
3592 962 3660 1018 et
3716 953 3962 1018 imitari
4005 953 4201 1021 debe·

2260 1056 2426 1103 mus.
2532 1037 2763 1120 Neque
2835 1059 2989 1103 vero
3052 1047 3273 1103 tamen
3328 1038 3723 1121 sperandum
3777 1045 3878 1105 est
3931 1040 4070 1105 fore
4121 1049 4203 1106 ut

2263 1120 2447 1189 Deus
2505 1144 2627 1189 nos
2680 1143 2937 1206 semper
2979 1121 3245 1188 adiuvet
3288 1124 3356 1188 in
3400 1125 3664 1209 gigante
3708 1124 3926 1208 aliquo
3969 1146 4201 1208 super-

2261 1208 2448 1286 ando,
2508 1208 3053 1291 quemadmodum
3113 1208 3436 1275 Davidem
3493 1211 3680 1275 iuvit.
3768 1210 3991 1290 Quare
4045 1211 4204 1278 licet

2261 1313 2331 1359 se
2353 1294 2577 1359 David
2617 1293 2788 1359 ultro
2831 1295 2913 1359 ad
2956 1295 3288 1378 singulare
3331 1305 3660 1361 certamen
3705 1294 4033 1376 obtulerit,
4077 1316 4202 1362 nos

2261 1389 2485 1446 tamen
2520 1381 2698 1463 ipsos
2733 1380 3081 1466 diligenter
3115 1380 3359 1445 intueri
3394 1379 3594 1454 decet.
3631 1381 3878 1464 aliquid
3914 1382 4200 1448 arduum

2259 1474 2327 1529 et
2362 1464 2631 1532 difficile
2674 1475 3110 1549 suscepturos,
3172 1467 3431 1532 viresne
3474 1467 3660 1533 nobis
3704 1467 4056 1546 sufficiant,
4098 1487 4192 1533 an

2259 1571 2402 1616 eam
2468 1550 2681 1617 divini
2744 1562 2960 1618 motus
3024 1552 3160 1617 vim
3227 1553 3298 1615 in
3361 1550 3549 1619 nobis
3605 1554 3965 1619 sentiamus
4024 1571 4199 1637 quae

2259 1637 2446 1703 nobis
2481 1637 2735 1704 felicem
2781 1636 3036 1703 exitum
3082 1635 3480 1721 polliceatur.
3548 1638 4028 1704 Verumtamen
4070 1639 4199 1706 etsi

2261 1722 2500 1788 virium
2580 1733 2955 1789 nostrarum
3011 1721 3523 1789 imbecillitatem
3592 1724 3981 1805 sentiamus,
4060 1745 4199 1790 non

2257 1804 2401 1873 ideo
2438 1819 2658 1874 tamen
2692 1806 2878 1874 labor
2912 1809 2978 1874 in
3016 1808 3096 1874 iis
3131 1828 3298 1891 quae
3340 1820 3495 1874 sunt
3536 1821 3797 1875 nostrae
3838 1809 4199 1878 vocationis

2259 1894 2611 1978 fugiendus
2668 1902 2786 1960 est.
2874 1893 3047 1960 Nam
3097 1914 3257 1977 quos
3299 1894 3483 1961 Deus
3527 1894 3609 1960 ad
3653 1894 3908 1979 aliquod
3951 1915 4198 1963 munus

2261 1980 2542 2060 vocavit,
2579 1989 2645 2044 et
2678 1978 2916 2061 quibus
2944 1988 3191 2045 certam
3225 1980 3535 2063 imposuit
3569 1982 3990 2063 provinciam,
4026 2001 4199 2063 quae

2261 2065 2383 2131 hoc
2416 2066 2526 2132 vel
2568 2066 2734 2132 illud
2778 2066 3089 2149 requirat,
3130 2065 3286 2131 licet
3328 2087 3447 2132 nos
3487 2066 3888 2132 infirmitatis
3930 2075 4199 2134 nostrae

2259 2172 2489 2218 sensus
2523 2151 2839 2218 tardiores
2872 2151 3131 2230 efficiat,
3175 2152 3575 2236 pergendum
3621 2162 3841 2218 tamen
3887 2153 3958 2217 in
4001 2172 4198 2219 voca-

2260 2237 2450 2315 tione,
2507 2248 2577 2304 et
2630 2236 2999 2322 superanda
3055 2237 3268 2304 omnis
3321 2234 3591 2304 ferendo
3647 2245 3749 2305 est
3805 2237 4193 2305 difficultas:

2258 2329 2326 2388 et
2366 2323 2552 2389 Deus
2609 2322 3035 2406 invocandus,
3095 2331 3173 2388 ut
3215 2322 3395 2389 vitiis
3439 2325 3679 2390 nostris
3725 2323 4081 2404 medeatur,
4125 2333 4199 2391 et

2261 2407 2688 2476 defectionem
2731 2419 3021 2474 nostram
3065 2407 3382 2492 suppleat.
3446 2407 3578 2475 Sed
3622 2409 3680 2475 si
3723 2408 3803 2475 de
3845 2430 3916 2475 re
3959 2416 4201 2493 agatur

2259 2515 2425 2578 quae
2483 2515 2600 2561 nos
2652 2493 3037 2560 necessitate
3093 2515 3228 2559 non
3286 2505 3537 2579 urgeat,
3593 2506 3662 2560 et
3703 2495 3785 2559 ad
3828 2515 4023 2577 quam
4069 2515 4197 2564 nos

2261 2601 2395 2646 non
2451 2580 2695 2664 obliget
2738 2578 3023 2645 conditio
3068 2578 3150 2644 ad
3195 2600 3393 2663 quam
3436 2603 3477 2646 a
3518 2580 3665 2647 Deo
3707 2581 3922 2647 vocati
3965 2581 4199 2664 simus,

2259 2665 2479 2732 Deum
2539 2684 2882 2750 precemur
2940 2673 3014 2730 ut
3072 2684 3194 2731 nos
3237 2666 3515 2749 inspiret
3556 2676 3623 2732 et
3666 2674 3853 2751 regat
3895 2687 4013 2732 suo
4056 2666 4194 2751 spi-

2258 2753 2413 2829 ritu,
2472 2770 2550 2818 ac
2606 2751 2951 2835 patefaciat
3008 2770 3137 2833 qua
3194 2751 3266 2815 in
3324 2771 3395 2816 re
3438 2763 3731 2817 nostram
3774 2773 4039 2836 operam
4085 2774 4193 2818 re·

2261 2838 2513 2920 quirat:
2580 2857 2791 2920 neque
2854 2856 2976 2901 nos
3039 2836 3214 2901 sinat
3275 2836 3383 2902 vel
3450 2835 3725 2922 digitum
3782 2841 3926 2903 sine
3983 2837 4195 2921 ipsius

2259 2923 2663 3007 praescripto
2720 2933 2786 2989 et
2841 2923 3174 2988 voluntate
3217 2942 3510 2988 movere:
3572 2943 3647 2990 ac
3690 2922 3962 3006 proinde
4002 2921 4194 2992 nobis

2259 3010 2397 3093 ipse
2431 3016 2717 3094 praeeat,
2752 3029 2943 3091 quem
2982 3028 3332 3090 sequamur
3355 3016 3431 3073 ut
3453 3008 3754 3091 discipuli
3776 3008 4192 3092 magistrum,

2258 3103 2326 3161 et
2367 3094 2489 3161 sub
2528 3095 2668 3160 eius
2710 3093 3017 3176 auspiciis
3059 3094 3184 3158 tuti
3227 3092 3450 3160 simus.

2425 3181 2754 3263 Deinceps
2811 3180 3121 3261 sequitur,
3187 3177 3455 3245 Saulem
3512 3177 3795 3244 voluisse
3854 3177 4191 3245 Davidem

2258 3263 2339 3330 ab
2396 3267 2520 3333 hoc
2562 3265 2921 3332 certamine
2966 3265 3312 3343 deterrere,
3364 3265 3468 3331 his
3514 3264 3766 3330 verbis:
3828 3263 3974 3329 Non
4014 3264 4193 3332 valea

2252 3353 2537 3419 resistere
2593 3351 2936 3417 Philistaeo
2987 3351 3124 3434 isti,
3178 3369 3286 3416 nec
3549 3371 3617 3416 re
3673 3350 3975 3416 adversus
4022 3371 4189 3432 eum,

2255 3440 2410 3520 quia
2441 3459 2607 3521 puer
2647 3458 2731 3514 ee,
2776 3436 2879 3503 hic
2918 3441 3124 3502 autem
3155 3436 3258 3502 vir
3298 3435 3555 3503 bellator
3595 3441 3685 3501 est
3727 3435 3805 3501 ab
3839 3436 4189 3503 adolescen-

2252 3524 2347 3588 tia
2377 3543 2517 3589 sua.
2586 3523 2841 3590 Aetatis
2874 3533 3174 3588 maturae
3210 3522 3386 3588 viros
3430 3531 3679 3586 certum
3724 3529 3824 3586 est
3868 3541 4000 3585 non
4041 3542 4189 3589 esse

2253 3629 2445 3692 pares
2499 3609 2751 3675 viribus
2794 3606 3162 3685 iuvenibus,
3221 3628 3429 3689 neque
3472 3627 3623 3672 cum
3669 3605 3803 3671 illis
3846 3607 4187 3672 conferen-

2254 3694 2389 3776 dos,
2449 3694 2625 3778 quod
2684 3715 2904 3760 eorum
2964 3705 3143 3759 aetas
3197 3693 3432 3759 effoeta
3487 3692 3604 3756 sit:
3665 3711 3867 3775 quare
3911 3691 4187 3759 Goliath

2253 3780 2362 3848 hic
2414 3802 2536 3865 pro
2591 3789 2901 3847 veterano
2944 3779 3153 3844 milite
3195 3798 3327 3843 non
3372 3778 3643 3843 effoetae
3684 3776 3799 3843 sed
3842 3777 4189 3845 mediocris

2253 3870 2485 3933 aetatis
2519 3866 2853 3950 accipitur.
2919 3863 3140 3930 David
3180 3875 3398 3930 autem
3434 3864 3557 3929 etsi
3593 3862 3852 3928 virilem
3897 3873 4191 3930 aetatem

2253 3953 2603 4037 attigerat,
2668 3973 2831 4035 puer
2895 3960 3115 4015 tamen
3181 3948 3546 4032 appellatur
3569 3998 3585 4029 ,
3650 3946 3827 4032 quod
3888 3948 4186 4015 nondum

2253 4040 2427 4104 vires
2460 4040 2751 4121 integras
2785 4035 3040 4114 habeat,
3083 4033 3606 4118 quandoquidem
3649 4034 3729 4098 ad
3776 4055 4023 4099 annum
4069 4055 4185 4099 ns-

2253 4145 2377 4207 que
2435 4123 3003 4207 quadragesimum
3064 4121 3290 4206 augeri
3349 4122 3520 4185 vires
3579 4119 3920 4185 hominum
3980 4119 4187 4184 etiam

2253 4209 2444 4275 hodie
2467 4217 2719 4275 certum
2764 4217 2896 4274 est:
2942 4206 3065 4272 etsi
3108 4206 3532 4272 vehementer
3577 4203 4029 4270 labefactatum
4075 4211 4181 4269 est

2251 4296 2615 4362 humanum
2662 4316 2883 4378 genus,
2942 4304 3011 4358 et
3052 4292 3298 4376 singuli
3344 4291 3641 4357 homines
3686 4288 3915 4354 mundi
3954 4308 4185 4354 senee-

2251 4391 2386 4446 tam
2444 4382 2516 4447 in
2575 4402 2645 4446 se
2687 4381 2846 4464 ipsis
2887 4389 3394 4461 repraesentant,
3444 4378 3577 4441 iam
3622 4375 3837 4441 effoeti
3880 4394 4040 4455 quos
4080 4374 4183 4437 in-

2252 4468 2455 4551 tegris
2488 4467 2705 4534 adhuc
2748 4465 2997 4531 viribus
3041 4485 3181 4530 esse
3224 4471 3581 4548 oporteret:
3629 4470 3847 4526 tamen
3895 4479 3969 4524 eo
4013 4467 4181 4523 tem-

2248 4574 2406 4636 pore
2444 4552 2547 4620 vir
2589 4550 3142 4636 quadragenarius
3186 4559 3299 4615 aut
3340 4549 3538 4614 etiam
3582 4544 4183 4630 quinquagenarius

2250 4640 2480 4705 fortior
2536 4648 2603 4705 et
2661 4637 2983 4703 robustior
3040 4655 3182 4701 esse
3225 4643 3498 4718 poterat,
3551 4651 3746 4716 quam
3791 4628 4177 4696 adolescens

2250 4724 2508 4808 aliquis,
2605 4745 2759 4790 uam
2812 4729 3092 4788 aetatem
3152 4719 3370 4787 David
3426 4718 3753 4801 attigerat.
3841 4715 4036 4781 Hanc
4092 4715 4179 4783 ob

2247 4831 2512 4878 causam
2626 4810 2731 4875 aul
2797 4809 2984 4873 illum
3050 4807 3263 4872 reiicit
3316 4813 3627 4886 tanquam
3684 4822 3818 4866 non
3866 4799 4183 4868 idoneum

2249 4896 2333 4961 ad
2389 4914 2713 4980 pugnam:
2769 4895 3020 4961 veritus
3076 4916 3157 4960 ne
3212 4895 3350 4975 ipse
3404 4910 3731 4954 summum
3787 4885 4066 4953 dedecus
4108 4893 4183 4956 et

2247 4983 2679 5065 ignominiam
2736 4983 3114 5056 incurreret,
3174 4979 3231 5043 si
3288 4977 3542 5041 iuvenis
3595 4974 3705 5039 ille
3763 4995 3803 5038 a
3860 4971 4179 5040 Goliatho

2249 5070 2514 5152 gigante
2534 5068 2679 5134 sine
2700 5067 2957 5152 negotio
2980 5064 3430 5130 debellaretur.
3487 5060 3660 5126 Nam
3697 5057 4183 5142 provocationis

2250 5153 2427 5240 leges
2469 5154 2783 5231 ferebant,
2826 5159 2903 5218 ut
2944 5150 3000 5216 si
3044 5171 3083 5215 a
3106 5147 3418 5216 Goliatho
3461 5145 3779 5231 singulari
3819 5143 4183 5212 certamine

2248 5241 2623 5325 propositus
2700 5237 3111 5309 adversarius
3190 5241 3638 5317 superaretur,
3704 5230 4040 5298 Israelitae
4102 5250 4183 5296 se

3658 5331 3760 5386 14*
