5059 6059
322 340 436 407 377

1636 335 1739 404 IN
1780 335 1838 402 1.
1881 336 2064 404 LIB.
2104 331 2507 404 SAMUEL.
2554 331 2754 400 CAP.
2798 331 2930 397 ΠΙ.

4136 337 4265 405 378

321 532 394 598 fit
442 525 699 604 mentio,
764 523 1109 592 faciamus:
1178 545 1253 592 ac
1312 531 1623 608 tanquam
1681 524 2226 592 inaestimabilem
2335 521 2643 588 hensibili
2701 523 2956 587 ratione
3010 521 3137 588 sibi
3195 520 3529 590 residuum
3585 522 3913 590 Dominus
3973 524 4257 610 aliquem

324 615 687 682 thesaurum
729 611 967 677 animis
1025 613 1266 677 nostris
1311 610 1759 690 recondamus,
1817 621 1882 677 et
1939 610 2229 697 penitius

321 698 768 780 insculpamus.
874 696 1186 780 Alioquin
1250 699 1424 762 enim
1488 697 1617 763 huc
1675 696 1832 762 illuc
1884 717 2104 762 errare
2161 705 2230 762 et

320 797 713 866 transversos
768 782 876 865 agi
935 803 1196 849 necesse
1251 785 1400 862 erit,
1457 802 1716 864 semper
1749 782 2106 861 instabiles,
2152 801 2229 848 ac

319 889 640 954 nunquam
676 867 757 933 de
790 866 1003 934 salute
1048 878 1271 935 nostra
1304 874 1429 948 πλη
1615 877 1710 930 ίαν
1731 868 2066 934 habentes.
2114 865 2229 934 Sic

315 956 549 1026 Paulus
602 953 947 1038 plerosque
1003 952 1162 1020 dicit
1216 974 1257 1020 a
1298 954 1428 1021 fide
1473 954 1838 1032 descivisse,
1896 954 2067 1038 quod
2111 952 2228 1018 bo·

324 1062 467 1109 nam
510 1039 977 1106 conscientiam
1024 1060 1154 1104 uon
1199 1041 1607 1106 retinuerint.
1696 1037 1954 1120 Quibus
2014 1039 2227 1105 verbis

318 1124 592 1193 ostendit
648 1145 787 1205 nos,
843 1125 903 1190 si
957 1145 1036 1190 cu
1086 1124 1420 1192 iditatibus
1464 1126 1752 1192 habenas
1796 1124 2112 1202 laxemus,
2158 1134 2227 1189 et

318 1235 355 1279 a
391 1211 615 1279 salutis
670 1209 968 1277 doctrina
1069 1212 1466 1291 eflectamus,
1522 1211 1787 1277 tandem
1846 1232 1887 1276 a
1940 1211 2225 1277 Domino

314 1298 565 1383 penitus
609 1295 1073 1376 excaecandos,
1128 1308 1197 1364 et
1238 1298 1308 1363 in
1361 1297 1706 1381 reprobum
1763 1317 2029 1363 sensum
2075 1297 2225 1360 mit·

317 1384 554 1467 tendos,
615 1402 693 1449 ac
737 1381 1021 1465 denique
1063 1383 1134 1448 in
1197 1383 1394 1451 huius
1439 1381 1664 1448 mundi
1709 1381 2223 1467 corruptelarum

315 1468 615 1555 abyssum
684 1467 1171 1553 demergendos.
1275 1472 1391 1546 Ac,
1456 1488 1573 1534 vos
1639 1468 1924 1548 obsecro,
1968 1488 2223 1533 mecum

315 1556 413 1622 hic
453 1553 802 1638 expendite
845 1573 1041 1636 quam
1086 1574 1126 1619 a
1169 1554 1393 1621 multis
1434 1554 1566 1619 iam
1612 1554 1889 1620 saeculis
1914 1552 2036 1618 Dei
2087 1574 2227 1619 ver-

313 1643 453 1708 bum
513 1660 652 1705 non
712 1638 906 1704 modo
964 1660 1097 1705 non
1154 1640 1353 1707 fuerit
1401 1640 1471 1704 in
1514 1641 1744 1724 pretio,
1801 1638 1918 1704 sed
1961 1662 2044 1705 ex
2087 1659 2225 1704 me-

314 1726 508 1792 moria
573 1725 845 1809 penitus
908 1726 997 1789 sit
1046 1725 1482 1792 obliteratum.
1571 1724 1739 1790 Nam
1803 1735 1956 1790 ante
2020 1743 2227 1790 annos

316 1811 802 1897 quinquaginta,
861 1821 1143 1893 quantae
1200 1812 1447 1876 fuerint
1504 1811 1746 1893 passim
1792 1812 2116 1892 tenebrae,
2158 1818 2226 1876 et

316 1896 563 1982 quidem
608 1916 691 1961 eo
720 1915 925 1978 usque
959 1908 1324 1979 provectae,
1364 1907 1439 1962 ut
1474 1896 1626 1979 qnid
1663 1895 1790 1973 lex,
1834 1895 1989 1979 quid
2026 1917 2224 1961 evan-

315 1983 547 2068 gelium
606 1981 827 2056 fuerit,
886 1983 1262 2065 ignoratum
1303 1983 1408 2063 sit,
1462 1996 1528 2047 et
1567 1981 1908 2066 plebecula
1951 1983 2021 2047 in
2065 1980 2222 2046 den-

314 2067 575 2134 sissimis
622 2066 915 2133 tenebris
955 2066 1247 2152 caligans
1293 2088 1555 2151 prorsus
1597 2068 1982 2151 ostupuerit,
2040 2078 2109 2132 et
2149 2066 2220 2132 in

313 2154 569 2238 quaevis
616 2152 870 2237 flagitia
910 2172 1222 2237 praeceps
1261 2155 1483 2231 ruerit,
1530 2163 1603 2218 ut
1650 2173 1985 2236 nunquam
2028 2173 2224 2236 paga-

312 2260 531 2305 norum
577 2249 773 2303 tanta
814 2238 1015 2303 suerit
1056 2259 1251 2322 quam
1296 2259 1518 2303 eorum
1555 2239 1670 2321 qui
1692 2238 1938 2304 Christi
1982 2259 2219 2304 nomen

311 2325 752 2391 ementiuntur
809 2322 1095 2404 lascivia,
1155 2334 1222 2389 et
1279 2324 1638 2390 effraenata
1682 2321 1899 2389 libido.
1990 2323 2221 2407 Neque

309 2431 454 2476 vero
496 2421 1001 2475 momentaneae
1039 2410 1195 2474 illae
1228 2410 1495 2476 fuerunt
1531 2410 1855 2488 tenebrae,
1902 2409 2014 2475 sed
2051 2409 2221 2474 mul·

310 2505 509 2561 torum
553 2493 992 2574 saeculorum,
1054 2494 1200 2561 Deo
1253 2495 1440 2562 verbi
1482 2496 1582 2561 sui
1635 2504 2080 2577 contemptum
2126 2494 2221 2560 sic

307 2580 677 2664 ulciscente,
721 2600 847 2663 quo
888 2601 960 2646 se
1002 2581 1285 2647 mundus
1326 2580 1672 2664 indignum
1728 2580 2034 2664 reddidit,
2094 2580 2219 2644 Dei

307 2668 642 2733 maiestate
661 2675 730 2730 et
762 2666 978 2748 gratia
1012 2668 1079 2731 in
1118 2665 1461 2742 evangelio
1496 2667 1790 2731 radiante
1824 2687 1950 2732 non
1974 2666 2217 2751 agnita.

306 2751 433 2818 Nos
468 2752 699 2835 itaque
744 2762 877 2816 tam
922 2750 1218 2818 tristibus
1262 2751 1470 2818 edocti
1514 2752 1850 2835 exemplis,
1899 2752 1965 2816 in
2003 2762 2221 2835 poste·

305 2858 438 2903 rum
479 2839 844 2921 sapiamus,
889 2847 954 2902 et
996 2857 1197 2920 quum
1243 2837 1427 2903 Deus
1467 2857 1610 2902 sese
1653 2846 1788 2901 tam
1834 2835 2057 2921 aperte
2099 2858 2218 2902 uo·

303 2920 394 2990 bis
432 2923 805 3008 patefaciat,
851 2935 917 2987 et
947 2923 1116 2988 hanc
1153 2922 1434 3008 gratiam
1473 2942 1590 3005 pro
1620 2943 1741 2989 sua
1777 2923 2219 2988 misericordia

302 3010 366 3074 in
405 3009 538 3075 dies
580 3009 1019 3091 insigniorem
1064 3010 1278 3086 faciat,
1329 3009 1515 3092 quasi
1574 3008 1717 3094 ipse
1761 3027 2066 3091 praesens
2104 3029 2218 3075 no-

303 3093 537 3161 biscum
602 3094 1021 3160 familiariter
1084 3106 1595 3175 conversaretur,
1662 3093 1889 3159 demus
1952 3114 2218 3178 operam

304 3191 373 3244 ut
425 3179 593 3246 tanti
673 3180 943 3245 verbum
1008 3181 1212 3264 ipsius
1269 3177 1605 3260 faciamus,
1653 3180 1881 3263 quanti
1937 3201 2056 3263 par
2098 3189 2217 3259 est,

301 3284 418 3349 quo
459 3285 804 3349 nunquam
850 3264 1035 3332 nobis
1068 3266 1401 3349 eripiatur,
1445 3267 1646 3330 immo
1680 3266 1753 3330 in
1790 3264 1961 3330 hanc
1994 3265 2219 3332 sedulo

299 3370 502 3418 curam
546 3350 1037 3431 incumbamus,
1095 3364 1171 3417 ut
1211 3350 1291 3416 ad
1340 3363 1632 3434 posteros
1675 3364 2010 3433 acceptum
2054 3351 2215 3416 illud

299 3438 837 3518 transmittamus,
902 3446 975 3502 ut
1037 3436 1345 3504 continua
1409 3436 1578 3502 serie
1633 3449 1978 3520 exceptum
2043 3434 2217 3520 apud

300 3521 435 3588 illos
473 3521 833 3624 splendeat
873 3532 940 3587 et
984 3522 1220 3607 vigeat,
1258 3533 1604 3607 postquam
1647 3542 1686 3587 a
1728 3519 1875 3588 Deo
1919 3523 2137 3589 vocati
2181 3544 2218 3588 e

302 3627 461 3676 vius
493 3627 997 3676 excesserimus.

459 3694 815 3761 Caeterum
873 3704 942 3759 et
1010 3691 1188 3758 istud
1254 3689 1710 3758 observatione
1766 3690 2037 3777 dignum
2096 3701 2213 3772 est,

300 3779 454 3861 quod
517 3781 641 3846 etsi
710 3776 838 3844 Dei
916 3780 1190 3845 verbum
1269 3777 1741 3862 quodammodo
1825 3777 2216 3844 suffocatum

304 3863 507 3944 iacuit,
564 3886 707 3931 non
766 3875 986 3930 tamen
1043 3864 1309 3930 omnino
1372 3865 1583 3947 periit,
1683 3864 1796 3928 uin
1853 3876 2215 3929 sementem

307 3948 572 4034 aliquam
620 3951 949 4032 habuerit,
987 3961 1055 4017 et
1095 3971 1252 4034 repu
1306 3950 1608 4015 nantibus
1678 3952 1803 4014 icet
1843 3950 2215 4016 hominibus

306 4045 371 4100 ct
401 4036 878 4122 ingratitudine
921 4036 1234 4100 adversus
1322 4056 1471 4101 eum
1507 4035 1925 4109 certantibus,
1960 4055 2218 4119 semper

304 4121 628 4205 impletum
687 4123 795 4198 sit,
861 4133 927 4187 ct
984 4121 1325 4187 hominum
1398 4118 1734 4186 mendacia
1788 4120 2033 4186 virtute
2097 4143 2217 4186 sua

302 4210 632 4292 superarit.
704 4206 997 4272 Maxima
1029 4227 1185 4292 pars
1220 4206 1556 4271 hominum
1592 4228 1632 4272 a
1654 4203 1781 4271 Dei
1817 4207 2217 4273 subiectione

301 4303 362 4357 ct
412 4293 575 4378 legis
631 4292 1005 4359 obedientia
1070 4302 1445 4370 recesserat,
1510 4292 1622 4357 sed
1685 4310 1925 4375 paucos
1977 4293 2216 4359 electos

301 4375 474 4445 Deus
516 4380 600 4445 ad
640 4377 1026 4461 obsequium
1061 4389 1130 4443 et
1161 4377 1565 4443 voluntatem
1600 4397 1786 4444 suam
1824 4378 2214 4461 compositos

300 4464 581 4532 retinuit.
674 4463 847 4529 Nam
890 4475 959 4530 et
1015 4467 1315 4547 superius
1358 4464 1660 4540 vidimus,
1705 4461 2085 4546 prophetam
2132 4462 2214 4528 ad

299 4547 449 4615 Heli
491 4551 794 4633 missum,
850 4547 1221 4615 divinorum
1276 4548 1665 4613 iudiciorum
1725 4548 2053 4614 decretum
2101 4549 2213 4614 ad-

300 4653 525 4701 versus
583 4634 908 4700 familiam
964 4635 1106 4701 eius
1164 4635 1290 4717 ipsi
1334 4635 1904 4699 annunciaturum.
1991 4633 2214 4716 Quare

302 4721 413 4787 etsi
464 4731 916 4803 contemptum
974 4717 1103 4786 Dei
1156 4722 1428 4787 verbum
1487 4720 1770 4798 iacebat,
1832 4717 2015 4785 Deus
2073 4720 2216 4802 ipse

302 4813 511 4872 nmen
577 4808 719 4872 suis
781 4807 1119 4890 promissis
1182 4805 1467 4890 aliquam
1527 4804 1877 4871 efficaciam
1958 4825 2215 4889 semper

301 4888 485 4971 dedit,
546 4900 626 4957 ut
683 4890 863 4958 nulla
921 4891 1261 4956 hominum
1318 4891 1568 4956 malitia
1623 4891 1946 4974 supprimi
1988 4900 2212 4974 potue·

300 4977 443 5042 rint.
531 4980 635 5044 Ac
691 4977 841 5043 licet
876 4997 992 5061 per
1037 4977 1242 5042 multa
1284 4976 1504 5043 secula
1550 4977 1755 5041 veluti
1801 4988 1973 5042 terra
2017 4978 2215 5042 obru-

301 5069 434 5127 tum
490 5073 559 5128 et
611 5064 938 5146 sepultum
998 5063 1195 5128 fuerit
1237 5061 1365 5127 Dei
1424 5062 1719 5138 verbum,
1777 5076 1849 5127 ut
1894 5061 2210 5128 mundum

303 5145 715 5231 dereliquisse
737 5150 971 5215 merito
1008 5147 1341 5215 videretur
1372 5147 1455 5215 ob
1488 5149 1692 5230 ipsius
1714 5148 2210 5230 perversitatem

301 5241 367 5297 et
424 5235 940 5318 corruptionem:
1005 5233 1392 5301 admiranda
1444 5245 1661 5299 tamen
1720 5244 1789 5299 et
1847 5233 2212 5319 incompre-

2334 606 2699 675 reservavit
2737 607 3069 692 populum,
3113 605 3318 675 donec
3353 608 3689 693 religionis
3723 611 3978 692 puritas
4011 613 4260 678 instau-

2334 703 2612 773 raretur,
2657 703 2722 757 et
2759 694 2828 759 in
2867 692 3205 778 pristinam
3244 694 3630 779 dignitatem
3668 709 4103 762 revocaretur.
4169 699 4263 764 Et

2331 780 2493 847 haec
2536 777 2797 862 quidem
2844 781 3130 845 maxime
3187 780 3387 865 digna
3441 790 3596 846 sunt
3651 782 4124 862 observatione,
4171 795 4250 849 ut

2329 865 2413 931 iis
2473 866 2952 948 respondeatur
3009 866 3120 949 qui
3163 864 3381 931 Deum
3425 865 3740 950 populum
3785 888 3977 933 suum
4022 869 4259 935 dereli-

2328 952 2559 1102 3:322:
2593 951 3551 1117 ‘'eii’iffjssifflffiffimiffss‘ffi
3588 952 4259 1106 ἱέἓωίῗὲῃῗίἕιὲἒ

2329 1121 2488 1188 illud
2532 1121 2797 1205 quidem
2841 1143 2974 1188 non
3016 1124 3394 1207 apparuisse
3437 1125 3741 1202 fructum,
3786 1125 3956 1207 quod
4001 1125 4114 1191 illo
4158 1147 4258 1193 es·

2334 1219 2485 1275 sent
2526 1207 2828 1275 homines
2869 1208 3155 1292 indigni:
3200 1208 3313 1273 sed
3336 1207 3520 1274 Deus
3562 1210 3704 1292 ipse
3744 1210 3957 1275 fidelis
3999 1231 4254 1296 semper

2330 1295 2605 1359 exstitit.
2694 1295 2803 1359 En
2860 1304 2938 1359 ut
2992 1295 3060 1358 iu
3104 1295 3334 1360 mediis
3378 1295 3761 1377 quibuscum
3805 1296 4077 1362 ecclesia
4122 1298 4254 1364 luc—

2329 1388 2506 1446 tatur
2544 1377 3052 1464 tempestatibus,
3098 1379 3280 1445 Deus
3313 1400 3383 1446 se
3418 1381 3811 1463 peculiarem
3849 1381 3989 1448 eius
4024 1404 4250 1449 curam

2326 1486 2556 1549 gerere
2599 1476 2892 1543 testatur,
2939 1474 3007 1530 et
3049 1486 3120 1530 re
3163 1465 3303 1549 ipsa
3347 1468 3724 1548 comprobat
3767 1487 3838 1532 se
3880 1478 4124 1534 sartam
4169 1469 4249 1534 il-

2326 1553 2456 1616 lam
2500 1560 2742 1617 tectam
2788 1570 3176 1617 conservare
3220 1550 3408 1616 velle.
3496 1554 3590 1617 At
3646 1573 3774 1617 non
3835 1551 3981 1618 ideo
4024 1566 4247 1621 tamen

2329 1637 2597 1703 ecclesia
2655 1639 2939 1702 maxima
2999 1656 3151 1719 pars
3194 1656 3403 1719 neque
3446 1637 3993 1720 apparentissima
4038 1637 4245 1705 homi-

2326 1744 2482 1789 num
2508 1733 2625 1800 est,
2670 1725 2828 1806 quin
2852 1723 3070 1805 potius
3113 1722 3667 1804 contemptissima
3710 1733 3777 1789 et
3817 1724 4250 1792 abiectissima

2327 1819 2446 1888 est,
2491 1818 2560 1873 et
2593 1808 2852 1892 quidem
2889 1807 3050 1872 adeo
3089 1806 3357 1873 humilis
3392 1818 3461 1871 et
3494 1809 3748 1874 abiecta
3782 1819 3855 1873 ut
3889 1811 4000 1874 vix
4039 1831 4250 1877 emer-

2326 1904 2457 1979 gat,
2505 1913 2636 1959 non
2681 1914 2866 1960 secus
2911 1914 2987 1958 ac
3029 1892 3312 1978 paucula
3350 1893 3663 1959 frumenti
3718 1915 3926 1980 grana
3966 1896 4251 1981 plurima

2326 1980 2518 2064 palea
2570 1990 3023 2065 conteguntur.

2500 2064 2828 2148 Deinceps
2863 2062 3120 2130 Samuel
3159 2072 3465 2130 narratur
3505 2066 3576 2129 in
3617 2064 3765 2131 ledo
3803 2085 3918 2132 sao
3958 2067 4030 2132 in
4070 2087 4249 2134 sono

2323 2151 2536 2216 lucrio
2591 2151 2890 2230 crubuisse,
2930 2153 3305 2232 vocatusque
3345 2167 3388 2216 a
3436 2149 3704 2217 Domino
3744 2150 3881 2217 Deo
3917 2152 4143 2235 faisse,
4187 2160 4245 2220 ct

2323 2238 2782 2320 expergefactus
2836 2236 2925 2301 ad
2980 2235 3176 2301 Helia
3225 2236 3609 2314 accurrisse,
3675 2235 3883 2302 tribus
3949 2241 4243 2323 repetitis

2324 2322 2608 2386 vicibus:
2652 2321 2819 2387 unde
2858 2321 3209 2406 coynovisse
3230 2322 3383 2388 Heu
3422 2322 3655 2387 dicitur
3675 2319 4019 2389 Dominum
4040 2324 4252 2391 Deam

2326 2405 2614 2473 Samueli
2676 2426 2746 2472 se
2796 2408 3151 2490 patefacere
3208 2405 3378 2491 velle,
3443 2408 3588 2485 etsi,
3646 2418 3723 2471 ut
3777 2428 3977 2491 supra
4035 2409 4248 2491 docui,

2324 2513 2512 2559 rarae
2556 2505 2714 2558 tunc
2759 2491 3104 2558 admodum
3149 2506 3369 2559 essent
3407 2493 3786 2576 prophetiae
3817 2507 3887 2559 et
3931 2495 4247 2563 visiones:

2322 2587 2392 2643 et
2448 2577 2825 2644 Samuelem
2890 2578 2972 2643 ab
3028 2576 3187 2644 Heli
3252 2577 3549 2643 edoctum
3614 2579 3816 2645 fuisse
3880 2580 4035 2662 qnid
4101 2583 4246 2665 ipsi,

2323 2674 2602 2731 vocante
2660 2665 2820 2745 Deo,
2873 2664 3045 2729 facto
3101 2674 3272 2729 esset
3328 2685 3512 2747 opus,
3578 2684 3812 2766 nempe
3866 2667 4111 2744 testari,
4177 2679 4246 2732 et
4382 2702 4386 2706 ·

2322 2751 2725 2833 proclamare
2780 2771 2850 2815 se
2903 2762 3287 2833 apparatum
3343 2749 3425 2815 ad
3481 2748 3752 2816 Domini
3816 2751 4140 2817 audienda
4182 2763 4249 2818 et

2321 2835 2736 2917 suscipienda
2780 2834 3104 2915 mandata,
3147 2847 3214 2900 et
3256 2835 3484 2900 eadem
3528 2835 3962 2919 exsequenda.
4042 2838 4249 2904 Deni-

2320 2941 2444 3004 que
2486 2920 2673 2986 Deus
2716 2920 2955 2986 dicitur
2997 2922 3234 2986 iterum
3279 2920 3475 2986 latam
3534 2921 3851 2987 adversus
3894 2920 4049 2987 Heli
4091 2944 4245 2989 sen·

2321 3008 2595 3072 tent-iam
2651 3018 2862 3072 ratam
2919 3005 3171 3072 fecisse.
3261 3005 3454 3088 Quod
3513 3004 3595 3071 ad
3651 3006 3926 3089 primam
3989 3020 4244 3090 partem

2321 3093 2577 3172 attinet,
2620 3112 2702 3158 ex
2747 3112 2824 3158 ea
2867 3093 2942 3158 fit
2985 3092 3171 3158 nobis
3213 3094 3650 3175 conspicuum,
3707 3091 3929 3157 Deum
3976 3093 4057 3158 ad
4099 3115 4241 3172 nos,

2320 3178 2442 3243 etsi
2489 3199 2617 3242 non
2679 3179 3068 3261 quaesitum,
3125 3178 3404 3263 priorem
3452 3178 3774 3244 accedere.
3866 3174 4240 3246 Samuelem

2320 3264 2584 3347 quidem
2625 3282 2907 3348 agnosco
2946 3262 3186 3329 bonum
3231 3262 3313 3329 de
3353 3285 3424 3330 se
3468 3265 3797 3347 specimen
3841 3263 4138 3341 edidisse,
4175 3272 4245 3331 et

2320 3351 2388 3414 in
2449 3349 2629 3416 hunc
2686 3351 2884 3416 finem
2942 3347 3290 3414 educatum
3335 3358 3404 3415 et
3445 3368 3485 3414 a
3528 3349 3909 3434 parentibus
3951 3348 4096 3415 Deo
4141 3350 4240 3415 di-

2319 3446 2560 3512 catum,
2606 3435 2813 3501 cultui
2856 3435 3062 3519 ipsius
3104 3445 3180 3501 ut
3212 3445 3507 3513 ηοω-εις
3551 3455 3628 3501 ac
3675 3432 3949 3517 proinde
3994 3456 4126 3501 non
4169 3437 4241 3501 in

2321 3521 2534 3586 aliena
2590 3519 2800 3598 domo,
2866 3521 2979 3587 sed
3042 3520 3112 3585 in
3177 3522 3549 3586 sanctuario
3613 3519 3915 3600 dormire,
3973 3540 4049 3587 ac
4112 3542 4240 3587 non

2323 3606 2517 3672 modo
2562 3615 2862 3690 paratum
2911 3605 2990 3672 ad
3038 3605 3231 3672 officii
3288 3607 3391 3672 sui
3435 3616 3657 3691 partes
3695 3603 4080 3689 implendas,
4128 3606 4246 3674 sed

2319 3692 2516 3757 etiam
2562 3692 2642 3757 ad
2686 3693 3068 3776 obsequium
3112 3692 3349 3757 summi
3392 3692 3764 3773 sacerdotis,
3816 3693 4005 3758 cuius
4048 3712 4244 3759 curae

2318 3778 2704 3844 commissus
2759 3791 2919 3855 erat,
2977 3779 3509 3843 attentissimum.
3611 3775 3800 3858 Quae
3855 3798 4015 3843 sane
4070 3780 4244 3845 bona

2318 3863 2631 3946 quaedam
2663 3862 2743 3928 ad
2770 3864 2895 3928 Dei
2926 3863 3285 3930 doctrinam
3323 3863 3758 3947 recipiendam
3794 3864 4240 3947 praeparatio:

2319 3948 2429 4014 sed
2460 3947 2725 4015 Samuel
2762 3971 2832 4015 se
2870 3949 3255 4034 prophetam
3293 3949 3431 4014 fore
3466 3950 3533 4013 in
3572 3950 3858 4013 animum
3908 3971 4237 4034 nunquam
4348 3952 4356 3962 '

2319 4034 2699 4114 induxisset,
2741 4036 2871 4099 nisi
2915 4035 3096 4101 Deus
3135 4035 3278 4116 ipse
3319 4034 3500 4117 prior
3539 4035 3985 4119 apparuisset,
4030 4049 4095 4100 et
4138 4056 4247 4118 pe-

2318 4121 2547 4186 culiari
2591 4122 2869 4203 quadam
2918 4119 3321 4186 revelatione
3365 4120 3806 4203 patefecisset:
3869 4129 4071 4203 quare
4116 4121 4243 4185 Dei

2321 4208 2512 4271 unius
2555 4205 2848 4272 bonitate
2892 4207 2973 4271 ad
3017 4227 3257 4271 munus
3300 4204 3495 4284 istud,
3539 4206 3619 4271 ad
3667 4204 3838 4289 quod
3873 4208 4003 4270 iam
4049 4215 4243 4270 antea

2319 4291 2682 4357 destinatus
2724 4299 2884 4369 erat,
2930 4303 3372 4374 praeparatur.
3460 4291 3655 4358 Hanc
3706 4292 3787 4356 ob
3831 4309 4093 4356 causam
4145 4293 4240 4356 vi·

2319 4375 2548 4442 demus
2606 4374 2977 4454 Ieremiam,
3043 4397 3083 4442 a
3131 4377 3289 4454 Deo,
3355 4397 3553 4459 quum
3622 4397 3936 4442 excusare
4000 4397 4070 4440 se
4128 4375 4242 4441 ille

2317 4462 2487 4545 apud
2513 4461 2876 4528 Dominum
2919 4472 3287 4538 conaretur,
3332 4462 3506 4546 quod
3544 4462 3836 4546 linguam
3871 4461 4240 4543 expeditam

2318 4568 2449 4612 non
2495 4547 2782 4624 haberet,
2828 4547 2938 4614 sed
3000 4567 3166 4630 puer
3218 4563 3390 4613 esset
3447 4570 3524 4614 ac
3585 4549 3756 4631 loqui
3803 4549 4103 4624 nesciret,
4148 4548 4242 4612 sic

2316 4635 2728 4717 compellari:
2788 4631 3183 4715 Priusquam
3237 4638 3294 4699 te
3353 4633 3692 4716 formarem
3748 4633 3821 4698 in
3860 4638 4046 4697 atero.
4094 4633 4243 4697 novi

2314 4723 2387 4790 te.
2432 4725 2491 4784 et
2530 4724 2863 4801 antequam
2897 4721 3102 4784 exires
3133 4720 3211 4784 dc
3245 4719 3453 4799 vdua,
3484 4719 3875 4803 praeparavi
3900 4722 3974 4797 te,
4009 4722 4064 4782 et
4097 4737 4242 4800 pro-

2305 4803 2567 4888 phetam
2608 4806 2676 4869 in
2716 4803 3006 4889 gentibus
3060 4805 3209 4871 dedi
3247 4808 3325 4870 te.
3414 4805 3501 4869 Et·
3546 4804 3789 4869 Paulus
3847 4804 4244 4885 apostolatus

2317 4892 2417 4955 sui
2485 4888 2869 4975 dignitatem
2937 4888 3252 4956 adversus
3315 4890 3576 4955 invidos
3656 4909 3951 4954 asserem
4031 4909 4241 4972 neque

2318 4997 2504 5059 posse
2562 4977 2684 5059 ipsi
2745 4979 2826 5042 ab
2895 4976 3265 5042 hominibus
3321 4976 3485 5060 eripi
3543 4975 3717 5041 hunc
3776 4974 3927 5037 Iesu
3989 4972 4240 5040 Christi

2317 5061 2594 5145 apostoli
2640 5063 2902 5128 titulum
2945 5082 3348 5140 asseverans,
3392 5065 3483 5125 ait
3525 5081 3596 5126 se
3634 5059 3952 5143 placuisse
3988 5058 4083 5124 illi
4119 5061 4234 5144 qui

2318 5150 2647 5230 separavit
2703 5149 2915 5231 ipsum
2974 5147 3054 5212 ab
3115 5163 3297 5213 utero
3355 5146 3585 5210 matris
3641 5166 3815 5210 suae.
3923 5143 4238 5211 Videmus

2317 5232 2662 5300 Ieremiam
2708 5249 2945 5299 natura
2978 5253 3099 5299 sua
3135 5232 3217 5298 ad
3253 5231 3625 5316 prophetiae
3659 5251 3900 5296 munus
3936 5232 4232 5316 ineptum
