5059 6059
352 329 485 395 257

347 522 514 590 milui
555 523 711 588 esset
751 519 996 599 incessi,
1052 523 1158 585 etc.
1246 516 1472 601 Quare
1532 517 2012 585 observandum
2060 518 2303 603 duplex

352 620 657 676 nostrum
718 609 857 674 fore
911 607 1179 686 crimen,
1244 607 1300 670 si
1358 627 1398 669 a
1454 605 1690 689 quibus
1749 605 1944 670 nullis
1989 606 2302 672 fuerimus

352 695 616 761 iniuriis
674 693 954 759 lacessiti
1016 693 1299 758 fastuose
1332 691 1794 775 despiciamus.
1893 691 2119 757 Dicam
2165 714 2304 757 am-

352 783 566 866 plius:
622 802 708 845 ne
764 777 1023 862 quidem
1085 787 1468 862 provocatos
1528 776 1608 842 ab
1654 777 2031 842 hominibus
2075 777 2304 845 decere

352 869 658 953 privatas
717 866 991 930 iniurias
1042 863 1375 947 persequi,
1452 862 1825 946 malumque
1892 862 2064 930 malo
2129 886 2303 931 com-

351 972 657 1038 pensare.
747 950 876 1018 Sed
945 950 1378 1015 inhumanum
1436 958 1537 1014 est
1593 971 1669 1015 ac
1730 948 2102 1031 belluinum,
2169 971 2301 1014 non

350 1038 622 1123 quidem
660 1045 1050 1120 provocatos
1087 1035 1360 1102 iniurias
1394 1034 1563 1100 velle
1598 1036 1915 1117 persequi,
1961 1034 2073 1100 sed
2098 1058 2301 1102 scom-

354 1127 645 1191 matibus
685 1145 761 1191 ac
798 1123 961 1188 rixis
986 1121 1353 1203 proximum
1381 1120 1696 1186 lacessere
1742 1131 1805 1186 et
1842 1122 2121 1188 irritare.
2171 1122 2299 1186 Ve-

354 1232 509 1276 rum
557 1210 734 1276 enim
780 1230 934 1273 vero
982 1206 1266 1274 Satanae
1311 1207 1524 1291 laquei
1569 1206 1756 1272 nobis
1800 1217 1992 1290 atque
2038 1206 2302 1272 fraudes

354 1298 711 1382 diligenter
752 1293 1079 1362 cavendae
1123 1301 1299 1372 sunt,
1345 1314 1497 1357 nam
1543 1294 1599 1357 si
1649 1313 1795 1357 cum
1903 1294 2300 1359 roximorum

354 1396 747 1466 contemptu
791 1401 928 1444 rem
979 1378 1144 1445 bene
1188 1380 1470 1463 gessisse
1534 1379 1719 1444 nobis
1782 1379 1849 1443 vi
1896 1399 2157 1457 eamur,
2231 1380 2299 1444 in

354 1470 628 1554 laqueos
675 1488 790 1533 nos
833 1465 1238 1531 involvimus
1280 1486 1363 1529 ex
1408 1465 1639 1547 quibus
1685 1465 1795 1530 vix
1844 1485 2130 1547 unquam
2188 1487 2300 1530 ex-

353 1554 593 1641 plicari
654 1554 994 1637 possimus.
1087 1550 1267 1615 Deus
1325 1552 1545 1633 itaque
1589 1549 1971 1633 suppliciter
2014 1551 2300 1616 orandus

350 1655 430 1707 ut
475 1661 702 1726 mem
749 1659 824 1704 ac
867 1637 1396 1703 coniunctionem
1438 1637 1794 1701 fraternam
1843 1638 1985 1701 sine
2030 1636 2299 1702 simula·

351 1729 539 1794 tione
584 1736 652 1792 et
694 1726 841 1790 fuco
884 1725 1057 1789 inter
1100 1744 1215 1788 nos
1273 1722 1517 1788 foveat:
1578 1721 1862 1804 adeoque
1919 1720 2104 1787 nobis
2158 1744 2299 1787 eam

358 1823 649 1880 mentem
718 1811 986 1888 iniiciat,
1054 1818 1131 1873 ut
1196 1808 1279 1873 ad
1346 1808 1613 1891 quaevis
1680 1806 2018 1873 toleranda
2083 1809 2302 1892 potius

359 1899 573 1984 parati
643 1918 841 1981 quam
901 1895 983 1959 ad
1052 1894 1295 1959 malum
1365 1894 1698 1975 proximis,
1766 1915 1892 1977 quo
1962 1914 2080 1959 nos
2145 1895 2300 1979 angi

360 1987 585 2069 potius
621 1991 897 2067 oportet,
959 1980 1437 2065 procurandum
1486 1979 1807 2062 proclives
1851 1980 2074 2045 simus.
2166 1981 2301 2045 Nee

357 2091 607 2137 novum
653 2069 825 2138 istud
874 2077 941 2132 et
983 2067 1305 2132 insolens:
1353 2063 1883 2148 quandoquidem
1920 2087 1999 2130 ex
2028 2066 2302 2131 Davidis

355 2156 657 2239 exemplo
713 2152 885 2238 quod
933 2155 1232 2236 superius
1277 2151 1639 2231 attulimus,
1696 2159 1983 2235 apparet,
2042 2160 2302 2218 sanctos

357 2263 551 2327 reges
614 2243 683 2305 in
750 2239 1055 2304 maximis
1118 2238 1441 2322 angustiis
1506 2247 1571 2301 et
1636 2236 2159 2315 difficultatibus,
2236 2249 2301 2303 et

360 2327 663 2394 hostibus
721 2326 1038 2390 adversus
1095 2345 1207 2390 eos
1263 2344 1411 2389 cum
1458 2344 1696 2407 magno
1743 2325 1910 2388 fastu
1956 2324 2300 2406 insurgen-

360 2415 558 2491 tibus,
611 2423 679 2477 et
700 2413 912 2478 instar
946 2410 1323 2476 rabidarum
1360 2412 1644 2474 ferarum
1684 2407 1989 2473 ultimum
2029 2410 2301 2474 exitium

356 2500 791 2576 minantibus,
856 2496 1224 2562 istiusmodi
1297 2495 1597 2579 precibus
1656 2494 1735 2558 ad
1798 2494 2013 2559 Deum
2073 2495 2301 2561 confu-

406 2588 617 2653 ‘entes
701 2585 839 2649 suis
916 2581 1213 2648 hostibus
1294 2582 1485 2645 etiam
1556 2580 1719 2644 bene
1784 2592 2075 2663 pret-atos
2141 2602 2299 2647 esse.

354 2609 665 2758 Signum
708 2690 867 2736 sane
910 2668 1305 2752 exemplum,
1365 2668 1431 2731 in
1494 2686 1623 2749 quo
1676 2674 1987 2749 tanquam
2043 2668 2109 2730 in
2156 2688 2301 2750 spe-

354 2759 529 2842 culo,
571 2755 727 2841 quid
776 2775 891 2820 nos
927 2754 1152 2820 deceat
1188 2753 1634 2835 inspiciamus.
1702 2750 2053 2818 Ezechiam
2076 2753 2298 2818 itidem

352 2866 395 2910 a
422 2846 573 2910 Deo
615 2843 894 2927 gratiam
940 2847 1006 2905 et
1048 2837 1552 2905 misericordiam
1602 2837 2100 2920 impetraturum
2148 2858 2298 2921 sup·

351 2930 592 3015 plicem
657 2929 760 2993 his
819 2927 1037 2993 verbis
1092 2927 1336 2991 factum
1382 2924 1675 3007 legimus,
1727 2924 1786 2988 2.
1833 2924 1997 3007 Reg.
2046 2924 2146 3001 19,
2198 2925 2296 2990 16.

350 3016 613 3082 Inclina
650 3014 881 3080 Iehova
926 3032 1145 3078 aurem
1188 3014 1385 3090 tuam,
1430 3015 1488 3075 et
1528 3010 1719 3074 audi.-
1759 3011 1961 3091 aperi,
2006 3009 2296 3089 Domine,

352 3102 570 3169 condes
612 3107 771 3183 tuoe,
812 3105 871 3165 et
909 3099 1070 3179 vide,
1115 3103 1174 3162 et
1210 3097 1371 3162 audi
1402 3096 1616 3160 omnia
1656 3095 1837 3160 verba
1864 3095 2297 3177 Sennacherib,

348 3193 462 3256 dc.
558 3185 903 3252 Ezechiam
960 3185 1027 3248 in
1090 3192 1339 3247 tantam
1399 3194 1695 3246 evectum
1756 3180 2143 3264 dignitatem
2194 3183 2296 3247 in-

348 3283 616 3340 tuentes
659 3283 795 3337 tam
841 3270 1091 3353 placide
1130 3270 1341 3333 Deum
1388 3267 1935 3350 interpellantem,
1981 3279 2049 3331 et
2093 3268 2296 3334 hostis

348 3360 731 3444 superbiam
794 3363 1430 3427 commemorantem,
1507 3352 1586 3417 de
1662 3352 1914 3418 duobus
1986 3353 2294 3418 admone-

344 3466 523 3512 mur.
628 3443 945 3526 Primum,
1006 3450 1081 3507 ut
1137 3438 1433 3506 hostibus
1491 3440 1560 3503 in
1622 3458 1741 3502 nos
1784 3438 2292 3523 insurgentibus,

342 3542 416 3597 et
510 3529 711 3595 veluti
799 3529 1073 3613 pedibus
1158 3525 1298 3592 suis
1384 3524 1955 3603 conculcantibus,
2055 3526 2289 3591 horum

341 3617 743 3701 cogitatione
824 3613 1155 3679 tristitiam
1214 3622 1282 3677 et
1352 3610 1656 3688 dolorem,
1738 3632 1864 3694 quo
1952 3631 2068 3676 nos
2133 3612 2291 3676 alio·

338 3704 511 3788 quin
578 3700 1031 3776 obrueremur,
1101 3699 1410 3764 levemus.
1519 3696 1850 3774 Alterum,
1932 3707 2007 3761 ut
2073 3697 2287 3761 Deum

340 3790 539 3854 nobis
584 3797 723 3852 tum
770 3786 1055 3851 maxime
1100 3783 1502 3863 adfuturum,
1546 3802 1859 3865 suamque
1902 3782 1973 3846 in
2020 3804 2136 3846 nos
2181 3783 2289 3849 be-

342 3873 787 3938 nevolentiam
848 3879 1148 3936 testatam
1212 3872 1532 3936 facturum
1599 3889 1953 3952 speremus.
2064 3868 2289 3952 Neque

342 3959 527 4024 enim
584 3960 725 4024 sine
782 3977 979 4024 eausa
1036 3957 1355 4041 gloriatur
1408 3956 1477 4019 in
1536 3954 1875 4036 scripturis
1931 3953 2055 4018 hoc
2096 3955 2287 4019 titulo

344 4045 624 4111 benefici
683 4066 759 4111 ac
816 4041 1272 4121 misericordis,
1334 4049 1401 4106 et
1456 4039 1537 4105 ad
1594 4048 2003 4123 contemptos
2060 4053 2127 4104 et
2174 4041 2283 4105 ab·

337 4134 555 4197 iectos
598 4131 815 4196 oculos
857 4129 1327 4195 convertentis:
1388 4146 1517 4191 non
1573 4125 1815 4190 frustra
1861 4125 2087 4192 fideles
2132 4146 2285 4191 suos

340 4236 601 4299 servos,
643 4237 771 4298 quo
814 4225 970 4280 sunt
1012 4213 1389 4280 abiectiores
1432 4212 1501 4276 in
1539 4209 1663 4277 hoc
1696 4211 1971 4290 saeculo,
2016 4232 2094 4276 eo
2129 4230 2285 4276 suae

336 4304 598 4389 gloriae
656 4302 795 4367 fieri
855 4300 1366 4384 propinquiores,
1417 4297 1768 4386 praedicat.
1859 4296 2099 4378 Quare,
2158 4298 2283 4362 fra·

341 4400 505 4466 tres,
572 4388 733 4454 haec
787 4386 1023 4454 animis
1080 4385 1315 4450 vestris
1374 4383 1568 4448 altius
1626 4383 1897 4460 infigite,
1966 4392 2106 4447 tum
2165 4403 2283 4448 nos

344 4479 571 4541 Deum
618 4473 974 4540 faciliorem
1022 4492 1181 4554 erga
1222 4490 1341 4534 nos
1376 4471 1710 4551 magisque
1748 4469 2107 4533 beneficum
2142 4490 2286 4535 sen-

338 4581 556 4634 suros,
627 4580 750 4642 quo
815 4557 1221 4642 gravioribus
1264 4554 1429 4620 odiis
1492 4556 1573 4620 ab
1640 4553 1941 4619 hostibus
1996 4554 2284 4619 infestati

340 4646 685 4712 fuerimus.
787 4645 1180 4710 praesentes
1238 4641 1491 4705 animos
1551 4641 1756 4723 gerite
1813 4641 2115 4707 maximis
2182 4642 2283 4705 in·

340 4730 742 4819 gruentibus
808 4728 1337 4814 tempestatibus:
1404 4728 1538 4791 imo
1603 4746 1687 4790 ne
1746 4726 1800 4790 si
1857 4727 2108 4791 coelum
2156 4737 2283 4791 ter-

344 4839 464 4884 rae
524 4817 880 4890 misceatur
940 4814 1297 4879 terremini.
1401 4813 1647 4877 Cavete
1705 4821 1942 4887 tamen,
2000 4812 2283 4890 obsecro,

342 4929 432 4972 ne
504 4903 737 4987 quibus
803 4924 872 4967 se
941 4900 1122 4967 Deus
1201 4898 1537 4964 inimicum
1605 4898 1979 4975 ostenderit,
2058 4898 2285 4964 iisdem

344 5013 469 5058 ves
553 4989 656 5054 usi
739 4986 1124 5053 familiarius
1204 4985 1449 5048 similes
1522 4981 1835 5048 evadatis.
1968 4981 2285 5066 Superbis

340 5078 526 5145 enim
597 5073 778 5140 Deus
842 5074 1102 5139 resistit.
1211 5070 1567 5136 Metuenda
1640 5071 1840 5155 igitur
1902 5069 2023 5134 Dei
2082 5072 2287 5137 emni-

342 5162 634 5249 potentis
714 5159 1036 5237 vindicta,
1118 5159 1172 5222 si
1256 5177 1371 5222 nos
1451 5157 1520 5220 in
1600 5156 1929 5238 proximos
2005 5174 2076 5220 re
2169 5169 2283 5221 aut

342 5248 570 5318 verbis
626 5246 1018 5314 insolentius
1070 5244 1287 5309 efferri
1334 5243 1700 5326 contigerit.
1787 5239 2010 5321 Quare
2052 5263 2281 5309 caven-

529 5350 765 5410 Calvino·
787 5362 981 5417 opera.
1050 5346 1174 5405 Vol.
1216 5344 1454 5403 XXIX.

1748 328 1848 395 IN
1891 328 1946 396 1.
1994 329 2174 396 LIB.
2220 328 2626 398 SAMUEL.
2677 329 2874 397 CAP.
2920 330 2970 396 I.

4220 339 4352 419 258

2410 518 2567 585 dum
2613 540 2697 586 ns
2739 519 2834 586 sie
2877 542 3025 585 cum
3071 522 3392 605 proximis
3432 545 3787 602 versemur,
3845 533 3922 594 ut
3977 526 4120 594 sine
4154 547 4354 596 causa

2409 605 2515 672 vel
2575 606 2815 671 iniuria
2875 607 3210 674 lacessitos
3259 611 3382 693 ipsi
3428 609 3573 675 Deo
3619 611 3860 677 bellum
3906 613 4208 682 intulisse
4255 618 4349 681 vi-

2408 691 2698 758 deamur.
2787 691 2985 759 Anna
3026 714 3186 759 vero
3229 697 3324 760 sic
3369 695 3668 762 lacessita
3711 699 3992 775 flevisse,
4039 711 4103 765 et
4162 701 4349 766 indo-

2408 777 2626 856 luisse,
2680 798 2754 842 ae
2797 778 3013 844 cibum
3062 802 3194 845 non
3238 782 3550 848 sumsisse
3593 783 3701 849 hic
3743 785 3994 849 dieitur.
4086 785 4237 867 Qua
4279 789 4348 854 in

2406 884 2479 927 re
2554 862 2798 947 aliquid
2881 864 3150 930 humani
3229 887 3488 951 passam
3571 880 3861 952 apparet.
3972 870 4199 955 Neque
4280 874 4345 939 id

2406 950 2684 1014 mirum:
2750 951 2844 1015 sic
2901 953 3076 1016 enim
3137 953 3272 1016 fere
3331 955 3405 1018 fit
3460 963 3535 1016 ut
3593 955 3761 1019 bona
3805 956 4025 1020 indole
4069 960 4348 1041 praediti

2405 1036 2824 1102 contumeliis
2867 1045 2934 1100 et
2975 1038 3300 1120 vituperio
3338 1041 3622 1103 maxime
3657 1040 4046 1108 afficiantur.
4109 1044 4344 1112 Virum

2407 1121 2637 1185 fortem
2702 1130 2768 1186 et
2807 1143 2912 1186 ma
2963 1125 3302 1189 nanimum
3355 1125 3539 1192 facile
3583 1125 3828 1191 illatam
3876 1130 4130 1211 corpori
4175 1131 4350 1195 iniu-

2405 1209 2572 1272 riam
2618 1207 2787 1271 ferre
2833 1208 2897 1271 vi
2947 1230 3151 1284 emus,
3198 1210 3626 1277 vehementer
3660 1225 3874 1278 autem
3916 1216 4347 1296 contumeliis,

2402 1312 2558 1357 cum
2585 1294 2904 1376 vituperio
2942 1317 3017 1361 ac
3053 1292 3366 1362 dedecore
3401 1298 3783 1375 coniunctis,
3821 1301 4011 1366 affici.
4057 1301 4340 1366 Verum-

2405 1389 2624 1444 tamen
2691 1381 2816 1444 etsi
2884 1381 3004 1447 hoc
3065 1380 3424 1447 humanum
3484 1393 3602 1461 est,
3670 1405 3803 1449 non
3862 1397 4081 1451 tamen
4125 1408 4348 1453 coram

2409 1465 2550 1529 Deo
2605 1466 2796 1546 culpa
2856 1485 3157 1531 vacuum.
3259 1468 3351 1532 Et
3407 1469 3558 1551 quid
3620 1489 3742 1535 suo
3808 1472 3974 1538 fastu
4041 1473 4346 1542 Peninna

2406 1550 2694 1615 efficiat?
2742 1550 2962 1630 Quare
3001 1555 3242 1618 nostris
3277 1553 3686 1636 passionibus
3731 1556 3991 1621 modum
4032 1558 4344 1626 adhibere

2405 1636 2768 1702 diseamus:
2848 1657 2924 1702 ac
2991 1639 3048 1703 si
3115 1660 3233 1704 nos
3301 1640 3607 1706 mortales
3675 1640 4008 1725 despectui
4078 1644 4340 1723 habent,

2408 1722 2528 1786 Dei
2579 1725 2799 1788 favore
2835 1733 2903 1788 et
2939 1725 3386 1790 benevolentia
3423 1747 3544 1791 nos
3577 1728 4003 1807 consolemur,
4048 1741 4116 1795 et
4150 1737 4339 1814 quas·

2404 1829 2660 1890 cunque
2725 1809 2942 1873 illatas
3008 1810 3281 1875 iniurias
3346 1812 3671 1892 patienter
3736 1814 3803 1878 in
3848 1815 4064 1880 Deum
4132 1818 4343 1883 nostri

2401 1913 2624 1958 curam
2672 1896 3034 1961 reiicientes
3081 1897 3383 1962 feramus.

2578 1979 2745 2059 Quis
2789 2002 2948 2046 vero
2994 1981 3231 2047 doloris
3276 2002 3351 2047 ac
3396 1982 3832 2069 lacrymarum
3869 1989 4103 2051 Annae
4145 1988 4343 2056 fuerit

2406 2065 2710 2147 deinceps
2770 2068 3004 2142 exitus,
3069 2067 3422 2144 videamus,
3484 2090 3720 2155 nempe
3782 2070 3865 2135 ad
3920 2071 4135 2138 Deum
4186 2095 4339 2157 sup·

2404 2151 2563 2234 plex
2628 2152 2797 2217 facta
2861 2152 3119 2218 dicitur.
3228 2153 3547 2219 Iniuriam
3612 2157 3852 2221 iniuria
3912 2158 4154 2240 pellere
4209 2181 4340 2225 non

2406 2237 2660 2312 nititur,
2714 2237 2882 2320 quod
2940 2239 3060 2304 sibi
3122 2240 3310 2304 multi
3374 2241 3566 2306 licere
3625 2254 3890 2324 putant:
3952 2263 4078 2310 non
4137 2245 4339 2310 medi-

2403 2332 2589 2387 tatur
2631 2322 2944 2389 adversus
2992 2325 3360 2390 Peninnam
3408 2326 3606 2403 dolos,
3663 2327 3775 2393 sed
3835 2328 4348 2415 lacrymabunda

2406 2429 2476 2472 se
2535 2408 2613 2472 ad
2677 2408 2804 2473 Dei
2861 2415 3331 2486 sanctuarium,
3414 2422 3630 2477 tutum
3720 2414 4014 2497 asylum,
4079 2419 4344 2484 confert.

2405 2493 2585 2559 Hinc
2616 2494 2940 2561 discamus
2976 2507 3048 2561 ut
3081 2498 3155 2573 si,
3204 2497 3722 2580 quandoquidem
3760 2499 4057 2567 homines
4101 2525 4346 2582 sumus,

2407 2600 2538 2644 non
2609 2602 2956 2663 possumus
3021 2603 3150 2646 non
3212 2583 3384 2650 affici
3452 2584 3708 2649 iniuriis
3765 2589 3924 2668 quin
3989 2588 4346 2657 humanum

2407 2666 2651 2748 aliquid
2674 2667 3019 2750 patiamur,
3067 2669 3426 2732 remedium
3465 2671 3782 2752 optimum
3823 2693 3964 2738 esse
3999 2676 4052 2737 si
4089 2675 4348 2741 iracun·
4415 2705 4418 2708 ·

2406 2750 2583 2816 diam
2629 2773 3130 2835 compescamus,
3189 2775 3274 2819 ne
3318 2756 3599 2821 maiores
3643 2759 3781 2821 irae
3821 2769 3936 2822 aut
3979 2760 4346 2826 simultates

2405 2848 2702 2921 surgant.
2816 2838 2983 2903 Nam
3063 2840 3443 2922 plerumque
3519 2841 3641 2907 hoc
3703 2843 3937 2908 accidit
4001 2857 4074 2908 ut
4140 2848 4343 2912 animi

2406 2924 2720 3004 paulatim
2763 2925 2865 2990 ira
2908 2935 2975 2988 et
3032 2924 3178 2990 odio
3237 2926 3648 3007 inflammati,
3709 2929 3974 2993 tandem
4032 2930 4341 3014 implaca-

2407 3008 2568 3074 biles
2635 3017 2705 3074 et
2767 3010 3198 3094 inexpiabiles
3270 3013 3449 3076 fiant.
3541 3013 3704 3078 Nam
3767 3015 3875 3096 qui
3933 3014 4210 3080 ludibrio
4269 3038 4341 3082 se

2404 3094 2632 3160 haberi
2698 3098 3130 3180 conspexerit,
3191 3098 3346 3162 dum
3407 3099 3780 3170 iracundiae
3831 3120 3988 3166 suae
4056 3099 4337 3169 vicissim

2400 3180 2825 3264 obtemperat,
2872 3193 2940 3246 et
2981 3184 3185 3247 animi
3229 3183 3551 3266 impotens
3587 3184 3898 3267 quidquid
3936 3186 4033 3250 ira
4068 3208 4338 3271 sugges-

2402 3268 2568 3330 serit
2608 3269 2991 3345 evomuerit,
3053 3270 3129 3333 fit
3186 3279 3261 3333 ut
3303 3269 3439 3334 irae
3482 3281 3798 3349 crescant,
3857 3282 3923 3335 et
3967 3273 4034 3335 in
4081 3283 4338 3338 utrum-

2402 3372 2530 3434 que
2554 3351 2762 3418 Satan
2805 3351 3194 3433 dominetur,
3236 3366 3313 3419 ut
3345 3356 3412 3419 in
3462 3355 3597 3423 dies
3641 3356 3723 3420 ad
3766 3357 4019 3439 priores
4063 3357 4337 3425 iniurias

2401 3437 2567 3504 aliae
2610 3438 2936 3517 accedant,
2982 3451 3047 3504 et
3088 3441 3306 3524 iurgia
3347 3442 3579 3525 iurgiis
3632 3442 4069 3508 cumulentur.
4157 3444 4338 3510 Hinc

2399 3523 2720 3607 privatam
2789 3526 2909 3591 sibi
2977 3528 3246 3609 quisque
3310 3526 3666 3591 vindictam
3727 3529 4105 3610 permissam
4163 3530 4336 3596 arbi-

2400 3622 2632 3686 tratur,
2687 3611 3061 3693 malumque
3109 3611 3283 3676 malo
3334 3613 3662 3694 repellere.
3753 3613 3946 3694 Quod
3991 3614 4144 3696 quid
4191 3627 4338 3681 tan·

2396 3694 2544 3760 dem
2605 3695 2782 3761 aliud
2838 3708 2939 3762 est
2977 3718 3170 3779 quam
3217 3699 3339 3779 ipsi
3387 3698 3638 3764 diabolo
3681 3699 4092 3765 sacrificare?
4183 3701 4334 3766 Non

2392 3782 2485 3846 sic
2512 3785 2736 3847 Anna:
2783 3803 2934 3848 nam
2974 3784 3097 3848 etsi
3141 3782 3359 3847 dolore
3401 3785 3622 3867 aliquo
3667 3787 3980 3869 tangitur,
4025 3799 4090 3850 et
4135 3787 4335 3854 illatis

2391 3867 2803 3933 contumeliis
2881 3869 3195 3942 afficitur,
3273 3879 3491 3933 tamen
3574 3869 3654 3934 ad
3730 3870 4049 3954 lacrymas
4114 3874 4336 3955 potius

2391 3972 2586 4034 quam
2665 3952 2746 4017 ad
2823 3953 2957 4018 vim
3035 3956 3345 4039 confugit.
3453 3956 3676 4036 Quare
3747 3960 4050 4022 maritum
4119 3960 4323 4041 ipsius

2388 4038 2773 4104 modestiam
2820 4040 3201 4106 observasse
3244 4041 3600 4107 verisimile
3639 4055 3760 4118 est,
3807 4062 3882 4107 ac
3928 4045 4193 4126 proinde
4237 4045 4320 4110 ad

2388 4137 2607 4206 partes
2685 4125 2891 4208 ipsius
2965 4126 3278 4191 adversus
3363 4129 3636 4192 alteram
3709 4128 4013 4194 tutandas
4073 4130 4315 4196 factum

2390 4211 2864 4292 procliviorem.
2955 4212 3133 4276 Hinc
3197 4212 3694 4291 observandum,
3762 4214 3956 4297 longe
4013 4215 4316 4281 conduci·

2389 4295 2586 4368 bilius
2629 4318 2771 4362 esse
2816 4294 2999 4361 nobis
3041 4297 3258 4362 illatas
3304 4300 3574 4364 iniurias
3619 4301 3788 4364 ferre
3832 4320 4028 4381 quam
4061 4300 4314 4366 ulcisci:

2388 4379 2559 4464 qued
2623 4403 2846 4447 eorum
2921 4382 3107 4448 nobis
3189 4384 3474 4448 favorem
3555 4384 4001 4460 conciliemus,
4084 4386 4319 4469 quibus

2385 4467 2674 4549 alioquin
2699 4467 3136 4551 iniquioribus
3159 4481 3508 4534 uteremur.
3553 4469 3630 4536 Si
3658 4471 3856 4536 Anna
3894 4472 4316 4537 contumelias

2385 4554 2791 4619 contumeliis
2814 4555 3272 4637 propulsasset,
3301 4555 3656 4621 verisimile
3680 4568 3780 4620 est
3797 4556 4106 4621 Eleanam
4127 4559 4198 4621 in
4223 4558 4317 4621 al·

2388 4652 2598 4703 teram
2632 4652 2880 4721 partem
2921 4641 3130 4724 magis
3173 4640 3520 4724 proclivem
3550 4642 3862 4719 futurum,
3907 4651 3972 4705 et
4008 4653 4315 4723 tanquam

2386 4726 2507 4789 sibi
2555 4725 2801 4789 illatam
2848 4726 3151 4790 iniuriam
3199 4726 3704 4792 vindicaturum.
3797 4732 3886 4791 At
3929 4747 4124 4807 quum
4171 4747 4316 4792 eam

2386 4812 2645 4875 silentio
2689 4822 3089 4893 prementem
3135 4812 3428 4892 iniurias,
3473 4825 3540 4878 et
3583 4812 3887 4897 lacrymis
3932 4831 4071 4876 sese
4106 4832 4179 4877 ac
4209 4814 4318 4878 sui

2385 4906 2829 4977 contemptum
2870 4896 3305 4964 vindicantem
3355 4898 3547 4972 videt,
3596 4900 3662 4961 in
3701 4899 3841 4961 eius
3873 4917 4132 4961 eausam

2386 4984 2666 5064 pensior,
2712 4981 2931 5048 verbis
2974 4985 3169 5048 etiam
3215 4984 3440 5048 amicis
3482 5004 3620 5047 cam
3667 4983 3942 5047 solatur:
3992 4983 4133 5047 Etsi
4182 5005 4313 5050 non

2386 5070 2566 5133 omni
2610 5068 2732 5132 hac
2774 5069 2842 5132 in
2888 5082 3071 5152 parte
3115 5070 3306 5150 culpa
3349 5067 3731 5133 eximendus
3775 5066 4054 5132 videtur.
4142 5068 4314 5138 Nam

2385 5176 2588 5238 quum
2647 5155 2714 5218 in
2759 5167 3172 5239 arrogantem
3216 5155 3524 5221 feminam
3569 5152 3981 5217 autoritatem
4027 5153 4315 5234 haberet,

2387 5263 2471 5305 an
2532 5262 2662 5304 non
2725 5261 2868 5306 eam
2927 5242 3363 5306 severioribus
3424 5238 3638 5304 verbis
3680 5239 4016 5321 increpare
4059 5239 4318 5307 debuit:
