5059 6059
812 304 938 371 471

813 494 960 561 albo
1003 493 1254 561 censeri
1297 491 1552 572 volunt,
1610 498 1677 558 et
1717 497 1792 556 ιιι
1833 491 1953 557 filii
1998 489 2246 557 haberi.
2334 491 2546 556 Porro
2590 489 2754 556 Phi·

816 581 1030 647 listaei
1076 578 1338 663 quidem
1382 578 1569 642 illum
1618 599 1701 643 ex
1745 586 1931 661 parte
1975 575 2252 644 iudicem
2288 576 2544 660 experti
2580 583 2756 656 sunt,

817 666 932 733 sed
994 687 1125 731 non
1167 663 1312 730 ideo
1354 672 1574 729 tamen
1621 663 2043 729 modestiores
2088 663 2261 739 facti,
2330 663 2488 746 quin
2537 662 2754 745 potius

816 751 1270 819 insolentiores
1343 761 1405 814 et
1458 748 1928 833 petulantiores
1982 750 2298 814 adversus
2355 749 2569 815 calcar
2625 748 2754 814 cal-

816 840 1156 920 citrarunt,
1223 845 1292 902 et
1353 835 1581 919 iugum
1648 845 1954 901 excutere
2019 836 2234 901 conati
2301 842 2479 916 sunt,
2556 855 2754 917 seque

817 922 1234 1008 compedibus
1276 920 1533 988 iniectis
1577 921 1920 1005 explicare.
2011 923 2231 1004 Atque
2267 920 2411 986 ideo
2447 941 2573 1004 quo
2610 940 2753 1002 pro·

817 1011 1123 1094 pinquior
1189 1008 1389 1085 Deus,
1457 1027 1533 1072 eo
1601 1007 1952 1073 terribilior
2017 1015 2084 1072 et
2139 1009 2349 1091 magis
2404 1006 2755 1071 metuenda

818 1096 958 1162 eius
1016 1096 1226 1162 virtus
1284 1100 1350 1158 et
1405 1092 1696 1177 potentia
1751 1091 1896 1157 fuit.
1982 1091 2122 1157 Iam
2178 1092 2384 1176 igitur
2441 1094 2656 1158 Deum
2716 1110 2755 1155 a

813 1204 886 1249 se
930 1181 1153 1265 procul
1197 1199 1532 1245 removere
1575 1179 1881 1262 cupiunt:
1927 1187 2122 1262 atque
2156 1177 2315 1245 haec
2351 1189 2508 1244 sunt
2544 1178 2754 1244 incre-

819 1268 1125 1334 dulorum
1183 1274 1357 1345 vota,
1416 1285 1622 1348 quum
1665 1265 1760 1330 rei
1805 1285 2023 1331 coram
2068 1264 2198 1330 Dei
2238 1263 2555 1330 tribunali
2598 1263 2755 1329 facti

818 1362 1205 1439 arguuntur.
1295 1350 1446 1433 Qua
1503 1351 1571 1415 in
1628 1372 1700 1415 re
1756 1351 2152 1435 experimur,
2217 1371 2413 1434 quam
2473 1351 2560 1416 sit
2598 1349 2753 1414 hor·

817 1438 1025 1506 renda
1081 1460 1184 1504 res
1240 1438 1311 1502 in
1358 1435 1486 1502 Dei
1529 1436 1818 1503 viventis
1863 1458 2097 1502 manus
2140 1435 2444 1503 incidere.
2534 1435 2755 1519 Atque

816 1525 924 1590 hic
998 1524 1193 1590 etiam
1274 1523 1769 1606 hypocritarum
1836 1521 2243 1588 observanda
2307 1533 2561 1601 natura,
2642 1524 2753 1604 qui

813 1611 1035 1677 Deum
1079 1616 1378 1677 vocatum
1425 1608 1673 1676 vellent
1714 1607 1975 1691 quidem
2020 1616 2280 1692 praesto
2327 1606 2593 1673 adesse:
2637 1606 2754 1672 sed

816 1704 1242 1781 provocatum
1285 1695 1423 1762 suis
1467 1694 1753 1777 peccatis
1798 1702 1864 1760 et
1906 1715 2148 1777 poenas
2192 1701 2619 1777 repetentem,
2679 1712 2756 1759 ac

814 1803 957 1850 sese
984 1783 1325 1848 inimicum
1368 1782 1528 1864 ipsis
1571 1781 1812 1864 reipsa
1856 1787 2204 1846 testantem
2251 1790 2646 1846 aversantur
2688 1790 2757 1843 et

818 1890 1013 1953 quam
1072 1867 1455 1953 longissime
1511 1887 1549 1931 a
1606 1887 1677 1931 se
1734 1866 2111 1932 amandant.
2198 1865 2352 1932 Non
2410 1866 2603 1931 aliter
2648 1865 2754 1931 hic

816 1976 888 2021 se
955 1966 1194 2039 gerunt
1259 1951 1636 2018 Philistaei:
1702 1972 1926 2035 pacem
1993 1971 2145 2017 cum
2210 1950 2353 2017 Deo
2413 1960 2754 2036 expetunt,

816 2060 1012 2124 quam
1075 2039 1298 2125 procul
1358 2045 1576 2103 tamen
1635 2056 1675 2101 a
1732 2058 1802 2103 se
1858 2038 2209 2104 amandare
2261 2038 2557 2120 cupiunt.
2645 2038 2751 2102 Ex

819 2125 1056 2211 quibus
1099 2145 1329 2193 verum
1373 2123 1536 2189 illud
1578 2143 1720 2189 esse
1764 2135 2050 2206 apparet,
2096 2122 2266 2207 quod
2305 2124 2609 2206 superius
2652 2132 2752 2188 at-

817 2212 1110 2297 tigimus,
1155 2231 1287 2283 non
1331 2230 1522 2294 posse
1565 2209 1874 2274 nimirum
1918 2209 2290 2276 incredulos
2325 2209 2591 2274 omnino
2628 2209 2753 2273 Dei

816 2299 1227 2364 maiestatem
1264 2304 1699 2362 contemnere.
1784 2295 1957 2360 Nam
1999 2296 2122 2362 etsi
2166 2316 2401 2362 verum
2443 2308 2543 2361 est
2586 2294 2753 2374 illos,

821 2385 979 2449 dum
1022 2381 1220 2448 rebus
1261 2379 1562 2448 secundis
1606 2388 1903 2464 utuntur,
1949 2381 2219 2465 quaevis
2261 2381 2331 2445 in
2372 2381 2583 2446 Deum
2622 2402 2756 2445 ma·

819 2468 1055 2535 ledicta
1096 2489 1380 2548 vomere,
1426 2467 1639 2532 Deum
1686 2465 1966 2532 ludibrio
2012 2475 2080 2532 et
2124 2466 2455 2550 despectui
2493 2465 2752 2542 habere,

819 2553 1192 2637 triumphos
1256 2574 1470 2639 agere,
1535 2552 1913 2636 religionem
1977 2573 2239 2618 omnem
2304 2552 2603 2629 irridere,
2673 2550 2753 2615 de

820 2638 952 2704 Dei
1015 2638 1269 2705 iudiciis
1335 2638 1506 2704 male
1571 2639 1837 2716 sentire,
1900 2644 1968 2703 et
2031 2637 2320 2704 dicteriis
2374 2637 2754 2721 procacibus

824 2723 1104 2804 eludere,
1175 2725 1361 2808 quasi
1433 2732 1567 2790 tam
1631 2723 1902 2808 longum
1963 2724 2277 2807 temporis
2334 2722 2753 2789 intervallum

818 2811 1200 2876 memoriam
1248 2810 1477 2889 deleat,
1543 2810 1682 2875 solo
1727 2810 2007 2893 suspirio
2050 2810 2521 2894 poenitentiam
2568 2830 2755 2892 posse

820 2897 995 2962 fieri:
1056 2905 1251 2979 atque
1308 2894 1468 2962 adeo
1521 2896 1763 2961 multos
1819 2916 1896 2961 eo
1940 2895 2384 2980 impudentiae
2427 2894 2753 2974 devenire,

817 2990 897 3048 ut
984 2981 1246 3047 uamdiu
1290 2981 1449 3066 ipsis
1491 2982 1677 3047 Deus
1719 2982 1931 3065 parcit
1973 2989 2042 3047 et
2084 2980 2168 3047 ad
2212 2989 2470 3064 tempus
2501 2979 2753 3057 tolerat,

815 3069 935 3134 illu
983 3077 1101 3133 ant
1161 3067 1287 3150 ipsi
1355 3075 1420 3133 et
1492 3067 1842 3133 irrideant:
1911 3074 1981 3132 at
2032 3087 2234 3149 quum
2304 3087 2446 3132 sese
2505 3065 2754 3148 laqueis

817 3164 884 3221 et
920 3155 1130 3239 plagis
1168 3153 1538 3221 divinorum
1575 3153 1963 3220 iudiciorum
1999 3153 2288 3219 irretitos
2322 3153 2414 3216 ita
2445 3153 2753 3228 sentiunt,

817 3247 892 3306 ut
951 3240 1170 3305 nullus
1213 3237 1493 3323 amplius
1536 3238 1777 3322 effugio
1820 3239 1997 3305 locus
2041 3239 2144 3318 sit,
2200 3259 2275 3304 ac
2320 3238 2445 3303 Dei
2489 3258 2757 3302 manum

819 3326 1110 3410 effugere
1152 3346 1223 3391 se
1258 3344 1447 3407 posse
1485 3324 1851 3408 desperant,
1896 3325 2050 3408 quin
2088 3325 2403 3390 factorum
2438 3323 2758 3388 rationem

820 3412 1094 3478 reddere
1137 3419 1483 3495 cogantur:
1531 3416 1673 3474 tum
1716 3430 1874 3476 sane
1918 3431 2142 3494 pacem
2188 3416 2571 3494 exposcunt,
2617 3418 2756 3474 tum

818 3497 1077 3581 imperii
1133 3497 1344 3580 ipsius
1396 3496 1755 3579 pot-entiam
1813 3505 1880 3560 et
1934 3495 2322 3579 dignitatem
2378 3506 2760 3580 agnoscunt,

822 3595 969 3647 tum
1025 3582 1553 3649 benevolentiam
1613 3583 1817 3665 ipsius
1877 3581 2210 3648 blanditiis
2265 3590 2333 3646 et
2375 3581 2758 3646 assentatio·

823 3669 1018 3735 nibus
1061 3669 1248 3734 vanis
1290 3667 1598 3752 colligere
1638 3670 1961 3734 nituntur.
2051 3666 2206 3748 Sed,
2252 3686 2382 3745 oro,
2428 3667 2574 3748 quis
2609 3667 2762 3731 isto-

823 3775 973 3820 rum
1028 3753 1322 3818 omnium
1380 3752 1578 3820 finis?
1644 3755 1896 3838 Nempe
1949 3760 2026 3819 ut
2068 3752 2290 3836 procul
2336 3754 2418 3818 ab
2458 3753 2618 3835 ipsis
2661 3772 2761 3817 re·

826 3840 1035 3906 cedat.
1125 3839 1262 3905 Nos
1325 3860 1479 3904 vero
1536 3839 1736 3904 talem
1793 3860 1833 3905 a
1891 3839 2177 3904 Domino
2222 3858 2448 3923 pacem
2492 3847 2760 3921 expeta-

826 3948 996 4003 mus,
1041 3945 1171 4007 qua
1215 3932 1444 3989 mutuo
1481 3946 1598 3990 nos
1633 3924 1715 3989 ab
1751 3924 1893 4008 ipso
1930 3925 2421 4007 conspiciamur.
2509 3923 2762 3990 Idcirco

823 4011 1077 4078 Paulus
1131 4010 1214 4075 de
1269 4031 1428 4075 vera
1480 4009 1593 4075 illa
1648 4011 1866 4093 quiete
1921 4012 2222 4077 omnibus
2264 4009 2628 4094 expetenda
2672 4009 2763 4074 lo-

828 4119 1056 4181 quens,
1124 4116 1256 4161 non
1314 4102 1575 4161 tantum
1630 4096 1722 4161 ait
1778 4116 1900 4162 nos
1958 4117 2182 4180 pacem
2237 4097 2352 4161 sed
2411 4117 2560 4162 cum
2621 4095 2762 4159 Deo

826 4203 1049 4268 pacem
1113 4181 1374 4249 habere.
1463 4180 1903 4263 Quamobrem
1969 4182 2331 4248 cavendum
2398 4202 2482 4247 ne
2547 4181 2762 4265 profa-

824 4290 952 4336 nos
1011 4269 1367 4344 imitemur,
1422 4268 1655 4351 quibus
1714 4267 1895 4332 nulla
1952 4289 2081 4351 pax
2140 4276 2257 4348 est,
2318 4268 2447 4333 nisi
2492 4278 2764 4333 veterno

826 4364 1231 4438 occupentur
1301 4363 1370 4417 et
1434 4373 1700 4437 prorsus
1768 4352 2031 4419 hebetes
2097 4354 2249 4431 sint,
2330 4373 2405 4418 ac
2472 4352 2554 4417 de
2618 4351 2763 4417 Deo

830 4461 1093 4508 omnem
1146 4440 1605 4523 cogitationem
1663 4437 1991 4506 abiiciant.
2081 4438 2211 4506 Sed
2269 4448 2497 4506 contra
2554 4437 2767 4502 danda

831 4535 934 4593 est
990 4546 1203 4609 opera,
1264 4533 1339 4590 ut
1393 4545 1594 4607 quum
1651 4523 1730 4589 ad
1790 4524 2005 4590 Deum
2050 4526 2531 4602 accesserimus,
2591 4531 2766 4589 certo

825 4613 1125 4697 persuasi
1170 4612 1378 4676 simus
1413 4611 1495 4675 de
1528 4611 1735 4693 ipsius
1770 4631 1928 4695 erga
1965 4633 2081 4676 nos
2117 4611 2591 4685 benevolentia,
2637 4630 2766 4694 qua

830 4719 949 4764 nos
992 4699 1064 4762 in
1110 4698 1391 4763 filiorum
1428 4717 1773 4761 nnmerum
1814 4707 2092 4780 cooptat,
2137 4697 2260 4762 sibi
2302 4697 2614 4762 nimirum
2651 4716 2769 4778 per

831 4784 1221 4868 sanguinem
1269 4782 1536 4848 Domini
1580 4782 1786 4848 nostri
1821 4781 1972 4848 Iesu
2010 4781 2261 4849 Christi
2296 4781 2764 4849 reconciliatos.

832 4871 1051 4952 Atque
1118 4870 1287 4936 hanc
1345 4888 1571 4951 pacem
1630 4888 1995 4951 exposcere,
2068 4867 2239 4935 hanc
2296 4868 2592 4951 persequi
2652 4887 2798 4932 nos.

832 4963 1106 5039 oportet,
1165 4975 1299 5019 non
1357 4963 1430 5020 ut
1473 4954 1858 5038 simpliciter
1897 4973 2166 5020 manum
2211 4976 2397 5020 suam
2445 4952 2769 5019 Dominus

834 5064 874 5108 a
918 5041 1103 5109 nobis
1146 5047 1465 5119 amoveat,
1511 5048 1578 5105 et
1622 5062 1704 5104 ne
1748 5040 2024 5105 terribili
2067 5039 2274 5124 ipsius
2309 5040 2598 5123 potentia
2632 5058 2768 5103 am-

833 5128 1006 5213 plius
1062 5134 1495 5212 torqueamur,
1552 5125 1666 5193 sed
1728 5136 1801 5191 ut
1850 5135 2121 5210 paterno
2180 5127 2407 5192 favore
2463 5136 2528 5189 et
2570 5125 2768 5190 bene-

831 5213 1117 5281 volentia
1175 5213 1544 5297 complexos
1599 5213 1830 5292 foveat,
1890 5227 1957 5279 et
2010 5213 2264 5279 facilem
2309 5231 2638 5277 accessum
2685 5208 2768 5275 ad

2477 296 2891 366 HOMILIA
2931 299 3132 367 XXI.

4609 304 4700 372 4⁷2

2859 510 2930 555 se
2966 489 3302 574 largiatur,
3333 489 3659 574 simulque
3694 511 3765 556 se
3800 511 4133 574 nunquam
4170 509 4294 555 nos
4327 489 4706 563 derelicturum

2857 586 2969 641 aut
3026 577 3285 660 longius
3345 598 3385 642 a
3440 577 3626 643 nobis
3684 598 4093 644 recessurum
4147 576 4492 658 patefaciat.
4563 579 4707 661 Quod

2858 684 3012 728 vero
3076 661 3442 729 sacerdotes
3512 662 3789 729 suadent
3854 685 3981 728 non
4039 684 4182 729 esse
4237 682 4447 728 arcam
4498 684 4706 734 vacuam

2855 748 3327 827 dimittendam,
3372 748 3436 812 id
3463 751 3728 815 estsine
3771 749 3958 815 donis
4002 759 4070 814 et
4111 747 4542 827 oblationibus,
4576 753 4629 817 in
4656 775 4708 820 eo

2853 835 3145 900 fatentur
3211 835 3337 900 Dei
3390 834 3656 901 Israelis
3723 835 4129 900 maiestatem
4192 834 4449 914 laesam,
4508 837 4597 901 cui
4629 860 4711 921 pro

2855 933 3118 1005 accepta
3172 920 3414 986 iniuria
3470 921 3556 987 sit
3598 920 4146 987 satisfaciendum.
4233 919 4376 984 Nae
4415 920 4460 984 ii
4500 942 4711 1004 quorum

2857 1006 2976 1072 hoc
3034 1007 3380 1072 consilium
3432 1006 3735 1072 audimus
3779 1008 4055 1074 libenter
4100 1006 4182 1071 de
4223 1005 4368 1071 Deo
4411 1007 4714 1090 blasphemo

2856 1091 3105 1175 loquuti
3172 1100 3406 1172 essent,
3472 1114 3545 1159 ac
3604 1091 3773 1175 plebi
3832 1092 4327 1177 persuasissent,
4394 1093 4544 1157 nihil
4581 1094 4713 1159 aliud

2855 1199 3072 1244 arcam
3138 1178 3318 1243 illam
3380 1199 3520 1243 esse
3580 1199 3776 1262 quam
3835 1190 4167 1261 spectrum
4224 1186 4292 1243 et
4366 1178 4716 1245 simulacrum

2856 1263 3025 1346 quod
3083 1264 3206 1330 sibi
3262 1264 3603 1330 Israelitae
3661 1266 4027 1331 finxerant:
4087 1285 4164 1330 ac
4205 1262 4332 1328 Dei
4377 1266 4718 1330 maiestatem

2856 1351 2925 1414 in
2982 1359 3426 1434 contemptum
3484 1360 3553 1416 et
3609 1350 3830 1416 odium
3876 1371 4125 1430 vocare,
4182 1359 4262 1415 ut
4303 1348 4536 1415 idolum
4575 1373 4718 1416 suum

2857 1435 3265 1513 extollerent,
3331 1457 3406 1502 ac
3469 1457 3792 1502 summam
3856 1437 4033 1502 illius
4093 1456 4237 1502 esse
4307 1436 4634 1518 potentiam
4664 1456 4720 1500 ac

2854 1523 3262 1587 maiestatem
3307 1522 3564 1588 miseris
3603 1522 4087 1605 persuaderent.
4169 1521 4617 1587 Verumtamen
4646 1521 4718 1587 vel

2854 1608 3048 1673 inviti
3103 1609 3509 1673 maiestatem
3569 1610 3916 1692 infinitam,
3982 1616 4049 1673 et
4102 1607 4417 1673 invictam
4476 1611 4722 1672 virtutem

2856 1694 2980 1758 Dei
3025 1693 3290 1761 Israelis
3332 1695 3706 1777 praedicare
3748 1703 4092 1778 coguntur.
4137 1694 4308 1759 Nam
4353 1693 4532 1758 facile
4567 1694 4722 1757 anim·

2854 1780 3213 1846 advertunt
3278 1802 3410 1845 non
3467 1780 3613 1847 ideo
3669 1780 3997 1865 placatum
4058 1778 4276 1845 Deum
4347 1780 4403 1845 si
4461 1800 4598 1846 arca
4641 1778 4725 1843 illa

2855 1864 3241 1944 dimittatur,
3301 1865 3415 1932 sed
3462 1867 3689 1951 plagas
3731 1868 3950 1951 potius
3994 1864 4521 1949 ingeminandas:
4573 1882 4724 1947 quare

2853 1950 3249 2016 concludunt
3293 1973 3421 2017 non
3466 1973 3653 2035 posse
3698 1954 3910 2018 Deum
3958 1952 4221 2034 placari,
4266 1952 4396 2016 nisi
4430 1950 4506 2015 de
4537 1949 4726 2015 iniuria

2852 2037 3036 2102 illata
3087 2037 3212 2119 ipsi
3268 2040 3566 2103 satisfiat.
3658 2041 3871 2121 Atque
3930 2039 4084 2103 dum
4131 2037 4212 2102 de
4259 2037 4364 2104 his
4408 2037 4728 2112 deliberant,

2854 2124 3065 2205 primo
3119 2123 3378 2206 quidem
3434 2124 3683 2188 intuitu
3745 2124 4048 2191 videntur
4092 2138 4342 2188 rectam
4383 2124 4548 2190 viam
4586 2121 4727 2203 sequi

2854 2219 2923 2273 et
2979 2208 3300 2273 rationem
3357 2229 3584 2275 veram
3640 2210 3811 2276 inire
3866 2210 3936 2275 in
3979 2211 4259 2294 gratiam
4305 2231 4453 2276 cum
4498 2208 4623 2272 Deo
4656 2226 4729 2271 re·

2855 2293 3113 2368 deundi‚
3197 2301 3264 2360 et
3341 2295 3519 2361 illius
3595 2295 3764 2360 iram
3831 2295 4150 2378 placandi.
4238 2293 4375 2360 Sed
4441 2303 4570 2358 toto
4619 2292 4728 2356 illos

2854 2381 3035 2446 coelo
3072 2378 3409 2446 aberrasse
3451 2381 3597 2463 quis
3633 2402 3764 2445 non
3801 2379 4313 2447 animadvertit?
4362 2380 4638 2462 Namque
4663 2398 4733 2442 st-

2855 2465 3103 2532 crificia
3161 2487 3276 2549 pro
3335 2478 3594 2549 peccato
3652 2468 3901 2532 fiebant
3958 2488 4090 2532 non
4148 2468 4291 2533 sine
4352 2467 4520 2532 seria
4559 2462 4731 2547 poeni·

2857 2552 3094 2618 tentia:
3162 2551 3395 2617 deinde
3440 2552 3665 2617 eadem
3709 2553 4171 2639 significabant
4214 2574 4343 2618 non
4392 2549 4620 2635 placari
4655 2569 4735 2631 per

2856 2639 2999 2721 ipsa
3040 2637 3167 2702 Dei
3213 2639 3380 2703 iram
3415 2648 3533 2704 aut
3566 2639 3769 2721 ipsius
3805 2639 4043 2704 iudicio
4079 2638 4413 2718 satisfieri,
4446 2635 4555 2703 sed
4584 2636 4734 2716 longe

2859 2722 3035 2789 aliud
3093 2724 3379 2806 pretium
3423 2723 3666 2806 requiri
3711 2744 3827 2807 pro
3872 2734 4285 2806 peccatorum
4334 2721 4736 2804 redemptione.

2859 2809 3090 2892 Itaque
3145 2810 3460 2876 sacrificia
3519 2809 3663 2874 Deo
3721 2810 4087 2889 offerentes,
4153 2811 4561 2876 testabantur
4597 2827 4657 2872 se
4687 2814 4739 2869 ut

2859 2893 3005 2960 r'eos
3084 2916 3298 2961 coram
3380 2894 3666 2960 Domino
3731 2895 3989 2962 adstare
4054 2896 4338 2980 gratiam
4405 2905 4471 2961 et
4532 2892 4740 2958 veniam

2860 2991 3268 3065 peccatorum
3328 2979 3765 3064 deprecantes,
3820 2991 3898 3046 ut
3953 3003 4174 3048 coram
4217 2984 4362 3065 ipso
4406 2981 4739 3046 delerentur.

2861 3069 2952 3132 At
2994 3066 3066 3132 in
3111 3066 3232 3133 hoc
3278 3066 3782 3133 Philistaeorum
3827 3068 3996 3133 facto
4032 3068 4167 3133 sola
4203 3078 4305 3134 est
4345 3064 4606 3134 ridicula
4632 3061 4740 3127 imi·

2860 3153 3039 3226 tatio.
3120 3163 3186 3218 et
3250 3151 3459 3217 divini
3526 3153 3742 3218 cultus
3804 3154 4154 3237 corruptio.
4247 3153 4422 3219 Nam
4486 3144 4742 3234 quidquid

2859 3238 3328 3305 sacrificiorum
3387 3237 3651 3323 habent,
3709 3240 3792 3306 iis
3849 3240 4140 3323 graviter
4193 3239 4386 3305 Deus
4429 3236 4743 3310 offenditur,

2860 3334 2927 3389 et
2969 3324 3457 3407 sacrilegiorum
3506 3324 3702 3391 habet
3743 3324 3902 3391 loco.
3989 3325 4184 3408 Nam,
4243 3345 4507 3409 quaese,
4548 3321 4638 3389 cui
4672 3337 4748 3383 sa·

2858 3410 3100 3477 crificia
3139 3430 3259 3474 sua
3302 3409 3723 3475 obtulerunt?
3777 3411 4013 3476 Nonne
4055 3412 4249 3477 rebus
4295 3412 4587 3486 mortuis,
4623 3411 4746 3489 puts

2854 3495 3046 3560 idolis
3087 3516 3170 3560 ex
3214 3517 3391 3576 auro,
3435 3505 3551 3561 aut
3593 3507 3883 3580 argento,
3924 3517 4009 3561 ex
4051 3495 4231 3581 ligno
4275 3507 4396 3562 aut
4437 3515 4588 3562 saxo
4622 3510 4744 3557 con·

2858 3579 3073 3646 fiatis?
3141 3580 3274 3648 Sed
3346 3582 3537 3664 longe
3602 3582 3865 3667 gravior
3921 3583 4090 3647 alius
4146 3582 4274 3647 fuit
4333 3603 4532 3648 error.
4612 3576 4741 3643 Nam

2860 3667 3013 3751 quid
3072 3676 3271 3751 agant
3327 3667 3692 3747 offerentes,
3746 3669 4079 3734 nesciunt:
4157 3689 4234 3734 ac
4288 3666 4600 3735 sacrificia
4644 3663 4749 3725 loeo

2864 3752 3054 3835 pretii
3112 3753 3448 3819 cuiusdam
3484 3752 3745 3833 habent,
3803 3772 3930 3837 quo
3974 3753 4308 3839 persoluto
4357 3749 4645 3820 creditori
4680 3764 4751 3811 ss·

2866 3840 3086 3916 tisfiat,
3145 3849 3211 3904 et
3265 3838 3436 3920 quod
3481 3860 3597 3921 per
3641 3840 4090 3924 syngrapham
4135 3839 4509 3907 crediderat
4547 3837 4603 3902 ei
4636 3851 4751 3917 per·

2865 3924 3178 3990 solvatur.
3266 3925 3458 3990 'Pales
3493 3935 3652 3990 sunt
3684 3925 4096 3991 sacerdotum
4130 3926 4414 3991 istorum
4449 3936 4752 4014 sermones,

2874 4010 3153 4092 offeretis
3214 4012 3274 4075 ei
3337 4011 3652 4091 sacrificia
3692 4032 3816 4093 pro
3863 4018 4136 4096 peccato,
4194 4017 4250 4077 et
4307 4032 4438 4077 non
4477 4007 4751 4075 dimittat-³

2863 4116 3149 4176 vacuam,
3191 4097 3529 4162 restituetis
3571 4098 3630 4161 ei
3672 4096 3942 4164 hostiam
3971 4117 4102 4180 pro
4133 4104 4409 4180 peccato.
4491 4098 4579 4161 At
4610 4107 4755 4158 saort

2866 4182 3190 4264 scriptura
3267 4182 3730 4248 sacrificiorum
3805 4205 3924 4268 pro
3990 4195 4251 4266 peccato
4319 4179 4630 4256 meminit,
4700 4181 4754 4236 ut

2866 4266 3167 4332 ostendat
3224 4267 3521 4332 homines
3577 4290 3707 4335 non
3755 4290 3941 4352 posse
3984 4290 4102 4335 sua
4143 4270 4475 4336 industria
4513 4268 4645 4332 Deo
4678 4279 4755 4324 ⁸8-

2868 4354 3196 4419 tisfacere:
3264 4351 3377 4418 sed
3436 4352 3611 4435 alibi,
3667 4377 3899 4439 nempe
3957 4354 4029 4420 in
4087 4356 4237 4422 Iesu
4296 4356 4563 4422 Christo
4601 4365 4754 4442 qum?-

2868 4438 3138 4504 rendam
3183 4460 3325 4506 esse
3367 4440 3899 4507 satisfactionem.
3988 4442 4240 4507 Verum
4285 4437 4624 4507 Philistaei
4661 4431 4758 4498 allo

2866 4527 2995 4590 ista
3065 4535 3515 4608 contorquent,
3587 4526 3713 4591 sibi
3771 4549 4051 4610 namque
4108 4527 4508 4611 persuadent
4564 4517 4759 4587 sacrifi·

2868 4611 3043 4676 cium
3101 4632 3219 4694 pro
3275 4623 3537 4694 peccato
3581 4633 3722 4684 esse
3764 4614 4043 4697 pretium
4088 4612 4260 4698 quod
4304 4614 4391 4679 ab
4435 4605 4761 4678 hominibus

2866 4696 3013 4762 Deo
3058 4697 3468 4779 persolvitur,
3511 4698 3591 4763 ad
3633 4699 4147 4765 satisfactionem
4182 4700 4487 4765 iniuriae.
4570 4694 4759 4772 Itaque

2872 4782 3030 4849 haec
3092 4794 3192 4848 est
3246 4785 3722 4866 ἓθελοθρησκεία
3779 4806 3973 4868 quam
4031 4786 4156 4851 sibi
4199 4788 4487 4870 fingunt,
4545 4802 4619 4847 ex
4656 4790 4754 4858 <1¹¹⁸

2872 4866 3180 4935 discimus
3237 4871 3368 4935 iam
3427 4871 3585 4935 olim
3644 4871 3941 4937 ethnicos
3983 4871 4194 4937 instar
4235 4872 4576 4938 simiarum
4615 4875 4760 4956 sam?

2871 4974 2990 5019 sua
3044 4956 3422 5036 celebrasse,
3487 4976 3767 5039 qnorum
3827 4979 4020 5022 usum
4075 4977 4206 5023 non
4265 4957 4598 5022 haberent.
4677 4944 4761 5012 8¹⁰

2872 5041 3046 5105 enim
3105 5041 3398 5107 diabolus
3458 5043 3732 5107 miseros
3784 5044 4175 5109 excaecavit.
4265 5043 4566 5124 Namque
4615 5051 4760 5100 εωθ-

2870 5135 3108 5275 ferant
3158 5127 3258 5192 illi
3301 5126 3561 5210 quidem
3617 5148 3657 5193 a
3701 5127 3996 5212 patribus
4035 5129 4277 5197 sanctis
4318 5130 4491 5193 ritus
4534 5121 4646 5189 Dei
4681 5136 4760 5182 0⁰·

2897 5211 3066 5294 endi,
3123 5220 3198 5279 ut
3249 5213 3743 5281 similitudinem
3806 5224 3874 5281 et
3913 5215 4435 5282 conformitatem
4480 5204 4759 5296 quandam
