5059 6059
272 322 377 389 689

271 530 436 576 mauu
495 506 991 591 Phili-cunarum,
1066 514 1123 575 et
1186 510 1257 575 iu
1320 529 1516 575 mauu
1579 509 1746 595 reyis
1809 508 2023 590 Moab,
2101 514 2162 575 et

254 598 660 681 puqnaverunt
701 595 1006 661 adversus
1047 614 1172 662 eos.
1263 595 1365 662 10.
1402 594 1631 662 Postea
1672 600 1882 662 autem
1922 595 2156 661 clama-

261 685 455 748 verunt
499 680 580 746 ad
636 678 1000 760 Dominum,
1057 687 1116 746 et
1153 681 1486 748 dixerunt.-
1542 680 1961 764 Pevcavimus,
2004 681 2160 763 quia

263 766 668 849 dereliquimus
732 764 1078 832 Dominum
1103 817 1120 848 ,
1198 771 1256 833 et
1326 768 1700 834 servivimus
1768 765 2041 834 Baalim
2102 771 2161 833 et

261 850 544 931 Astaroth,
599 870 762 919 nunc
817 871 958 935 erqo
1015 872 1161 918 erue
1215 871 1330 919 nos
1387 853 1463 919 de
1502 872 1697 918 manu
1738 852 2160 932 inimicorum,

261 943 588 1016 nostrorum,
633 941 688 1001 et
727 939 1067 1004 serviemus
1108 937 1228 1004 tibi
1238 938 1321 1024 ⁴⁵).

403 1106 502 1173 Ex
544 1108 966 1191 sequentibus
1004 1108 1246 1176 clarius
1300 1119 1365 1175 et
1406 1109 1819 1176 manifestius
1862 1129 2004 1176 esse
2048 1130 2158 1175 ve·

259 1214 389 1258 rum
455 1203 722 1278 apparet
791 1194 966 1277 quod
1032 1195 1369 1280 superiore
1432 1195 1741 1262 concione
1795 1193 2159 1275 docuimus,

257 1277 595 1347 Samuelem
652 1300 838 1345 suam
898 1280 1343 1366 integritatem
1402 1280 1573 1365 apud
1619 1280 1931 1366 populum
1976 1291 2159 1347 tuen·

258 1381 389 1442 tem,
431 1385 555 1430 non
601 1364 906 1432 habuisse
940 1366 1042 1431 sui
1086 1366 1429 1447 rationem,
1473 1367 1584 1432 sed
1622 1368 1839 1450 potius
1873 1367 2157 1433 instruc·

255 1451 428 1516 tionis
488 1450 749 1535 populi:
816 1460 882 1516 et
944 1450 1198 1518 dedisse
1259 1473 1543 1537 operam,
1611 1473 1694 1518 ne
1755 1452 1880 1518 Dei
1942 1452 2159 1538 gratia

253 1536 406 1620 apud
444 1536 732 1621 ingratos
766 1537 1240 1604 obliteraretur.
1288 1536 1450 1603 Nam
1488 1540 1559 1602 in
1595 1547 1822 1622 coepto
1857 1558 2157 1605 sermone

250 1642 503 1707 pergens
560 1622 651 1686 ait
695 1642 766 1689 se
812 1622 979 1690 velle
1025 1643 1170 1688 cum
1216 1623 1374 1707 ipsis
1418 1624 1831 1703 contendere,
1891 1633 1958 1688 et
2000 1645 2156 1709 quo-

252 1706 567 1772 dammodo
625 1708 770 1773 iure
825 1729 969 1775 cum
1030 1709 1189 1793 ipsis
1247 1710 1534 1795 experiri
1590 1722 1658 1775 et
1716 1709 1899 1777 litem
1942 1710 2157 1776 inten-

250 1804 371 1859 tare
423 1793 579 1875 ipsis
633 1793 715 1859 de
769 1792 899 1859 Dei
953 1795 1023 1860 in
1085 1795 1260 1879 ipsos
1310 1794 1563 1862 collatis
1623 1795 1965 1862 beneficiis.
2055 1796 2160 1861 De

252 1879 559 1961 scitaque
616 1900 747 1945 non
808 1879 1089 1964 amplius
1149 1882 1542 1948 mentionem
1587 1881 1763 1966 facit,
1817 1888 2159 1948 contentus

251 1965 598 2031 testimonio
658 1964 831 2048 quod
887 1978 1225 2049 acceperat
1289 1967 1707 2033 innocentiae
1764 1975 1830 2032 et
1893 1968 2160 2049 integri-

248 2052 382 2115 tatis
420 2071 594 2125 suae.
641 2062 717 2117 ιιι
758 2052 827 2116 in
873 2060 1207 2135 posterum
1255 2052 1684 2136 conspicuum
1719 2054 1906 2119 fieret
1946 2053 2158 2118 omni·

247 2135 369 2216 bus,
423 2136 605 2202 illum
667 2136 943 2202 fideliter
994 2137 1139 2203 Deo
1200 2138 1587 2205 servivisse:
1652 2160 1737 2203 ne
1791 2139 1961 2204 forte
2017 2137 2155 2205 cui-

248 2239 419 2304 quam
475 2224 643 2287 foret
699 2221 1109 2303 offendiculo,
1171 2224 1284 2290 sed
1342 2223 1563 2307 potius
1607 2224 1943 2309 exemplar
1985 2232 2157 2290 esset

246 2305 316 2370 ad
355 2305 517 2391 quod
560 2307 674 2373 alii
713 2328 785 2374 se
827 2318 1307 2393 componerent.
1396 2310 1802 2376 Nominatim
1844 2329 1999 2378 vero
2041 2329 2155 2394 po·

247 2392 383 2474 pulo
435 2414 621 2459 suam
683 2393 997 2461 adversus
1051 2394 1272 2461 Deum
1327 2394 1864 2481 ingratitudinem
1924 2415 2155 2479 expro-

248 2478 390 2556 brat,
451 2477 557 2544 his
609 2480 861 2547 verbis:
923 2478 1114 2547 Nunc
1152 2485 1321 2562 state,
1383 2485 1454 2547 ut
1507 2482 1745 2548 iudicio
1800 2481 2157 2548 contendam

245 2562 552 2630 adversum
603 2585 714 2631 vos
764 2586 974 2632 coram
1016 2565 1288 2633 Domino
1342 2568 1419 2634 de
1461 2567 1747 2633 erunibus
1801 2566 2155 2634 misericor-

245 2649 375 2727 diis,
452 2662 571 2717 etc.
672 2650 904 2716 Terret
965 2651 1185 2735 itaque
1261 2652 1595 2737 populum,
1674 2674 1745 2719 se
1824 2653 2157 2719 inimicum

244 2734 573 2801 ostendens
627 2735 999 2804 rebellionis
1056 2749 1122 2801 et
1186 2740 1631 2805 contumaciae
1693 2738 2018 2822 ipsorum:
2084 2738 2154 2803 in

244 2838 417 2901 quam
489 2841 706 2905 neque
769 2821 910 2904 ipse
974 2834 1415 2906 consenserat,
1493 2845 1709 2908 neque
1772 2823 2156 2892 facientibus

241 2903 616 2973 indulserat:
702 2928 914 2991 neque
974 2908 1146 2974 enim
1229 2910 1368 2994 ipse
1433 2920 1617 2976 tauta
1681 2910 1982 2977 libertate
2045 2909 2155 2975 vel

242 3010 406 3055 suam
484 2993 926 3058 innocentiam
992 2994 1182 3073 tueri,
1261 2995 1367 3062 vel
1431 2996 1558 3061 Dei
1635 3016 1894 3063 causam
1962 3016 2155 3080 agere

241 3077 552 3223 {ptuisset
643 3078 879 3162 Itaque
935 3079 1137 3146 libere
1193 3082 1368 3164 ipsos
1411 3103 1628 3148 coram
1673 3083 1816 3149 Deo
1860 3091 2152 3148 accusat:

299 3183 567 3247 eumque
628 3162 816 3231 docet
858 3164 1097 3231 iustam
1140 3166 1379 3232 habere
1422 3187 1679 3233 causam
1726 3166 2045 3233 irascendi
2089 3177 2154 3232 et

242 3245 310 3311 de
347 3247 502 3332 ipsis
557 3249 1003 3334 conquerendi
1060 3251 1230 3334 quod
1276 3252 1736 3318 benefaciendo
1780 3251 1936 3337 ipsis
1979 3275 2151 3318 nun-

241 3352 415 3414 quam
481 3337 830 3419 quieverit,
897 3358 979 3402 ex
1024 3358 1150 3420 quo
1205 3346 1424 3422 patres
1479 3339 1776 3423 ipsorum
1836 3339 1916 3405 de
1973 3346 2152 3405 terra

241 3418 510 3504 Aegypti
568 3420 816 3500 eduxit,
872 3435 937 3487 et
994 3421 1074 3488 de
1129 3425 1538 3490 inimicorum
1600 3425 1903 3491 manibus
1958 3425 2149 3491 eruit.

239 3503 323 3601 Ac
358 3506 506 3571 licet
549 3527 800 3591 poenas
845 3507 925 3573 de
965 3508 1124 3592 ipsis
1167 3518 1433 3595 propter
1477 3510 1638 3576 vitia
1681 3520 1750 3575 et
1792 3520 2151 3594 transgres-

240 3609 436 3656 nones
476 3594 853 3676 sumpserit,
896 3615 968 3661 se
1009 3605 1226 3660 tamen
1272 3617 1431 3679 erga
1464 3597 1636 3678 ipsos
1674 3617 1861 3662 usum
1896 3617 2152 3662 summa

238 3673 688 3762 misericordia,
746 3699 942 3761 quum
1004 3692 1264 3763 peccata
1308 3684 1691 3747 confitentes
1732 3683 1994 3747 veniam
2039 3681 2150 3747 de-

239 3764 465 3841 precati
511 3774 694 3839 sunt,
731 3775 797 3829 et
837 3765 1179 3832 suscitavit
1207 3764 1482 3844 Iudices,
1523 3766 1820 3850 Iephthe,
1858 3766 2149 3848 Gedeon,

238 3858 296 3944 et
347 3847 523 3927 alios,
588 3872 630 3916 a
689 3848 922 3932 quibus
964 3872 1004 3914 a
1047 3850 1396 3936 tyrannide
1440 3866 1507 3916 et
1550 3854 1700 3937 iugo
1741 3853 2150 3919 inimicorum

171 3988 182 4003 .
237 3953 293 4028 ιιι
346 3934 717 4001 libertatem
776 3938 1010 4002 asserti
1065 3946 1238 4003 sunt.
1329 3938 1419 4003 Et
1477 3938 1734 4021 quidem
1791 3937 2022 4004 deinde
2080 3959 2150 4004 se

235 4036 428 4098 :psum
495 4019 772 4088 Samuel
837 4022 1013 4087 inter
1076 4042 1186 4088 eos
1251 4032 1554 4089 numerat
1611 4044 1772 4107 quos
1827 4023 2014 4090 Deus
2067 4024 2148 4090 ad

235 4105 437 4185 populi
498 4106 782 4172 salutem
842 4107 1170 4174 excitavit.
1259 4108 1797 4174 Commemoratis
1852 4130 2009 4175 vero
2053 4118 2148 4175 tot

236 4191 545 4275 tantisque
595 4192 723 4258 Dei
776 4192 846 4257 in
891 4192 1066 4276 ipsos
1106 4193 1479 4272 benefactis,
1536 4196 1963 4278 pervicaciam
2005 4195 2149 4261 illo-

233 4292 361 4339 rum
418 4289 485 4341 et
526 4276 927 4343 obstinatam
973 4279 1290 4345 malitiam
1334 4289 1707 4366 exaggerat,
1766 4291 2150 4364 patrumque

234 4364 605 4441 apostasiam
669 4374 734 4428 et
789 4375 938 4447 post
1001 4364 1177 4431 idola
1235 4365 1661 4432 defectionem
1722 4386 1762 4430 a
1803 4387 1960 4431 vero
2003 4367 2147 4432 Deo

231 4458 502 4513 creatore
568 4456 640 4513 et
706 4456 1036 4516 servatore
1102 4472 1218 4517 suo
1277 4452 1567 4536 graviter
1631 4452 2009 4535 exprobrat:
2076 4454 2144 4517 in

234 4549 347 4611 qua
410 4553 615 4616 quum
697 4535 939 4618 posteri
1004 4548 1303 4622 pergant,
1383 4537 1795 4621 iniquitatem
1859 4539 2148 4620 ipsorum

234 4635 421 4700 usque
478 4618 562 4684 ad
623 4621 960 4686 cumulum
1005 4624 1370 4689 excrevisse
1415 4623 1621 4690 docet.
1712 4622 2148 4691 Nihilominus

231 4708 435 4769 tamen
491 4726 678 4790 spem
720 4705 885 4790 ipsis
926 4709 1417 4793 consequendae
1460 4712 1685 4775 veniae
1729 4709 1901 4784 facit,
1957 4709 2149 4777 modo

234 4787 452 4855 seriam
512 4800 718 4875 agant
774 4793 1234 4876 poenitentiam
1316 4806 1382 4860 et
1435 4796 1516 4861 ab
1570 4794 1760 4860 idolis
1802 4793 1884 4860 ad
1930 4794 2148 4861 Deum

229 4885 704 4970 convertantur,
733 4887 802 4942 et
822 4887 1219 4963 quantopere
1241 4845 1368 4945 bei
1396 4880 1729 4948 benefacta
1752 4891 2151 4965 contempse-

233 4968 370 5060 rint,
424 4972 490 5026 et
544 4962 758 5027 veluti
813 4961 1082 5046 pedibus
1140 4967 1533 5033 subiecerint
1589 4987 1923 5046 memores,
1981 4968 2149 5034 serio

231 5062 343 5126 ips:
383 5047 450 5112 in
495 5058 835 5132 posterum
877 5049 1191 5130 serviant,
1235 5062 1304 5118 et
1343 5073 1556 5119 mores
1599 5061 2034 5138 naturamque
2077 5054 2148 5120 in

357 5236 414 5304 *)
459 5237 660 5292 Versus
692 5237 759 5291 11
795 5238 845 5292 h.
882 5238 916 5292 1.
950 5236 1231 5293 omittitur.

417 5321 645 5378 Gatrusi
671 5336 863 5392 opera.
935 5323 1058 5380 Vol.
1086 5322 1319 5380 XXIX.

1546 318 1646 387 IN
1688 320 1744 385 1.
1790 318 1971 385 LIB.
2021 315 2419 387 SAMUEL.
2465 316 2664 386 OAP.
2707 317 2871 385 XII.

4067 308 4197 381 690

2262 507 2495 574 melius
2561 515 2852 573 mutent:
2932 524 2997 573 et
3063 528 3147 572 ne
3227 505 3510 590 amplius
3580 505 3714 571 sint
3778 511 4195 572 contumaces

2260 593 2515 677 Deique
2574 594 2803 678 iugum
2862 615 2945 659 ne
3001 594 3360 658 excutiant.
3449 592 3680 675 Itaque
3723 590 4048 676 promittit
4090 591 4195 657 his

2259 678 2735 745 conditionibus
2781 679 3018 764 populo
3061 678 3189 744 Dei
3245 678 3558 758 favorem,
3613 683 3929 760 regnante
3973 675 4195 758 Saule,

2259 766 2445 832 cuius
2503 785 2776 849 regnum
2839 765 2978 831 fore
3032 763 3337 831 secundis
3380 763 3574 830 rebus
3618 763 4022 829 fortunatum
4082 764 4192 844 ait,

2260 850 2452 917 modo
2510 852 2634 935 ipsi
2681 850 2878 916 etiam
2921 852 2991 916 in
3037 849 3404 916 obedientia
3444 856 3887 934 perseverent.
3974 848 4195 933 Atque

2261 937 2419 1005 haec
2462 936 2725 1021 singula
2767 946 2923 1003 sunt
2966 934 3153 1002 nobis
3196 935 3560 1002 accuratius
3602 934 3729 1000 hoc
3770 934 3907 1000 loco
3950 955 4192 1017 expen-

2261 1021 2491 1088 denda.
2540 1022 2629 1088 Et
2671 1023 2743 1088 in
2786 1022 3017 1106 primis
3060 1020 3566 1100 observandum,
3625 1041 3735 1085 eos
3779 1021 3889 1103 qui
3935 1019 4193 1104 publica

2261 1129 2540 1174 munera
2583 1108 2931 1191 sustinent,
2990 1114 3286 1191 oportere
3329 1106 3756 1174 vehementer
3799 1106 4190 1172 commoveri

2257 1194 2770 1278 quotiescunque
2826 1192 2955 1259 Dei
3012 1194 3220 1259 honor
3276 1200 3343 1257 et
3401 1192 3611 1279 gloria
3674 1191 3754 1257 ab
3820 1192 4192 1259 hominibus

2261 1279 2572 1346 violatur:
2639 1289 2705 1344 et
2766 1280 2822 1346 si
2889 1299 3055 1362 quae
3117 1279 3366 1363 flagitia
3431 1278 3941 1356 committantur,
4006 1278 4191 1343 litem

2259 1364 2578 1432 adversus
2619 1364 2988 1431 istiusmodi
3033 1364 3397 1448 deploratos
3439 1362 3737 1430 homines
3770 1384 3988 1430 coram
4025 1362 4192 1429 iudi-

2217 1504 2218 1507 ,
2260 1451 2461 1530 cibus,
2522 1460 2591 1518 et
2632 1451 2761 1517 Dei
2786 1484 2795 1495 ·
2819 1449 3133 1517 tribunali
3188 1448 3270 1515 ab
3324 1450 3485 1534 ipsis
3542 1449 3875 1529 intentari,
3937 1459 4003 1515 et
4048 1459 4193 1515 tan·

2260 1534 2456 1623 quam
2503 1536 2812 1603 adversas
2854 1545 3075 1620 partes
3118 1543 3311 1602 stare.
3401 1535 3673 1602 Certum
3720 1544 3820 1601 est
3860 1537 4038 1601 enim
4081 1555 4192 1602 eos

2259 1625 2366 1708 qui
2412 1622 2494 1688 ad
2537 1621 2872 1707 publicum
2917 1621 3176 1706 aliquod
3223 1642 3466 1687 munus
3509 1621 3722 1687 vocati
3765 1632 3938 1699 sunt,
3998 1621 4193 1706 quod-

2258 1730 2513 1792 cunque
2581 1708 2846 1774 tandem
2912 1707 3075 1773 illud
3141 1707 3248 1787 sit,
3313 1706 3494 1776 hunc
3558 1707 3874 1772 honorem
3942 1728 3982 1773 a
4049 1708 4191 1774 Deo

2259 1795 2589 1878 consequi,
2650 1804 2725 1859 ut
2782 1795 2914 1859 sint
2955 1793 3164 1878 ipsius
3206 1792 3406 1859 veluti
3450 1793 3743 1876 patroni;
3803 1814 3879 1858 ac
3919 1793 4192 1877 proinde

2261 1881 2428 1946 velle
2473 1889 2549 1946 ut
2604 1886 2869 1945 causa‘m
2928 1899 3115 1945 suam
3160 1887 3380 1965 agant.
3468 1878 3886 1963 Quapropter
3926 1879 4188 1944 imitan-

2260 1965 2416 2032 dum
2461 1966 2586 2031 hoc
2629 1964 2958 2031 Samuelis
3001 1964 3394 2048 exemplum,
3438 1972 3578 2030 tum
3623 1964 3706 2030 iis
3740 1964 3971 2048 quibus
4008 1965 4189 2033 Deus

2261 2052 2444 2119 verbi
2489 2051 2592 2117 sui
2636 2050 3272 2116 administrationem
3310 2051 3393 2115 ad
3434 2048 3654 2134 populi
3688 2049 4188 2117 instructionem

2261 2137 2455 2215 dedit,
2499 2146 2638 2203 tum
2684 2137 2764 2202 iis
2807 2137 2917 2220 qui
2960 2136 3248 2221 gladium
3296 2145 3704 2219 acceperunt,
3749 2134 3830 2201 ad
3874 2137 4187 2220 populum

2258 2223 2615 2307 regendum
2661 2231 2729 2288 et
2770 2223 3184 2288 autoritatem
3228 2222 3348 2287 sibi
3385 2219 3887 2288 conciliandam:
3934 2221 4029 2289 Hi
4071 2224 4188 2308 igi·

2261 2319 2368 2374 tur
2431 2310 2686 2374 sciunto
2710 2359 2725 2386 ,
2807 2309 2864 2374 si
2927 2308 3205 2373 scientes
3279 2307 3495 2373 ferant
3558 2306 3686 2372 Dei
3741 2306 4055 2373 honorem
4122 2315 4188 2373 et

2260 2394 2532 2480 gloriam
2590 2393 2872 2460 ludibrio
2936 2393 3184 2472 haberi,
3242 2401 3310 2458 et
3351 2392 3555 2459 veluti
3614 2390 3888 2475 pedibus
3930 2394 4186 2459 concul-

2259 2482 2412 2560 cari,
2480 2489 2593 2545 aut
2657 2479 2739 2546 ad
2806 2480 2967 2546 vitia
3028 2478 3441 2559 conniveant,
3514 2479 3823 2562 viamque
3888 2482 4188 2564 aperiant

2260 2565 2765 2645 dissimulantes,
2820 2584 2952 2630 non
2996 2565 3266 2648 impune
3318 2571 3577 2630 tantum
3621 2563 3974 2632 socordiam
4019 2564 4188 2630 latu·

2258 2673 2385 2731 ros,
2443 2651 2554 2718 sed
2614 2651 2759 2717 Deo
2810 2651 3158 2716 rationem·
3192 2650 3348 2717 olim
3404 2649 3793 2730 reddituros,
3850 2649 4023 2735 quod
4067 2672 4185 2716 suo

2257 2738 2468 2805 officio
2520 2736 2765 2822 perfide
2822 2734 3163 2815 defuerint,
3229 2735 3746 2820 quandoquidem
3804 2756 3989 2802 suam
4035 2757 4186 2803 cau-

2259 2845 2397 2889 sam
2465 2824 2623 2907 ipsis
2687 2823 2871 2889 Deus
2933 2823 3361 2899 commiserat,
3428 2831 3494 2888 et
3562 2841 3728 2904 quos
3771 2821 3853 2887 ad
3899 2843 4187 2888 summos

2258 2910 2541 2975 honores
2605 2916 2970 2988 vocaverat,
3050 2914 3123 2974 ut
3183 2907 3311 2973 Dei
3376 2926 3606 2973 causae
3682 2906 4050 2973 defensores
4116 2928 4186 2972 se

2256 2995 2474 3079 palam
2509 2996 2986 3079 profiterentur.
3033 2993 3146 3059 Illi
3179 2993 3398 3077 itaque
3433 2992 3579 3059 aliis
3614 2991 3913 3077 exemplo
3936 2992 4187 3076 praeire

2257 3080 2529 3164 debent3
2589 3100 2824 3146 verum
2869 3080 3068 3145 etiam
3111 3079 3409 3165 singulos
3452 3099 3491 3143 a
3535 3078 3804 3143 minimo
3850 3077 3929 3143 ad
3974 3079 4185 3144 maxi-

2255 3187 2437 3232 mum
2494 3176 2749 3250 oportet
2805 3164 2898 3231 sic
2939 3164 3112 3232 affici
3156 3165 3283 3231 Dei
3328 3163 3554 3251 gloria,
3610 3172 3689 3229 ut
3730 3164 3787 3230 si
3830 3162 4049 3228 Deum
4092 3164 4184 3229 of·

2256 3251 2436 3317 feudi
2501 3251 2806 3328 viderint,
2873 3251 3140 3335 eiusque
3205 3253 3518 3318 honorem
3583 3250 3653 3315 in
3719 3249 3939 3333 aliqua
4002 3259 4188 3333 parte

2254 3336 2424 3403 laedi
2481 3337 3085 3416 animadverterint,
3146 3335 3319 3404 diem
3362 3336 3782 3421 peccantibus
3825 3334 4062 3410 dicant,
4122 3349 4188 3401 et

2251 3445 2323 3490 se
2365 3423 2604 3489 iudicio
2651 3432 2962 3506 tanquam
3009 3434 3257 3489 actores
3301 3434 3367 3487 et
3400 3434 3709 3507 patronos
3754 3441 3988 3488 causae
4025 3421 4187 3488 divi-

2252 3531 2374 3575 nae
2416 3510 2671 3575 sistant.

2421 3595 2627 3660 Porro
2663 3594 2933 3661 Samuel
2979 3593 3135 3659 dicit
3167 3614 3237 3661 se
3282 3593 3595 3659 adversus
3640 3590 3786 3657 illos
3823 3592 3990 3657 velle
4035 3600 4185 3659 con·

2252 3681 2523 3747 tendere
2579 3681 2654 3746 de
2696 3680 2982 3746 omnibus
3037 3681 3228 3746 iustis
3278 3679 3469 3762 factis
3512 3678 3795 3743 lehovae.
3882 3677 4184 3746 Iustitiae

2254 3788 2382 3832 vox
2420 3788 2883 3850 nonnunquam
2923 3767 2984 3829 in
3012 3767 3213 3832 sacris
3236 3766 3549 3848 accipitur
3584 3784 3699 3847 pro
3734 3765 3951 3846 gratia
3987 3786 4183 3848 quam

2255 3854 2437 3918 Deus
2496 3851 2797 3918 fidelibus
2852 3850 3119 3931 confert,
3187 3851 3540 3935 improprie
3594 3858 3861 3932 accepto
3919 3852 4183 3917 nomine

2252 3938 2573 4004 iustitiae:
2619 3958 2783 4020 quae
2826 3938 3087 4021 proprie
3127 3937 3480 4021 opponitur
3512 3935 3641 4001 Dei
3687 3935 4183 4018 misericordiae,

2253 4034 2319 4089 et
2375 4022 2726 4090 metuenda
2787 4024 3192 4108 proponitur.
3278 4021 3507 4106 Neque
3574 4031 3797 4086 tamen
3862 4022 4183 4105 scriptura

2250 4110 2543 4176 iustitiae
2601 4108 2864 4175 nomine
2922 4110 3147 4187 utitur,
3214 4129 3413 4192 quum
3470 4107 3595 4173 Dei
3663 4105 3972 4173 iudicium
4032 4128 4181 4173 cum

2253 4197 2599 4262 severitate
2664 4196 3079 4261 coniunctum
3146 4193 3476 4260 describit:
3543 4191 3658 4260 sed
3724 4193 4178 4277 perfectionem

2249 4281 2431 4346 illam
2490 4279 2903 4346 rectitudinis
2967 4280 3036 4345 in
3095 4279 3238 4346 Deo
3305 4286 3502 4345 notat.
3604 4277 3737 4345 Sed
3795 4278 4179 4363 plerumque

2251 4367 2458 4432 nostri
2516 4376 2813 4449 respectu
2860 4365 3101 4431 dicitur
3156 4365 3423 4443 iustitia,
3484 4362 3654 4447 quod
3697 4385 3766 4430 se
3811 4363 4064 4428 fidelem
4111 4376 4178 4429 et

2249 4453 2494 4518 iustum
2555 4452 2739 4518 Deus
2795 4450 3118 4532 exhibeat,
3179 4471 3384 4534 quum
3440 4471 3558 4515 nos
3619 4468 4007 4514 conservare
4051 4448 4176 4533 ipsi

2250 4538 2481 4621 placet,
2542 4550 2607 4602 et
2666 4558 2869 4620 quum
2925 4536 3210 4621 benigna
3266 4556 3463 4601 manu
3507 4535 3641 4602 suis
3686 4533 4013 4599 beneficiis
4054 4555 4175 4601 nos

2248 4622 2573 4690 cumulat:
2634 4632 2750 4688 aut
2810 4644 2891 4688 ex
2949 4621 3252 4706 periculis
3310 4621 3583 4687 summis
3638 4618 3907 4685 liberat:
3974 4640 4172 4702 quum

2251 4709 2436 4775 nobis
2494 4707 2947 4774 deficientibus
3007 4709 3178 4774 vires
3233 4706 3490 4774 sufficit.
3578 4705 3662 4770 In
3718 4704 3867 4770 istis
3907 4704 4172 4787 inquam

2251 4793 2434 4861 Dens
2477 4815 2663 4860 suam
2705 4794 3025 4860 iustitiam
3068 4794 3389 4877 patefacit.
3446 4790 3694 4857 Utilem
3737 4809 3894 4855 sane
3938 4789 4175 4858 doctri·-

2251 4900 2403 4945 nam
2446 4900 2576 4947 vox
2620 4881 2747 4947 ista
2789 4880 3094 4947 continet.
3181 4878 3350 4943 Nam
3394 4875 3544 4942 inde
3587 4875 3966 4960 colligimus,
4007 4896 4176 4941 nun·

2250 4986 2447 5049 quam
2489 4986 2657 5031 resse
2720 4963 3162 5044 metuendum,
3240 4961 3545 5046 quamdiu
3616 4961 3795 5026 Deus
3852 4960 4171 5029 iustitiam

2251 5051 2493 5132 fecerit,
2552 5073 2634 5116 ne
2693 5050 2998 5134 periculis
3055 5050 3514 5117 absorbeamur
3555 5060 3637 5113 et·
3665 5066 4038 5131 pereamus:
4096 5068 4173 5116 ae

2251 5138 2405 5204 licet
2471 5135 2682 5202 multa
2744 5136 3010 5203 ferenda
3070 5135 3258 5200 nobis
3305 5134 3439 5199 sint
3499 5132 3905 5200 incommoda
3959 5147 4023 5198 et
4074 5134 4173 5200 af-

2253 5224 2594 5304 flictiones,
2638 5244 2755 5290 nos
2799 5233 3018 5288 tamen
3063 5239 3397 5305 nunquam
3442 5220 3586 5300 nisi,
3630 5227 3705 5284 ut
3745 5219 3951 5301 aiunt,
3991 5228 4171 5290 recte
