5059 6059
277 345 354 414 69
1569 345 1671 412 IN
1714 346 1766 412 1.
1812 345 1988 412 LIB.
2034 343 2436 413 SAMUEL.
2483 341 2682 411 cAP.
2724 341 2917 412 XIV.

273 538 396 608 Hic
433 537 629 618 igitur
670 533 1003 601 adoranda
1035 533 1226 603 nobis
1265 534 1716 603 inscrutabilia
1747 533 1880 601 Dei
1922 533 2183 618 iudicia,

275 624 502 693 nostris
543 620 842 688 sensibus
883 620 1137 687 altiora.
1226 619 1396 687 Nam
1441 620 1498 688 si
1555 621 1750 688 nimis
1794 621 1990 687 anxie
2046 619 2183 687 vel·

274 712 472 779 lomus
546 726 771 774 causas
837 706 1232 791 investigare
1310 726 1431 773 cur
1496 706 1682 774 Deus
1742 705 2183 772 Ionathanum

274 794 722 872 condemnarit,
771 790 1291 878 quandoquidem
1332 800 1525 859 antea
1557 792 1844 859 vidimus
1876 791 2187 858 Ionatha-

274 902 420 950 num
463 888 767 946 testatum
811 878 1012 945 fuisse
1056 898 1126 944 ee
1167 877 1504 964 ignorasse
1547 877 1715 964 quod
1757 891 1948 963 pater
1983 877 2186 961 ipsius

273 965 711 1053 prohibuerat:
778 976 845 1029 et
908 984 1042 1030 non
1473 964 1660 1030 illum
1727 963 1996 1044 malitia,
2070 960 2184 1028 sed

274 1052 435 1138 quod
477 1051 630 1118 fecit
670 1049 743 1115 in
796 1049 1018 1133 populi
1060 1049 1340 1116 salutem
1396 1048 1654 1117 fecisse:
1714 1070 1837 1115 nae
1895 1048 2186 1135 graviter

274 1139 340 1205 in
369 1138 492 1204 Dei
537 1134 774 1202 iudicia
816 1152 1270 1218 peccaremus:
1315 1155 1481 1220 quae
1522 1142 1680 1201 sunt
1722 1135 1997 1222 abyssus
2038 1153 2184 1220 pro-

273 1222 667 1301 fundissima,
712 1229 778 1286 et
821 1222 891 1285 in
934 1241 1100 1304 quae
1141 1242 1277 1286 non
1322 1229 1421 1287 est
1477 1220 1665 1289 nobis
1708 1220 2027 1288 curiosius
2083 1221 2183 1285 in-

273 1309 669 1395 quirendum.
757 1304 902 1373 Hoc
960 1305 1164 1392 igitur
1219 1306 1517 1390 exemplo
1573 1327 1800 1391 sapere
1857 1306 2185 1373 discamus

275 1396 352 1462 ad
391 1394 827 1470 sobrietatem,
883 1400 950 1457 et
992 1412 1267 1478 quorum
1312 1413 1440 1458 non
1507 1391 1824 1459 habemus
1867 1392 2181 1469 notitiam,

274 1502 396 1547 non
441 1479 674 1546 anxius
718 1496 927 1562 neque
969 1478 1289 1545 curiosius
1331 1477 1747 1563 investigare.
1836 1478 2186 1546 Caeterum

273 1566 375 1635 hic
415 1564 647 1631 merito
690 1562 881 1630 obiici
926 1582 1111 1646 posse
1167 1561 1511 1641 videbitur,
1570 1565 1650 1631 ab
1692 1565 1918 1649 iniquo
1974 1562 2185 1629 iudice

276 1653 466 1719 latam
503 1649 900 1717 sententiam
944 1648 1260 1715 adversus
1295 1650 1705 1717 innocentem
1741 1669 2002 1735 semper
2045 1668 2186 1714 esse

274 1735 705 1805 tremendam:
752 1743 944 1818 atque
986 1735 1058 1799 in
1100 1734 1330 1820 primis
1372 1733 1496 1804 hoc
1538 1735 1676 1802 loco
1721 1735 2013 1821 papistae
2057 1754 2189 1799 ma-

273 1826 438 1892 xime
501 1822 865 1887 abutuntur
941 1819 1023 1884 ad
1100 1821 1842 1888 excommunicationum
1918 1840 2186 1887 suarum

273 1910 538 1977 fulmina
582 1903 1057 1971 constituenda.
1147 1906 1357 1971 Aiunt
1410 1905 1582 1972 enim
1629 1928 1832 1990 quum
1877 1906 2190 1973 adversus

278 1997 551 2080 aliquem
594 1993 1009 2058 innocentem
1068 2010 1261 2057 suum
1306 1991 1528 2077 fulgur
1570 1991 2192 2060 excommunicatio-

278 2083 374 2149 nis
429 2078 699 2145 iaculati
756 2076 1018 2155 fuerint,
1083 2077 1252 2143 tanti
1315 2097 1459 2144 esse
1523 2096 1708 2144 suam
1774 2079 2191 2145 autoritatem

278 2176 533 2251 tamque
578 2169 1073 2244 sacrosanctam,
1115 2170 1190 2227 ut
1231 2163 1285 2228 si
1329 2163 1475 2246 quis
1518 2163 1889 2231 offendatur
1921 2173 2193 2248 repente

279 2255 362 2321 sit
414 2248 950 2317 condemnandus
1005 2256 1314 2331 tanquam
1373 2249 1659 2316 maxime
1717 2250 1970 2316 noxius.
2057 2246 2192 2315 Sed

278 2345 548 2408 cornuta
590 2341 748 2402 sunt
786 2332 1156 2401 istiusmodi
1198 2344 1613 2420 argumenta:
1668 2336 1835 2418 quod
1880 2353 2019 2435 non
2060 2334 2195 2400 sint

279 2418 1130 2592 {iffffissgwkssssss
1146 2420 2194 2585 :2¹⁰⁰..zt'13⁰¹÷.¹353010¹3:53h1531

281 2594 441 2681 quod
483 2592 786 2678 permisit
830 2589 1013 2656 Deus
1056 2599 1128 2656 ιιι
1179 2588 1343 2658 Saul
1385 2612 1541 2658 suae
1598 2591 1984 2659 temeritatis
2038 2610 2193 2674 poe-

282 2703 396 2748 nas
456 2680 687 2746 lueret.
801 2677 897 2742 Ac
959 2696 1171 2760 saepe,
1235 2676 1462 2756 fateor,
1540 2698 1727 2763 reges
1789 2677 1920 2744 Dei
1988 2676 2196 2742 afflati

283 2769 617 2834 maiestate
658 2764 1034 2846 loquuntur,
1091 2763 1348 2828 etiamsi
1390 2761 1549 2846 quid
1605 2763 1956 2847 loquantur
2015 2763 2029 2777 ‘
2125 2782 2194 2827 o·

283 2862 453 2919 rent:
533 2849 708 2935 quod
773 2846 1106 2932 Caiaphae
1184 2867 1440 2914 summo
1516 2849 1811 2933 pontiflci
1888 2783 2197 2915 maffia

284 2937 597 3005 videmus.
684 2934 856 3000 Nam
896 2932 1306 3018 prophetiam
1350 2932 1553 3000 edidit
1593 2933 1673 3001 de
1716 2933 2001 3007 Christo,
2043 2934 2199 2999 licet

282 3025 399 3090 Dei
443 3033 512 3090 et
554 3021 858 3087 veritatis
901 3017 1127 3086 hostie.
1166 3016 1361 3086 Unde
1404 3039 1581 3099 vero,
1627 3020 1910 3098 obsecre,
1953 3019 2195 3085 donum

283 3109 450 3177 istud
495 3102 925 3192 prophetiae?
1011 3104 1194 3171 Deus
1250 3104 1424 3171 enim
1489 3114 1695 3172 ratam
1746 3105 1901 3173 fecit
1953 3103 2198 3170 autori·

283 3204 416 3261 tate
456 3192 796 3279 pontificia
837 3190 1155 3276 prolatam
1199 3190 1395 3257 istam
1441 3193 1852 3271 sententiam,
1898 3198 2197 3275 oportere

283 3291 357 3347 ut
420 3281 620 3346 bomo
680 3284 1042 3343 moreretur
1107 3296 1224 3360 pro
1289 3284 1423 3342 toto
1486 3276 1752 3360 populo:
1833 3285 1906 3343 ut
1968 3288 2198 3342 notum

283 3370 462 3433 fieret
495 3362 799 3432 omnibus
842 3371 1122 3427 mortem
1166 3370 1232 3428 et
1274 3362 1641 3444 passionem
1677 3362 1943 3428 Domini
1987 3361 2199 3428 nostri

286 3453 430 3520 Iesu
489 3449 742 3519 Christi
800 3448 936 3513 fore
983 3446 1274 3514 omnium
1332 3446 1865 3532 redemptionem.
1966 3448 2199 3531 Itaque

287 3539 463 3604 Deus
506 3535 593 3603 ad
650 3554 856 3600 unum
913 3542 1130 3599 actum
1190 3531 1483 3618 linguam
1528 3532 1858 3618 Oaiaphae
1907 3533 2199 3617 impulit:

280 3622 443 3707 quod
489 3623 546 3688 si
593 3619 853 3686 trahere
907 3619 977 3685 in
1032 3618 1329 3703 regulam
1385 3619 1753 3705 generalem
1812 3620 1959 3703 quis
2015 3617 2196 3703 velit,

279 3730 396 3775 nae
437 3726 615 3775 vana
657 3705 1118 3788 superstitione
1160 3704 1378 3770 Deum
1423 3714 1490 3771 et
1531 3705 1739 3789 ipsius
1780 3704 2196 3789 prophetiam

275 3795 569 3861 irriserit.
656 3789 770 3859 Sic
810 3791 1104 3876 papistae
1145 3810 1332 3856 suam
1389 3791 1825 3877 ignorantiam
1885 3791 2011 3858 hoc
2053 3791 2193 3857 loco

278 3880 589 3964 produnt:
635 3876 894 3961 quando
947 3874 1268 3960 dignitate
1303 3876 1431 3942 ista
1480 3876 1829 3961 pontificia,
1882 3885 2192 3958 tanquam

278 3967 528 4051 ingenti
598 3964 825 4048 clypeo
881 3981 953 4027 se
1018 3970 1392 4047 protegunt,
1458 3970 1526 4027 et
1586 3964 1877 4028 inferunt
1940 3980 2194 4046 papam,

281 4053 384 4135 qui
426 4068 688 4118 summo
732 4047 1024 4131 pontifici
1086 4049 1399 4116 successit
1442 4067 1573 4113 non
1616 4067 1806 4133 posse
1848 4047 2021 4131 loqui
2067 4047 2192 4113 nisi

280 4137 567 4202 afflatum
634 4142 860 4200 sancto
926 4133 1048 4199 Dei
1116 4133 1370 4217 spiritu.
1472 4132 1673 4217 Atqui
1753 4154 1887 4198 non
1956 4133 2196 4199 dicitur

280 4221 601 4307 Oaiaphas
643 4239 901 4302 semper
942 4219 1400 4303 prophetasse:
1443 4218 1646 4284 semel
1690 4218 2015 4284 duntaxat
2056 4229 2195 4284 tota

279 4309 412 4373 vita
466 4327 592 4375 sua
649 4304 1063 4390 prophetiam
1127 4303 1302 4369 illam
1365 4303 1584 4384 edidit,
1650 4323 1726 4370 ac
1790 4304 1938 4387 plus
2000 4325 2194 4388 quam

278 4392 517 4461 centies
559 4392 798 4458 millies
845 4390 1340 4474 blasphemavit.
1428 4394 1536 4456 An
1585 4410 1739 4474 ergo
1782 4390 2081 4456 trahetur
2123 4391 2192 4456 in

279 4480 570 4563 regulam
614 4477 985 4562 generalem
1021 4476 1352 4559 singulare
1385 4475 1548 4541 illud
1584 4474 1873 4542 factum?
1918 4476 2193 4542 nimium

279 4562 397 4631 hoc
460 4572 848 4648 arroganter
911 4560 993 4628 ab
1055 4560 1201 4629 istis
1280 4562 1372 4628 fit.
1481 4561 1713 4645 Itaque
1776 4562 2196 4628 observemus

281 4649 490 4716 Deum
550 4656 623 4715 ut
680 4647 948 4714 Saulem
1002 4647 1083 4712 de
1139 4665 1255 4712 sua
1323 4648 1688 4714 temeritate
1752 4646 2016 4730 puniret
2076 4667 2194 4713 vo·

281 4734 473 4801 luisse
515 4745 725 4802 ratam
771 4734 982 4800 facere
1024 4733 1223 4797 latam
1273 4734 1353 4796 ab
1389 4732 1502 4799 illo
1536 4734 1967 4799 sententiam:
2010 4732 2195 4817 quasi

282 4817 550 4886 diceret:
608 4820 707 4886 'Pu
766 4838 882 4884 rex
936 4836 1037 4884 es:
1097 4838 1355 4884 sacrum
1415 4840 1558 4885 esse
1599 4826 1784 4883 tuum
1828 4837 1901 4884 os
1943 4828 2197 4904 oportet

279 4902 399 4972 hac
440 4906 511 4971 in
553 4913 763 4989 parte,
807 4914 1119 4987 tanquam
1163 4904 1433 4987 spiritns
1477 4905 1686 4972 sancti
1729 4923 2064 4988 organon:
2124 4913 2196 4970 tu

283 5009 432 5077 ergo
476 4992 862 5058 sententiam
907 4988 1135 5070 tulisti,
1179 5010 1374 5073 quam
1419 4991 1564 5057 volo
1608 4999 1816 5056 ratam
1861 5008 2034 5056 esse:
2081 4987 2195 5055 sed

285 5076 620 5142 adversam
673 5076 789 5142 tibi
833 5076 904 5141 in
948 5084 1135 5141 tuum
1181 5075 1513 5144 damnum.
1599 5076 1751 5142 Non
1802 5075 2005 5161 igitur
2044 5075 2198 5142 inde

283 5163 572 5246 sequitur
627 5162 765 5229 Deo
820 5160 1157 5246 probatam
1223 5162 1423 5229 fuisse
1487 5170 1557 5228 et
1621 5173 1947 5246 acceptam
2013 5161 2192 5227 illam

284 5248 779 5315 exsecrationem
847 5267 975 5330 qua
1050 5255 1258 5313 totum
1337 5248 1649 5332 populum
1724 5247 2195 5315 obstrinxerat:

4137 346 4225 413 70

2286 553 2495 618 neque
2559 553 2984 618 quaecunque
3047 531 3215 600 Saul
3289 533 3353 600 el
3438 544 3637 602 nutus
3718 544 3891 603 esset
3971 542 4225 603 temere

2284 619 2504 686 Deum
2561 620 2845 686 voluisse
2901 625 3048 686 rata
3105 641 3264 687 mse.
3429 622 3630 687 inime
3673 622 3993 706 gentium.
4082 620 4219 689 Sed

2283 714 2511 772 contra
2552 705 2734 772 Deus
2778 713 2998 771 ratum
3042 704 3194 772 fecit
3237 704 3417 773 illam
3456 708 3870 788 sententiam,
3915 727 4110 792 qnam
4146 709 4217 774 in

2286 789 2554 857 Saulem
2598 798 3035 875 retorqueret:
3078 791 3198 871 Tu,
3244 792 3477 876 inquit,
3521 792 3687 858 mihi
3726 813 3965 877 poenas
4001 792 4219 873 dabis;

2284 884 2358 942 tu
2423 875 2736 960 populum
2797 896 3019 944 meum
3083 878 3529 944 exsecratione
3593 878 4035 945 obstrinxisti:
4102 879 4218 946 sed

2282 961 2463 1028 illam
2508 962 2582 1027 in
2626 971 2693 1027 te
2748 983 2870 1047 ego
2925 962 3063 1047 ipse
3119 965 3524 1047 retorquebo.
3612 963 3847 1048 Itaque
3906 985 4036 1030 non
4096 964 4220 1030 du·

2286 1047 2461 1113 bium
2508 1055 2611 1114 est
2652 1047 2811 1132 quin
2856 1047 3044 1115 Deus
3085 1047 3181 1114 illi
3236 1047 3528 1116 habenas
3580 1049 3769 1116 laxas
3823 1050 4221 1135 permiserit,

2282 1140 2360 1199 ut
2399 1133 2528 1200 ista
2571 1132 2667 1199 sic
2721 1133 3027 1200 effutiret.
3115 1133 3297 1200 Nihil
3353 1135 3527 1201 enim
3573 1133 3718 1202 Deo
3774 1135 4217 1221 incognitum:

2286 1240 2504 1285 rerum
2550 1219 2840 1285 omnium
2886 1225 3163 1286 eventus
3206 1217 3488 1286 habebat
3529 1220 3690 1287 satis
3724 1230 3927 1288 notos.
3995 1220 4220 1304 Quare

2286 1305 2467 1371 Deus
2509 1305 2722 1371 voluit
2764 1303 3034 1372 Saulem
3080 1303 3253 1389 quod
3311 1313 3446 1372 tam
3505 1316 3752 1373 temere
3808 1316 3878 1373 et
3932 1307 4216 1373 inconsi-

2286 1389 2511 1457 derate
2565 1389 2699 1457 iam
3053 1400 3100 1469 t,
3160 1391 3229 1457 in
3289 1390 3461 1457 idem
3522 1401 3853 1476 peccatum
3910 1391 4226 1475 recidere,

2285 1486 2361 1541 ut
2403 1495 2650 1560 poenas
2708 1476 2921 1545 daret:
2977 1475 3373 1562 dignamque
3427 1476 3618 1545 factis
3662 1478 3799 1545 suis
3852 1477 4221 1545 mercedem

2286 1569 2669 1647 reportaret,
2713 1562 2985 1646 Deoque
3028 1583 3170 1628 sese
3210 1561 3592 1629 submittere
3635 1563 3930 1631 disceret.

2456 1647 2732 1714 Interim
2780 1669 2934 1714 vero
2978 1648 3033 1713 si
3079 1647 3226 1732 quis
3267 1657 3455 1734 roget
3486 1648 3703 1715 Deiue
3744 1650 4028 1716 iustitiae
4067 1670 4222 1716 con-

2290 1733 2564 1818 venerit,
2644 1734 2957 1801 miserum
3022 1742 3090 1799 et
3158 1734 3574 1801 innocentem
3640 1734 4079 1802 Ionathanum
4148 1736 4220 1802 in

2289 1819 2411 1885 has
2453 1821 2791 1905 angustias
2835 1819 3185 1886 coniecisse
3229 1827 3307 1885 ut
3345 1821 3413 1886 in
3460 1820 3692 1887 mortis
3736 1841 3943 1906 usque
3987 1822 4218 1889 discri-

2288 1924 2439 1972 men
2487 1905 2775 1972 veniret:
2847 1925 3005 1972 sane
3045 1907 3380 1972 convenit:
3426 1905 3540 1973 sed
3582 1907 3768 1975 cuius
3811 1927 3890 1972 ea
3929 1917 4032 1975 est
4072 1927 4225 1993 pro·

2290 1991 2625 2057 videntiae
2680 1991 2783 2059 vis
2825 2002 2899 2056 ut
2959 1990 3316 2075 desperatis
3370 1991 3567 2058 rebus
3622 1992 3895 2059 salutem
3951 1993 4222 2072 adferat,

2291 2096 2529 2159 resque
2569 2097 2795 2144 omnes
2837 2076 2932 2142 ita
2974 2086 3319 2161 componat
3361 2084 3440 2143 ut
3481 2097 3683 2162 quum
3738 2077 4038 2146 ultimum
4084 2081 4225 2146 exi-

2292 2162 2458 2228 tium
2524 2163 2867 2228 imminere
2932 2162 3278 2240 videbitur,
3345 2163 3527 2230 salus
3590 2173 3922 2249 appareat.
4026 2164 4225 2248 Quod

2294 2248 2418 2398 ilgsi
2484 2247 2852 2314 Ionathano
2917 2249 3207 2333 contigit.
3308 2248 3659 2315 Caeterum
3720 2250 4220 2332 observandum,

2364 2353 2440 2399 eo
2481 2335 2901 2417 permittente
2942 2333 3323 2401 innocentes
3366 2334 3588 2420 affligi,
3635 2354 3770 2401 non
3810 2335 3958 2402 idco
4000 2344 4222 2404 tamen

2295 2419 2602 2485 iniuriam
2645 2419 2779 2486 illis
2821 2417 2903 2485 ab
2944 2420 2967 2484 i
3014 2440 3088 2486 so
3130 2420 3292 2486 fleri.
3337 2420 3566 2505 Neque
3607 2422 3781 2487 enim
3827 2427 3931 2488 est
3966 2422 4039 2488 in
4077 2423 4224 2491 Deo

2293 2504 2431 2571 ulla
2472 2505 2629 2571 mali
2670 2505 2867 2573 labes.
3000 2524 3159 2571 uare
3193 2505 3250 2572 si
3284 2505 3470 2572 Deus
3504 2527 3612 2573 res
3650 2506 3958 2574 adversas
4005 2509 4224 2576 immi·

2297 2591 2479 2669 serit,
2560 2612 2646 2658 ne
2689 2589 3134 2674 obloquamur,
3211 2592 3325 2657 sed
3368 2612 3442 2659 os
3508 2592 3722 2676 potins
3785 2593 4222 2664 occludamus.

2297 2674 2475 2743 Sane
2518 2686 2793 2760 possunt
2835 2676 3098 2760 quidem
3139 2677 3252 2760 qui
3288 2678 3675 2763 affliguntur
3715 2698 3787 2744 ee
3822 2679 4224 2762 innocentes,

2297 2781 2369 2827 se
2402 2762 2548 2829 sine
2580 2782 2777 2829 causa
2811 2762 3052 2846 puniri,
3096 2781 3167 2827 se
3200 2763 3326 2829 sibi
3363 2784 3494 2828 non
3529 2784 3672 2830 esse
3706 2764 3875 2830 male
3910 2767 4223 2850 conscios,

2299 2868 2510 2932 neque
2574 2848 2773 2914 ullius
2835 2847 3098 2915 sceleris
3160 2868 3324 2927 reos,
3400 2848 3712 2933 profiteri,
3790 2870 4024 2916 verum
4092 2873 4219 2918 non

2298 2932 2474 3016 apud
2534 2933 2770 3012 Deum,
2828 2935 2942 2999 sed
2997 2933 3167 3017 apud
3228 2942 3524 3000 terrenos
3591 2934 3870 3002 iudices:
3934 2936 4223 3019 quando·

2298 3018 2565 3101 quidem
2606 3019 2750 3085 Deo
2793 3040 2949 3086 suae
3004 3025 3308 3086 constant
3361 3020 3650 3085 rationes
3695 3039 3812 3086 nos
3855 3019 3989 3086 affli
4124 3021 4220 3087 di:

2298 3124 2683 3189 semperque
2757 3104 3110 3172 iustissime
3184 3104 3397 3171 facere
3481 3103 3888 3171 indicabitur.
4064 3127 4222 3174 nare

2299 3189 3500 3360 ἓῖἓρθῗῖζζῖὼῑὲῗιῗξέἒηέἑὲὲῗ
3542 3189 4219 3344 ἓΐᾉῗέῃὲξέἆῖἓὲἰῐ

2300 3381 2663 3444 possumus,
2720 3361 2789 3426 in
2847 3361 3026 3426 mille
3080 3370 3301 3427 tamen
3347 3362 3495 3427 aliis
3531 3361 3729 3427 etiam
3773 3361 3960 3428 nobis
4003 3362 4223 3464 incog-

2300 3447 2454 3512 nitis
2499 3467 2871 3533 arguemur.
2959 3446 3049 3512 Et
3104 3447 3161 3512 si
3216 3467 3479 3514 causam
3535 3454 3828 3513 nostram
3889 3446 4109 3532 aliqua
4152 3471 4223 3515 ιιι

2296 3553 2371 3599 re
2428 3532 2938 3617 probaverimus,
2994 3532 3178 3599 Deus
3229 3541 3450 3598 tamen
3501 3539 3845 3600 sexcentas
3900 3534 4062 3599 alias
4107 3533 4224 3600 ad-

2299 3638 2559 3685 versum
2605 3638 2723 3685 nos
2764 3617 3092 3703 producet,
3136 3616 3372 3701 quibus
3413 3617 3702 3684 maxime
3734 3627 3958 3685 sontes
3993 3639 4226 3706 argue-

2295 3724 2464 3770 mur.
2550 3704 2617 3770 N
2616 3725 2654 3769 e
2708 3705 2931 3788 itaque
2970 3703 3340 3771 Ionathano
3383 3704 3619 3770 factam
3665 3703 3863 3770 ullam
3885 3705 4222 3786 „iniuriam

2294 3790 2705 3869 arbitremur,
2749 3789 2900 3856 licet
2940 3790 3181 3855 insonti
3223 3798 3291 3854 et
3334 3809 3453 3874 per
3492 3787 3989 3874 incogitantiam
4035 3791 4218 3875 lapso

2295 3875 2362 3940 in
2408 3875 2588 3941 illam
2633 3896 2827 3959 quam
2873 3875 3149 3942 nescivit
3189 3877 3397 3960 patris
3426 3876 3963 3957 exsecrationem,
4006 3897 4046 3940 a
4088 3898 4219 3961 qua

2292 3959 2566 4044 proinde
2628 3961 2775 4026 iure
2836 3970 3095 4044 poterat
3172 3959 3442 4027 absolvi.
3551 3960 3724 4027 Nam
3803 3962 3927 4026 etsi
4000 3983 4220 4029 coram

2292 4046 2669 4113 hominibus
2712 4046 3045 4114 sufficiens
3101 4048 3439 4112 excusatio
3495 4045 3817 4129 videatur,
3878 4047 4061 4113 Deus
4119 4059 4223 4114 ta-

2293 4153 2444 4198 men
2489 4133 2649 4200 satis
2694 4131 2924 4198 habuit
2979 4133 3337 4217 cognitam:
3394 4151 3470 4199 ac
3530 4130 3800 4217 proinde
3857 4132 4055 4197 etiam
4100 4154 4223 4199 sua

2294 4217 2686 4285 liberalitate
2729 4217 3033 4302 providit,
3088 4226 3158 4283 ut
3204 4217 3273 4283 in
3317 4225 3530 4283 tantas
3586 4217 3922 4300 angustias
3963 4218 4220 4285 coniec-

2293 4313 2402 4370 tus
2444 4303 2870 4385 Ionathanus,
2923 4304 3245 4390 mortique
3289 4304 3484 4370 etiam
3529 4301 3845 4384 addictus,
3901 4303 4025 4368 Dei
4068 4324 4229 4389 gra-

2293 4392 2452 4455 tiam
2497 4397 2566 4455 et
2609 4390 3117 4457 misericordiam
3160 4391 3227 4454 iu
3274 4409 3528 4456 summo
3572 4388 3857 4472 periculo
3898 4389 4225 4472 experire-

2294 4483 2423 4541 tur.
2515 4475 2866 4542 Praeterea
2931 4475 3038 4543 bic
3103 4474 3512 4542 observanda
3568 4484 3669 4540 est
3730 4472 4069 4539 hominum
4134 4473 4224 4541 ad.

2295 4559 2696 4646 poecandum
2738 4562 3136 4645 proclivitas,
3196 4560 3308 4645 qni
3349 4559 3627 4627 subinde
3671 4578 3802 4625 non
3845 4558 4224 4627 cohibentes

2294 4666 2447 4713 suos
2489 4646 2760 4713 affectus
2800 4648 3083 4730 peccatis
3328 4660 3398 4712 ta
3439 4644 3778 4711 cumulant
3832 4654 3901 4709 et
3948 4644 4019 4710 in
4079 4644 4221 4713 dies

2295 4740 2556 4816 augent.
2605 4732 2928 4817 Exemplo
2961 4741 3102 4798 esto
3194 4732 3337 4799 aul:
3381 4733 3490 4815 qui
3526 4732 3812 4814 primum
3846 4730 4220 4798 iuramento

2293 4818 2439 4896 isto,
2485 4818 2638 4883 vivit
2680 4817 2934 4897 lehova,
2993 4838 3180 4885 suam
3236 4817 3628 4884 sententiam
3688 4815 4007 4881 firmavit:
4067 4836 4225 4899 qua-

2293 4923 2441 4970 rum
2525 4923 2752 4970 vocum
2835 4923 3103 4971 sensum
3183 4912 3379 4969 antea
3452 4901 3906 4985 exposuimus:
3985 4899 4224 4967 deinde

2293 4988 2550 5073 adiecit,
2587 4988 2821 5056 Iehova
2854 4990 2965 5073 qui
2995 4993 3204 5055 sucat
3238 4986 3573 5054 [maan.-
3614 4997 3681 5051 et
3716 4986 3983 5052 tertium
4017 4987 4224 5053 etiam

2294 5074 2616 5152 adiunxit,
2656 5081 2849 5141 morte
2879 5076 3194 5142 morietur.
3237 5072 3462 5156 Quum
3504 5072 3722 5156 itaque
3757 5071 3932 5153 dicit,
3973 5073 4230 5140 Iehova

2297 5161 2409 5246 qni
2466 5169 2691 5228 servat
2734 5160 3067 5241 Israelem,
3121 5156 3392 5245 perinde
3434 5164 3534 5223 est
3588 5176 3665 5225 ac
3709 5158 3768 5224 si
3807 5158 4057 5226 iuraret
4097 5178 4224 5244 per

2296 5266 2467 5325 eum,
2508 5248 2618 5330 qni
2662 5248 2973 5331 populum
3017 5264 3213 5314 suum
3255 5265 3339 5311 ex
3382 5243 3668 5328 periculo
3698 5242 3991 5331 eripuit:
4030 5246 4232 5331 quasi

3750 5344 3821 5405 Β.
