5059 6059
830 366 957 433 507

2392 365 2805 433 HOMILIA
2847 364 3282 434 LXXXVII.
4640 364 4728 437 508

839 566 1068 640 captae
1134 556 1346 621 solent
1413 554 1496 620 iis
1576 555 1644 619 in
1714 575 1989 638 quorum
2073 576 2308 621 manus
2386 555 2781 634 inciderunt,
2885 555 3280 634 conciliaret,
3328 576 3460 620 non
3507 557 3689 621 inani
3736 551 4086 623 iactatione
4132 576 4319 621 usum
4382 576 4566 639 neque
4607 559 4733 626 inso-

835 642 1106 723 adulari,
1154 649 1351 724 caput
1408 639 1778 716 demittere,
1842 651 2174 707 mortuum
2230 641 2562 720 simulare,
2618 662 2780 725 quas

833 729 1114 812 denique
1165 726 1544 791 mitissimas
1602 728 1893 792 omnium
1954 726 2308 792 bestiarum
2371 725 2651 793 dixeris:
2716 736 2781 792 et

832 834 998 899 quae
1042 824 1266 877 tamen
1312 813 1366 877 si
1412 833 1540 896 qua
1583 812 1811 877 fraude
1855 814 2108 896 possint
2167 812 2358 888 elabi,
2422 812 2590 878 nihil
2651 814 2779 879 nisi

834 901 1306 966 detrimentum
1352 909 1419 963 et
1462 897 1705 963 malum
1753 899 2066 964 inferunt.
2139 897 2389 963 Eadem
2435 912 2537 963 est
2572 899 2779 964 versi-

831 985 1101 1071 pellium
1148 984 1493 1049 hominum
1539 985 1725 1062 ratio,
1773 986 1839 1048 in
1878 983 2114 1066 quibus
2151 984 2333 1049 nulla
2367 993 2471 1049 est
2505 986 2778 1068 integri-

833 1083 956 1151 tas,
1003 1070 1356 1154 nullusque
1402 1069 1661 1135 candor.
1751 1070 1921 1134 Nam
1982 1071 2037 1136 si
2095 1083 2442 1154 postquam
2508 1071 2775 1153 flagitiis

834 1159 972 1224 suis
1029 1156 1461 1234 indulserint,
1521 1168 1587 1221 et
1642 1156 1714 1220 in
1771 1157 2106 1239 proximos
2163 1158 2443 1240 grassati
2509 1156 2774 1233 fuerint,

836 1245 1100 1309 tandem
1145 1264 1254 1308 eos
1298 1263 1445 1325 spes
1504 1263 1624 1307 sua
1666 1241 2039 1322 frustretur,
2100 1253 2166 1306 et
2220 1263 2441 1306 eorum
2502 1242 2777 1307 consilia

834 1330 942 1395 vel
985 1328 1249 1394 fraudes
1273 1329 1454 1394 Deus
1479 1328 1757 1412 detegat,
1802 1339 1876 1392 ut
1918 1331 2237 1394 scelerum
2277 1349 2351 1393 ac
2374 1329 2771 1410 flagitiorum

838 1437 1106 1482 suorum
1153 1435 1395 1498 poenas
1437 1414 1860 1478 imminentes
1880 1423 2197 1492 metuant,
2243 1425 2380 1478 tum
2407 1413 2583 1479 dicas
2628 1413 2775 1478 illos

833 1522 1102 1585 prorsus
1148 1501 1306 1565 alios
1341 1498 1511 1583 quod
1553 1499 1807 1565 blandis
1833 1499 2051 1565 verbis
2087 1517 2159 1565 se
2183 1519 2520 1576 excusare,
2558 1498 2773 1563 scelus

828 1588 1039 1666 fateri,
1081 1586 1409 1664 detestari,
1439 1587 1696 1651 veniam
1721 1584 2053 1667 deprecari
2079 1585 2459 1667 plerumque
2489 1585 2771 1649 soleant:

832 1673 1112 1756 denique
1156 1672 1322 1737 nibil
1385 1694 1516 1737 non
1573 1671 1866 1755 polliceri
1922 1679 1990 1735 et
2044 1668 2124 1735 de
2183 1691 2251 1736 se
2312 1672 2378 1734 in
2442 1682 2771 1752 posterum

830 1759 1229 1842 promittere.
1316 1756 1522 1834 Haeo,
1568 1759 1852 1839 inquam,
1911 1769 2011 1821 est
2069 1756 2560 1841 hypocritarum
2620 1777 2772 1820 con·

833 1843 1129 1919 suetudo,
1189 1851 1265 1910 ut
1307 1842 1521 1909 solent
1559 1864 1758 1926 quum
1820 1843 2202 1907 necessitate
2260 1853 2579 1924 urgentur
2638 1853 2775 1906 tan-

830 1950 1025 2014 quam
1072 1930 1301 1995 simiae
1348 1930 1473 1994 Dei
1517 1930 1685 1994 filios
1721 1929 1987 1993 imitari.
2059 1926 2192 1993 Sed
2233 1949 2362 1991 non
2403 1928 2496 1992 ita
2538 1926 2770 2003 David,

876 2016 947 2082 ui
990 2037 1061 2082 se
1104 2035 1332 2084 canem
1380 2024 1711 2079 mortuum
1759 2024 1825 2078 et
1843 2014 2125 2097 pulicem
2148 2013 2323 2093 dicit,
2370 2021 2444 2077 ut
2486 2035 2557 2079 se
2601 2012 2772 2095 apud

887 2101 1102 2168 aulem
1145 2107 1383 2186 purget
1429 2100 1508 2165 de
1566 2100 1930 2174 calumniis,
1992 2109 2058 2164 et
2115 2098 2418 2164 ostendat
2473 2120 2546 2164 se
2602 2120 2771 2163 nun-

828 2207 1023 2269 quam
1072 2187 1389 2272 cogitasse
1445 2186 1526 2251 de
1570 2185 1943 2270 quaerenda
1987 2186 2207 2268 aliqua
2251 2184 2575 2268 dignitate
2632 2205 2773 2249 sese

828 2273 1159 2339 efferendo
1203 2288 1272 2339 et
1315 2272 1585 2340 consilia
1629 2272 1942 2337 adversus
1987 2273 2197 2354 ipsum
2245 2269 2548 2347 ineundo,
2609 2268 2774 2334 nihil

830 2360 1113 2442 denique
1156 2380 1274 2442 per
1295 2358 1716 2424 ambitionem
1741 2358 2035 2422 molitum
2073 2377 2234 2422 esse.
2303 2356 2472 2421 Nam
2512 2374 2773 2439 quaeso,

828 2444 1006 2512 unde
1072 2452 1171 2510 tot
1234 2444 1570 2527 querelae,
1649 2450 1746 2508 tot
1810 2443 2173 2507 certamina
2237 2443 2410 2507 inter
2475 2442 2776 2507 homines

828 2532 1157 2609 oriuntur,
1204 2531 1330 2596 nisi
1373 2551 1456 2595 ex
1502 2528 1858 2594 ambitione
1903 2538 1969 2593 et
2008 2528 2334 2593 honorum
2372 2524 2770 2611 cupiditate?

829 2618 1027 2699 Hinc,
1074 2624 1148 2681 ut
1191 2615 1355 2681 bene
1398 2625 1624 2681 monet
1657 2614 1924 2692 Paulus,
1970 2614 2250 2679 aliorum
2294 2615 2361 2678 in
2402 2614 2564 2679 alios
2607 2612 2773 2689 odia,

830 2703 987 2769 hinc
1046 2701 1511 2782 dissensiones,
1575 2702 1728 2767 hinc
1787 2701 1969 2766 varia
2012 2700 2284 2767 nocendi
2338 2699 2482 2766 aliis
2540 2697 2775 2766 studia.

830 2788 1053 2870 Quare
1097 2789 1154 2852 si
1201 2786 1417 2852 David
1464 2789 1655 2853 novis
1701 2788 1895 2852 rebus
1942 2785 2319 2863 studuisset,
2378 2786 2435 2852 si
2493 2786 2774 2868 gratiam

830 2885 896 2940 et
946 2873 1363 2939 autoritatem
1422 2873 1595 2957 apud
1653 2871 1909 2957 plebem
1967 2872 2155 2936 malis
2215 2871 2465 2937 artibus
2518 2872 2772 2954 quaesi·

832 2959 1048 3038 visset,
1089 2960 1147 3024 si
1191 2977 1393 3042 supra
1427 2978 1648 3044 regem
1686 2971 1751 3024 et
1789 2959 1995 3041 ipsius
2029 2958 2198 3022 filios
2234 2978 2376 3024 sese
2411 2957 2772 3033 extulisset,

830 3067 955 3111 nae
1014 3045 1178 3112 satis
1235 3046 1441 3111 iustas
1506 3046 1877 3111 occasiones
1942 3044 2064 3109 sibi
2109 3041 2270 3109 Saul
2338 3042 2591 3109 oblatas
2657 3040 2774 3107 ha-

828 3132 1079 3197 buisset
1123 3130 1450 3196 Davidem
1492 3128 1898 3214 insequendi,
1944 3141 2011 3194 et
2046 3139 2214 3195 testa
2249 3129 2519 3213 lutoque
2555 3148 2773 3212 perse-

825 3216 1089 3301 quendi,
1178 3228 1243 3283 et
1300 3217 1519 3282 omnia
1574 3218 1764 3281 iustis
1819 3214 2243 3298 querimoniis
2298 3223 2364 3281 et
2419 3212 2776 3279 terroribus

823 3301 1161 3386 implendi.
1244 3302 1812 3383 Quemadmodum
1860 3323 2059 3385 quum
2107 3300 2476 3367 tonitrubus
2520 3299 2773 3366 coelum

825 3399 1287 3464 commovetur,
1333 3399 1401 3453 et
1441 3387 1759 3473 grandine
1802 3399 1869 3452 et
1912 3386 2127 3453 saevis
2171 3386 2471 3470 procellis
2516 3386 2773 3452 misceri

825 3483 1037 3540 terrae
1093 3474 1346 3540 coelum
1407 3473 1689 3539 videtur.
1791 3473 1986 3540 Unde
2046 3494 2199 3538 vero
2255 3482 2478 3539 tantus
2532 3471 2774 3555 fragor,

833 3570 900 3625 et
955 3569 1210 3625 tantum
1269 3559 1507 3643 ubique
1564 3558 1909 3625 murmur?
1971 3559 2222 3641 Nempe
2274 3558 2443 3642 quod
2503 3581 2540 3624 e
2599 3569 2776 3623 terra

835 3665 1104 3729 vapores
1138 3646 1208 3711 in
1232 3648 1448 3712 aerem
1474 3645 1874 3724 attollantur,
1921 3656 1990 3709 et
2010 3645 2213 3728 ipsius
2235 3644 2772 3710 constitutionem

833 3733 1134 3797 alterent.
1245 3732 1415 3796 Nam
1484 3733 1541 3797 si
1609 3730 1794 3795 nulla
1855 3729 1923 3795 in
1994 3743 2144 3796 aere
2208 3731 2395 3795 fieret
2456 3751 2774 3813 vaporum

831 3815 1150 3884 adscensu
1173 3817 1491 3901 alteratio,
1538 3837 1797 3882 summa
1826 3837 2083 3898 semper
2106 3814 2548 3898 tranquillitas
2571 3826 2771 3881 esset:

832 3903 947 3969 sed
1000 3924 1202 3986 quum
1261 3912 1620 3986 assurgunt
1664 3923 1831 3985 quae
1887 3902 2071 3967 humi
2147 3921 2373 3984 repere
2426 3900 2773 3981 debebant3

831 3997 898 4055 et
942 4010 1142 4072 quum
1190 3989 1397 4054 nubes
1437 3990 1512 4053 in
1556 4001 1706 4054 aere
1749 3999 2214 4055 concurrentes
2257 3987 2411 4052 solis
2468 3985 2772 4070 splendo-

828 4096 972 4140 rem
1016 4073 1401 4158 impediunt,
1444 4085 1599 4158 tunc
1642 4075 1861 4139 omnia
1905 4076 2000 4141 sic
2022 4074 2280 4140 misceri
2303 4073 2551 4138 tonitru
2599 4072 2773 4139 vide-

829 4181 979 4227 mus
1043 4169 1111 4226 et
1176 4160 1515 4243 procellis,
1596 4172 1670 4225 ut
1748 4160 1916 4225 nihil
1997 4160 2125 4226 nisi
2204 4179 2461 4224 summa
2531 4160 2774 4242 ubique

832 4268 915 4330 ap
964 4256 1148 4312 areat
1191 4246 1503 4313 confusio.
1593 4247 1740 4311 Non
1799 4246 1989 4312 aliter
2047 4246 2217 4311 inter
2273 4244 2571 4310 homines
2629 4247 2772 4311 fieri

832 4333 898 4397 vi
945 4353 1147 4398 emus.
1235 4332 1406 4397 Nam
1452 4334 1507 4397 si
1551 4333 1959 4398 continerent
2015 4353 2085 4397 se
2144 4331 2393 4414 singuli
2452 4333 2520 4395 in
2582 4351 2770 4397 voca-

831 4419 1025 4498 tione,
1072 4429 1138 4483 et
1181 4419 1252 4483 in
1298 4439 1376 4484 ea
1419 4418 1707 4482 modeste
1751 4439 1821 4482 se
1865 4430 2189 4502 gererent,
2251 4425 2316 4482 et
2358 4438 2437 4482 ea
2479 4417 2768 4483 contenti

831 4503 998 4568 nihil
1042 4506 1255 4570 maius
1300 4511 1707 4588 appeterent,
1749 4525 2007 4568 summa
2050 4502 2292 4586 ubique
2329 4502 2770 4585 tranquillitas

829 4599 896 4654 et
937 4590 1122 4672 quies
1167 4598 1574 4673 apparerent,
1622 4598 1690 4653 et
1726 4610 1852 4654 non
1895 4590 2304 4654 imitaremur
2338 4609 2535 4654 canes
2572 4609 2769 4654 vena·
2809 4609 2815 4624 ·

830 4675 993 4741 ticos
1051 4675 1120 4739 in
1182 4674 1488 4759 praedam
1548 4696 1806 4758 semper
1865 4675 2156 4753 hiantes,
2215 4683 2281 4738 et
2337 4695 2479 4740 sese
2540 4684 2769 4740 mutuo

832 4760 1133 4826 dentibus
1175 4760 1554 4827 lacerantes.
1623 4759 1756 4827 Sed
1795 4760 2063 4826 ambitio
2107 4770 2171 4826 et
2216 4760 2542 4824 honorum
2587 4762 2769 4843 cupi·

831 4845 1001 4911 ditas
1068 4845 1369 4913 homines
1433 4847 1515 4912 ad
1580 4848 1829 4930 iurgia,
1908 4846 2361 4911 contentiones
2439 4855 2505 4910 et
2587 4847 2770 4911 varia

829 4932 1190 4998 certamina
1247 4933 1541 5016 impellit.
1631 4932 1784 4997 Non
1838 4932 2041 5016 igitur
2097 4933 2211 4997 abs
2268 4954 2341 4997 re
2387 4931 2605 4997 David
2664 4931 2770 4997 hic

829 5039 970 5084 sese
1029 5038 1180 5084 cum
1240 5038 1402 5084 cane
1459 5027 1717 5083 mortuo
1777 5029 2146 5100 comparat,
2206 5026 2280 5083 ut
2339 5039 2409 5083 se
2464 5017 2771 5083 ostendat

829 5123 1165 5188 nunquam
1225 5103 1400 5169 ultra
1457 5125 1643 5170 suam
1699 5109 2112 5171 vocationem
2177 5103 2391 5168 attolli
2463 5105 2765 5183 voluisse,

825 5189 1012 5256 nulla
1055 5190 1326 5257 consilia
1370 5189 1686 5258 adversus
1723 5188 1993 5258 Saulem
2030 5189 2333 5255 molitum
2370 5207 2529 5269 esse,
2576 5188 2769 5257 rebus

826 5276 1018 5344 novis
1063 5297 1197 5343 non
1241 5278 1588 5359 studuisse,
1634 5287 1708 5343 ut
1748 5278 2028 5362 gratiam
2069 5284 2136 5341 et
2180 5276 2595 5342 autoritatem
2642 5276 2769 5343 sibi

2886 642 3092 708 lentia
3134 641 3452 707 adversus
3500 640 3806 708 Saulem:
3867 641 3983 706 sed
4039 662 4162 708 sua
4219 652 4394 707 sorte
4438 643 4601 708 fuisse
4628 665 4728 711 oon·

2885 737 3161 810 tentum,
3201 728 3647 811 humilemque
3680 748 3874 792 suum
3898 736 4142 794 statum
4166 728 4398 793 maiori
4422 729 4732 798 antetulisse.

2880 813 3078 879 Hanc
3102 835 3256 879 vero
3281 813 3644 880 doctrinam
3690 835 3811 878 nos
3853 815 3924 878 in
3971 834 4166 879 usum
4209 823 4462 896 oportet
4492 835 4732 896 revocas,

2883 910 2956 965 ut
3010 899 3120 983 qui
3181 899 3328 965 aliis
3387 900 3707 983 dignitate
3762 911 3830 964 et
3906 900 4258 965 autoritate
4334 909 4591 982 praeest,
4645 923 4734 968 non

2881 985 3024 1051 ideo
3069 995 3290 1051 tamen
3336 986 3663 1062 efferatur,
3707 997 3774 1051 et
3818 985 3898 1051 de
3942 1005 4013 1051 se
4056 986 4400 1069 magnifice
4444 987 4656 1065 sentiat,
4693 997 4736 1052 et

2879 1071 3223 1137 inferiores
3270 1080 3336 1137 et
3378 1071 3500 1136 sibi
3546 1070 3871 1137 subiectos
3929 1082 4343 1138 contemnat:
4404 1070 4513 1136 sed
4561 1072 4621 1137 in
4650 1071 4738 1136 Dei

2882 1158 3114 1223 timore
3181 1166 3246 1222 et
3310 1157 3727 1240 simplicitate
3807 1168 3873 1222 et
3938 1157 4259 1222 modestia
4337 1156 4633 1222 ambulet:
4689 1179 4738 1224 se

2880 1251 3135 1308 metuat
3188 1242 3582 1307 horrendam
3646 1244 4047 1324 punitionem
4104 1245 4170 1307 in
4231 1242 4555 1326 superbos,
4601 1253 4653 1308 et
4689 1264 4738 1308 eo

2879 1327 3142 1413 quidem
3189 1328 3553 1412 graviorem
3580 1349 3706 1411 quo
3754 1331 3959 1413 magis
3994 1330 4148 1394 elati
4184 1328 4453 1406 fuerint,
4496 1339 4555 1393 et
4575 1329 4741 1394 huma·

2879 1437 3037 1480 num
3084 1414 3377 1479 ordinem
3424 1415 3838 1480 violaverint.
3930 1416 4219 1480 Gravior
4277 1414 4454 1479 enim
4498 1415 4607 1480 Dei
4644 1416 4741 1480 vin·

2879 1500 3051 1566 dicta
3099 1510 3317 1565 manet
3360 1522 3469 1565 eos
3514 1501 3625 1582 qui
3671 1500 4029 1566 ambitione
4090 1511 4158 1565 et
4204 1501 4524 1567 honorum
4561 1502 4744 1585 cupidi·

2879 1593 3013 1652 tate
3058 1607 3199 1652 sese
3242 1606 3399 1668 prae
3455 1586 3599 1651 aliis
3655 1587 4035 1666 extulerint,
4091 1606 4284 1669 quam
4343 1587 4457 1670 qui
4513 1588 4745 1651 mediocri

2877 1692 2995 1737 suo
3052 1681 3229 1738 statu
3302 1682 3370 1736 et
3434 1672 3801 1737 conditione
3874 1675 4163 1738 contenti
4234 1672 4539 1739 vixerint.
4620 1672 4748 1737 Hine

2877 1759 3096 1841 itaque
3162 1757 3406 1823 subditi
3476 1757 3772 1823 discunto
3836 1779 3965 1823 non
4035 1767 4343 1842 appetere
4410 1758 4746 1841 superiorum

2877 1843 3281 1927 dignitatem,
3328 1843 3664 1925 multoque
3709 1844 3928 1909 minus
3971 1844 4053 1908 ad
4099 1865 4244 1909 eam
4288 1843 4750 1927 consequendam

2875 1929 3195 1996 adversus
3257 1932 3431 2013 ipsos
3495 1930 3853 2014 insurgere,
3911 1930 4023 1995 sed
4081 1951 4201 1995 sua
4256 1931 4547 1995 contenti
4597 1928 4752 1995 condi-

2875 2017 3051 2081 tione
3116 2015 3271 2083 licet
3336 2014 3485 2082 vilis
3551 2026 3618 2080 et
3684 2012 3937 2081 abiecta
4001 2015 4089 2081 sit
4152 2036 4376 2082 coram
4448 2015 4751 2080 hominibus

2878 2103 3125 2182 vivere,
3171 2102 3450 2167 scientes
3492 2108 3745 2183 gratam
3792 2101 3975 2166 illam
4022 2111 4091 2167 et
4112 2111 4447 2186 acceptam
4490 2100 4752 2174 essenon,

2878 2209 3010 2252 non
3057 2187 3276 2253 minus
3320 2207 3510 2270 quam
3539 2187 3836 2252 altiorem
3883 2198 3950 2253 et
3971 2185 4524 2253 excellentiorem.
4586 2186 4751 2267 Quare

2877 2273 3250 2339 abstineant
3292 2271 3595 2338 omnibus
3641 2272 3921 2355 querelis
3963 2283 4033 2338 et
4077 2273 4403 2356 obloquiis
4447 2293 4521 2340 ae
4562 2273 4755 2336 demur·

2878 2360 3248 2424 muratione
3292 2358 3609 2422 adversus
3654 2359 3890 2437 Deum,
3949 2359 4395 2443 cuiuscunque
4451 2359 4671 2424 ordinis
4714 2369 4755 2420 st

2878 2444 3217 2528 dignitatis
3261 2443 3397 2509 sint
3443 2444 3755 2523 homines,
3819 2453 3888 2508 et
3927 2442 4181 2528 placide
4225 2465 4371 2510 soee
4419 2444 4545 2510 Dei
4587 2443 4760 2510 volun·

2879 2532 3001 2597 tati
3062 2530 3446 2606 subiiciant‚
3520 2543 3716 2612 atque
3781 2532 3975 2595 etiam
4040 2529 4126 2595 D.
4182 2530 4381 2595 Pauli
4459 2529 4757 2596 doctrinam

2881 2627 3216 2701 usurpent,
3260 2627 3336 2681 ut
3379 2615 3625 2699 singuli
3672 2615 3916 2681 honore
3959 2616 4122 2681 alios
4179 2617 4611 2699 praeveniant
4654 2615 4759 2680 sibi·

2880 2724 3006 2852 gne
3050 2704 3208 2786 ipsis
3233 2703 3641 2785 praeierant:
3689 2721 3765 2767 ac
3787 2701 4058 2784 proinde
4082 2701 4322 2767 divites
4362 2714 4433 2767 et
4479 2701 4760 2784 primaria

2925 2789 3221 2871 ignitatis
3268 2788 3395 2852 viri
3437 2788 3666 2866 sciant,
3721 2788 3921 2852 etiam
3979 2786 4247 2853 abiectis
4305 2797 4378 2854 et
4433 2787 4759 2868 contemptis

2882 2873 3256 2940 hominibus
3303 2874 3518 2938 Deum
3576 2893 3699 2938 sua
3747 2871 3918 2938 dona
3976 2872 4417 2954 distribuisse,
4479 2894 4605 2940 non
4655 2891 4761 2938 con·

2881 2959 3265 3025 temnenda:
3309 2969 3376 3023 et
3419 2979 3536 3024 sua
3578 2959 3775 3023 etiam
3821 2960 3983 3025 vitia
4024 2957 4384 3044 diligenter
4429 2960 4763 3032 examinent.

2879 3066 3195 3129 suamque
3237 3045 3685 3110 infirmitatem
3751 3045 4142 3129 expendant,
4197 3055 4275 3110 ut
4336 3069 4413 3113 se
4473 3067 4514 3112 a
4556 3045 4765 3110 Deoia

2879 3132 2998 3196 tali
3053 3130 3261 3214 gradu
3320 3132 3711 3196 constitutos
3777 3153 3907 3195 non
3965 3152 4084 3196 suo
4142 3131 4383 3197 merito
4444 3132 4560 3198 sed
4612 3129 4763 3213 ipsius

2881 3217 3170 3283 bonitate
3248 3218 3503 3281 norint:
3597 3238 3672 3282 ac
3752 3217 4025 3299 proinde
4103 3238 4243 3282 sese
4330 3217 4467 3283 Dei
4553 3215 4769 3301 pedibus

2877 3302 3259 3369 subiiciant:
3321 3310 3388 3365 et
3444 3303 3536 3367 ita
3579 3322 3725 3366 cum
3772 3303 4087 3385 proximis
4144 3317 4521 3382 versentur,
4578 3324 4652 3367 ne
4693 3299 4766 3364 eni

2879 3389 2981 3453 vel
3028 3389 3296 3453 minimo
3338 3388 3552 3453 faeere
3594 3389 3904 3454 iniuriam
3951 3389 4174 3462 velint,
4230 3390 4502 3455 etiamsi
4543 3387 4769 3454 oblatam

2877 3476 3276 3541 occasionem
3323 3472 3546 3539 dicant
3588 3476 3759 3557 qnod
3804 3496 3873 3540 se
3917 3473 4161 3557 primos
4183 3473 4460 3541 iniuriis
4495 3473 4768 3539 lacessitos

2878 3573 3255 3643 querantur.
3332 3557 3552 3625 Saulis
3596 3558 3971 3643 exemplum
4018 3581 4104 3625 ex
4148 3561 4377 3626 animo
4427 3561 4770 3626 detestemur

2878 3657 2944 3710 et
2986 3647 3336 3730 fugiamus,
3395 3645 3581 3710 cuius
3624 3643 3914 3712 furorem
3976 3646 4044 3709 in
4102 3646 4363 3712 Davide
4425 3641 4771 3728 insequendo

2878 3731 3206 3798 videmus:
3266 3731 3380 3796 sed
3427 3733 3641 3814 potius
3683 3752 4103 3815 quascunque
4159 3733 4448 3798 iniurias
4509 3733 4770 3815 patienter

2875 3819 3163 3883 feramus
3189 3868 3205 3896 ,
3293 3827 3360 3882 et
3444 3817 4063 3882 immanissimorum
4151 3817 4452 3883 hostium
4540 3818 4771 3882 furorem

2877 3904 3192 3987 patientia
3249 3923 3633 3985 superemus
3650 3952 3666 3980 ‚
3726 3914 3802 3968 ut
3856 3922 4074 3967 coram
4133 3904 4276 3969 Deo
4344 3899 4770 3971 inexcusabiles

2876 3989 3316 4067 inveniantur,
3375 3988 3545 4072 quod
3604 4009 3675 4053 se
3732 4010 3772 4053 a
3828 3988 4014 4054 nobis
4067 4000 4469 4072 provocatos
4524 3990 4666 4055 ullis
4708 3988 4771 4050 iu·

2875 4075 3065 4141 iuriis
3109 4073 3342 4140 merito
3387 4074 3570 4157 queri
3616 4095 3742 4139 non
3770 4076 4038 4157 possint,
4083 4085 4200 4140 aut
4240 4075 4549 4158 ips‘orum
4584 4070 4769 4140 autori·

2877 4169 3076 4227 tatem
3122 4159 3369 4226 nostris
3411 4159 3697 4226 consiliis
3744 4159 4052 4226 violatam
4079 4211 4096 4240 ,
4137 4182 4300 4243 quoe
4350 4184 4617 4246 semper
4641 4158 4773 4242 quis·

2875 4258 2974 4313 tos
2996 4259 3063 4312 et
3084 4245 3470 4329 tranquillos
3493 4246 3695 4311 fuisse
3719 4247 3982 4330 propria
4012 4248 4425 4312 conscientia
4465 4243 4766 4329 redarguit·

3048 4333 3255 4398 Porro
3321 4352 3486 4414 quae
3544 4330 3763 4396 David
3833 4331 3916 4396 ad
3980 4354 4050 4398 se
4115 4331 4575 4398 excusandum
4628 4348 4773 4412 argu·

2873 4429 3095 4484 menta
3153 4417 3462 4500 producit,
3535 4415 3799 4484 Saulem
3846 4418 4057 4501 magis
4109 4439 4185 4483 ac
4241 4419 4471 4502 magis
4516 4418 4769 4482 adversus

2872 4507 3086 4589 ipsum
3110 4504 3451 4568 irritatura
3473 4502 3672 4568 fuisse
3694 4502 4023 4581 videntur,
4062 4525 4253 4588 quem
4294 4503 4609 4569 videmus
4644 4500 4768 4566 dein·

2871 4611 3021 4673 ceps
3078 4610 3208 4655 non
3267 4588 3598 4654 meliorem
3657 4590 3918 4668 factum,
3975 4610 4186 4673 neque
4230 4591 4313 4653 ad
4361 4611 4597 4656 sanam
4634 4606 4769 4652 men·

2872 4690 3003 4742 tem
3043 4674 3327 4753 rediisse,
3373 4673 3486 4740 sed
3532 4675 3953 4757 pertinaciter
3992 4676 4072 4739 ad
4119 4687 4413 4740 mortem
4462 4695 4653 4759 usque
4670 4671 4765 4736 Da·

2872 4762 3085 4827 videm
3135 4776 3637 4844 persequutum:
3700 4782 3926 4826 verum
3974 4771 4189 4826 tamen
4234 4760 4577 4828 Davidem
4616 4758 4763 4824 vehe-

2872 4856 3127 4913 menter
3187 4845 3599 4912 adiuverunt.
3691 4847 3860 4911 Nam
3921 4846 4126 4930 ipsius
4171 4847 4411 4913 audita
4458 4868 4613 4914 voce
4648 4839 4761 4910 Saul

2871 4944 3231 5000 commotus
3294 4932 3722 4998 exclamavit:
3778 4932 3891 4997 An
3930 4953 4052 4998 vom
4093 4938 4203 4998 tua
4245 4932 4407 4999 haec
4448 4939 4559 5014 est,
4589 4933 4674 5014 tili
4704 4929 4764 4992 *⁴

2870 5019 3107 5098 David,
3153 5024 3209 5084 et
3251 5018 3496 5084 sublata
3537 5037 3675 5085 voce
3707 5019 3892 5097 flevit.
3982 5017 4291 5101 Dixitque
4336 5022 4433 5086 ad
4473 5016 4759 5086 Dorida:

2872 5106 3116 5172 Iustior
3174 5125 3239 5170 es
3295 5124 3422 5169 me:
3456 5122 3629 5170 mam
3682 5109 3750 5168 iu
3791 5105 4082 5187 rependis
4123 5106 4284 5171 mihi
4329 5107 4582 5185 bonum,
4621 5121 4759 5185 qu·-

2870 5211 2979 5275 eyo
3023 5192 3278 5274 affecere
3318 5196 3375 5255 te
3415 5190 3596 5258 malo.
3665 5189 3991 5257 Davidem
4036 5192 4238 5275 igitur
4257 5193 4521 5258 iustum
4546 5193 4757 5256 stiunt>

2868 5288 3125 5343 centem
3170 5278 3426 5357 fatetur,
3478 5298 3548 5344 se
3591 5297 3750 5343 vero
3792 5276 4160 5362 improbum
4204 5278 4321 5362 qui
4368 5279 4585 5363 ipsum
4624 5270 4755 5340 null·
