<?xml version="1.0" encoding="UTF-8"?>
<!DOCTYPE html PUBLIC "-//W3C//DTD XHTML 1.0 Transitional//EN"
    "http://www.w3.org/TR/xhtml1/DTD/xhtml1-transitional.dtd">
<html xmlns="http://www.w3.org/1999/xhtml" xml:lang="en" lang="en">
 <head>
  <title>
</title>
<meta http-equiv="Content-Type" content="text/html;charset=utf-8" />
  <meta name='ocr-system' content='tesseract 3.04.00' />
  <meta name='ocr-capabilities' content='ocr_page ocr_carea ocr_par ocr_line ocrx_word'/>
</head>
<body>
  <div class='ocr_page' id='page_1' title='image "./ioanniscalvinio07unkngoog_0755.png"; bbox 0 0 5059 6059; ppageno 0'>
   <div class='ocr_carea' id='block_1_1' title="bbox 112 4685 144 4737">
    <p class='ocr_par' dir='ltr' id='par_1_1' title="bbox 112 4685 144 4737">
     <span class='ocr_line' id='line_1_1' title="bbox 112 4685 140 4710; baseline 0 -22"><span class='ocrx_word' id='word_1_1' title='bbox 112 4699 122 4710; x_wconf 60' lang='lat'><em>-</em></span> <span class='ocrx_word' id='word_1_2' title='bbox 135 4685 140 4688; x_wconf 34' lang='grc' dir='ltr'><em>Α</em></span> 
     </span>
     <span class='ocr_line' id='line_1_2' title="bbox 112 4716 144 4737; baseline 0 0"><span class='ocrx_word' id='word_1_3' title='bbox 112 4716 144 4737; x_wconf 66' lang='lat' dir='ltr'><em>f</em></span> 
     </span>
    </p>
   </div>
   <div class='ocr_carea' id='block_1_2' title="bbox 112 4874 138 4916">
    <p class='ocr_par' dir='ltr' id='par_1_2' title="bbox 112 4874 138 4916">
     <span class='ocr_line' id='line_1_3' title="bbox 112 4874 138 4916; baseline 0 0"><span class='ocrx_word' id='word_1_4' title='bbox 112 4874 138 4916; x_wconf 61' lang='lat'><strong>1«</strong></span> 
     </span>
    </p>
   </div>
   <div class='ocr_carea' id='block_1_3' title="bbox 356 266 4347 336">
    <p class='ocr_par' dir='ltr' id='par_1_3' title="bbox 356 266 4347 336">
     <span class='ocr_line' id='line_1_4' title="bbox 356 266 4347 336; baseline 0.001 -4"><span class='ocrx_word' id='word_1_5' title='bbox 356 266 487 333; x_wconf 81' lang='lat'><strong>569</strong></span> <span class='ocrx_word' id='word_1_6' title='bbox 1651 269 1752 334; x_wconf 87' lang='lat' dir='ltr'><strong>IN</strong></span> <span class='ocrx_word' id='word_1_7' title='bbox 1795 269 1850 335; x_wconf 91' lang='lat'><strong>1.</strong></span> <span class='ocrx_word' id='word_1_8' title='bbox 1897 268 2080 336; x_wconf 87' lang='lat' dir='ltr'><strong>LIB.</strong></span> <span class='ocrx_word' id='word_1_9' title='bbox 2124 267 2531 335; x_wconf 75' lang='lat' dir='ltr'><strong>SAMUEL.</strong></span> <span class='ocrx_word' id='word_1_10' title='bbox 2577 267 2777 336; x_wconf 83' lang='lat' dir='ltr'><strong>cAP.</strong></span> <span class='ocrx_word' id='word_1_11' title='bbox 2820 267 3048 336; x_wconf 84' lang='lat' dir='ltr'><strong>XXV.</strong></span> <span class='ocrx_word' id='word_1_12' title='bbox 4216 268 4347 335; x_wconf 81' lang='lat'><strong>570</strong></span> 
     </span>
    </p>
   </div>
   <div class='ocr_carea' id='block_1_4' title="bbox 344 454 2304 3976">
    <p class='ocr_par' dir='ltr' id='par_1_4' title="bbox 344 454 2304 3976">
     <span class='ocr_line' id='line_1_5' title="bbox 357 454 925 524; baseline 0.002 -3"><span class='ocrx_word' id='word_1_13' title='bbox 357 456 509 521; x_wconf 90' lang='lat' dir='ltr'><strong>dem</strong></span> <span class='ocrx_word' id='word_1_14' title='bbox 554 477 594 521; x_wconf 90' lang='lat' dir='ltr'><strong>a</strong></span> <span class='ocrx_word' id='word_1_15' title='bbox 636 454 925 524; x_wconf 87' lang='lat' dir='ltr'><strong>Domino</strong></span> 
     </span>
     <span class='ocr_line' id='line_1_6' title="bbox 357 541 2299 626; baseline 0.001 -20"><span class='ocrx_word' id='word_1_16' title='bbox 357 541 686 610; x_wconf 89' lang='lat' dir='ltr'><strong>delectari.</strong></span> <span class='ocrx_word' id='word_1_17' title='bbox 776 543 931 625; x_wconf 81' lang='lat' dir='ltr'><strong>Qua</strong></span> <span class='ocrx_word' id='word_1_18' title='bbox 987 545 1245 609; x_wconf 88' lang='lat' dir='ltr'><strong>ratione</strong></span> <span class='ocrx_word' id='word_1_19' title='bbox 1286 544 1432 609; x_wconf 93' lang='lat' dir='ltr'><strong>Deo</strong></span> <span class='ocrx_word' id='word_1_20' title='bbox 1484 543 1698 609; x_wconf 89' lang='lat' dir='ltr'><strong>cultus</strong></span> <span class='ocrx_word' id='word_1_21' title='bbox 1754 551 2070 608; x_wconf 82' lang='lat' dir='ltr'><strong>externus</strong></span> <span class='ocrx_word' id='word_1_22' title='bbox 2110 562 2299 626; x_wconf 89' lang='lat' dir='ltr'><strong>prae-</strong></span> 
     </span>
     <span class='ocr_line' id='line_1_7' title="bbox 355 625 2300 712; baseline -0.001 -19"><span class='ocrx_word' id='word_1_23' title='bbox 355 625 639 707; x_wconf 88' lang='lat' dir='ltr'><strong>bebitur,</strong></span> <span class='ocrx_word' id='word_1_24' title='bbox 696 627 811 695; x_wconf 88' lang='lat' dir='ltr'><strong>sed</strong></span> <span class='ocrx_word' id='word_1_25' title='bbox 855 631 1158 696; x_wconf 89' lang='lat' dir='ltr'><strong>internus</strong></span> <span class='ocrx_word' id='word_1_26' title='bbox 1202 628 1425 694; x_wconf 89' lang='lat' dir='ltr'><strong>nullus</strong></span> <span class='ocrx_word' id='word_1_27' title='bbox 1468 630 1612 708; x_wconf 87' lang='lat' dir='ltr'><strong>erit,</strong></span> <span class='ocrx_word' id='word_1_28' title='bbox 1673 649 1750 694; x_wconf 88' lang='lat' dir='ltr'><strong>ac</strong></span> <span class='ocrx_word' id='word_1_29' title='bbox 1793 626 2067 711; x_wconf 76' lang='lat' dir='ltr'><strong>proinde</strong></span> <span class='ocrx_word' id='word_1_30' title='bbox 2109 648 2300 712; x_wconf 86' lang='lat' dir='ltr'><strong>prae-</strong></span> 
     </span>
     <span class='ocr_line' id='line_1_8' title="bbox 355 713 2302 799; baseline -0.001 -18"><span class='ocrx_word' id='word_1_31' title='bbox 355 715 552 797; x_wconf 85' lang='lat' dir='ltr'><strong>cipua</strong></span> <span class='ocrx_word' id='word_1_32' title='bbox 616 734 771 799; x_wconf 89' lang='lat' dir='ltr'><strong>pars</strong></span> <span class='ocrx_word' id='word_1_33' title='bbox 833 714 1033 781; x_wconf 83' lang='lat' dir='ltr'><strong>officii</strong></span> <span class='ocrx_word' id='word_1_34' title='bbox 1097 714 1373 781; x_wconf 89' lang='lat' dir='ltr'><strong>deficiet.</strong></span> <span class='ocrx_word' id='word_1_35' title='bbox 1477 713 1922 795; x_wconf 76' lang='lat' dir='ltr'><strong>Quamobrem</strong></span> <span class='ocrx_word' id='word_1_36' title='bbox 1986 721 2302 779; x_wconf 73' lang='lat' dir='ltr'><strong>narrante</strong></span> 
     </span>
     <span class='ocr_line' id='line_1_9' title="bbox 356 799 2301 885; baseline -0.002 -18"><span class='ocrx_word' id='word_1_37' title='bbox 356 801 685 884; x_wconf 86' lang='lat' dir='ltr'><strong>scriptura</strong></span> <span class='ocrx_word' id='word_1_38' title='bbox 710 801 1064 885; x_wconf 87' lang='lat' dir='ltr'><strong>peculiaria</strong></span> <span class='ocrx_word' id='word_1_39' title='bbox 1098 800 1417 884; x_wconf 90' lang='lat' dir='ltr'><strong>quaedam</strong></span> <span class='ocrx_word' id='word_1_40' title='bbox 1453 815 1830 867; x_wconf 86' lang='lat' dir='ltr'><strong>sanctorum</strong></span> <span class='ocrx_word' id='word_1_41' title='bbox 1865 799 2055 880; x_wconf 85' lang='lat' dir='ltr'><strong>facta,</strong></span> <span class='ocrx_word' id='word_1_42' title='bbox 2091 800 2301 866; x_wconf 86' lang='lat' dir='ltr'><strong>disca-</strong></span> 
     </span>
     <span class='ocr_line' id='line_1_10' title="bbox 356 884 2303 971; baseline -0.001 -20"><span class='ocrx_word' id='word_1_43' title='bbox 356 907 507 952; x_wconf 89' lang='lat' dir='ltr'><strong>mus</strong></span> <span class='ocrx_word' id='word_1_44' title='bbox 564 907 641 950; x_wconf 85' lang='lat' dir='ltr'><strong>ea</strong></span> <span class='ocrx_word' id='word_1_45' title='bbox 696 907 830 951; x_wconf 90' lang='lat' dir='ltr'><strong>non</strong></span> <span class='ocrx_word' id='word_1_46' title='bbox 887 886 1275 971; x_wconf 90' lang='lat' dir='ltr'><strong>simpliciter</strong></span> <span class='ocrx_word' id='word_1_47' title='bbox 1318 886 1385 950; x_wconf 90' lang='lat' dir='ltr'><strong>in</strong></span> <span class='ocrx_word' id='word_1_48' title='bbox 1431 885 1805 970; x_wconf 85' lang='lat' dir='ltr'><strong>exemplum</strong></span> <span class='ocrx_word' id='word_1_49' title='bbox 1853 884 2133 964; x_wconf 80' lang='lat' dir='ltr'><strong>trahere,</strong></span> <span class='ocrx_word' id='word_1_50' title='bbox 2181 904 2303 949; x_wconf 89' lang='lat' dir='ltr'><strong>nec</strong></span> 
     </span>
     <span class='ocr_line' id='line_1_11' title="bbox 354 969 2300 1054; baseline 0.001 -19"><span class='ocrx_word' id='word_1_51' title='bbox 354 991 523 1054; x_wconf 89' lang='lat' dir='ltr'><strong>quae</strong></span> <span class='ocrx_word' id='word_1_52' title='bbox 580 972 876 1038; x_wconf 83' lang='lat' dir='ltr'><strong>fecerunt</strong></span> <span class='ocrx_word' id='word_1_53' title='bbox 930 972 1103 1039; x_wconf 72' lang='lat' dir='ltr'><strong>velle</strong></span> <span class='ocrx_word' id='word_1_54' title='bbox 1144 971 1412 1037; x_wconf 88' lang='lat' dir='ltr'><strong>omnino</strong></span> <span class='ocrx_word' id='word_1_55' title='bbox 1453 971 1734 1037; x_wconf 88' lang='lat' dir='ltr'><strong>imitari:</strong></span> <span class='ocrx_word' id='word_1_56' title='bbox 1779 969 1896 1036; x_wconf 92' lang='lat' dir='ltr'><strong>sed</strong></span> <span class='ocrx_word' id='word_1_57' title='bbox 1940 972 2158 1054; x_wconf 89' lang='lat' dir='ltr'><strong>potius</strong></span> <span class='ocrx_word' id='word_1_58' title='bbox 2200 991 2300 1036; x_wconf 90' lang='lat' dir='ltr'><strong>ao·</strong></span> 
     </span>
     <span class='ocr_line' id='line_1_12' title="bbox 355 1056 2304 1142; baseline 0 -21"><span class='ocrx_word' id='word_1_59' title='bbox 355 1057 572 1122; x_wconf 86' lang='lat' dir='ltr'><strong>tiones</strong></span> <span class='ocrx_word' id='word_1_60' title='bbox 611 1078 840 1124; x_wconf 89' lang='lat' dir='ltr'><strong>omnes</strong></span> <span class='ocrx_word' id='word_1_61' title='bbox 882 1071 1141 1124; x_wconf 88' lang='lat' dir='ltr'><strong>nostras</strong></span> <span class='ocrx_word' id='word_1_62' title='bbox 1183 1058 1267 1124; x_wconf 90' lang='lat' dir='ltr'><strong>ad</strong></span> <span class='ocrx_word' id='word_1_63' title='bbox 1310 1058 1601 1142; x_wconf 78' lang='lat' dir='ltr'><strong>regulam</strong></span> <span class='ocrx_word' id='word_1_64' title='bbox 1649 1057 1940 1124; x_wconf 86' lang='lat' dir='ltr'><strong>divinam</strong></span> <span class='ocrx_word' id='word_1_65' title='bbox 1988 1059 2057 1121; x_wconf 91' lang='lat' dir='ltr'><strong>in</strong></span> <span class='ocrx_word' id='word_1_66' title='bbox 2100 1056 2304 1123; x_wconf 86' lang='lat' dir='ltr'><strong>sacris</strong></span> 
     </span>
     <span class='ocr_line' id='line_1_13' title="bbox 353 1141 2301 1227; baseline -0.001 -19"><span class='ocrx_word' id='word_1_67' title='bbox 353 1141 787 1227; x_wconf 78' lang='lat' dir='ltr'><strong>perscriptam</strong></span> <span class='ocrx_word' id='word_1_68' title='bbox 844 1145 1204 1225; x_wconf 81' lang='lat' dir='ltr'><strong>exigamus.</strong></span> <span class='ocrx_word' id='word_1_69' title='bbox 1292 1143 1464 1209; x_wconf 89' lang='lat' dir='ltr'><strong>Nam</strong></span> <span class='ocrx_word' id='word_1_70' title='bbox 1508 1145 1567 1209; x_wconf 92' lang='lat' dir='ltr'><strong>si</strong></span> <span class='ocrx_word' id='word_1_71' title='bbox 1608 1143 2001 1226; x_wconf 72' lang='lat' dir='ltr'><strong>scripturam</strong></span> <span class='ocrx_word' id='word_1_72' title='bbox 2045 1143 2301 1208; x_wconf 88' lang='lat' dir='ltr'><strong>intuea-</strong></span> 
     </span>
     <span class='ocr_line' id='line_1_14' title="bbox 355 1227 2303 1313; baseline -0.001 -19"><span class='ocrx_word' id='word_1_73' title='bbox 355 1250 526 1303; x_wconf 87' lang='lat' dir='ltr'><strong>mur,</strong></span> <span class='ocrx_word' id='word_1_74' title='bbox 571 1228 913 1313; x_wconf 75' lang='lat' dir='ltr'><strong>apparebit</strong></span> <span class='ocrx_word' id='word_1_75' title='bbox 948 1250 1069 1297; x_wconf 89' lang='lat' dir='ltr'><strong>nos</strong></span> <span class='ocrx_word' id='word_1_76' title='bbox 1103 1250 1235 1296; x_wconf 91' lang='lat' dir='ltr'><strong>non</strong></span> <span class='ocrx_word' id='word_1_77' title='bbox 1279 1249 1467 1313; x_wconf 89' lang='lat' dir='ltr'><strong>posse</strong></span> <span class='ocrx_word' id='word_1_78' title='bbox 1509 1229 1772 1311; x_wconf 91' lang='lat' dir='ltr'><strong>quidem</strong></span> <span class='ocrx_word' id='word_1_79' title='bbox 1815 1227 2174 1295; x_wconf 84' lang='lat' dir='ltr'><strong>vindictam</strong></span> <span class='ocrx_word' id='word_1_80' title='bbox 2221 1230 2303 1293; x_wconf 89' lang='lat' dir='ltr'><strong>de</strong></span> 
     </span>
     <span class='ocr_line' id='line_1_15' title="bbox 353 1312 2302 1398; baseline 0 -19"><span class='ocrx_word' id='word_1_81' title='bbox 353 1312 656 1380; x_wconf 89' lang='lat' dir='ltr'><strong>hostibus</strong></span> <span class='ocrx_word' id='word_1_82' title='bbox 696 1337 738 1380; x_wconf 89' lang='lat' dir='ltr'><strong>a</strong></span> <span class='ocrx_word' id='word_1_83' title='bbox 779 1315 1068 1381; x_wconf 91' lang='lat' dir='ltr'><strong>Domino</strong></span> <span class='ocrx_word' id='word_1_84' title='bbox 1109 1314 1324 1382; x_wconf 89' lang='lat' dir='ltr'><strong>modis</strong></span> <span class='ocrx_word' id='word_1_85' title='bbox 1368 1315 1673 1381; x_wconf 88' lang='lat' dir='ltr'><strong>omnibus</strong></span> <span class='ocrx_word' id='word_1_86' title='bbox 1715 1314 2034 1398; x_wconf 79' lang='lat' dir='ltr'><strong>flagitare,</strong></span> <span class='ocrx_word' id='word_1_87' title='bbox 2090 1332 2302 1398; x_wconf 89' lang='lat' dir='ltr'><strong>neque</strong></span> 
     </span>
     <span class='ocr_line' id='line_1_16' title="bbox 352 1397 2300 1485; baseline 0 -20"><span class='ocrx_word' id='word_1_88' title='bbox 352 1399 570 1467; x_wconf 89' lang='lat' dir='ltr'><strong>modis</strong></span> <span class='ocrx_word' id='word_1_89' title='bbox 603 1401 905 1468; x_wconf 91' lang='lat' dir='ltr'><strong>omnibus</strong></span> <span class='ocrx_word' id='word_1_90' title='bbox 942 1400 1024 1468; x_wconf 92' lang='lat' dir='ltr'><strong>de</strong></span> <span class='ocrx_word' id='word_1_91' title='bbox 1057 1402 1350 1485; x_wconf 87' lang='lat' dir='ltr'><strong>ipsorum</strong></span> <span class='ocrx_word' id='word_1_92' title='bbox 1386 1401 1611 1484; x_wconf 89' lang='lat' dir='ltr'><strong>poenis</strong></span> <span class='ocrx_word' id='word_1_93' title='bbox 1644 1399 1893 1480; x_wconf 89' lang='lat' dir='ltr'><strong>laetari,</strong></span> <span class='ocrx_word' id='word_1_94' title='bbox 1929 1397 2044 1465; x_wconf 88' lang='lat' dir='ltr'><strong>sed</strong></span> <span class='ocrx_word' id='word_1_95' title='bbox 2080 1409 2300 1465; x_wconf 89' lang='lat' dir='ltr'><strong>tamen</strong></span> 
     </span>
     <span class='ocr_line' id='line_1_17' title="bbox 353 1482 2300 1571; baseline -0.001 -19"><span class='ocrx_word' id='word_1_96' title='bbox 353 1485 575 1569; x_wconf 87' lang='lat' dir='ltr'><strong>aliquo</strong></span> <span class='ocrx_word' id='word_1_97' title='bbox 634 1487 828 1551; x_wconf 89' lang='lat' dir='ltr'><strong>modo</strong></span> <span class='ocrx_word' id='word_1_98' title='bbox 886 1507 1096 1571; x_wconf 85' lang='lat' dir='ltr'><strong>posse.</strong></span> <span class='ocrx_word' id='word_1_99' title='bbox 1184 1486 1376 1568; x_wconf 81' lang='lat' dir='ltr'><strong>Quod</strong></span> <span class='ocrx_word' id='word_1_100' title='bbox 1423 1507 1555 1551; x_wconf 91' lang='lat' dir='ltr'><strong>non</strong></span> <span class='ocrx_word' id='word_1_101' title='bbox 1600 1483 1718 1554; x_wconf 88' lang='lat' dir='ltr'><strong>abs</strong></span> <span class='ocrx_word' id='word_1_102' title='bbox 1759 1506 1832 1550; x_wconf 92' lang='lat' dir='ltr'><strong>re</strong></span> <span class='ocrx_word' id='word_1_103' title='bbox 1876 1482 2038 1552; x_wconf 91' lang='lat' dir='ltr'><strong>dico.</strong></span> <span class='ocrx_word' id='word_1_104' title='bbox 2126 1484 2300 1551; x_wconf 87' lang='lat' dir='ltr'><strong>Nam</strong></span> 
     </span>
     <span class='ocr_line' id='line_1_18' title="bbox 352 1570 2300 1655; baseline -0.001 -17"><span class='ocrx_word' id='word_1_105' title='bbox 352 1571 740 1655; x_wconf 88' lang='lat' dir='ltr'><strong>simpliciter</strong></span> <span class='ocrx_word' id='word_1_106' title='bbox 796 1572 994 1640; x_wconf 87' lang='lat' dir='ltr'><strong>officii</strong></span> <span class='ocrx_word' id='word_1_107' title='bbox 1050 1573 1262 1639; x_wconf 78' lang='lat' dir='ltr'><strong>nostri</strong></span> <span class='ocrx_word' id='word_1_108' title='bbox 1319 1573 1486 1638; x_wconf 90' lang='lat' dir='ltr'><strong>ratio</strong></span> <span class='ocrx_word' id='word_1_109' title='bbox 1529 1593 1649 1639; x_wconf 87' lang='lat' dir='ltr'><strong>nos</strong></span> <span class='ocrx_word' id='word_1_110' title='bbox 1690 1571 1872 1638; x_wconf 88' lang='lat' dir='ltr'><strong>iubet</strong></span> <span class='ocrx_word' id='word_1_111' title='bbox 1912 1570 2132 1639; x_wconf 89' lang='lat' dir='ltr'><strong>Deum</strong></span> <span class='ocrx_word' id='word_1_112' title='bbox 2178 1591 2300 1654; x_wconf 86' lang='lat' dir='ltr'><strong>pro</strong></span> 
     </span>
     <span class='ocr_line' id='line_1_19' title="bbox 353 1656 2301 1742; baseline -0.001 -18"><span class='ocrx_word' id='word_1_113' title='bbox 353 1656 647 1724; x_wconf 88' lang='lat' dir='ltr'><strong>hostium</strong></span> <span class='ocrx_word' id='word_1_114' title='bbox 702 1669 1075 1724; x_wconf 88' lang='lat' dir='ltr'><strong>nostrorum</strong></span> <span class='ocrx_word' id='word_1_115' title='bbox 1127 1659 1557 1725; x_wconf 87' lang='lat' dir='ltr'><strong>conversione</strong></span> <span class='ocrx_word' id='word_1_116' title='bbox 1614 1657 1868 1742; x_wconf 86' lang='lat' dir='ltr'><strong>precari</strong></span> <span class='ocrx_word' id='word_1_117' title='bbox 1885 1705 1901 1735; x_wconf 88' lang='lat'><strong>,</strong></span> <span class='ocrx_word' id='word_1_118' title='bbox 1970 1667 2035 1722; x_wconf 92' lang='lat' dir='ltr'><strong>et</strong></span> <span class='ocrx_word' id='word_1_119' title='bbox 2090 1656 2301 1741; x_wconf 89' lang='lat' dir='ltr'><strong>ipsius</strong></span> 
     </span>
     <span class='ocr_line' id='line_1_20' title="bbox 352 1741 2300 1827; baseline -0.002 -18"><span class='ocrx_word' id='word_1_120' title='bbox 352 1764 512 1827; x_wconf 82' lang='lat' dir='ltr'><strong>erga</strong></span> <span class='ocrx_word' id='word_1_121' title='bbox 575 1744 726 1810; x_wconf 89' lang='lat' dir='ltr'><strong>illos</strong></span> <span class='ocrx_word' id='word_1_122' title='bbox 788 1744 1300 1813; x_wconf 87' lang='lat' dir='ltr'><strong>misericordiam</strong></span> <span class='ocrx_word' id='word_1_123' title='bbox 1359 1744 1730 1827; x_wconf 89' lang='lat' dir='ltr'><strong>implorare,</strong></span> <span class='ocrx_word' id='word_1_124' title='bbox 1796 1753 1863 1808; x_wconf 90' lang='lat' dir='ltr'><strong>et</strong></span> <span class='ocrx_word' id='word_1_125' title='bbox 1927 1763 2044 1826; x_wconf 88' lang='lat' dir='ltr'><strong>pro</strong></span> <span class='ocrx_word' id='word_1_126' title='bbox 2107 1741 2300 1807; x_wconf 88' lang='lat' dir='ltr'><strong>malis</strong></span> 
     </span>
     <span class='ocr_line' id='line_1_21' title="bbox 354 1828 2301 1915; baseline -0.002 -18"><span class='ocrx_word' id='word_1_127' title='bbox 354 1851 524 1915; x_wconf 89' lang='lat' dir='ltr'><strong>quae</strong></span> <span class='ocrx_word' id='word_1_128' title='bbox 582 1831 775 1897; x_wconf 89' lang='lat' dir='ltr'><strong>nobis</strong></span> <span class='ocrx_word' id='word_1_129' title='bbox 833 1831 1141 1910; x_wconf 82' lang='lat' dir='ltr'><strong>inferunt,</strong></span> <span class='ocrx_word' id='word_1_130' title='bbox 1201 1841 1271 1898; x_wconf 92' lang='lat' dir='ltr'><strong>et</strong></span> <span class='ocrx_word' id='word_1_131' title='bbox 1313 1831 1525 1896; x_wconf 82' lang='lat' dir='ltr'><strong>exitio</strong></span> <span class='ocrx_word' id='word_1_132' title='bbox 1570 1829 1740 1913; x_wconf 89' lang='lat' dir='ltr'><strong>quod</strong></span> <span class='ocrx_word' id='word_1_133' title='bbox 1787 1828 1973 1895; x_wconf 85' lang='lat' dir='ltr'><strong>nobis</strong></span> <span class='ocrx_word' id='word_1_134' title='bbox 2016 1828 2301 1894; x_wconf 89' lang='lat' dir='ltr'><strong>moliun-</strong></span> 
     </span>
     <span class='ocr_line' id='line_1_22' title="bbox 352 1913 2301 2000; baseline -0.002 -17"><span class='ocrx_word' id='word_1_135' title='bbox 352 1929 488 1996; x_wconf 84' lang='lat' dir='ltr'><strong>tur,</strong></span> <span class='ocrx_word' id='word_1_136' title='bbox 545 1915 736 1984; x_wconf 89' lang='lat' dir='ltr'><strong>bonis</strong></span> <span class='ocrx_word' id='word_1_137' title='bbox 777 1930 844 1982; x_wconf 88' lang='lat' dir='ltr'><strong>et</strong></span> <span class='ocrx_word' id='word_1_138' title='bbox 885 1916 1245 1983; x_wconf 90' lang='lat' dir='ltr'><strong>commodis</strong></span> <span class='ocrx_word' id='word_1_139' title='bbox 1285 1916 1576 2000; x_wconf 90' lang='lat' dir='ltr'><strong>ipsorum</strong></span> <span class='ocrx_word' id='word_1_140' title='bbox 1623 1913 1908 1980; x_wconf 90' lang='lat' dir='ltr'><strong>studere.</strong></span> <span class='ocrx_word' id='word_1_141' title='bbox 1993 1913 2301 1997; x_wconf 91' lang='lat' dir='ltr'><strong>Denique</strong></span> 
     </span>
     <span class='ocr_line' id='line_1_23' title="bbox 352 2000 2301 2087; baseline -0.001 -19"><span class='ocrx_word' id='word_1_142' title='bbox 352 2022 584 2087; x_wconf 83' lang='lat' dir='ltr'><strong>preces</strong></span> <span class='ocrx_word' id='word_1_143' title='bbox 657 2010 924 2069; x_wconf 88' lang='lat' dir='ltr'><strong>nostrae</strong></span> <span class='ocrx_word' id='word_1_144' title='bbox 1002 2003 1278 2070; x_wconf 86' lang='lat' dir='ltr'><strong>caritate</strong></span> <span class='ocrx_word' id='word_1_145' title='bbox 1356 2002 1474 2066; x_wconf 90' lang='lat' dir='ltr'><strong>niti</strong></span> <span class='ocrx_word' id='word_1_146' title='bbox 1543 2000 1781 2067; x_wconf 90' lang='lat' dir='ltr'><strong>debent</strong></span> <span class='ocrx_word' id='word_1_147' title='bbox 1799 2051 1816 2079; x_wconf 89' lang='lat'><strong>,</strong></span> <span class='ocrx_word' id='word_1_148' title='bbox 1895 2010 1963 2065; x_wconf 91' lang='lat' dir='ltr'><strong>et</strong></span> <span class='ocrx_word' id='word_1_149' title='bbox 2026 2000 2301 2066; x_wconf 86' lang='lat' dir='ltr'><strong>affectus</strong></span> 
     </span>
     <span class='ocr_line' id='line_1_24' title="bbox 349 2087 2300 2169; baseline -0.002 -15"><span class='ocrx_word' id='word_1_150' title='bbox 349 2088 565 2155; x_wconf 84' lang='lat' dir='ltr'><strong>nostri</strong></span> <span class='ocrx_word' id='word_1_151' title='bbox 616 2087 701 2153; x_wconf 85' lang='lat' dir='ltr'><strong>ad</strong></span> <span class='ocrx_word' id='word_1_152' title='bbox 757 2088 1265 2155; x_wconf 89' lang='lat' dir='ltr'><strong>misericordiam</strong></span> <span class='ocrx_word' id='word_1_153' title='bbox 1324 2088 1517 2167; x_wconf 88' lang='lat' dir='ltr'><strong>flecti,</strong></span> <span class='ocrx_word' id='word_1_154' title='bbox 1572 2097 1649 2152; x_wconf 90' lang='lat' dir='ltr'><strong>ut</strong></span> <span class='ocrx_word' id='word_1_155' title='bbox 1705 2087 2015 2169; x_wconf 87' lang='lat' dir='ltr'><strong>quoniam</strong></span> <span class='ocrx_word' id='word_1_156' title='bbox 2077 2087 2300 2152; x_wconf 89' lang='lat' dir='ltr'><strong>hostes</strong></span> 
     </span>
     <span class='ocr_line' id='line_1_25' title="bbox 349 2172 2299 2254; baseline -0.002 -14"><span class='ocrx_word' id='word_1_157' title='bbox 349 2174 656 2241; x_wconf 79' lang='lat' dir='ltr'><strong>videmus</strong></span> <span class='ocrx_word' id='word_1_158' title='bbox 698 2176 972 2240; x_wconf 90' lang='lat' dir='ltr'><strong>miseras</strong></span> <span class='ocrx_word' id='word_1_159' title='bbox 1013 2196 1156 2241; x_wconf 89' lang='lat' dir='ltr'><strong>esse</strong></span> <span class='ocrx_word' id='word_1_160' title='bbox 1199 2185 1558 2254; x_wconf 88' lang='lat' dir='ltr'><strong>creaturas,</strong></span> <span class='ocrx_word' id='word_1_161' title='bbox 1600 2181 1668 2239; x_wconf 91' lang='lat' dir='ltr'><strong>et</strong></span> <span class='ocrx_word' id='word_1_162' title='bbox 1708 2194 1749 2239; x_wconf 89' lang='lat' dir='ltr'><strong>a</strong></span> <span class='ocrx_word' id='word_1_163' title='bbox 1781 2173 2069 2238; x_wconf 86' lang='lat' dir='ltr'><strong>Domino</strong></span> <span class='ocrx_word' id='word_1_164' title='bbox 2113 2172 2299 2238; x_wconf 85' lang='lat' dir='ltr'><strong>aber·</strong></span> 
     </span>
     <span class='ocr_line' id='line_1_26' title="bbox 350 2256 2298 2326; baseline -0.002 0"><span class='ocrx_word' id='word_1_165' title='bbox 350 2269 612 2326; x_wconf 87' lang='lat' dir='ltr'><strong>rantes:</strong></span> <span class='ocrx_word' id='word_1_166' title='bbox 658 2261 874 2326; x_wconf 90' lang='lat' dir='ltr'><strong>Deum</strong></span> <span class='ocrx_word' id='word_1_167' title='bbox 909 2280 1171 2326; x_wconf 89' lang='lat' dir='ltr'><strong>oremus</strong></span> <span class='ocrx_word' id='word_1_168' title='bbox 1204 2260 1307 2326; x_wconf 89' lang='lat' dir='ltr'><strong>uti</strong></span> <span class='ocrx_word' id='word_1_169' title='bbox 1347 2261 1621 2326; x_wconf 90' lang='lat' dir='ltr'><strong>miseros</strong></span> <span class='ocrx_word' id='word_1_170' title='bbox 1662 2259 1733 2323; x_wconf 98' lang='lat' dir='ltr'><strong>in</strong></span> <span class='ocrx_word' id='word_1_171' title='bbox 1776 2269 2025 2323; x_wconf 89' lang='lat' dir='ltr'><strong>rectam</strong></span> <span class='ocrx_word' id='word_1_172' title='bbox 2066 2256 2298 2324; x_wconf 89' lang='lat' dir='ltr'><strong>salutis</strong></span> 
     </span>
     <span class='ocr_line' id='line_1_27' title="bbox 351 2343 2298 2429; baseline -0.002 -18"><span class='ocrx_word' id='word_1_173' title='bbox 351 2345 534 2412; x_wconf 80' lang='lat' dir='ltr'><strong>viam</strong></span> <span class='ocrx_word' id='word_1_174' title='bbox 591 2345 898 2426; x_wconf 89' lang='lat' dir='ltr'><strong>reducat,</strong></span> <span class='ocrx_word' id='word_1_175' title='bbox 954 2356 1021 2413; x_wconf 90' lang='lat' dir='ltr'><strong>et</strong></span> <span class='ocrx_word' id='word_1_176' title='bbox 1078 2365 1280 2429; x_wconf 90' lang='lat' dir='ltr'><strong>quum</strong></span> <span class='ocrx_word' id='word_1_177' title='bbox 1336 2345 1702 2429; x_wconf 88' lang='lat' dir='ltr'><strong>poterimus</strong></span> <span class='ocrx_word' id='word_1_178' title='bbox 1755 2343 1923 2410; x_wconf 90' lang='lat' dir='ltr'><strong>bene</strong></span> <span class='ocrx_word' id='word_1_179' title='bbox 1980 2344 2141 2428; x_wconf 85' lang='lat' dir='ltr'><strong>ipsis</strong></span> <span class='ocrx_word' id='word_1_180' title='bbox 2200 2344 2298 2409; x_wconf 82' lang='lat' dir='ltr'><strong>fa—</strong></span> 
     </span>
     <span class='ocr_line' id='line_1_28' title="bbox 350 2429 2297 2515; baseline -0.002 -17"><span class='ocrx_word' id='word_1_181' title='bbox 350 2433 626 2499; x_wconf 87' lang='lat' dir='ltr'><strong>ciamus.</strong></span> <span class='ocrx_word' id='word_1_182' title='bbox 725 2431 785 2497; x_wconf 90' lang='lat' dir='ltr'><strong>N</strong></span> <span class='ocrx_word' id='word_1_183' title='bbox 791 2453 897 2497; x_wconf 88' lang='lat' dir='ltr'><strong>am</strong></span> <span class='ocrx_word' id='word_1_184' title='bbox 972 2433 1029 2498; x_wconf 90' lang='lat' dir='ltr'><strong>si</strong></span> <span class='ocrx_word' id='word_1_185' title='bbox 1105 2433 1207 2498; x_wconf 85' lang='lat' dir='ltr'><strong>vel</strong></span> <span class='ocrx_word' id='word_1_186' title='bbox 1278 2431 1404 2515; x_wconf 89' lang='lat' dir='ltr'><strong>ipsi</strong></span> <span class='ocrx_word' id='word_1_187' title='bbox 1463 2432 1648 2497; x_wconf 88' lang='lat' dir='ltr'><strong>asino</strong></span> <span class='ocrx_word' id='word_1_188' title='bbox 1706 2430 2029 2496; x_wconf 79' lang='lat' dir='ltr'><strong>laboranti</strong></span> <span class='ocrx_word' id='word_1_189' title='bbox 2089 2429 2297 2495; x_wconf 88' lang='lat' dir='ltr'><strong>hostis</strong></span> 
     </span>
     <span class='ocr_line' id='line_1_29' title="bbox 349 2513 2295 2602; baseline -0.002 -18"><span class='ocrx_word' id='word_1_190' title='bbox 349 2518 526 2584; x_wconf 89' lang='lat' dir='ltr'><strong>bene</strong></span> <span class='ocrx_word' id='word_1_191' title='bbox 570 2518 785 2585; x_wconf 83' lang='lat' dir='ltr'><strong>facere</strong></span> <span class='ocrx_word' id='word_1_192' title='bbox 827 2518 1146 2597; x_wconf 91' lang='lat' dir='ltr'><strong>iubemur,</strong></span> <span class='ocrx_word' id='word_1_193' title='bbox 1191 2518 1348 2602; x_wconf 91' lang='lat' dir='ltr'><strong>quid</strong></span> <span class='ocrx_word' id='word_1_194' title='bbox 1392 2518 1571 2601; x_wconf 89' lang='lat' dir='ltr'><strong>ipsis,</strong></span> <span class='ocrx_word' id='word_1_195' title='bbox 1615 2535 1878 2600; x_wconf 89' lang='lat' dir='ltr'><strong>quaeso,</strong></span> <span class='ocrx_word' id='word_1_196' title='bbox 1938 2513 2295 2581; x_wconf 85' lang='lat' dir='ltr'><strong>debemus?</strong></span> 
     </span>
     <span class='ocr_line' id='line_1_30' title="bbox 351 2602 2297 2685; baseline -0.002 -16"><span class='ocrx_word' id='word_1_197' title='bbox 351 2603 579 2670; x_wconf 80' lang='lat' dir='ltr'><strong>Moses</strong></span> <span class='ocrx_word' id='word_1_198' title='bbox 666 2624 826 2669; x_wconf 83' lang='lat' dir='ltr'><strong>vero</strong></span> <span class='ocrx_word' id='word_1_199' title='bbox 918 2605 1304 2670; x_wconf 87' lang='lat' dir='ltr'><strong>nominatim</strong></span> <span class='ocrx_word' id='word_1_200' title='bbox 1383 2604 1563 2670; x_wconf 90' lang='lat' dir='ltr'><strong>iubet</strong></span> <span class='ocrx_word' id='word_1_201' title='bbox 1638 2603 1928 2668; x_wconf 88' lang='lat' dir='ltr'><strong>hostium</strong></span> <span class='ocrx_word' id='word_1_202' title='bbox 2005 2602 2297 2685; x_wconf 89' lang='lat' dir='ltr'><strong>ipsorum</strong></span> 
     </span>
     <span class='ocr_line' id='line_1_31' title="bbox 349 2688 2298 2771; baseline -0.002 -16"><span class='ocrx_word' id='word_1_203' title='bbox 349 2688 591 2757; x_wconf 79' lang='lat' dir='ltr'><strong>bovem</strong></span> <span class='ocrx_word' id='word_1_204' title='bbox 636 2690 741 2755; x_wconf 82' lang='lat' dir='ltr'><strong>vel</strong></span> <span class='ocrx_word' id='word_1_205' title='bbox 783 2689 1068 2770; x_wconf 87' lang='lat' dir='ltr'><strong>asinum,</strong></span> <span class='ocrx_word' id='word_1_206' title='bbox 1115 2691 1217 2755; x_wconf 83' lang='lat' dir='ltr'><strong>vel</strong></span> <span class='ocrx_word' id='word_1_207' title='bbox 1262 2688 1475 2756; x_wconf 90' lang='lat' dir='ltr'><strong>simile</strong></span> <span class='ocrx_word' id='word_1_208' title='bbox 1517 2688 1777 2771; x_wconf 83' lang='lat' dir='ltr'><strong>aliquod</strong></span> <span class='ocrx_word' id='word_1_209' title='bbox 1818 2689 2187 2753; x_wconf 88' lang='lat' dir='ltr'><strong>iumentum</strong></span> <span class='ocrx_word' id='word_1_210' title='bbox 2227 2688 2298 2752; x_wconf 90' lang='lat' dir='ltr'><strong>in</strong></span> 
     </span>
     <span class='ocr_line' id='line_1_32' title="bbox 348 2772 2298 2860; baseline -0.002 -18"><span class='ocrx_word' id='word_1_211' title='bbox 348 2775 594 2842; x_wconf 82' lang='lat' dir='ltr'><strong>fossam</strong></span> <span class='ocrx_word' id='word_1_212' title='bbox 671 2775 930 2859; x_wconf 89' lang='lat' dir='ltr'><strong>lapsum</strong></span> <span class='ocrx_word' id='word_1_213' title='bbox 1004 2775 1257 2860; x_wconf 79' lang='lat' dir='ltr'><strong>erigere</strong></span> <span class='ocrx_word' id='word_1_214' title='bbox 1322 2786 1389 2842; x_wconf 91' lang='lat' dir='ltr'><strong>et</strong></span> <span class='ocrx_word' id='word_1_215' title='bbox 1455 2774 1749 2841; x_wconf 89' lang='lat' dir='ltr'><strong>educere.</strong></span> <span class='ocrx_word' id='word_1_216' title='bbox 1855 2772 2071 2856; x_wconf 85' lang='lat' dir='ltr'><strong>Atque</strong></span> <span class='ocrx_word' id='word_1_217' title='bbox 2136 2772 2298 2839; x_wconf 89' lang='lat' dir='ltr'><strong>haec</strong></span> 
     </span>
     <span class='ocr_line' id='line_1_33' title="bbox 350 2859 2297 2928; baseline -0.001 -2"><span class='ocrx_word' id='word_1_218' title='bbox 350 2862 592 2928; x_wconf 87' lang='lat' dir='ltr'><strong>caritas</strong></span> <span class='ocrx_word' id='word_1_219' title='bbox 630 2861 840 2928; x_wconf 90' lang='lat' dir='ltr'><strong>iubet:</strong></span> <span class='ocrx_word' id='word_1_220' title='bbox 898 2861 1161 2927; x_wconf 88' lang='lat' dir='ltr'><strong>interim</strong></span> <span class='ocrx_word' id='word_1_221' title='bbox 1209 2881 1364 2927; x_wconf 85' lang='lat' dir='ltr'><strong>vero</strong></span> <span class='ocrx_word' id='word_1_222' title='bbox 1409 2861 1561 2926; x_wconf 91' lang='lat' dir='ltr'><strong>licet</strong></span> <span class='ocrx_word' id='word_1_223' title='bbox 1606 2861 1827 2926; x_wconf 87' lang='lat' dir='ltr'><strong>hostes</strong></span> <span class='ocrx_word' id='word_1_224' title='bbox 1862 2859 2297 2925; x_wconf 78' lang='lat' dir='ltr'><strong>inexorabiles</strong></span> 
     </span>
     <span class='ocr_line' id='line_1_34' title="bbox 351 2945 2295 3031; baseline -0.001 -20"><span class='ocrx_word' id='word_1_225' title='bbox 351 2959 423 3012; x_wconf 91' lang='lat' dir='ltr'><strong>et</strong></span> <span class='ocrx_word' id='word_1_226' title='bbox 477 2946 954 3031; x_wconf 82' lang='lat' dir='ltr'><strong>incorrigibiles</strong></span> <span class='ocrx_word' id='word_1_227' title='bbox 1010 2948 1078 3014; x_wconf 89' lang='lat' dir='ltr'><strong>in</strong></span> <span class='ocrx_word' id='word_1_228' title='bbox 1138 2948 1389 3014; x_wconf 91' lang='lat' dir='ltr'><strong>malitia</strong></span> <span class='ocrx_word' id='word_1_229' title='bbox 1431 2947 1839 3031; x_wconf 76' lang='lat' dir='ltr'><strong>perstiterint</strong></span> <span class='ocrx_word' id='word_1_230' title='bbox 1883 2945 2102 3011; x_wconf 90' lang='lat' dir='ltr'><strong>Deum</strong></span> <span class='ocrx_word' id='word_1_231' title='bbox 2147 2966 2295 3029; x_wconf 90' lang='lat' dir='ltr'><strong>pre-</strong></span> 
     </span>
     <span class='ocr_line' id='line_1_35' title="bbox 350 3031 2298 3116; baseline -0.002 -17"><span class='ocrx_word' id='word_1_232' title='bbox 350 3033 512 3114; x_wconf 88' lang='lat' dir='ltr'><strong>cari,</strong></span> <span class='ocrx_word' id='word_1_233' title='bbox 573 3043 646 3099; x_wconf 90' lang='lat' dir='ltr'><strong>ut</strong></span> <span class='ocrx_word' id='word_1_234' title='bbox 696 3053 966 3098; x_wconf 90' lang='lat' dir='ltr'><strong>manum</strong></span> <span class='ocrx_word' id='word_1_235' title='bbox 1025 3031 1352 3110; x_wconf 90' lang='lat' dir='ltr'><strong>adhibeat,</strong></span> <span class='ocrx_word' id='word_1_236' title='bbox 1410 3045 1475 3099; x_wconf 93' lang='lat' dir='ltr'><strong>et</strong></span> <span class='ocrx_word' id='word_1_237' title='bbox 1532 3032 1764 3098; x_wconf 84' lang='lat' dir='ltr'><strong>iudicis</strong></span> <span class='ocrx_word' id='word_1_238' title='bbox 1820 3040 2045 3116; x_wconf 88' lang='lat' dir='ltr'><strong>partes</strong></span> <span class='ocrx_word' id='word_1_239' title='bbox 2100 3040 2298 3116; x_wconf 89' lang='lat' dir='ltr'><strong>prout</strong></span> 
     </span>
     <span class='ocr_line' id='line_1_36' title="bbox 351 3117 2296 3202; baseline -0.001 -18"><span class='ocrx_word' id='word_1_240' title='bbox 351 3138 638 3202; x_wconf 85' lang='lat' dir='ltr'><strong>aequum</strong></span> <span class='ocrx_word' id='word_1_241' title='bbox 661 3139 805 3185; x_wconf 91' lang='lat' dir='ltr'><strong>esse</strong></span> <span class='ocrx_word' id='word_1_242' title='bbox 828 3119 1165 3186; x_wconf 81' lang='lat' dir='ltr'><strong>videbitur</strong></span> <span class='ocrx_word' id='word_1_243' title='bbox 1185 3119 1488 3202; x_wconf 89' lang='lat' dir='ltr'><strong>impleat:</strong></span> <span class='ocrx_word' id='word_1_244' title='bbox 1525 3139 1758 3184; x_wconf 82' lang='lat' dir='ltr'><strong>verum</strong></span> <span class='ocrx_word' id='word_1_245' title='bbox 1795 3132 2017 3184; x_wconf 89' lang='lat' dir='ltr'><strong>tamen</strong></span> <span class='ocrx_word' id='word_1_246' title='bbox 2056 3117 2296 3185; x_wconf 84' lang='lat' dir='ltr'><strong>affectu</strong></span> 
     </span>
     <span class='ocr_line' id='line_1_37' title="bbox 351 3203 2298 3287; baseline -0.002 -16"><span class='ocrx_word' id='word_1_247' title='bbox 351 3213 493 3271; x_wconf 89' lang='lat' dir='ltr'><strong>tam</strong></span> <span class='ocrx_word' id='word_1_248' title='bbox 561 3203 931 3284; x_wconf 90' lang='lat' dir='ltr'><strong>moderato,</strong></span> <span class='ocrx_word' id='word_1_249' title='bbox 1003 3214 1077 3271; x_wconf 91' lang='lat' dir='ltr'><strong>ut</strong></span> <span class='ocrx_word' id='word_1_250' title='bbox 1132 3226 1286 3271; x_wconf 79' lang='lat' dir='ltr'><strong>vere</strong></span> <span class='ocrx_word' id='word_1_251' title='bbox 1342 3205 1572 3272; x_wconf 83' lang='lat' dir='ltr'><strong>testari</strong></span> <span class='ocrx_word' id='word_1_252' title='bbox 1626 3204 1951 3287; x_wconf 85' lang='lat' dir='ltr'><strong>possimus</strong></span> <span class='ocrx_word' id='word_1_253' title='bbox 2006 3223 2132 3268; x_wconf 89' lang='lat' dir='ltr'><strong>nos</strong></span> <span class='ocrx_word' id='word_1_254' title='bbox 2187 3204 2298 3269; x_wconf 88' lang='lat' dir='ltr'><strong>ad-</strong></span> 
     </span>
     <span class='ocr_line' id='line_1_38' title="bbox 351 3289 2295 3375; baseline -0.002 -18"><span class='ocrx_word' id='word_1_255' title='bbox 351 3310 585 3357; x_wconf 79' lang='lat' dir='ltr'><strong>versus</strong></span> <span class='ocrx_word' id='word_1_256' title='bbox 643 3290 943 3357; x_wconf 90' lang='lat' dir='ltr'><strong>inimicos</strong></span> <span class='ocrx_word' id='word_1_257' title='bbox 991 3312 1122 3356; x_wconf 92' lang='lat' dir='ltr'><strong>non</strong></span> <span class='ocrx_word' id='word_1_258' title='bbox 1167 3292 1343 3357; x_wconf 88' lang='lat' dir='ltr'><strong>alere</strong></span> <span class='ocrx_word' id='word_1_259' title='bbox 1386 3310 1662 3375; x_wconf 84' lang='lat' dir='ltr'><strong>pravum</strong></span> <span class='ocrx_word' id='word_1_260' title='bbox 1707 3291 2020 3356; x_wconf 88' lang='lat' dir='ltr'><strong>animum.</strong></span> <span class='ocrx_word' id='word_1_261' title='bbox 2110 3289 2295 3371; x_wconf 82' lang='lat' dir='ltr'><strong>Quo·</strong></span> 
     </span>
     <span class='ocr_line' id='line_1_39' title="bbox 347 3373 2297 3461; baseline 0 -20"><span class='ocrx_word' id='word_1_262' title='bbox 347 3376 535 3442; x_wconf 87' lang='lat' dir='ltr'><strong>niam</strong></span> <span class='ocrx_word' id='word_1_263' title='bbox 574 3396 732 3442; x_wconf 84' lang='lat' dir='ltr'><strong>vero</strong></span> <span class='ocrx_word' id='word_1_264' title='bbox 775 3397 925 3442; x_wconf 89' lang='lat' dir='ltr'><strong>raro</strong></span> <span class='ocrx_word' id='word_1_265' title='bbox 966 3377 1144 3443; x_wconf 89' lang='lat' dir='ltr'><strong>istud</strong></span> <span class='ocrx_word' id='word_1_266' title='bbox 1186 3373 1528 3461; x_wconf 82' lang='lat' dir='ltr'><strong>contingit,</strong></span> <span class='ocrx_word' id='word_1_267' title='bbox 1571 3397 1650 3441; x_wconf 92' lang='lat' dir='ltr'><strong>eo</strong></span> <span class='ocrx_word' id='word_1_268' title='bbox 1695 3377 1905 3460; x_wconf 80' lang='lat' dir='ltr'><strong>magis</strong></span> <span class='ocrx_word' id='word_1_269' title='bbox 1948 3396 2070 3441; x_wconf 92' lang='lat' dir='ltr'><strong>nos</strong></span> <span class='ocrx_word' id='word_1_270' title='bbox 2112 3375 2297 3441; x_wconf 89' lang='lat' dir='ltr'><strong>nobis</strong></span> 
     </span>
     <span class='ocr_line' id='line_1_40' title="bbox 347 3461 2298 3547; baseline -0.001 -19"><span class='ocrx_word' id='word_1_271' title='bbox 347 3463 513 3545; x_wconf 86' lang='lat' dir='ltr'><strong>ipsis</strong></span> <span class='ocrx_word' id='word_1_272' title='bbox 568 3471 904 3546; x_wconf 89' lang='lat' dir='ltr'><strong>suspectos</strong></span> <span class='ocrx_word' id='word_1_273' title='bbox 961 3483 1103 3529; x_wconf 88' lang='lat' dir='ltr'><strong>esse</strong></span> <span class='ocrx_word' id='word_1_274' title='bbox 1163 3473 1434 3547; x_wconf 88' lang='lat' dir='ltr'><strong>oportet,</strong></span> <span class='ocrx_word' id='word_1_275' title='bbox 1495 3472 1565 3527; x_wconf 93' lang='lat' dir='ltr'><strong>et</strong></span> <span class='ocrx_word' id='word_1_276' title='bbox 1622 3461 2011 3529; x_wconf 77' lang='lat' dir='ltr'><strong>arctioribus</strong></span> <span class='ocrx_word' id='word_1_277' title='bbox 2052 3462 2298 3529; x_wconf 83' lang='lat' dir='ltr'><strong>fraenis</strong></span> 
     </span>
     <span class='ocr_line' id='line_1_41' title="bbox 349 3549 2297 3632; baseline 0 -19"><span class='ocrx_word' id='word_1_278' title='bbox 349 3549 682 3632; x_wconf 89' lang='lat' dir='ltr'><strong>appetitus</strong></span> <span class='ocrx_word' id='word_1_279' title='bbox 747 3568 1063 3615; x_wconf 89' lang='lat' dir='ltr'><strong>coercere.</strong></span> <span class='ocrx_word' id='word_1_280' title='bbox 1171 3550 1398 3632; x_wconf 86' lang='lat' dir='ltr'><strong>Neque</strong></span> <span class='ocrx_word' id='word_1_281' title='bbox 1464 3549 1637 3613; x_wconf 90' lang='lat' dir='ltr'><strong>enim</strong></span> <span class='ocrx_word' id='word_1_282' title='bbox 1706 3549 1851 3613; x_wconf 85' lang='lat' dir='ltr'><strong>sine</strong></span> <span class='ocrx_word' id='word_1_283' title='bbox 1917 3568 2112 3615; x_wconf 90' lang='lat' dir='ltr'><strong>causa</strong></span> <span class='ocrx_word' id='word_1_284' title='bbox 2177 3567 2297 3613; x_wconf 89' lang='lat' dir='ltr'><strong>nos</strong></span> 
     </span>
     <span class='ocr_line' id='line_1_42' title="bbox 349 3632 2296 3701; baseline 0.001 -3"><span class='ocrx_word' id='word_1_285' title='bbox 349 3633 595 3700; x_wconf 88' lang='lat' dir='ltr'><strong>Petrus</strong></span> <span class='ocrx_word' id='word_1_286' title='bbox 660 3632 970 3700; x_wconf 89' lang='lat' dir='ltr'><strong>admonet</strong></span> <span class='ocrx_word' id='word_1_287' title='bbox 1037 3635 1314 3701; x_wconf 85' lang='lat' dir='ltr'><strong>iniurias</strong></span> <span class='ocrx_word' id='word_1_288' title='bbox 1371 3635 1560 3700; x_wconf 89' lang='lat' dir='ltr'><strong>nobis</strong></span> <span class='ocrx_word' id='word_1_289' title='bbox 1612 3633 1830 3699; x_wconf 89' lang='lat' dir='ltr'><strong>illatas</strong></span> <span class='ocrx_word' id='word_1_290' title='bbox 1888 3634 2296 3700; x_wconf 86' lang='lat' dir='ltr'><strong>committere</strong></span> 
     </span>
     <span class='ocr_line' id='line_1_43' title="bbox 349 3717 2295 3803; baseline 0.001 -19"><span class='ocrx_word' id='word_1_291' title='bbox 349 3717 500 3786; x_wconf 92' lang='lat' dir='ltr'><strong>Deo</strong></span> <span class='ocrx_word' id='word_1_292' title='bbox 558 3720 666 3803; x_wconf 91' lang='lat' dir='ltr'><strong>qui</strong></span> <span class='ocrx_word' id='word_1_293' title='bbox 728 3740 798 3785; x_wconf 90' lang='lat' dir='ltr'><strong>se</strong></span> <span class='ocrx_word' id='word_1_294' title='bbox 845 3721 1061 3785; x_wconf 90' lang='lat' dir='ltr'><strong>Deum</strong></span> <span class='ocrx_word' id='word_1_295' title='bbox 1120 3720 1449 3786; x_wconf 89' lang='lat' dir='ltr'><strong>ultionum</strong></span> <span class='ocrx_word' id='word_1_296' title='bbox 1498 3731 1700 3786; x_wconf 82' lang='lat' dir='ltr'><strong>vocat.</strong></span> <span class='ocrx_word' id='word_1_297' title='bbox 1792 3719 2028 3802; x_wconf 90' lang='lat' dir='ltr'><strong>Itaque</strong></span> <span class='ocrx_word' id='word_1_298' title='bbox 2071 3720 2295 3786; x_wconf 87' lang='lat' dir='ltr'><strong>fideles</strong></span> 
     </span>
     <span class='ocr_line' id='line_1_44' title="bbox 347 3804 2296 3890; baseline -0.001 -19"><span class='ocrx_word' id='word_1_299' title='bbox 347 3805 438 3871; x_wconf 85' lang='lat' dir='ltr'><strong>ad</strong></span> <span class='ocrx_word' id='word_1_300' title='bbox 501 3804 882 3890; x_wconf 90' lang='lat' dir='ltr'><strong>patientiam</strong></span> <span class='ocrx_word' id='word_1_301' title='bbox 948 3806 1253 3872; x_wconf 87' lang='lat' dir='ltr'><strong>hortatur</strong></span> <span class='ocrx_word' id='word_1_302' title='bbox 1275 3857 1292 3884; x_wconf 89' lang='lat'><strong>,</strong></span> <span class='ocrx_word' id='word_1_303' title='bbox 1362 3807 1688 3890; x_wconf 89' lang='lat' dir='ltr'><strong>proposito</strong></span> <span class='ocrx_word' id='word_1_304' title='bbox 1745 3804 2019 3871; x_wconf 90' lang='lat' dir='ltr'><strong>Domini</strong></span> <span class='ocrx_word' id='word_1_305' title='bbox 2085 3805 2296 3871; x_wconf 88' lang='lat' dir='ltr'><strong>nostri</strong></span> 
     </span>
     <span class='ocr_line' id='line_1_45' title="bbox 344 3890 2296 3976; baseline 0 -20"><span class='ocrx_word' id='word_1_306' title='bbox 344 3890 507 3958; x_wconf 88' lang='lat' dir='ltr'><strong>Iesu</strong></span> <span class='ocrx_word' id='word_1_307' title='bbox 541 3891 796 3958; x_wconf 87' lang='lat' dir='ltr'><strong>Ohristi</strong></span> <span class='ocrx_word' id='word_1_308' title='bbox 839 3891 1156 3976; x_wconf 86' lang='lat' dir='ltr'><strong>exemplo,</strong></span> <span class='ocrx_word' id='word_1_309' title='bbox 1201 3894 1315 3975; x_wconf 89' lang='lat' dir='ltr'><strong>qui</strong></span> <span class='ocrx_word' id='word_1_310' title='bbox 1358 3891 1574 3957; x_wconf 90' lang='lat' dir='ltr'><strong>omnis</strong></span> <span class='ocrx_word' id='word_1_311' title='bbox 1615 3891 2031 3975; x_wconf 81' lang='lat' dir='ltr'><strong>perfectionis</strong></span> <span class='ocrx_word' id='word_1_312' title='bbox 2075 3913 2296 3959; x_wconf 84' lang='lat' dir='ltr'><strong>exem-</strong></span> 
     </span>
    </p>
   </div>
   <div class='ocr_carea' id='block_1_5' title="bbox 965 455 2299 542">
    <p class='ocr_par' dir='ltr' id='par_1_5' title="bbox 965 455 2299 542">
     <span class='ocr_line' id='line_1_46' title="bbox 965 455 2299 542; baseline 0 -20"><span class='ocrx_word' id='word_1_313' title='bbox 965 457 1283 542; x_wconf 82' lang='lat' dir='ltr'><strong>fiagitare,</strong></span> <span class='ocrx_word' id='word_1_314' title='bbox 1334 464 1404 523; x_wconf 90' lang='lat' dir='ltr'><strong>et</strong></span> <span class='ocrx_word' id='word_1_315' title='bbox 1443 465 1655 523; x_wconf 91' lang='lat' dir='ltr'><strong>morte</strong></span> <span class='ocrx_word' id='word_1_316' title='bbox 1697 455 1987 522; x_wconf 87' lang='lat' dir='ltr'><strong>hostium</strong></span> <span class='ocrx_word' id='word_1_317' title='bbox 2031 476 2299 523; x_wconf 90' lang='lat' dir='ltr'><strong>suorum</strong></span> 
     </span>
    </p>
   </div>
   <div class='ocr_carea' id='block_1_6' title="bbox 345 3977 2312 4062">
    <p class='ocr_par' dir='ltr' id='par_1_6' title="bbox 345 3977 2312 4062">
     <span class='ocr_line' id='line_1_47' title="bbox 345 3977 2312 4062; baseline 0.001 -19"><span class='ocrx_word' id='word_1_318' title='bbox 345 3977 496 4062; x_wconf 88' lang='lat' dir='ltr'><strong>plar</strong></span> <span class='ocrx_word' id='word_1_319' title='bbox 552 3987 682 4043; x_wconf 87' lang='lat' dir='ltr'><strong>est:</strong></span> <span class='ocrx_word' id='word_1_320' title='bbox 742 3977 1016 4062; x_wconf 91' lang='lat' dir='ltr'><strong>ideoque</strong></span> <span class='ocrx_word' id='word_1_321' title='bbox 1076 3978 1230 4045; x_wconf 89' lang='lat' dir='ltr'><strong>dicit</strong></span> <span class='ocrx_word' id='word_1_322' title='bbox 1286 3998 1419 4043; x_wconf 89' lang='lat' dir='ltr'><strong>non</strong></span> <span class='ocrx_word' id='word_1_323' title='bbox 1475 3977 1822 4043; x_wconf 85' lang='lat' dir='ltr'><strong>reddentes</strong></span> <span class='ocrx_word' id='word_1_324' title='bbox 1876 3977 2123 4043; x_wconf 88' lang='lat' dir='ltr'><strong>malum</strong></span> <span class='ocrx_word' id='word_1_325' title='bbox 2177 3999 2312 4062; x_wconf 89' lang='lat' dir='ltr'><strong>pro·</strong></span> 
     </span>
    </p>
   </div>
   <div class='ocr_carea' id='block_1_7' title="bbox 337 4061 2295 5262">
    <p class='ocr_par' dir='ltr' id='par_1_7' title="bbox 343 4061 2295 4488">
     <span class='ocr_line' id='line_1_48' title="bbox 348 4061 2294 4146; baseline 0.001 -17"><span class='ocrx_word' id='word_1_326' title='bbox 348 4064 526 4129; x_wconf 88' lang='lat' dir='ltr'><strong>malo</strong></span> <span class='ocrx_word' id='word_1_327' title='bbox 583 4084 770 4146; x_wconf 90' lang='lat' dir='ltr'><strong>posse</strong></span> <span class='ocrx_word' id='word_1_328' title='bbox 824 4084 947 4129; x_wconf 92' lang='lat' dir='ltr'><strong>nos</strong></span> <span class='ocrx_word' id='word_1_329' title='bbox 1003 4084 1268 4131; x_wconf 90' lang='lat' dir='ltr'><strong>causam</strong></span> <span class='ocrx_word' id='word_1_330' title='bbox 1322 4075 1617 4130; x_wconf 88' lang='lat' dir='ltr'><strong>nostram</strong></span> <span class='ocrx_word' id='word_1_331' title='bbox 1662 4061 1809 4129; x_wconf 89' lang='lat' dir='ltr'><strong>Deo</strong></span> <span class='ocrx_word' id='word_1_332' title='bbox 1867 4064 2294 4145; x_wconf 89' lang='lat' dir='ltr'><strong>committere,</strong></span> 
     </span>
     <span class='ocr_line' id='line_1_49' title="bbox 345 4148 2295 4234; baseline -0.001 -18"><span class='ocrx_word' id='word_1_333' title='bbox 345 4151 538 4217; x_wconf 87' lang='lat' dir='ltr'><strong>cuius</strong></span> <span class='ocrx_word' id='word_1_334' title='bbox 595 4170 746 4214; x_wconf 90' lang='lat' dir='ltr'><strong>eum</strong></span> <span class='ocrx_word' id='word_1_335' title='bbox 802 4151 941 4215; x_wconf 77' lang='lat' dir='ltr'><strong>iore</strong></span> <span class='ocrx_word' id='word_1_336' title='bbox 1001 4149 1281 4216; x_wconf 90' lang='lat' dir='ltr'><strong>iudicem</strong></span> <span class='ocrx_word' id='word_1_337' title='bbox 1339 4149 1599 4216; x_wconf 88' lang='lat' dir='ltr'><strong>scimus.</strong></span> <span class='ocrx_word' id='word_1_338' title='bbox 1702 4148 1856 4215; x_wconf 88' lang='lat' dir='ltr'><strong>Huc</strong></span> <span class='ocrx_word' id='word_1_339' title='bbox 1913 4148 2120 4234; x_wconf 86' lang='lat' dir='ltr'><strong>igitur</strong></span> <span class='ocrx_word' id='word_1_340' title='bbox 2176 4171 2295 4216; x_wconf 91' lang='lat' dir='ltr'><strong>nos</strong></span> 
     </span>
     <span class='ocr_line' id='line_1_50' title="bbox 343 4234 2292 4319; baseline 0 -18"><span class='ocrx_word' id='word_1_341' title='bbox 343 4236 491 4319; x_wconf 89' lang='lat' dir='ltr'><strong>ipse</strong></span> <span class='ocrx_word' id='word_1_342' title='bbox 533 4234 720 4301; x_wconf 91' lang='lat' dir='ltr'><strong>Deus</strong></span> <span class='ocrx_word' id='word_1_343' title='bbox 779 4247 1056 4314; x_wconf 86' lang='lat' dir='ltr'><strong>revocat,</strong></span> <span class='ocrx_word' id='word_1_344' title='bbox 1117 4258 1321 4319; x_wconf 91' lang='lat' dir='ltr'><strong>quum</strong></span> <span class='ocrx_word' id='word_1_345' title='bbox 1364 4238 1487 4300; x_wconf 88' lang='lat' dir='ltr'><strong>ait:</strong></span> <span class='ocrx_word' id='word_1_346' title='bbox 1534 4235 1689 4300; x_wconf 81' lang='lat' dir='ltr'><strong>Mea</strong></span> <span class='ocrx_word' id='word_1_347' title='bbox 1730 4246 1828 4301; x_wconf 87' lang='lat' dir='ltr'><strong>est</strong></span> <span class='ocrx_word' id='word_1_348' title='bbox 1875 4235 2054 4301; x_wconf 87' lang='lat' dir='ltr'><strong>ultio.</strong></span> <span class='ocrx_word' id='word_1_349' title='bbox 2142 4236 2292 4302; x_wconf 91' lang='lat' dir='ltr'><strong>Non</strong></span> 
     </span>
     <span class='ocr_line' id='line_1_51' title="bbox 344 4320 2293 4406; baseline 0.001 -19"><span class='ocrx_word' id='word_1_350' title='bbox 344 4321 539 4387; x_wconf 86' lang='lat' dir='ltr'><strong>aliter</strong></span> <span class='ocrx_word' id='word_1_351' title='bbox 592 4332 661 4387; x_wconf 90' lang='lat' dir='ltr'><strong>et</strong></span> <span class='ocrx_word' id='word_1_352' title='bbox 698 4320 785 4388; x_wconf 90' lang='lat' dir='ltr'><strong>D.</strong></span> <span class='ocrx_word' id='word_1_353' title='bbox 831 4320 1082 4388; x_wconf 91' lang='lat' dir='ltr'><strong>Paulus</strong></span> <span class='ocrx_word' id='word_1_354' title='bbox 1127 4323 1353 4405; x_wconf 89' lang='lat' dir='ltr'><strong>quales</strong></span> <span class='ocrx_word' id='word_1_355' title='bbox 1396 4321 1535 4387; x_wconf 90' lang='lat' dir='ltr'><strong>sint</strong></span> <span class='ocrx_word' id='word_1_356' title='bbox 1576 4320 1774 4387; x_wconf 87' lang='lat' dir='ltr'><strong>officii</strong></span> <span class='ocrx_word' id='word_1_357' title='bbox 1820 4326 2028 4386; x_wconf 87' lang='lat' dir='ltr'><strong>nostri</strong></span> <span class='ocrx_word' id='word_1_358' title='bbox 2071 4330 2293 4406; x_wconf 86' lang='lat' dir='ltr'><strong>partes</strong></span> 
     </span>
     <span class='ocr_line' id='line_1_52' title="bbox 343 4406 2294 4488; baseline 0 -15"><span class='ocrx_word' id='word_1_359' title='bbox 343 4406 655 4488; x_wconf 83' lang='lat' dir='ltr'><strong>ostendit,</strong></span> <span class='ocrx_word' id='word_1_360' title='bbox 711 4407 818 4473; x_wconf 88' lang='lat' dir='ltr'><strong>his</strong></span> <span class='ocrx_word' id='word_1_361' title='bbox 880 4407 1131 4474; x_wconf 84' lang='lat' dir='ltr'><strong>verbis:</strong></span> <span class='ocrx_word' id='word_1_362' title='bbox 1187 4408 1440 4474; x_wconf 83' lang='lat' dir='ltr'><strong>Locum</strong></span> <span class='ocrx_word' id='word_1_363' title='bbox 1498 4406 1635 4472; x_wconf 87' lang='lat' dir='ltr'><strong>irae</strong></span> <span class='ocrx_word' id='word_1_364' title='bbox 1693 4406 1864 4473; x_wconf 87' lang='lat' dir='ltr'><strong>date.</strong></span> <span class='ocrx_word' id='word_1_365' title='bbox 1953 4407 2127 4473; x_wconf 89' lang='lat' dir='ltr'><strong>Nam</strong></span> <span class='ocrx_word' id='word_1_366' title='bbox 2172 4407 2294 4474; x_wconf 89' lang='lat' dir='ltr'><strong>hoc</strong></span> 
     </span>
    </p>

    <p class='ocr_par' dir='ltr' id='par_1_8' title="bbox 393 4490 2290 4577">
     <span class='ocr_line' id='line_1_53' title="bbox 393 4490 2290 4577; baseline 0.001 -19"><span class='ocrx_word' id='word_1_367' title='bbox 393 4501 692 4577; x_wconf 86' lang='lat' dir='ltr'><strong>raecepto</strong></span> <span class='ocrx_word' id='word_1_368' title='bbox 742 4491 924 4558; x_wconf 85' lang='lat' dir='ltr'><strong>docet</strong></span> <span class='ocrx_word' id='word_1_369' title='bbox 971 4495 1053 4560; x_wconf 92' lang='lat' dir='ltr'><strong>ab</strong></span> <span class='ocrx_word' id='word_1_370' title='bbox 1095 4494 1273 4559; x_wconf 91' lang='lat' dir='ltr'><strong>omni</strong></span> <span class='ocrx_word' id='word_1_371' title='bbox 1316 4490 1712 4559; x_wconf 91' lang='lat' dir='ltr'><strong>contumelia</strong></span> <span class='ocrx_word' id='word_1_372' title='bbox 1755 4502 1823 4558; x_wconf 87' lang='lat' dir='ltr'><strong>et</strong></span> <span class='ocrx_word' id='word_1_373' title='bbox 1863 4493 2181 4559; x_wconf 80' lang='lat' dir='ltr'><strong>violentia</strong></span> <span class='ocrx_word' id='word_1_374' title='bbox 2223 4494 2290 4560; x_wconf 90' lang='lat' dir='ltr'><strong>in</strong></span> 
     </span>
    </p>

    <p class='ocr_par' dir='ltr' id='par_1_9' title="bbox 337 4577 2294 5262">
     <span class='ocr_line' id='line_1_54' title="bbox 395 4577 2294 4662; baseline 0.001 -17"><span class='ocrx_word' id='word_1_375' title='bbox 395 4589 572 4645; x_wconf 88' lang='lat' dir='ltr'><strong>ostes</strong></span> <span class='ocrx_word' id='word_1_376' title='bbox 615 4600 690 4645; x_wconf 90' lang='lat' dir='ltr'><strong>ac</strong></span> <span class='ocrx_word' id='word_1_377' title='bbox 734 4579 1036 4645; x_wconf 87' lang='lat' dir='ltr'><strong>inimicos</strong></span> <span class='ocrx_word' id='word_1_378' title='bbox 1079 4579 1558 4658; x_wconf 85' lang='lat' dir='ltr'><strong>abstinendum,</strong></span> <span class='ocrx_word' id='word_1_379' title='bbox 1616 4577 2033 4661; x_wconf 89' lang='lat' dir='ltr'><strong>dandamque</strong></span> <span class='ocrx_word' id='word_1_380' title='bbox 2075 4580 2294 4662; x_wconf 90' lang='lat' dir='ltr'><strong>potius</strong></span> 
     </span>
     <span class='ocr_line' id='line_1_55' title="bbox 343 4663 2291 4744; baseline 0 -13"><span class='ocrx_word' id='word_1_381' title='bbox 343 4685 613 4732; x_wconf 90' lang='lat' dir='ltr'><strong>omnem</strong></span> <span class='ocrx_word' id='word_1_382' title='bbox 646 4685 685 4729; x_wconf 92' lang='lat' dir='ltr'><strong>o</strong></span> <span class='ocrx_word' id='word_1_383' title='bbox 769 4684 931 4744; x_wconf 90' lang='lat' dir='ltr'><strong>ram,</strong></span> <span class='ocrx_word' id='word_1_384' title='bbox 978 4673 1053 4730; x_wconf 89' lang='lat' dir='ltr'><strong>ut</strong></span> <span class='ocrx_word' id='word_1_385' title='bbox 1085 4666 1332 4732; x_wconf 88' lang='lat' dir='ltr'><strong>crebris</strong></span> <span class='ocrx_word' id='word_1_386' title='bbox 1371 4663 1927 4731; x_wconf 87' lang='lat' dir='ltr'><strong>admonitionibus</strong></span> <span class='ocrx_word' id='word_1_387' title='bbox 1948 4665 2020 4731; x_wconf 91' lang='lat' dir='ltr'><strong>in</strong></span> <span class='ocrx_word' id='word_1_388' title='bbox 2046 4675 2291 4733; x_wconf 88' lang='lat' dir='ltr'><strong>rectam</strong></span> 
     </span>
     <span class='ocr_line' id='line_1_56' title="bbox 341 4751 2293 4838; baseline 0.001 -21"><span class='ocrx_word' id='word_1_389' title='bbox 341 4752 530 4817; x_wconf 79' lang='lat' dir='ltr'><strong>viam</strong></span> <span class='ocrx_word' id='word_1_390' title='bbox 596 4772 668 4816; x_wconf 94' lang='lat' dir='ltr'><strong>re</strong></span> <span class='ocrx_word' id='word_1_391' title='bbox 716 4761 1031 4817; x_wconf 88' lang='lat' dir='ltr'><strong>ucantur:</strong></span> <span class='ocrx_word' id='word_1_392' title='bbox 1097 4751 1212 4818; x_wconf 89' lang='lat' dir='ltr'><strong>sed</strong></span> <span class='ocrx_word' id='word_1_393' title='bbox 1278 4751 1335 4817; x_wconf 91' lang='lat' dir='ltr'><strong>si</strong></span> <span class='ocrx_word' id='word_1_394' title='bbox 1401 4761 1624 4816; x_wconf 87' lang='lat' dir='ltr'><strong>tamen</strong></span> <span class='ocrx_word' id='word_1_395' title='bbox 1674 4751 1888 4834; x_wconf 82' lang='lat' dir='ltr'><strong>magis</strong></span> <span class='ocrx_word' id='word_1_396' title='bbox 1946 4772 2021 4817; x_wconf 88' lang='lat' dir='ltr'><strong>ac</strong></span> <span class='ocrx_word' id='word_1_397' title='bbox 2079 4752 2293 4838; x_wconf 82' lang='lat' dir='ltr'><strong>magis</strong></span> 
     </span>
     <span class='ocr_line' id='line_1_57' title="bbox 337 4836 2294 4921; baseline 0.001 -17"><span class='ocrx_word' id='word_1_398' title='bbox 337 4838 422 4904; x_wconf 88' lang='lat' dir='ltr'><strong>in</strong></span> <span class='ocrx_word' id='word_1_399' title='bbox 477 4858 595 4902; x_wconf 91' lang='lat' dir='ltr'><strong>nos</strong></span> <span class='ocrx_word' id='word_1_400' title='bbox 650 4836 970 4903; x_wconf 83' lang='lat' dir='ltr'><strong>malitiose</strong></span> <span class='ocrx_word' id='word_1_401' title='bbox 1023 4846 1092 4902; x_wconf 94' lang='lat' dir='ltr'><strong>et</strong></span> <span class='ocrx_word' id='word_1_402' title='bbox 1147 4837 1468 4903; x_wconf 86' lang='lat' dir='ltr'><strong>obstinate</strong></span> <span class='ocrx_word' id='word_1_403' title='bbox 1511 4838 1878 4921; x_wconf 85' lang='lat' dir='ltr'><strong>insurgant,</strong></span> <span class='ocrx_word' id='word_1_404' title='bbox 1938 4858 2129 4921; x_wconf 88' lang='lat' dir='ltr'><strong>posse</strong></span> <span class='ocrx_word' id='word_1_405' title='bbox 2174 4860 2294 4905; x_wconf 91' lang='lat' dir='ltr'><strong>nos</strong></span> 
     </span>
     <span class='ocr_line' id='line_1_58' title="bbox 342 4922 2288 5007; baseline 0 -19"><span class='ocrx_word' id='word_1_406' title='bbox 342 4922 479 4988; x_wconf 91' lang='lat' dir='ltr'><strong>Dei</strong></span> <span class='ocrx_word' id='word_1_407' title='bbox 536 4923 853 4990; x_wconf 84' lang='lat' dir='ltr'><strong>adversus</strong></span> <span class='ocrx_word' id='word_1_408' title='bbox 913 4924 1204 5007; x_wconf 90' lang='lat' dir='ltr'><strong>ipsorum</strong></span> <span class='ocrx_word' id='word_1_409' title='bbox 1253 4922 1734 4988; x_wconf 88' lang='lat' dir='ltr'><strong>contumaciam</strong></span> <span class='ocrx_word' id='word_1_410' title='bbox 1781 4922 2105 4990; x_wconf 82' lang='lat' dir='ltr'><strong>vindicem</strong></span> <span class='ocrx_word' id='word_1_411' title='bbox 2150 4945 2288 4989; x_wconf 90' lang='lat' dir='ltr'><strong>ma-</strong></span> 
     </span>
     <span class='ocr_line' id='line_1_59' title="bbox 343 5008 2292 5094; baseline 0.001 -19"><span class='ocrx_word' id='word_1_412' title='bbox 343 5029 514 5076; x_wconf 91' lang='lat' dir='ltr'><strong>num</strong></span> <span class='ocrx_word' id='word_1_413' title='bbox 593 5008 967 5092; x_wconf 90' lang='lat' dir='ltr'><strong>implorare.</strong></span> <span class='ocrx_word' id='word_1_414' title='bbox 1077 5009 1328 5075; x_wconf 87' lang='lat' dir='ltr'><strong>Idcirco</strong></span> <span class='ocrx_word' id='word_1_415' title='bbox 1408 5009 1545 5075; x_wconf 88' lang='lat' dir='ltr'><strong>dixi</strong></span> <span class='ocrx_word' id='word_1_416' title='bbox 1621 5029 1823 5093; x_wconf 89' lang='lat' dir='ltr'><strong>supra</strong></span> <span class='ocrx_word' id='word_1_417' title='bbox 1886 5030 2010 5076; x_wconf 89' lang='lat' dir='ltr'><strong>nos</strong></span> <span class='ocrx_word' id='word_1_418' title='bbox 2075 5011 2292 5094; x_wconf 90' lang='lat' dir='ltr'><strong>aliquo</strong></span> 
     </span>
     <span class='ocr_line' id='line_1_60' title="bbox 341 5093 2290 5180; baseline 0.002 -19"><span class='ocrx_word' id='word_1_419' title='bbox 341 5093 542 5161; x_wconf 86' lang='lat' dir='ltr'><strong>modo</strong></span> <span class='ocrx_word' id='word_1_420' title='bbox 576 5115 764 5179; x_wconf 89' lang='lat' dir='ltr'><strong>posse</strong></span> <span class='ocrx_word' id='word_1_421' title='bbox 786 5093 916 5160; x_wconf 89' lang='lat' dir='ltr'><strong>Dei</strong></span> <span class='ocrx_word' id='word_1_422' title='bbox 950 5093 1305 5161; x_wconf 84' lang='lat' dir='ltr'><strong>vindictam</strong></span> <span class='ocrx_word' id='word_1_423' title='bbox 1340 5096 1721 5180; x_wconf 86' lang='lat' dir='ltr'><strong>implorare;</strong></span> <span class='ocrx_word' id='word_1_424' title='bbox 1767 5107 1835 5161; x_wconf 92' lang='lat' dir='ltr'><strong>et</strong></span> <span class='ocrx_word' id='word_1_425' title='bbox 1874 5115 2078 5179; x_wconf 91' lang='lat' dir='ltr'><strong>quum</strong></span> <span class='ocrx_word' id='word_1_426' title='bbox 2122 5097 2290 5164; x_wconf 86' lang='lat' dir='ltr'><strong>cari·-</strong></span> 
     </span>
     <span class='ocr_line' id='line_1_61' title="bbox 342 5179 2288 5262; baseline 0.001 -14"><span class='ocrx_word' id='word_1_427' title='bbox 342 5181 507 5248; x_wconf 79' lang='lat' dir='ltr'><strong>tatis</strong></span> <span class='ocrx_word' id='word_1_428' title='bbox 525 5180 759 5248; x_wconf 88' lang='lat' dir='ltr'><strong>officiis</strong></span> <span class='ocrx_word' id='word_1_429' title='bbox 781 5180 1073 5248; x_wconf 83' lang='lat' dir='ltr'><strong>defuncti</strong></span> <span class='ocrx_word' id='word_1_430' title='bbox 1095 5181 1414 5247; x_wconf 84' lang='lat' dir='ltr'><strong>fuerimus</strong></span> <span class='ocrx_word' id='word_1_431' title='bbox 1436 5179 1566 5246; x_wconf 92' lang='lat' dir='ltr'><strong>Dei</strong></span> <span class='ocrx_word' id='word_1_432' title='bbox 1587 5180 1911 5248; x_wconf 89' lang='lat' dir='ltr'><strong>iustitiam</strong></span> <span class='ocrx_word' id='word_1_433' title='bbox 1947 5183 2288 5262; x_wconf 82' lang='lat' dir='ltr'><strong>advocare,</strong></span> 
     </span>
    </p>
   </div>
   <div class='ocr_carea' id='block_1_8' title="bbox 2391 454 4388 5294">
    <p class='ocr_par' dir='ltr' id='par_1_10' title="bbox 2391 454 4350 5079">
     <span class='ocr_line' id='line_1_62' title="bbox 2403 454 4350 540; baseline 0.002 -19"><span class='ocrx_word' id='word_1_434' title='bbox 2403 466 2480 521; x_wconf 85' lang='lat' dir='ltr'><strong>ut</strong></span> <span class='ocrx_word' id='word_1_435' title='bbox 2523 455 2757 540; x_wconf 86' lang='lat' dir='ltr'><strong>cuique</strong></span> <span class='ocrx_word' id='word_1_436' title='bbox 2800 454 3030 522; x_wconf 84' lang='lat' dir='ltr'><strong>reddat</strong></span> <span class='ocrx_word' id='word_1_437' title='bbox 3072 477 3191 540; x_wconf 88' lang='lat' dir='ltr'><strong>pro</strong></span> <span class='ocrx_word' id='word_1_438' title='bbox 3231 455 3519 523; x_wconf 86' lang='lat' dir='ltr'><strong>meritis:</strong></span> <span class='ocrx_word' id='word_1_439' title='bbox 3562 455 3659 523; x_wconf 88' lang='lat' dir='ltr'><strong>sic</strong></span> <span class='ocrx_word' id='word_1_440' title='bbox 3702 462 3921 522; x_wconf 88' lang='lat' dir='ltr'><strong>tamen</strong></span> <span class='ocrx_word' id='word_1_441' title='bbox 3965 477 4051 522; x_wconf 89' lang='lat' dir='ltr'><strong>ne</strong></span> <span class='ocrx_word' id='word_1_442' title='bbox 4092 458 4350 525; x_wconf 85' lang='lat' dir='ltr'><strong>miseri-</strong></span> 
     </span>
     <span class='ocr_line' id='line_1_63' title="bbox 2402 541 4348 627; baseline 0.002 -19"><span class='ocrx_word' id='word_1_443' title='bbox 2402 541 2660 608; x_wconf 88' lang='lat' dir='ltr'><strong>cordiae</strong></span> <span class='ocrx_word' id='word_1_444' title='bbox 2701 544 2966 608; x_wconf 90' lang='lat' dir='ltr'><strong>ianuam</strong></span> <span class='ocrx_word' id='word_1_445' title='bbox 3011 541 3452 609; x_wconf 86' lang='lat' dir='ltr'><strong>occludamus.</strong></span> <span class='ocrx_word' id='word_1_446' title='bbox 3534 541 3979 624; x_wconf 82' lang='lat' dir='ltr'><strong>Quamobrem</strong></span> <span class='ocrx_word' id='word_1_447' title='bbox 4020 542 4348 627; x_wconf 88' lang='lat' dir='ltr'><strong>patienter</strong></span> 
     </span>
     <span class='ocr_line' id='line_1_64' title="bbox 2401 627 4348 712; baseline 0.001 -19"><span class='ocrx_word' id='word_1_448' title='bbox 2401 627 2912 710; x_wconf 80' lang='lat' dir='ltr'><strong>exspectandum</strong></span> <span class='ocrx_word' id='word_1_449' title='bbox 2957 649 3044 693; x_wconf 91' lang='lat' dir='ltr'><strong>an</strong></span> <span class='ocrx_word' id='word_1_450' title='bbox 3080 627 3265 694; x_wconf 91' lang='lat' dir='ltr'><strong>Deus</strong></span> <span class='ocrx_word' id='word_1_451' title='bbox 3306 629 3481 712; x_wconf 90' lang='lat' dir='ltr'><strong>ipsos</strong></span> <span class='ocrx_word' id='word_1_452' title='bbox 3523 630 3614 693; x_wconf 90' lang='lat' dir='ltr'><strong>sit</strong></span> <span class='ocrx_word' id='word_1_453' title='bbox 3653 649 4110 709; x_wconf 80' lang='lat' dir='ltr'><strong>conversurus,</strong></span> <span class='ocrx_word' id='word_1_454' title='bbox 4152 637 4222 695; x_wconf 91' lang='lat' dir='ltr'><strong>et</strong></span> <span class='ocrx_word' id='word_1_455' title='bbox 4262 627 4348 696; x_wconf 88' lang='lat' dir='ltr'><strong>ad</strong></span> 
     </span>
     <span class='ocr_line' id='line_1_65' title="bbox 2403 714 4349 798; baseline 0 -18"><span class='ocrx_word' id='word_1_456' title='bbox 2403 732 2626 780; x_wconf 80' lang='lat' dir='ltr'><strong>veram</strong></span> <span class='ocrx_word' id='word_1_457' title='bbox 2663 714 3131 797; x_wconf 89' lang='lat' dir='ltr'><strong>poenitentiam</strong></span> <span class='ocrx_word' id='word_1_458' title='bbox 3165 725 3624 781; x_wconf 83' lang='lat' dir='ltr'><strong>revocaturus:</strong></span> <span class='ocrx_word' id='word_1_459' title='bbox 3668 725 3736 779; x_wconf 87' lang='lat' dir='ltr'><strong>et</strong></span> <span class='ocrx_word' id='word_1_460' title='bbox 3777 734 3898 798; x_wconf 89' lang='lat' dir='ltr'><strong>pro</strong></span> <span class='ocrx_word' id='word_1_461' title='bbox 3939 714 4103 797; x_wconf 87' lang='lat' dir='ltr'><strong>ipsis</strong></span> <span class='ocrx_word' id='word_1_462' title='bbox 4145 716 4349 780; x_wconf 89' lang='lat' dir='ltr'><strong>etiam</strong></span> 
     </span>
     <span class='ocr_line' id='line_1_66' title="bbox 2401 798 4347 884; baseline 0.001 -20"><span class='ocrx_word' id='word_1_463' title='bbox 2401 800 2547 865; x_wconf 92' lang='lat' dir='ltr'><strong>istis</strong></span> <span class='ocrx_word' id='word_1_464' title='bbox 2605 808 2721 865; x_wconf 88' lang='lat' dir='ltr'><strong>aut</strong></span> <span class='ocrx_word' id='word_1_465' title='bbox 2778 798 3101 865; x_wconf 88' lang='lat' dir='ltr'><strong>similibus</strong></span> <span class='ocrx_word' id='word_1_466' title='bbox 3159 800 3376 867; x_wconf 82' lang='lat' dir='ltr'><strong>verbis</strong></span> <span class='ocrx_word' id='word_1_467' title='bbox 3433 798 3979 884; x_wconf 77' lang='lat' dir='ltr'><strong>interpellandus:</strong></span> <span class='ocrx_word' id='word_1_468' title='bbox 4040 800 4347 882; x_wconf 90' lang='lat' dir='ltr'><strong>Domine,</strong></span> 
     </span>
     <span class='ocr_line' id='line_1_67' title="bbox 2402 884 4345 969; baseline 0 -17"><span class='ocrx_word' id='word_1_469' title='bbox 2402 885 2664 952; x_wconf 90' lang='lat' dir='ltr'><strong>oculum</strong></span> <span class='ocrx_word' id='word_1_470' title='bbox 2736 885 3120 951; x_wconf 90' lang='lat' dir='ltr'><strong>clementiae</strong></span> <span class='ocrx_word' id='word_1_471' title='bbox 3193 896 3345 951; x_wconf 90' lang='lat' dir='ltr'><strong>tuae</strong></span> <span class='ocrx_word' id='word_1_472' title='bbox 3413 895 3482 952; x_wconf 90' lang='lat' dir='ltr'><strong>et</strong></span> <span class='ocrx_word' id='word_1_473' title='bbox 3535 896 3849 969; x_wconf 88' lang='lat' dir='ltr'><strong>paternae</strong></span> <span class='ocrx_word' id='word_1_474' title='bbox 3908 884 4216 953; x_wconf 88' lang='lat' dir='ltr'><strong>bonitatis</strong></span> <span class='ocrx_word' id='word_1_475' title='bbox 4273 887 4345 952; x_wconf 88' lang='lat' dir='ltr'><strong>in</strong></span> 
     </span>
     <span class='ocr_line' id='line_1_68' title="bbox 2405 970 4349 1057; baseline 0.002 -21"><span class='ocrx_word' id='word_1_476' title='bbox 2405 971 2678 1037; x_wconf 88' lang='lat' dir='ltr'><strong>miseros</strong></span> <span class='ocrx_word' id='word_1_477' title='bbox 2741 970 2894 1037; x_wconf 79' lang='lat' dir='ltr'><strong>illos</strong></span> <span class='ocrx_word' id='word_1_478' title='bbox 2956 972 3203 1038; x_wconf 89' lang='lat' dir='ltr'><strong>eoniice</strong></span> <span class='ocrx_word' id='word_1_479' title='bbox 3268 972 3381 1055; x_wconf 90' lang='lat' dir='ltr'><strong>qui</strong></span> <span class='ocrx_word' id='word_1_480' title='bbox 3438 971 3824 1056; x_wconf 80' lang='lat' dir='ltr'><strong>perditionis</strong></span> <span class='ocrx_word' id='word_1_481' title='bbox 3892 972 4067 1036; x_wconf 86' lang='lat' dir='ltr'><strong>viam</strong></span> <span class='ocrx_word' id='word_1_482' title='bbox 4132 973 4349 1057; x_wconf 84' lang='lat' dir='ltr'><strong>ingre-</strong></span> 
     </span>
     <span class='ocr_line' id='line_1_69' title="bbox 2403 1055 4350 1141; baseline 0.002 -21"><span class='ocrx_word' id='word_1_483' title='bbox 2403 1055 2711 1123; x_wconf 87' lang='lat' dir='ltr'><strong>diuntur:</strong></span> <span class='ocrx_word' id='word_1_484' title='bbox 2769 1057 2952 1141; x_wconf 82' lang='lat' dir='ltr'><strong>quos&#39;</strong></span> <span class='ocrx_word' id='word_1_485' title='bbox 2991 1059 3047 1123; x_wconf 90' lang='lat' dir='ltr'><strong>si</strong></span> <span class='ocrx_word' id='word_1_486' title='bbox 3098 1067 3316 1122; x_wconf 85' lang='lat' dir='ltr'><strong>tamen</strong></span> <span class='ocrx_word' id='word_1_487' title='bbox 3376 1058 3481 1124; x_wconf 83' lang='lat' dir='ltr'><strong>vis</strong></span> <span class='ocrx_word' id='word_1_488' title='bbox 3537 1058 3609 1123; x_wconf 90' lang='lat' dir='ltr'><strong>in</strong></span> <span class='ocrx_word' id='word_1_489' title='bbox 3653 1057 4014 1141; x_wconf 85' lang='lat' dir='ltr'><strong>pervicacia</strong></span> <span class='ocrx_word' id='word_1_490' title='bbox 4057 1058 4350 1141; x_wconf 88' lang='lat' dir='ltr'><strong>pertina-</strong></span> 
     </span>
     <span class='ocr_line' id='line_1_70' title="bbox 2404 1142 4347 1228; baseline 0.002 -21"><span class='ocrx_word' id='word_1_491' title='bbox 2404 1143 2571 1208; x_wconf 88' lang='lat' dir='ltr'><strong>citer</strong></span> <span class='ocrx_word' id='word_1_492' title='bbox 2626 1142 2899 1209; x_wconf 87' lang='lat' dir='ltr'><strong>haerere</strong></span> <span class='ocrx_word' id='word_1_493' title='bbox 2913 1193 2928 1221; x_wconf 90' lang='lat'><strong>,</strong></span> <span class='ocrx_word' id='word_1_494' title='bbox 2987 1151 3055 1208; x_wconf 91' lang='lat' dir='ltr'><strong>et</strong></span> <span class='ocrx_word' id='word_1_495' title='bbox 3112 1143 3462 1228; x_wconf 88' lang='lat' dir='ltr'><strong>reprobare</strong></span> <span class='ocrx_word' id='word_1_496' title='bbox 3478 1193 3493 1223; x_wconf 89' lang='lat'><strong>,</strong></span> <span class='ocrx_word' id='word_1_497' title='bbox 3554 1151 3809 1210; x_wconf 89' lang='lat' dir='ltr'><strong>tantam</strong></span> <span class='ocrx_word' id='word_1_498' title='bbox 3861 1143 4022 1226; x_wconf 90' lang='lat' dir='ltr'><strong>ipsis</strong></span> <span class='ocrx_word' id='word_1_499' title='bbox 4081 1153 4347 1228; x_wconf 88' lang='lat' dir='ltr'><strong>tamque</strong></span> 
     </span>
     <span class='ocr_line' id='line_1_71' title="bbox 2405 1226 4347 1311; baseline 0.001 -18"><span class='ocrx_word' id='word_1_500' title='bbox 2405 1226 2801 1294; x_wconf 89' lang='lat' dir='ltr'><strong>horrendam</strong></span> <span class='ocrx_word' id='word_1_501' title='bbox 2858 1229 3144 1295; x_wconf 90' lang='lat' dir='ltr'><strong>immitte</strong></span> <span class='ocrx_word' id='word_1_502' title='bbox 3199 1230 3670 1311; x_wconf 88' lang='lat' dir='ltr'><strong>confusionem,</strong></span> <span class='ocrx_word' id='word_1_503' title='bbox 3739 1239 3817 1294; x_wconf 91' lang='lat' dir='ltr'><strong>ut</strong></span> <span class='ocrx_word' id='word_1_504' title='bbox 3872 1229 4177 1295; x_wconf 89' lang='lat' dir='ltr'><strong>omnibus</strong></span> <span class='ocrx_word' id='word_1_505' title='bbox 4228 1250 4347 1295; x_wconf 82' lang='lat' dir='ltr'><strong>ex-</strong></span> 
     </span>
     <span class='ocr_line' id='line_1_72' title="bbox 2404 1313 4345 1400; baseline 0.001 -20"><span class='ocrx_word' id='word_1_506' title='bbox 2404 1314 2620 1398; x_wconf 90' lang='lat' dir='ltr'><strong>emplo</strong></span> <span class='ocrx_word' id='word_1_507' title='bbox 2658 1327 2924 1380; x_wconf 84' lang='lat' dir='ltr'><strong>tuorum</strong></span> <span class='ocrx_word' id='word_1_508' title='bbox 2960 1313 3346 1381; x_wconf 88' lang='lat' dir='ltr'><strong>iudiciorum</strong></span> <span class='ocrx_word' id='word_1_509' title='bbox 3391 1315 3544 1382; x_wconf 90' lang='lat' dir='ltr'><strong>sint.</strong></span> <span class='ocrx_word' id='word_1_510' title='bbox 3608 1316 3964 1400; x_wconf 69' lang='lat' dir='ltr'><strong>Praeterea</strong></span> <span class='ocrx_word' id='word_1_511' title='bbox 4007 1325 4075 1380; x_wconf 90' lang='lat' dir='ltr'><strong>et</strong></span> <span class='ocrx_word' id='word_1_512' title='bbox 4114 1314 4345 1381; x_wconf 83' lang='lat' dir='ltr'><strong>laetari</strong></span> 
     </span>
     <span class='ocr_line' id='line_1_73' title="bbox 2402 1399 4346 1484; baseline -0.001 -16"><span class='ocrx_word' id='word_1_513' title='bbox 2402 1399 2673 1484; x_wconf 26' lang='lat' dir='ltr'><strong>illorum·</strong></span> <span class='ocrx_word' id='word_1_514' title='bbox 2750 1402 2976 1484; x_wconf 90' lang='lat' dir='ltr'><strong>poenis</strong></span> <span class='ocrx_word' id='word_1_515' title='bbox 3040 1400 3518 1484; x_wconf 88' lang='lat' dir='ltr'><strong>quodammodo</strong></span> <span class='ocrx_word' id='word_1_516' title='bbox 3582 1401 3778 1468; x_wconf 90' lang='lat' dir='ltr'><strong>licere</strong></span> <span class='ocrx_word' id='word_1_517' title='bbox 3843 1399 4001 1466; x_wconf 80' lang='lat' dir='ltr'><strong>dixi.</strong></span> <span class='ocrx_word' id='word_1_518' title='bbox 4112 1400 4346 1484; x_wconf 89' lang='lat' dir='ltr'><strong>Neque</strong></span> 
     </span>
     <span class='ocr_line' id='line_1_74' title="bbox 2404 1485 4343 1571; baseline 0.001 -19"><span class='ocrx_word' id='word_1_519' title='bbox 2404 1487 2581 1552; x_wconf 90' lang='lat' dir='ltr'><strong>enim</strong></span> <span class='ocrx_word' id='word_1_520' title='bbox 2640 1485 2757 1553; x_wconf 87' lang='lat' dir='ltr'><strong>abs</strong></span> <span class='ocrx_word' id='word_1_521' title='bbox 2812 1507 2886 1553; x_wconf 88' lang='lat' dir='ltr'><strong>re</strong></span> <span class='ocrx_word' id='word_1_522' title='bbox 2937 1486 3257 1571; x_wconf 86' lang='lat' dir='ltr'><strong>propheta</strong></span> <span class='ocrx_word' id='word_1_523' title='bbox 3301 1486 3502 1551; x_wconf 84' lang='lat' dir='ltr'><strong>dixit:</strong></span> <span class='ocrx_word' id='word_1_524' title='bbox 3564 1485 3847 1553; x_wconf 56' lang='lat' dir='ltr'><strong>fidelem</strong></span> <span class='ocrx_word' id='word_1_525' title='bbox 3888 1486 4191 1553; x_wconf 58' lang='lat' dir='ltr'><strong>bacatum</strong></span> <span class='ocrx_word' id='word_1_526' title='bbox 4231 1488 4343 1567; x_wconf 72' lang='lat' dir='ltr'><strong>iri,</strong></span> 
     </span>
     <span class='ocr_line' id='line_1_75' title="bbox 2402 1572 4347 1656; baseline 0 -18"><span class='ocrx_word' id='word_1_527' title='bbox 2402 1593 2596 1656; x_wconf 72' lang='lat' dir='ltr'><strong>quum</strong></span> <span class='ocrx_word' id='word_1_528' title='bbox 2649 1572 2880 1639; x_wconf 73' lang='lat' dir='ltr'><strong>viderit</strong></span> <span class='ocrx_word' id='word_1_529' title='bbox 2933 1572 3251 1653; x_wconf 75' lang='lat' dir='ltr'><strong>ultionem,</strong></span> <span class='ocrx_word' id='word_1_530' title='bbox 3298 1573 3613 1655; x_wconf 71' lang='lat' dir='ltr'><strong>pedesque</strong></span> <span class='ocrx_word' id='word_1_531' title='bbox 3666 1592 3818 1639; x_wconf 74' lang='lat' dir='ltr'><strong>euos</strong></span> <span class='ocrx_word' id='word_1_532' title='bbox 3872 1572 4347 1639; x_wconf 62' lang='lat' dir='ltr'><strong>levaturum„</strong></span> 
     </span>
     <span class='ocr_line' id='line_1_76' title="bbox 2400 1657 4346 1742; baseline 0 -18"><span class='ocrx_word' id='word_1_533' title='bbox 2400 1659 2709 1742; x_wconf 68' lang='lat' dir='ltr'><strong>sanquine</strong></span> <span class='ocrx_word' id='word_1_534' title='bbox 2762 1658 3053 1741; x_wconf 70' lang='grc' dir='ltr'><strong>ὁηῳνοϋὶ.</strong></span> <span class='ocrx_word' id='word_1_535' title='bbox 3151 1657 3322 1723; x_wconf 90' lang='lat' dir='ltr'><strong>Nam</strong></span> <span class='ocrx_word' id='word_1_536' title='bbox 3379 1680 3537 1724; x_wconf 90' lang='lat' dir='ltr'><strong>sane</strong></span> <span class='ocrx_word' id='word_1_537' title='bbox 3595 1658 3740 1724; x_wconf 91' lang='lat' dir='ltr'><strong>Deo</strong></span> <span class='ocrx_word' id='word_1_538' title='bbox 3797 1679 3916 1724; x_wconf 91' lang='lat' dir='ltr'><strong>sua</strong></span> <span class='ocrx_word' id='word_1_539' title='bbox 3972 1658 4219 1724; x_wconf 89' lang='lat' dir='ltr'><strong>iudicia</strong></span> <span class='ocrx_word' id='word_1_540' title='bbox 4273 1661 4346 1725; x_wconf 90' lang='lat' dir='ltr'><strong>in</strong></span> 
     </span>
     <span class='ocr_line' id='line_1_77' title="bbox 2402 1744 4349 1828; baseline 0.001 -19"><span class='ocrx_word' id='word_1_541' title='bbox 2402 1744 2733 1827; x_wconf 88' lang='lat' dir='ltr'><strong>improbos</strong></span> <span class='ocrx_word' id='word_1_542' title='bbox 2771 1754 3138 1823; x_wconf 84' lang='lat' dir='ltr'><strong>exercente,</strong></span> <span class='ocrx_word' id='word_1_543' title='bbox 3197 1764 3441 1828; x_wconf 78' lang='lat' dir='ltr'><strong>magna</strong></span> <span class='ocrx_word' id='word_1_544' title='bbox 3483 1744 3769 1810; x_wconf 86' lang='lat' dir='ltr'><strong>laetitiae</strong></span> <span class='ocrx_word' id='word_1_545' title='bbox 3812 1745 4033 1827; x_wconf 90' lang='lat' dir='ltr'><strong>probis</strong></span> <span class='ocrx_word' id='word_1_546' title='bbox 4072 1744 4349 1811; x_wconf 80' lang='lat' dir='ltr'><strong>offertur</strong></span> 
     </span>
     <span class='ocr_line' id='line_1_78' title="bbox 2400 1829 4344 1914; baseline 0.001 -20"><span class='ocrx_word' id='word_1_547' title='bbox 2400 1830 2686 1896; x_wconf 86' lang='lat' dir='ltr'><strong>occasio:</strong></span> <span class='ocrx_word' id='word_1_548' title='bbox 2739 1830 2914 1914; x_wconf 88' lang='lat' dir='ltr'><strong>quod</strong></span> <span class='ocrx_word' id='word_1_549' title='bbox 2964 1850 3189 1896; x_wconf 91' lang='lat' dir='ltr'><strong>eorum</strong></span> <span class='ocrx_word' id='word_1_550' title='bbox 3247 1832 3556 1896; x_wconf 86' lang='lat' dir='ltr'><strong>misertus</strong></span> <span class='ocrx_word' id='word_1_551' title='bbox 3598 1831 3703 1909; x_wconf 91' lang='lat' dir='ltr'><strong>sit,</strong></span> <span class='ocrx_word' id='word_1_552' title='bbox 3754 1849 3957 1914; x_wconf 90' lang='lat' dir='ltr'><strong>eoque</strong></span> <span class='ocrx_word' id='word_1_553' title='bbox 3999 1829 4084 1895; x_wconf 84' lang='lat' dir='ltr'><strong>ad</strong></span> <span class='ocrx_word' id='word_1_554' title='bbox 4126 1830 4344 1914; x_wconf 89' lang='lat' dir='ltr'><strong>ipsum</strong></span> 
     </span>
     <span class='ocr_line' id='line_1_79' title="bbox 2400 1915 4348 2002; baseline 0 -20"><span class='ocrx_word' id='word_1_555' title='bbox 2400 1916 2841 1983; x_wconf 81' lang='lat' dir='ltr'><strong>invocandum</strong></span> <span class='ocrx_word' id='word_1_556' title='bbox 2876 1916 3090 1999; x_wconf 81' lang='lat' dir='ltr'><strong>magis</strong></span> <span class='ocrx_word' id='word_1_557' title='bbox 3122 1916 3511 1982; x_wconf 88' lang='lat' dir='ltr'><strong>incitantur:</strong></span> <span class='ocrx_word' id='word_1_558' title='bbox 3557 1916 3744 1983; x_wconf 90' lang='lat' dir='ltr'><strong>cuius</strong></span> <span class='ocrx_word' id='word_1_559' title='bbox 3786 1915 4145 2000; x_wconf 80' lang='lat' dir='ltr'><strong>singularis</strong></span> <span class='ocrx_word' id='word_1_560' title='bbox 4185 1938 4348 2002; x_wconf 80' lang='lat' dir='ltr'><strong>erga</strong></span> 
     </span>
     <span class='ocr_line' id='line_1_80' title="bbox 2400 2002 4344 2087; baseline 0.001 -19"><span class='ocrx_word' id='word_1_561' title='bbox 2400 2002 2580 2087; x_wconf 85' lang='lat' dir='ltr'><strong>ipsos</strong></span> <span class='ocrx_word' id='word_1_562' title='bbox 2638 2022 2823 2068; x_wconf 86' lang='lat' dir='ltr'><strong>amor</strong></span> <span class='ocrx_word' id='word_1_563' title='bbox 2877 2012 3165 2086; x_wconf 86' lang='lat' dir='ltr'><strong>apparet,</strong></span> <span class='ocrx_word' id='word_1_564' title='bbox 3226 2022 3505 2085; x_wconf 87' lang='lat' dir='ltr'><strong>quorum</strong></span> <span class='ocrx_word' id='word_1_565' title='bbox 3550 2002 3853 2084; x_wconf 89' lang='lat' dir='ltr'><strong>precibus</strong></span> <span class='ocrx_word' id='word_1_566' title='bbox 3892 2023 3965 2068; x_wconf 91' lang='lat' dir='ltr'><strong>se</strong></span> <span class='ocrx_word' id='word_1_567' title='bbox 4007 2013 4144 2068; x_wconf 90' lang='lat' dir='ltr'><strong>tam</strong></span> <span class='ocrx_word' id='word_1_568' title='bbox 4186 2003 4344 2069; x_wconf 82' lang='lat' dir='ltr'><strong>faci·</strong></span> 
     </span>
     <span class='ocr_line' id='line_1_81' title="bbox 2401 2087 4345 2174; baseline 0 -20"><span class='ocrx_word' id='word_1_569' title='bbox 2401 2089 2532 2154; x_wconf 90' lang='lat' dir='ltr'><strong>lem</strong></span> <span class='ocrx_word' id='word_1_570' title='bbox 2575 2087 2912 2174; x_wconf 90' lang='lat' dir='ltr'><strong>praebuit:</strong></span> <span class='ocrx_word' id='word_1_571' title='bbox 2958 2097 3026 2153; x_wconf 92' lang='lat' dir='ltr'><strong>et</strong></span> <span class='ocrx_word' id='word_1_572' title='bbox 3069 2088 3381 2153; x_wconf 91' lang='lat' dir='ltr'><strong>maiorem</strong></span> <span class='ocrx_word' id='word_1_573' title='bbox 3424 2088 3640 2170; x_wconf 90' lang='lat' dir='ltr'><strong>ipsum</strong></span> <span class='ocrx_word' id='word_1_574' title='bbox 3684 2088 4089 2172; x_wconf 84' lang='lat' dir='ltr'><strong>glorificandi</strong></span> <span class='ocrx_word' id='word_1_575' title='bbox 4136 2099 4345 2155; x_wconf 85' lang='lat' dir='ltr'><strong>mate-</strong></span> 
     </span>
     <span class='ocr_line' id='line_1_82' title="bbox 2401 2172 4345 2260; baseline -0.001 -19"><span class='ocrx_word' id='word_1_576' title='bbox 2401 2176 2589 2252; x_wconf 88' lang='lat' dir='ltr'><strong>riam,</strong></span> <span class='ocrx_word' id='word_1_577' title='bbox 2644 2173 2815 2257; x_wconf 91' lang='lat' dir='ltr'><strong>quod</strong></span> <span class='ocrx_word' id='word_1_578' title='bbox 2873 2196 2912 2239; x_wconf 95' lang='lat' dir='ltr'><strong>e</strong></span> <span class='ocrx_word' id='word_1_579' title='bbox 3090 2174 3360 2240; x_wconf 87' lang='lat' dir='ltr'><strong>miseros</strong></span> <span class='ocrx_word' id='word_1_580' title='bbox 3404 2194 3557 2241; x_wconf 91' lang='lat' dir='ltr'><strong>suos</strong></span> <span class='ocrx_word' id='word_1_581' title='bbox 3601 2172 3826 2240; x_wconf 86' lang='lat' dir='ltr'><strong>fideles</strong></span> <span class='ocrx_word' id='word_1_582' title='bbox 3869 2173 4227 2260; x_wconf 77' lang='lat' dir='ltr'><strong>benignum</strong></span> <span class='ocrx_word' id='word_1_583' title='bbox 4269 2192 4345 2240; x_wconf 89' lang='lat' dir='ltr'><strong>se</strong></span> 
     </span>
     <span class='ocr_line' id='line_1_83' title="bbox 2405 2259 4345 2344; baseline 0 -18"><span class='ocrx_word' id='word_1_584' title='bbox 2405 2260 2794 2344; x_wconf 85' lang='lat' dir='ltr'><strong>praebuerit,</strong></span> <span class='ocrx_word' id='word_1_585' title='bbox 2835 2269 2900 2326; x_wconf 86' lang='lat' dir='ltr'><strong>et</strong></span> <span class='ocrx_word' id='word_1_586' title='bbox 2982 2281 3018 2325; x_wconf 95' lang='lat' dir='ltr'><strong>e</strong></span> <span class='ocrx_word' id='word_1_587' title='bbox 3055 2259 3352 2326; x_wconf 89' lang='lat' dir='ltr'><strong>hostibus</strong></span> <span class='ocrx_word' id='word_1_588' title='bbox 3393 2259 3711 2328; x_wconf 90' lang='lat' dir='ltr'><strong>ultionem</strong></span> <span class='ocrx_word' id='word_1_589' title='bbox 3756 2260 4003 2326; x_wconf 83' lang='lat' dir='ltr'><strong>fecerit.</strong></span> <span class='ocrx_word' id='word_1_590' title='bbox 4064 2260 4345 2327; x_wconf 82' lang='lat' dir='ltr'><strong>Nostrae</strong></span> 
     </span>
     <span class='ocr_line' id='line_1_84' title="bbox 2401 2345 4344 2432; baseline -0.001 -19"><span class='ocrx_word' id='word_1_591' title='bbox 2401 2348 2627 2432; x_wconf 90' lang='lat' dir='ltr'><strong>itaque</strong></span> <span class='ocrx_word' id='word_1_592' title='bbox 2705 2367 2930 2431; x_wconf 87' lang='lat' dir='ltr'><strong>preces</strong></span> <span class='ocrx_word' id='word_1_593' title='bbox 3008 2345 3325 2411; x_wconf 84' lang='lat' dir='ltr'><strong>adversus</strong></span> <span class='ocrx_word' id='word_1_594' title='bbox 3400 2346 3730 2430; x_wconf 91' lang='lat' dir='ltr'><strong>improbos</strong></span> <span class='ocrx_word' id='word_1_595' title='bbox 3791 2345 3888 2411; x_wconf 85' lang='lat' dir='ltr'><strong>ita</strong></span> <span class='ocrx_word' id='word_1_596' title='bbox 3951 2366 4344 2430; x_wconf 85' lang='lat' dir='ltr'><strong>componere</strong></span> 
     </span>
     <span class='ocr_line' id='line_1_85' title="bbox 2402 2432 4345 2602; baseline -0.001 -16"><span class='ocrx_word' id='word_1_597' title='bbox 2402 2440 2959 2586; x_wconf 47' lang='lat' dir='ltr'><strong>ffifflgz‘.</strong></span> <span class='ocrx_word' id='word_1_598' title='bbox 3000 2442 3343 2602; x_wconf 53' lang='lat' dir='ltr'><strong>22,ssssae</strong></span> <span class='ocrx_word' id='word_1_599' title='bbox 3396 2439 3665 2583; x_wconf 57' lang='lat'><strong>32:³3...</strong></span> <span class='ocrx_word' id='word_1_600' title='bbox 3687 2432 4112 2584; x_wconf 50' lang='grc' dir='ltr'><strong>ὴὲἰῖἔῖἰξὲἰὲῗη</strong></span> <span class='ocrx_word' id='word_1_601' title='bbox 4136 2450 4345 2584; x_wconf 60' lang='lat' dir='ltr'><strong>‘2¹33ss</strong></span> 
     </span>
     <span class='ocr_line' id='line_1_86' title="bbox 2403 2601 4345 2684; baseline -0.001 -13"><span class='ocrx_word' id='word_1_602' title='bbox 2403 2606 2657 2671; x_wconf 87' lang='lat' dir='ltr'><strong>ritatem</strong></span> <span class='ocrx_word' id='word_1_603' title='bbox 2719 2604 2981 2670; x_wconf 81' lang='lat' dir='ltr'><strong>exserit.</strong></span> <span class='ocrx_word' id='word_1_604' title='bbox 3067 2603 3243 2684; x_wconf 79' lang='lat' dir='ltr'><strong>Quid</strong></span> <span class='ocrx_word' id='word_1_605' title='bbox 3287 2601 3426 2667; x_wconf 82' lang='lat' dir='ltr'><strong>ita?</strong></span> <span class='ocrx_word' id='word_1_606' title='bbox 3514 2602 3708 2684; x_wconf 81' lang='lat' dir='ltr'><strong>Quod</strong></span> <span class='ocrx_word' id='word_1_607' title='bbox 3750 2603 4063 2669; x_wconf 89' lang='lat' dir='ltr'><strong>nimirum</strong></span> <span class='ocrx_word' id='word_1_608' title='bbox 4107 2603 4345 2669; x_wconf 88' lang='lat' dir='ltr'><strong>huma·</strong></span> 
     </span>
     <span class='ocr_line' id='line_1_87' title="bbox 2402 2689 4345 2773; baseline -0.001 -17"><span class='ocrx_word' id='word_1_609' title='bbox 2402 2691 2629 2758; x_wconf 87' lang='lat' dir='ltr'><strong>nitatis</strong></span> <span class='ocrx_word' id='word_1_610' title='bbox 2671 2691 2945 2757; x_wconf 80' lang='lat' dir='ltr'><strong>affectus</strong></span> <span class='ocrx_word' id='word_1_611' title='bbox 2982 2689 3211 2756; x_wconf 87' lang='lat' dir='ltr'><strong>doceat</strong></span> <span class='ocrx_word' id='word_1_612' title='bbox 3250 2709 3375 2754; x_wconf 90' lang='lat' dir='ltr'><strong>nos</strong></span> <span class='ocrx_word' id='word_1_613' title='bbox 3414 2689 3866 2773; x_wconf 85' lang='lat' dir='ltr'><strong>ingemiscere,</strong></span> <span class='ocrx_word' id='word_1_614' title='bbox 3910 2710 4115 2773; x_wconf 89' lang='lat' dir='ltr'><strong>quum</strong></span> <span class='ocrx_word' id='word_1_615' title='bbox 4160 2710 4345 2756; x_wconf 87' lang='lat' dir='ltr'><strong>crea-</strong></span> 
     </span>
     <span class='ocr_line' id='line_1_88' title="bbox 2402 2774 4344 2859; baseline -0.001 -16"><span class='ocrx_word' id='word_1_616' title='bbox 2402 2787 2618 2843; x_wconf 92' lang='lat' dir='ltr'><strong>turam</strong></span> <span class='ocrx_word' id='word_1_617' title='bbox 2686 2776 2768 2843; x_wconf 91' lang='lat' dir='ltr'><strong>ad</strong></span> <span class='ocrx_word' id='word_1_618' title='bbox 2825 2774 2956 2843; x_wconf 93' lang='lat' dir='ltr'><strong>Dei</strong></span> <span class='ocrx_word' id='word_1_619' title='bbox 3013 2775 3368 2859; x_wconf 79' lang='lat' dir='ltr'><strong>imaginem</strong></span> <span class='ocrx_word' id='word_1_620' title='bbox 3425 2775 3773 2841; x_wconf 83' lang='lat' dir='ltr'><strong>formatam</strong></span> <span class='ocrx_word' id='word_1_621' title='bbox 3830 2776 4165 2842; x_wconf 89' lang='lat' dir='ltr'><strong>intuemur</strong></span> <span class='ocrx_word' id='word_1_622' title='bbox 4221 2795 4344 2841; x_wconf 88' lang='lat' dir='ltr'><strong>sua</strong></span> 
     </span>
     <span class='ocr_line' id='line_1_89' title="bbox 2400 2860 4344 2947; baseline -0.001 -18"><span class='ocrx_word' id='word_1_623' title='bbox 2400 2863 2592 2947; x_wconf 88' lang='lat' dir='ltr'><strong>culpa</strong></span> <span class='ocrx_word' id='word_1_624' title='bbox 2649 2862 2874 2929; x_wconf 86' lang='lat' dir='ltr'><strong>divino</strong></span> <span class='ocrx_word' id='word_1_625' title='bbox 2929 2860 3165 2929; x_wconf 90' lang='lat' dir='ltr'><strong>iudicio</strong></span> <span class='ocrx_word' id='word_1_626' title='bbox 3208 2860 3510 2926; x_wconf 87' lang='lat' dir='ltr'><strong>interire:</strong></span> <span class='ocrx_word' id='word_1_627' title='bbox 3565 2871 3632 2927; x_wconf 87' lang='lat' dir='ltr'><strong>et</strong></span> <span class='ocrx_word' id='word_1_628' title='bbox 3674 2861 3916 2927; x_wconf 86' lang='lat' dir='ltr'><strong>caritas</strong></span> <span class='ocrx_word' id='word_1_629' title='bbox 3959 2860 4181 2926; x_wconf 91' lang='lat' dir='ltr'><strong>iubeat</strong></span> <span class='ocrx_word' id='word_1_630' title='bbox 4222 2881 4344 2928; x_wconf 91' lang='lat' dir='ltr'><strong>nos</strong></span> 
     </span>
     <span class='ocr_line' id='line_1_90' title="bbox 2398 2944 4342 3023; baseline -0.001 -9"><span class='ocrx_word' id='word_1_631' title='bbox 2398 2948 2666 3015; x_wconf 89' lang='lat' dir='ltr'><strong>illorum</strong></span> <span class='ocrx_word' id='word_1_632' title='bbox 2709 2947 2901 3014; x_wconf 88' lang='lat' dir='ltr'><strong>malis</strong></span> <span class='ocrx_word' id='word_1_633' title='bbox 2941 2948 3037 3012; x_wconf 88' lang='lat' dir='ltr'><strong>ita</strong></span> <span class='ocrx_word' id='word_1_634' title='bbox 3078 2944 3496 3023; x_wconf 78' lang='lat' dir='ltr'><strong>commoveri,</strong></span> <span class='ocrx_word' id='word_1_635' title='bbox 3539 2955 3616 3012; x_wconf 92' lang='lat' dir='ltr'><strong>ut</strong></span> <span class='ocrx_word' id='word_1_636' title='bbox 3657 2946 3741 3011; x_wconf 91' lang='lat' dir='ltr'><strong>ad</strong></span> <span class='ocrx_word' id='word_1_637' title='bbox 3786 2945 4116 3012; x_wconf 90' lang='lat' dir='ltr'><strong>meliorem</strong></span> <span class='ocrx_word' id='word_1_638' title='bbox 4161 2946 4342 3013; x_wconf 76' lang='lat' dir='ltr'><strong>viam</strong></span> 
     </span>
     <span class='ocr_line' id='line_1_91' title="bbox 2399 3029 4341 3119; baseline 0.001 -20"><span class='ocrx_word' id='word_1_639' title='bbox 2399 3035 2575 3119; x_wconf 89' lang='lat' dir='ltr'><strong>ipsos</strong></span> <span class='ocrx_word' id='word_1_640' title='bbox 2613 3054 2921 3101; x_wconf 81' lang='lat' dir='ltr'><strong>revocare</strong></span> <span class='ocrx_word' id='word_1_641' title='bbox 2963 3032 3358 3100; x_wconf 85' lang='lat' dir='ltr'><strong>studeamus.</strong></span> <span class='ocrx_word' id='word_1_642' title='bbox 3432 3029 3695 3097; x_wconf 87' lang='lat' dir='ltr'><strong>Deinde</strong></span> <span class='ocrx_word' id='word_1_643' title='bbox 3737 3031 4124 3100; x_wconf 90' lang='lat' dir='ltr'><strong>iudiciorum</strong></span> <span class='ocrx_word' id='word_1_644' title='bbox 4170 3032 4341 3101; x_wconf 81' lang='lat' dir='ltr'><strong>divi-</strong></span> 
     </span>
     <span class='ocr_line' id='line_1_92' title="bbox 2399 3116 4340 3202; baseline -0.003 -14"><span class='ocrx_word' id='word_1_645' title='bbox 2399 3140 2635 3188; x_wconf 90' lang='lat' dir='ltr'><strong>norum</strong></span> <span class='ocrx_word' id='word_1_646' title='bbox 2677 3129 2859 3186; x_wconf 90' lang='lat' dir='ltr'><strong>metu</strong></span> <span class='ocrx_word' id='word_1_647' title='bbox 2901 3118 3134 3185; x_wconf 89' lang='lat' dir='ltr'><strong>terreri</strong></span> <span class='ocrx_word' id='word_1_648' title='bbox 3177 3118 3521 3202; x_wconf 89' lang='lat' dir='ltr'><strong>debemus,</strong></span> <span class='ocrx_word' id='word_1_649' title='bbox 3578 3117 3941 3202; x_wconf 79' lang='lat' dir='ltr'><strong>cogitantes</strong></span> <span class='ocrx_word' id='word_1_650' title='bbox 3982 3116 4222 3196; x_wconf 91' lang='lat' dir='ltr'><strong>Deum,</strong></span> <span class='ocrx_word' id='word_1_651' title='bbox 4281 3117 4340 3184; x_wconf 92' lang='lat' dir='ltr'><strong>si</strong></span> 
     </span>
     <span class='ocr_line' id='line_1_93' title="bbox 2398 3204 4341 3289; baseline -0.002 -15"><span class='ocrx_word' id='word_1_652' title='bbox 2398 3227 2655 3274; x_wconf 88' lang='lat' dir='ltr'><strong>summo</strong></span> <span class='ocrx_word' id='word_1_653' title='bbox 2689 3206 2830 3272; x_wconf 90' lang='lat' dir='ltr'><strong>iure</strong></span> <span class='ocrx_word' id='word_1_654' title='bbox 2864 3206 3204 3273; x_wconf 89' lang='lat' dir='ltr'><strong>nobiscum</strong></span> <span class='ocrx_word' id='word_1_655' title='bbox 3238 3213 3412 3289; x_wconf 78' lang='lat' dir='ltr'><strong>agat,</strong></span> <span class='ocrx_word' id='word_1_656' title='bbox 3449 3213 3518 3269; x_wconf 87' lang='lat' dir='ltr'><strong>et</strong></span> <span class='ocrx_word' id='word_1_657' title='bbox 3552 3205 3680 3270; x_wconf 86' lang='lat' dir='ltr'><strong>nisi</strong></span> <span class='ocrx_word' id='word_1_658' title='bbox 3702 3204 3911 3270; x_wconf 87' lang='lat' dir='ltr'><strong>nostri</strong></span> <span class='ocrx_word' id='word_1_659' title='bbox 3947 3204 4341 3270; x_wconf 88' lang='lat' dir='ltr'><strong>misereatur</strong></span> 
     </span>
     <span class='ocr_line' id='line_1_94' title="bbox 2400 3288 4336 3375; baseline -0.002 -17"><span class='ocrx_word' id='word_1_660' title='bbox 2400 3293 2561 3359; x_wconf 84' lang='lat' dir='ltr'><strong>satis</strong></span> <span class='ocrx_word' id='word_1_661' title='bbox 2598 3291 2911 3358; x_wconf 85' lang='lat' dir='ltr'><strong>materiae</strong></span> <span class='ocrx_word' id='word_1_662' title='bbox 2932 3291 3004 3357; x_wconf 90' lang='lat' dir='ltr'><strong>in</strong></span> <span class='ocrx_word' id='word_1_663' title='bbox 3028 3290 3217 3357; x_wconf 89' lang='lat' dir='ltr'><strong>nobis</strong></span> <span class='ocrx_word' id='word_1_664' title='bbox 3239 3299 3653 3375; x_wconf 90' lang='lat' dir='ltr'><strong>reperturum</strong></span> <span class='ocrx_word' id='word_1_665' title='bbox 3672 3289 3758 3356; x_wconf 87' lang='lat' dir='ltr'><strong>ad</strong></span> <span class='ocrx_word' id='word_1_666' title='bbox 3795 3311 3914 3356; x_wconf 89' lang='lat' dir='ltr'><strong>nos</strong></span> <span class='ocrx_word' id='word_1_667' title='bbox 3947 3288 4336 3374; x_wconf 89' lang='lat' dir='ltr'><strong>perdendos,</strong></span> 
     </span>
     <span class='ocr_line' id='line_1_95' title="bbox 2398 3375 4337 3462; baseline -0.001 -18"><span class='ocrx_word' id='word_1_668' title='bbox 2398 3387 2466 3444; x_wconf 91' lang='lat' dir='ltr'><strong>et</strong></span> <span class='ocrx_word' id='word_1_669' title='bbox 2529 3380 2600 3444; x_wconf 94' lang='lat' dir='ltr'><strong>in</strong></span> <span class='ocrx_word' id='word_1_670' title='bbox 2662 3377 3022 3444; x_wconf 81' lang='lat' dir='ltr'><strong>inferorum</strong></span> <span class='ocrx_word' id='word_1_671' title='bbox 3088 3376 3401 3462; x_wconf 80' lang='lat' dir='ltr'><strong>abyssum</strong></span> <span class='ocrx_word' id='word_1_672' title='bbox 3466 3397 3616 3443; x_wconf 88' lang='lat' dir='ltr'><strong>cum</strong></span> <span class='ocrx_word' id='word_1_673' title='bbox 3678 3375 3815 3442; x_wconf 89' lang='lat' dir='ltr'><strong>illis</strong></span> <span class='ocrx_word' id='word_1_674' title='bbox 3880 3375 4337 3442; x_wconf 89' lang='lat' dir='ltr'><strong>detrudendos.</strong></span> 
     </span>
     <span class='ocr_line' id='line_1_96' title="bbox 2396 3461 4337 3546; baseline -0.001 -17"><span class='ocrx_word' id='word_1_675' title='bbox 2396 3464 2551 3530; x_wconf 88' lang='lat' dir='ltr'><strong>Ideo</strong></span> <span class='ocrx_word' id='word_1_676' title='bbox 2608 3484 2733 3530; x_wconf 89' lang='lat' dir='ltr'><strong>nos</strong></span> <span class='ocrx_word' id='word_1_677' title='bbox 2790 3463 3128 3529; x_wconf 88' lang='lat' dir='ltr'><strong>humiliari</strong></span> <span class='ocrx_word' id='word_1_678' title='bbox 3183 3483 3406 3529; x_wconf 88' lang='lat' dir='ltr'><strong>coram</strong></span> <span class='ocrx_word' id='word_1_679' title='bbox 3462 3462 3605 3546; x_wconf 87' lang='lat' dir='ltr'><strong>ipso</strong></span> <span class='ocrx_word' id='word_1_680' title='bbox 3647 3461 3852 3542; x_wconf 86' lang='lat' dir='ltr'><strong>decet,</strong></span> <span class='ocrx_word' id='word_1_681' title='bbox 3910 3461 4087 3545; x_wconf 91' lang='lat' dir='ltr'><strong>quod</strong></span> <span class='ocrx_word' id='word_1_682' title='bbox 4130 3482 4337 3545; x_wconf 89' lang='lat' dir='ltr'><strong>quum</strong></span> 
     </span>
     <span class='ocr_line' id='line_1_97' title="bbox 2396 3548 4336 3630; baseline -0.001 -14"><span class='ocrx_word' id='word_1_683' title='bbox 2396 3549 2498 3616; x_wconf 90' lang='lat' dir='ltr'><strong>illi</strong></span> <span class='ocrx_word' id='word_1_684' title='bbox 2522 3549 2660 3617; x_wconf 88' lang='lat' dir='ltr'><strong>sint</strong></span> <span class='ocrx_word' id='word_1_685' title='bbox 2677 3558 3017 3617; x_wconf 85' lang='lat' dir='ltr'><strong>creaturae</strong></span> <span class='ocrx_word' id='word_1_686' title='bbox 3038 3548 3187 3627; x_wconf 91' lang='lat' dir='ltr'><strong>Dei,</strong></span> <span class='ocrx_word' id='word_1_687' title='bbox 3223 3550 3396 3615; x_wconf 89' lang='lat' dir='ltr'><strong>sicut</strong></span> <span class='ocrx_word' id='word_1_688' title='bbox 3416 3557 3484 3613; x_wconf 91' lang='lat' dir='ltr'><strong>et</strong></span> <span class='ocrx_word' id='word_1_689' title='bbox 3517 3567 3657 3626; x_wconf 90' lang='lat' dir='ltr'><strong>nos,</strong></span> <span class='ocrx_word' id='word_1_690' title='bbox 3695 3556 3917 3614; x_wconf 89' lang='lat' dir='ltr'><strong>tamen</strong></span> <span class='ocrx_word' id='word_1_691' title='bbox 3953 3548 4336 3630; x_wconf 89' lang='lat' dir='ltr'><strong>puniantur,</strong></span> 
     </span>
     <span class='ocr_line' id='line_1_98' title="bbox 2397 3633 4337 3720; baseline -0.001 -19"><span class='ocrx_word' id='word_1_692' title='bbox 2397 3657 2604 3720; x_wconf 90' lang='lat' dir='ltr'><strong>quum</strong></span> <span class='ocrx_word' id='word_1_693' title='bbox 2651 3657 2769 3702; x_wconf 92' lang='lat' dir='ltr'><strong>nos</strong></span> <span class='ocrx_word' id='word_1_694' title='bbox 2826 3636 3032 3719; x_wconf 90' lang='lat' dir='ltr'><strong>ipsius</strong></span> <span class='ocrx_word' id='word_1_695' title='bbox 3084 3634 3537 3701; x_wconf 84' lang='lat' dir='ltr'><strong>benevolentia</strong></span> <span class='ocrx_word' id='word_1_696' title='bbox 3590 3654 3706 3718; x_wconf 92' lang='lat' dir='ltr'><strong>pro</strong></span> <span class='ocrx_word' id='word_1_697' title='bbox 3928 3654 4040 3698; x_wconf 90' lang='lat' dir='ltr'><strong>ur:</strong></span> <span class='ocrx_word' id='word_1_698' title='bbox 4101 3643 4170 3700; x_wconf 90' lang='lat' dir='ltr'><strong>at</strong></span> <span class='ocrx_word' id='word_1_699' title='bbox 4211 3633 4337 3699; x_wconf 91' lang='lat' dir='ltr'><strong>mi-</strong></span> 
     </span>
     <span class='ocr_line' id='line_1_99' title="bbox 2398 3719 4338 3805; baseline -0.001 -17"><span class='ocrx_word' id='word_1_700' title='bbox 2398 3724 2574 3788; x_wconf 91' lang='lat' dir='ltr'><strong>nime</strong></span> <span class='ocrx_word' id='word_1_701' title='bbox 2616 3722 2703 3788; x_wconf 86' lang='lat' dir='ltr'><strong>sit</strong></span> <span class='ocrx_word' id='word_1_702' title='bbox 2745 3720 3017 3787; x_wconf 88' lang='lat' dir='ltr'><strong>dubium</strong></span> <span class='ocrx_word' id='word_1_703' title='bbox 3076 3721 3236 3805; x_wconf 88' lang='lat' dir='ltr'><strong>quin</strong></span> <span class='ocrx_word' id='word_1_704' title='bbox 3279 3719 3467 3786; x_wconf 92' lang='lat' dir='ltr'><strong>Deus</strong></span> <span class='ocrx_word' id='word_1_705' title='bbox 3525 3720 3712 3786; x_wconf 87' lang='lat' dir='ltr'><strong>nobis</strong></span> <span class='ocrx_word' id='word_1_706' title='bbox 3770 3719 4147 3803; x_wconf 87' lang='lat' dir='ltr'><strong>exemplum</strong></span> <span class='ocrx_word' id='word_1_707' title='bbox 4192 3719 4338 3786; x_wconf 89' lang='lat' dir='ltr'><strong>illo-</strong></span> 
     </span>
     <span class='ocr_line' id='line_1_100' title="bbox 2398 3805 4338 3893; baseline -0.002 -19"><span class='ocrx_word' id='word_1_708' title='bbox 2398 3829 2549 3874; x_wconf 89' lang='lat' dir='ltr'><strong>rum</strong></span> <span class='ocrx_word' id='word_1_709' title='bbox 2594 3816 2937 3893; x_wconf 87' lang='lat' dir='ltr'><strong>proponat,</strong></span> <span class='ocrx_word' id='word_1_710' title='bbox 2995 3827 3124 3890; x_wconf 91' lang='lat' dir='ltr'><strong>quo</strong></span> <span class='ocrx_word' id='word_1_711' title='bbox 3168 3826 3398 3890; x_wconf 90' lang='lat' dir='ltr'><strong>sapere</strong></span> <span class='ocrx_word' id='word_1_712' title='bbox 3437 3814 3503 3870; x_wconf 89' lang='lat' dir='ltr'><strong>et</strong></span> <span class='ocrx_word' id='word_1_713' title='bbox 3548 3805 3885 3871; x_wconf 87' lang='lat' dir='ltr'><strong>humiliari</strong></span> <span class='ocrx_word' id='word_1_714' title='bbox 3928 3826 4150 3872; x_wconf 88' lang='lat' dir='ltr'><strong>coram</strong></span> <span class='ocrx_word' id='word_1_715' title='bbox 4190 3805 4338 3891; x_wconf 86' lang='lat' dir='ltr'><strong>ipso</strong></span> 
     </span>
     <span class='ocr_line' id='line_1_101' title="bbox 2398 3891 4336 3976; baseline -0.001 -17"><span class='ocrx_word' id='word_1_716' title='bbox 2398 3895 2746 3961; x_wconf 88' lang='lat' dir='ltr'><strong>discamus.</strong></span> <span class='ocrx_word' id='word_1_717' title='bbox 2793 3895 2903 3959; x_wconf 82' lang='lat' dir='ltr'><strong>Ex</strong></span> <span class='ocrx_word' id='word_1_718' title='bbox 2948 3903 3133 3976; x_wconf 90' lang='lat' dir='ltr'><strong>parte</strong></span> <span class='ocrx_word' id='word_1_719' title='bbox 3176 3913 3332 3958; x_wconf 79' lang='lat' dir='ltr'><strong>vero</strong></span> <span class='ocrx_word' id='word_1_720' title='bbox 3376 3892 3699 3957; x_wconf 89' lang='lat' dir='ltr'><strong>laetemur</strong></span> <span class='ocrx_word' id='word_1_721' title='bbox 3720 3892 3849 3957; x_wconf 91' lang='lat' dir='ltr'><strong>Dei</strong></span> <span class='ocrx_word' id='word_1_722' title='bbox 3896 3891 4213 3957; x_wconf 90' lang='lat' dir='ltr'><strong>ultionem</strong></span> <span class='ocrx_word' id='word_1_723' title='bbox 4253 3891 4336 3957; x_wconf 92' lang='lat' dir='ltr'><strong>de</strong></span> 
     </span>
     <span class='ocr_line' id='line_1_102' title="bbox 2395 3976 4339 4047; baseline -0.002 -2"><span class='ocrx_word' id='word_1_724' title='bbox 2395 3979 2695 4046; x_wconf 88' lang='lat' dir='ltr'><strong>hostibus</strong></span> <span class='ocrx_word' id='word_1_725' title='bbox 2738 3978 3097 4047; x_wconf 89' lang='lat' dir='ltr'><strong>coniuratis</strong></span> <span class='ocrx_word' id='word_1_726' title='bbox 3156 3979 3486 4044; x_wconf 88' lang='lat' dir='ltr'><strong>videntes:</strong></span> <span class='ocrx_word' id='word_1_727' title='bbox 3543 3978 3734 4042; x_wconf 89' lang='lat' dir='ltr'><strong>modo</strong></span> <span class='ocrx_word' id='word_1_728' title='bbox 3791 3988 4015 4043; x_wconf 89' lang='lat' dir='ltr'><strong>tamen</strong></span> <span class='ocrx_word' id='word_1_729' title='bbox 4068 3976 4339 4043; x_wconf 83' lang='lat' dir='ltr'><strong>modum</strong></span> 
     </span>
     <span class='ocr_line' id='line_1_103' title="bbox 2394 4063 4337 4147; baseline -0.003 -15"><span class='ocrx_word' id='word_1_730' title='bbox 2394 4064 2843 4143; x_wconf 83' lang='lat' dir='ltr'><strong>adhibeamus,</strong></span> <span class='ocrx_word' id='word_1_731' title='bbox 2886 4074 2956 4130; x_wconf 91' lang='lat' dir='ltr'><strong>et</strong></span> <span class='ocrx_word' id='word_1_732' title='bbox 2997 4065 3247 4131; x_wconf 90' lang='lat' dir='ltr'><strong>sincere</strong></span> <span class='ocrx_word' id='word_1_733' title='bbox 3290 4065 3517 4129; x_wconf 86' lang='lat' dir='ltr'><strong>testari</strong></span> <span class='ocrx_word' id='word_1_734' title='bbox 3561 4064 3885 4147; x_wconf 90' lang='lat' dir='ltr'><strong>possimus</strong></span> <span class='ocrx_word' id='word_1_735' title='bbox 3918 4084 4137 4130; x_wconf 88' lang='lat' dir='ltr'><strong>coram</strong></span> <span class='ocrx_word' id='word_1_736' title='bbox 4176 4063 4337 4142; x_wconf 91' lang='lat' dir='ltr'><strong>Deo,</strong></span> 
     </span>
     <span class='ocr_line' id='line_1_104' title="bbox 2397 4148 4335 4235; baseline -0.004 -17"><span class='ocrx_word' id='word_1_737' title='bbox 2397 4150 2601 4218; x_wconf 88' lang='lat' dir='ltr'><strong>nullis</strong></span> <span class='ocrx_word' id='word_1_738' title='bbox 2643 4171 2762 4218; x_wconf 90' lang='lat' dir='ltr'><strong>nos</strong></span> <span class='ocrx_word' id='word_1_739' title='bbox 2804 4151 3025 4235; x_wconf 86' lang='lat' dir='ltr'><strong>pravis</strong></span> <span class='ocrx_word' id='word_1_740' title='bbox 3067 4149 3411 4216; x_wconf 84' lang='lat' dir='ltr'><strong>affectibus</strong></span> <span class='ocrx_word' id='word_1_741' title='bbox 3454 4149 3624 4216; x_wconf 87' lang='lat' dir='ltr'><strong>duci.</strong></span> <span class='ocrx_word' id='word_1_742' title='bbox 3671 4150 3851 4233; x_wconf 82' lang='lat' dir='ltr'><strong>Ergo</strong></span> <span class='ocrx_word' id='word_1_743' title='bbox 3894 4160 3968 4215; x_wconf 90' lang='lat' dir='ltr'><strong>ut</strong></span> <span class='ocrx_word' id='word_1_744' title='bbox 4011 4148 4093 4213; x_wconf 90' lang='lat' dir='ltr'><strong>ad</strong></span> <span class='ocrx_word' id='word_1_745' title='bbox 4126 4148 4335 4213; x_wconf 84' lang='lat' dir='ltr'><strong>Davi·-</strong></span> 
     </span>
     <span class='ocr_line' id='line_1_105' title="bbox 2395 4235 4337 4322; baseline -0.002 -20"><span class='ocrx_word' id='word_1_746' title='bbox 2395 4237 2544 4304; x_wconf 92' lang='lat' dir='ltr'><strong>dem</strong></span> <span class='ocrx_word' id='word_1_747' title='bbox 2583 4244 3010 4316; x_wconf 82' lang='lat' dir='ltr'><strong>revertamur,</strong></span> <span class='ocrx_word' id='word_1_748' title='bbox 3055 4236 3345 4322; x_wconf 86' lang='lat' dir='ltr'><strong>potuisse</strong></span> <span class='ocrx_word' id='word_1_749' title='bbox 3378 4235 3597 4320; x_wconf 89' lang='lat' dir='ltr'><strong>ipsum</strong></span> <span class='ocrx_word' id='word_1_750' title='bbox 3634 4246 3905 4318; x_wconf 89' lang='lat' dir='ltr'><strong>apparet</strong></span> <span class='ocrx_word' id='word_1_751' title='bbox 3928 4235 4143 4299; x_wconf 91' lang='lat' dir='ltr'><strong>Deum</strong></span> <span class='ocrx_word' id='word_1_752' title='bbox 4185 4254 4337 4317; x_wconf 86' lang='lat' dir='ltr'><strong>pre-</strong></span> 
     </span>
     <span class='ocr_line' id='line_1_106' title="bbox 2395 4320 4334 4407; baseline -0.003 -17"><span class='ocrx_word' id='word_1_753' title='bbox 2395 4324 2531 4390; x_wconf 88' lang='lat' dir='ltr'><strong>cari</strong></span> <span class='ocrx_word' id='word_1_754' title='bbox 2589 4336 2667 4390; x_wconf 91' lang='lat' dir='ltr'><strong>ut</strong></span> <span class='ocrx_word' id='word_1_755' title='bbox 2718 4344 2791 4389; x_wconf 92' lang='lat' dir='ltr'><strong>se</strong></span> <span class='ocrx_word' id='word_1_756' title='bbox 2848 4323 3289 4407; x_wconf 86' lang='lat' dir='ltr'><strong>ulcisceretur,</strong></span> <span class='ocrx_word' id='word_1_757' title='bbox 3348 4331 3416 4388; x_wconf 92' lang='lat' dir='ltr'><strong>et</strong></span> <span class='ocrx_word' id='word_1_758' title='bbox 3472 4321 3744 4387; x_wconf 81' lang='lat' dir='ltr'><strong>Nabalia</strong></span> <span class='ocrx_word' id='word_1_759' title='bbox 3801 4322 3999 4385; x_wconf 84' lang='lat' dir='ltr'><strong>etiam</strong></span> <span class='ocrx_word' id='word_1_760' title='bbox 4060 4320 4334 4385; x_wconf 84' lang='lat' dir='ltr'><strong>interitu</strong></span> 
     </span>
     <span class='ocr_line' id='line_1_107' title="bbox 2395 4405 4332 4492; baseline -0.003 -17"><span class='ocrx_word' id='word_1_761' title='bbox 2395 4410 2660 4476; x_wconf 87' lang='lat' dir='ltr'><strong>laetari:</strong></span> <span class='ocrx_word' id='word_1_762' title='bbox 2703 4429 2902 4492; x_wconf 89' lang='lat' dir='ltr'><strong>quum</strong></span> <span class='ocrx_word' id='word_1_763' title='bbox 2951 4409 3331 4492; x_wconf 87' lang='lat' dir='ltr'><strong>praesertim</strong></span> <span class='ocrx_word' id='word_1_764' title='bbox 3374 4407 3447 4473; x_wconf 91' lang='lat' dir='ltr'><strong>in</strong></span> <span class='ocrx_word' id='word_1_765' title='bbox 3493 4407 3697 4491; x_wconf 88' lang='lat' dir='ltr'><strong>ipsius</strong></span> <span class='ocrx_word' id='word_1_766' title='bbox 3731 4408 4001 4472; x_wconf 85' lang='lat' dir='ltr'><strong>interitu</strong></span> <span class='ocrx_word' id='word_1_767' title='bbox 4037 4405 4332 4472; x_wconf 82' lang='lat' dir='ltr'><strong>divinum</strong></span> 
     </span>
     <span class='ocr_line' id='line_1_108' title="bbox 2391 4491 4335 4578; baseline -0.004 -16"><span class='ocrx_word' id='word_1_768' title='bbox 2391 4495 2709 4563; x_wconf 88' lang='lat' dir='ltr'><strong>iudicium</strong></span> <span class='ocrx_word' id='word_1_769' title='bbox 2753 4495 3097 4561; x_wconf 77' lang='lat' dir='ltr'><strong>manifeste</strong></span> <span class='ocrx_word' id='word_1_770' title='bbox 3140 4503 3505 4578; x_wconf 89' lang='lat' dir='ltr'><strong>appareret,</strong></span> <span class='ocrx_word' id='word_1_771' title='bbox 3549 4502 3618 4558; x_wconf 87' lang='lat' dir='ltr'><strong>et</strong></span> <span class='ocrx_word' id='word_1_772' title='bbox 3659 4493 4076 4576; x_wconf 88' lang='lat' dir='ltr'><strong>reprobatum</strong></span> <span class='ocrx_word' id='word_1_773' title='bbox 4124 4512 4163 4557; x_wconf 88' lang='lat' dir='ltr'><strong>a</strong></span> <span class='ocrx_word' id='word_1_774' title='bbox 4202 4491 4335 4556; x_wconf 93' lang='lat' dir='ltr'><strong>Do-</strong></span> 
     </span>
     <span class='ocr_line' id='line_1_109' title="bbox 2395 4577 4333 4648; baseline -0.004 0"><span class='ocrx_word' id='word_1_775' title='bbox 2395 4583 2574 4648; x_wconf 92' lang='lat' dir='ltr'><strong>mino</strong></span> <span class='ocrx_word' id='word_1_776' title='bbox 2638 4581 2837 4647; x_wconf 80' lang='lat' dir='ltr'><strong>fuisse</strong></span> <span class='ocrx_word' id='word_1_777' title='bbox 2902 4580 3255 4646; x_wconf 85' lang='lat' dir='ltr'><strong>Nabalem:</strong></span> <span class='ocrx_word' id='word_1_778' title='bbox 3338 4588 3405 4646; x_wconf 92' lang='lat' dir='ltr'><strong>et</strong></span> <span class='ocrx_word' id='word_1_779' title='bbox 3468 4578 3899 4644; x_wconf 88' lang='lat' dir='ltr'><strong>nihilominus</strong></span> <span class='ocrx_word' id='word_1_780' title='bbox 3963 4577 4333 4642; x_wconf 90' lang='lat' dir='ltr'><strong>humanum</strong></span> 
     </span>
     <span class='ocr_line' id='line_1_110' title="bbox 2394 4663 4330 4749; baseline -0.004 -15"><span class='ocrx_word' id='word_1_781' title='bbox 2394 4669 2701 4734; x_wconf 85' lang='lat' dir='ltr'><strong>affectum</strong></span> <span class='ocrx_word' id='word_1_782' title='bbox 2758 4667 3062 4733; x_wconf 91' lang='lat' dir='ltr'><strong>retinere.</strong></span> <span class='ocrx_word' id='word_1_783' title='bbox 3148 4665 3382 4749; x_wconf 89' lang='lat' dir='ltr'><strong>Neque</strong></span> <span class='ocrx_word' id='word_1_784' title='bbox 3437 4664 3615 4730; x_wconf 89' lang='lat' dir='ltr'><strong>enim</strong></span> <span class='ocrx_word' id='word_1_785' title='bbox 3672 4663 3949 4730; x_wconf 89' lang='lat' dir='ltr'><strong>dubium</strong></span> <span class='ocrx_word' id='word_1_786' title='bbox 4004 4675 4107 4729; x_wconf 91' lang='lat' dir='ltr'><strong>est</strong></span> <span class='ocrx_word' id='word_1_787' title='bbox 4170 4663 4330 4746; x_wconf 88' lang='lat' dir='ltr'><strong>quin</strong></span> 
     </span>
     <span class='ocr_line' id='line_1_111' title="bbox 2393 4748 4335 4837; baseline -0.004 -17"><span class='ocrx_word' id='word_1_788' title='bbox 2393 4755 2721 4837; x_wconf 77' lang='lat' dir='ltr'><strong>optaverit</strong></span> <span class='ocrx_word' id='word_1_789' title='bbox 2778 4752 2841 4818; x_wconf 91' lang='lat' dir='ltr'><strong>N</strong></span> <span class='ocrx_word' id='word_1_790' title='bbox 2844 4751 3100 4818; x_wconf 90' lang='lat' dir='ltr'><strong>abalem</strong></span> <span class='ocrx_word' id='word_1_791' title='bbox 3152 4751 3236 4816; x_wconf 92' lang='lat' dir='ltr'><strong>ad</strong></span> <span class='ocrx_word' id='word_1_792' title='bbox 3295 4771 3523 4817; x_wconf 90' lang='lat' dir='ltr'><strong>sanam</strong></span> <span class='ocrx_word' id='word_1_793' title='bbox 3581 4761 3875 4817; x_wconf 90' lang='lat' dir='ltr'><strong>mentem</strong></span> <span class='ocrx_word' id='word_1_794' title='bbox 3931 4748 4206 4828; x_wconf 82' lang='lat' dir='ltr'><strong>reverti,</strong></span> <span class='ocrx_word' id='word_1_795' title='bbox 4266 4759 4335 4812; x_wconf 87' lang='lat' dir='ltr'><strong>et</strong></span> 
     </span>
     <span class='ocr_line' id='line_1_112' title="bbox 2393 4834 4335 4923; baseline -0.004 -17"><span class='ocrx_word' id='word_1_796' title='bbox 2393 4840 2860 4923; x_wconf 89' lang='lat' dir='ltr'><strong>poenitentiam</strong></span> <span class='ocrx_word' id='word_1_797' title='bbox 2918 4855 3146 4922; x_wconf 85' lang='lat' dir='ltr'><strong>agere:</strong></span> <span class='ocrx_word' id='word_1_798' title='bbox 3217 4837 3332 4903; x_wconf 88' lang='lat' dir='ltr'><strong>sed</strong></span> <span class='ocrx_word' id='word_1_799' title='bbox 3401 4856 3601 4920; x_wconf 90' lang='lat' dir='ltr'><strong>quum</strong></span> <span class='ocrx_word' id='word_1_800' title='bbox 3659 4834 3809 4903; x_wconf 93' lang='lat' dir='ltr'><strong>Deo</strong></span> <span class='ocrx_word' id='word_1_801' title='bbox 3866 4836 4060 4905; x_wconf 86' lang='lat' dir='ltr'><strong>aliter</strong></span> <span class='ocrx_word' id='word_1_802' title='bbox 4116 4834 4335 4899; x_wconf 81' lang='lat' dir='ltr'><strong>visum</strong></span> 
     </span>
     <span class='ocr_line' id='line_1_113' title="bbox 2393 4921 4341 5009; baseline -0.006 -18"><span class='ocrx_word' id='word_1_803' title='bbox 2393 4927 2592 4992; x_wconf 77' lang='lat' dir='ltr'><strong>fuerit</strong></span> <span class='ocrx_word' id='word_1_804' title='bbox 2631 4925 3024 4992; x_wconf 88' lang='lat' dir='ltr'><strong>iudiciorum</strong></span> <span class='ocrx_word' id='word_1_805' title='bbox 3066 4921 3275 5006; x_wconf 90' lang='lat' dir='ltr'><strong>ipsius</strong></span> <span class='ocrx_word' id='word_1_806' title='bbox 3317 4921 3607 4989; x_wconf 86' lang='lat' dir='ltr'><strong>iustitiae</strong></span> <span class='ocrx_word' id='word_1_807' title='bbox 3651 4922 4038 5009; x_wconf 62' lang='lat' dir='ltr'><strong>acquiescit,</strong></span> <span class='ocrx_word' id='word_1_808' title='bbox 4085 4927 4155 4983; x_wconf 83' lang='lat' dir='ltr'><strong>et</strong></span> <span class='ocrx_word' id='word_1_809' title='bbox 4195 4936 4341 5000; x_wconf 81' lang='lat' dir='ltr'><strong>gra-</strong></span> 
     </span>
     <span class='ocr_line' id='line_1_114' title="bbox 2393 5012 2722 5079; baseline -0.006 0"><span class='ocrx_word' id='word_1_810' title='bbox 2393 5012 2520 5079; x_wconf 84' lang='lat' dir='ltr'><strong>tias</strong></span> <span class='ocrx_word' id='word_1_811' title='bbox 2653 5012 2722 5077; x_wconf 83' lang='lat' dir='ltr'><strong>&#39;t.</strong></span> 
     </span>
    </p>

    <p class='ocr_par' dir='ltr' id='par_1_11' title="bbox 2393 5033 4388 5294">
     <span class='ocr_line' id='line_1_115' title="bbox 2564 5033 4363 5188; baseline -0.003 -24"><span class='ocrx_word' id='word_1_812' title='bbox 2564 5033 2763 5179; x_wconf 35' lang='lat' dir='ltr'>&amp;gand</span> <span class='ocrx_word' id='word_1_813' title='bbox 2808 5096 2890 5164; x_wconf 87' lang='lat' dir='ltr'><strong>ad</strong></span> <span class='ocrx_word' id='word_1_814' title='bbox 2935 5096 3205 5161; x_wconf 88' lang='lat' dir='ltr'><strong>alteram</strong></span> <span class='ocrx_word' id='word_1_815' title='bbox 3264 5094 3665 5178; x_wconf 88' lang='lat' dir='ltr'><strong>precationis</strong></span> <span class='ocrx_word' id='word_1_816' title='bbox 3722 5097 3916 5188; x_wconf 50' lang='lat' dir='ltr'><strong>illus</strong></span> <span class='ocrx_word' id='word_1_817' title='bbox 3964 5096 4094 5163; x_wconf 50' lang='lat' dir='ltr'><strong>aut»</strong></span> <span class='ocrx_word' id='word_1_818' title='bbox 4127 5084 4363 5179; x_wconf 48' lang='lat' dir='ltr'><strong>§nfit-</strong></span> 
     </span>
     <span class='ocr_line' id='line_1_116' title="bbox 2393 5163 4388 5294; baseline -0.004 -42"><span class='ocrx_word' id='word_1_819' title='bbox 2393 5205 2542 5252; x_wconf 89' lang='lat' dir='ltr'><strong>rum</strong></span> <span class='ocrx_word' id='word_1_820' title='bbox 2581 5184 2855 5252; x_wconf 84' lang='lat' dir='ltr'><strong>actionis</strong></span> <span class='ocrx_word' id='word_1_821' title='bbox 2897 5190 3172 5268; x_wconf 74' lang='lat' dir='ltr'><strong>partein,</strong></span> <span class='ocrx_word' id='word_1_822' title='bbox 3216 5181 3286 5246; x_wconf 90' lang='lat' dir='ltr'><strong>in</strong></span> <span class='ocrx_word' id='word_1_823' title='bbox 3308 5200 3437 5265; x_wconf 88' lang='lat' dir='ltr'><strong>qua</strong></span> <span class='ocrx_word' id='word_1_824' title='bbox 3459 5180 3680 5247; x_wconf 84' lang='lat' dir='ltr'><strong>David</strong></span> <span class='ocrx_word' id='word_1_825' title='bbox 3733 5201 4051 5294; x_wconf 46' lang='grc' dir='ltr'><strong>ωερε</strong></span> <span class='ocrx_word' id='word_1_826' title='bbox 4078 5163 4388 5246; x_wconf 49' lang='lat' dir='ltr'><strong>&amp;Di-0⁰⁰·</strong></span> 
     </span>
    </p>
   </div>
   <div class='ocr_carea' id='block_1_9' title="bbox 4572 5912 4830 6059">
    <p class='ocr_par' dir='ltr' id='par_1_12' title="bbox 4572 5912 4830 6059">
     <span class='ocr_line' id='line_1_117' title="bbox 4572 5912 4830 6059; baseline 0 0"><span class='ocrx_word' id='word_1_827' title='bbox 4572 5912 4830 6059; x_wconf 95' lang='lat' dir='ltr'><strong> </strong></span> 
     </span>
    </p>
   </div>
  </div>
 </body>
</html>
