5059 6059
308 341 434 406 393
1642 345 1740 411 IN
1784 346 1836 410 Ι.
1883 345 2064 411 LIB.

311 532 542 599 fecerit
586 531 826 615 David,
886 531 1145 615 quando
1206 533 1438 599 esuriit
1495 526 1636 616 ipse
1694 546 1759 599 ot
1804 533 1916 616 qui
1975 555 2119 599 cum
2182 555 2260 599 eo

310 628 522 697 erant,
586 617 904 701 quomodo
965 618 1237 684 intravit
1295 620 1361 684 in
1423 620 1686 685 domum
1747 618 1875 683 Dei
1935 631 2002 684 et
2057 640 2261 703 panes

311 704 779 789 propositionis
834 704 1131 781 comedit,
1198 724 1359 786 quos
1428 727 1556 770 non
1626 704 1864 771 licebat
1927 706 1986 768 ei
2046 704 2259 782 edere,

311 811 531 874 neque
575 791 670 855 eis
714 791 826 873 qui
863 809 1009 854 cum
1049 810 1125 854 eo
1161 804 1368 867 erant,
1416 792 1541 856 nisi
1579 790 1734 856 solis
1770 757 2259 858 sacerdotibus‘f

310 875 394 941 In
440 896 568 960 quo
614 887 836 940 tamen
896 897 936 939 a
983 876 1122 941 Deo
1183 896 1318 940 non
1375 890 1476 941 est
1533 878 1987 959 reprehensus.
2080 875 2258 957 Quin

312 977 379 1027 et
425 961 754 1033 Dominus
823 973 1043 1026 noster
1087 961 1273 1027 Iesus
1319 961 1625 1028 Christus
1683 983 1990 1027 summus·
2039 983 2257 1027 rerum

310 1047 513 1112 iudex
560 1058 628 1112 et
669 1042 911 1113 arbiter
955 1067 1067 1112 ore
1113 1050 1374 1130 proprio
1418 1047 1746 1112 Davidem
1796 1047 2094 1113 absolvit.
2163 1051 2261 1114 Ac

311 1133 593 1218 proinde
651 1135 1097 1216 quaestionem
1164 1153 1426 1198 omnem
1491 1133 1601 1200 hic
1667 1132 1810 1197 tolli
1869 1144 2128 1217 oportet
2181 1138 2261 1198 de

311 1241 445 1303 qua
489 1219 765 1303 ipsemet
810 1218 1134 1283 Dominus
1180 1228 1407 1283 noster
1451 1219 1638 1284 Iesus
1684 1219 2014 1295 Christus,
2061 1239 2260 1303 penes

306 1326 506 1388 quem
552 1325 813 1370 summa
857 1305 1172 1369 autoritas
1230 1315 1347 1385 est,
1413 1303 1809 1370 sententiam
1870 1305 2041 1369 tulit.
2126 1303 2256 1371 Sed

309 1412 436 1476 age
502 1411 632 1473 quo
698 1389 1127 1455 fundamento
1193 1390 1444 1455 nitatur
1509 1393 1648 1473 ipse
1707 1388 1894 1456 Iesus
1952 1389 2259 1455 Christus

308 1475 782 1576 eit-pendamus.
861 1476 1211 1541 Rationem
1258 1476 1435 1540 enim
1479 1475 1677 1554 addit,
1723 1476 1876 1558 quia
1918 1475 2101 1541 filius
2146 1476 2256 1541 ho·

307 1563 513 1627 minis
573 1560 880 1626 dominus
941 1574 1040 1626 est
1105 1562 1301 1626 etiam
1360 1561 1681 1640 sabbathi,
1747 1563 1985 1645 quibus
2045 1561 2260 1627 verbis

307 1649 560 1714 indicat
622 1646 1014 1713 sabbathum
1083 1647 1403 1713 indictum
1481 1647 1681 1714 fuisse
1749 1661 1820 1712 ut
1887 1647 2261 1712 hominibus

305 1736 609 1810 serviret,
677 1744 745 1797 et
808 1731 1048 1798 idcirco
1112 1731 1338 1798 fideles
1392 1734 1784 1799 sabbathum
1842 1733 2261 1799 observantes

305 1832 626 1920 tanquam
692 1819 821 1882 Dei
880 1817 1050 1884 filios
1119 1838 1246 1883 non
1315 1818 1385 1882 in
1454 1840 1597 1884 eam
1664 1818 1807 1901 cogi
1872 1818 2259 1885 servitutem

307 1907 475 1989 quin
521 1905 889 1970 libertatem
936 1904 1221 1969 habeant
1277 1904 1556 1969 faciendi
1612 1905 1680 1969 id
1726 1904 1897 1988 quod
1958 1905 2260 1971 instituto

297 1991 709 2076 legislatoris
754 2011 882 2055 non
933 2001 1275 2074 repugnet.
1363 1990 1507 2055 Iam
1571 1992 1772 2090 igitur
1814 1990 2260 2089 expendamus

306 2098 432 2142 cur
480 2075 806 2142 Dominus
850 2075 1292 2160 prohibuisset
1334 2097 1540 2160 panes
1601 2080 1757 2143 istos
1801 2075 2260 2159 propositionis

308 2161 568 2228 comedi
612 2183 654 2227 a
698 2162 915 2246 vulgo,
962 2167 1072 2227 sed
1121 2172 1380 2227 tantum
1426 2183 1466 2227 a
1499 2162 1961 2243 sacerdotibus,
2004 2171 2074 2225 et
2114 2161 2260 2244 qui-

306 2252 462 2315 dem
501 2247 687 2313 velut
721 2269 760 2312 a
795 2249 1120 2313 communi
1161 2250 1297 2312 vita
1333 2250 1669 2330 separatis,
1714 2247 2046 2314 voluisset.
2112 2247 2255 2311 Iam

306 2344 472 2401 ante
515 2336 711 2399 finem
759 2333 923 2417 legis
967 2334 1157 2399 istius
1200 2333 1622 2411 ostendimus,
1682 2353 1883 2418 panes
1943 2332 2258 2398 nimirum

301 2419 780 2504 propositionis
840 2420 1089 2484 oblatos
1145 2428 1213 2484 et
1268 2421 1335 2484 in
1397 2440 1623 2485 mensa
1668 2419 2021 2485 sanctuarii
2068 2438 2255 2502 repo-

301 2509 499 2588 sitos,
557 2521 628 2570 ut
687 2504 882 2571 huius
945 2526 1206 2571 mensae
1261 2520 1528 2572 sanctae
1572 2507 1815 2572 virtute
1859 2517 1926 2571 et
1967 2504 2257 2571 efficacia

302 2592 631 2674 reliquiae
693 2591 912 2674 populi
960 2591 1239 2656 bibentis
1306 2601 1373 2655 et
1427 2591 1681 2657 edentis
1741 2612 2006 2657 mensae
2046 2590 2252 2655 veluti

298 2677 444 2742 Dei
489 2678 855 2759 praesentis
900 2678 1237 2743 maiestate
1280 2677 1858 2743 sanctificarentur.
1948 2677 2157 2742 Porro
2194 2676 2251 2741 si

301 2783 516 2846 panes
559 2763 653 2826 illi
699 2763 1159 2846 propositionis
1202 2764 1311 2846 qui
1358 2763 1753 2828 tollebantur
1801 2786 1838 2828 e
1881 2764 2251 2829 sanctuario

291 2846 610 2916 omnibus
667 2849 810 2913 sine
876 2848 1252 2914 discrimine
1308 2849 1378 2913 in
1438 2869 1628 2913 usum
1691 2849 2055 2927 cessissent,
2107 2852 2250 2913 ‘non

291 2934 427 3000 tali
464 2936 836 3000 reverentia
874 2954 1003 3016 qua
1049 2956 1167 3017 par
1202 2947 1343 3000 erat
1378 2937 1766 3036 mysterium
1802 2934 1968 2999 illud
2006 2932 2252 2999 Paulus

291 3030 658 3086 veneratus
705 3020 952 3097 fuisset,
999 3031 1067 3085 et
1110 3041 1243 3084 non
1279 3021 1675 3103 cogitassent
1709 3020 1788 3086 de
1825 3020 2021 3086 Deo
2003 3041 2072 3084 ιιι
2111 3019 2253 3085 cibo

292 3118 377 3172 et
421 3120 578 3189 potu
625 3105 1068 3190 glorificando.
1156 3110 1254 3173 Ac
1312 3105 1588 3191 proinde
1643 3107 1904 3191 impura
1960 3107 2251 3189 ipsorum

291 3212 538 3258 mensa
579 3191 826 3270 fnisset,
886 3212 1082 3275 quam
1127 3190 1270 3257 Deo
1315 3191 1599 3258 dedicari
1644 3191 2001 3276 oportebat,
2048 3212 2251 3274 popu·

291 3281 542 3361 lusque
607 3278 925 3360 paulatim
995 3279 1062 3343 in
1145 3278 1575 3354 adulterinam
1647 3279 2030 3363 religionem
2097 3298 2250 3341 con-

291 3383 545 3429 versus
589 3363 776 3427 nullo
843 3362 1104 3428 divinae
1169 3363 1333 3450 legis
1394 3364 1609 3430 studio
1666 3365 1898 3430 fuisset
1956 3365 2248 3430 affectus.

289 3451 588 3517 Factum
636 3460 854 3514 autem
901 3449 1077 3516 istud
1122 3449 1404 3515 Davidis
1450 3450 1710 3515 divinae
1754 3450 2080 3516 voluntati
2130 3448 2250 3514 mi·

293 3537 486 3602 nime
543 3534 670 3599 fuit
727 3536 1146 3601 contrarium.
1236 3536 1412 3618 Quid
1475 3535 1612 3601 ita?
1693 3518 1977 3635 Nempe
1989 3534 2253 3600 nolebat

289 3624 525 3706 ipsum
585 3621 797 3687 Deum
856 3623 979 3687 hac
1039 3622 1229 3687 famis
1274 3624 1659 3687 necessitate
1701 3621 1982 3706 opprimi
2040 3642 2252 3705 neque

291 3707 392 3773 ad
437 3708 971 3773 caeremonialem
1011 3708 1192 3774 illam
1240 3709 1404 3794 legis
1426 3707 1913 3773 observantiam
1949 3729 2041 3772 sic
2065 3706 2246 3771 illum

288 3793 647 3877 obligarat,
693 3803 770 3856 ut
811 3816 939 3859 non
988 3804 1206 3878 posset
1250 3804 1316 3859 et
1362 3815 1492 3859 non
1537 3792 1766 3860 liceret
1810 3794 1934 3876 ipsi
1979 3794 2050 3856 in
2095 3813 2246 3858 casu

291 3878 713 3946 necessitatis
774 3878 894 3955 dex
914 3882 1189 3980 panibus
1246 3880 1377 3946 illis
1437 3880 1645 3944 edere.
1734 3879 1904 3943 Nam
1965 3878 2246 3977 exempli

288 3965 536 4051 gratia,
582 3963 639 4029 si
684 3965 849 4029 forte
894 3967 1274 4050 contigisset
1309 3987 1589 4049 egenum
1627 3966 1907 4047 aliquem
1945 3974 2013 4027 et
2057 3965 2246 4028 mise·

289 4072 456 4116 rum
535 4050 867 4115 hominem
947 4052 1384 4117 sanctuarium
1454 4062 1970 4133 praetereuntem
2044 4050 2243 4114 animi

288 4137 662 4220 deliquium
712 4139 865 4217 pati,
923 4137 1091 4221 quod
1137 4136 1437 4202 sacerdos
1484 4137 2053 4214 animadverteret,
2102 4155 2249 4218 pro-

289 4226 471 4290 fecto
515 4233 786 4305 apparet
829 4223 1160 4289 hominem
1208 4223 1393 4287 illum
1439 4222 1586 4287 licet
1634 4244 1759 4287 non
1808 4222 2246 4304 postulantem

289 4329 520 4393 neque
567 4309 956 4389 loquentem,
1020 4320 1327 4392 tanquam
1389 4309 1457 4373 in
1505 4309 1779 4373 articulo
1827 4308 2050 4372 mortis
2094 4329 2248 4372 con·

289 4397 610 4463 stitutum
671 4395 751 4457 ab
811 4397 954 4477 ipso
999 4396 1333 4461 sacerdote
1390 4393 1889 4459 sustentandum
1938 4395 2138 4458 fuisse
2183 4403 2250 4459 et

293 4504 433 4548 non
495 4482 697 4545 fuisse
743 4494 1157 4563 peccaturum
1219 4482 1531 4547 adversus
1589 4478 1984 4565 legislatoris
2027 4479 2246 4543 inten-

293 4571 587 4634 tionem:
650 4567 822 4650 quod
887 4588 1018 4632 non
1086 4569 1216 4633 sint
1285 4568 1481 4632 verba
1525 4576 1784 4630 tantum
1825 4565 1986 4649 legis
2031 4573 2246 4630 atten-

287 4652 541 4734 denda,
600 4653 712 4719 sed
759 4654 964 4736 ipsius
1009 4655 1291 4718 maxime
1351 4653 1735 4718 substantia.
1826 4650 2249 4734 Quandoqui-

291 4741 451 4807 dem
519 4704 723 4823 igitur
788 4737 1111 4804 sacerdoti
1179 4738 1360 4803 licuit
1424 4738 1505 4803 de
1564 4738 1704 4802 vita
1762 4738 2242 4822 periclitantem

291 4827 590 4909 aliquem
638 4824 759 4890 hoc
802 4844 973 4907 pane
1018 4834 1242 4889 sancto
1284 4823 1598 4889 adiuvare
1643 4832 1709 4889 et
1753 4826 2040 4900 reficere,
2109 4825 2244 4889 Da-

293 4913 522 4977 videm
581 4911 781 4976 etiam
842 4909 1143 4976 sacerdos
1203 4909 1306 4975 his
1359 4909 1637 4991 panibus
1679 4907 2051 4987 sublevans,
2110 4930 2243 4975 non

289 4998 598 5084 peccavit
643 4996 960 5062 adversus
985 4995 1110 5060 Dei
1158 4996 1571 5061 mandatum.
1619 4997 2000 5077 praesertim
2039 5016 2244 5078 quum

291 5083 488 5149 illum
547 5082 938 5147 existimarit
997 5081 1292 5166 publicae
1349 5081 1652 5147 utilitatis
1707 5102 1905 5147 causa
1967 5083 2032 5145 in
2096 5090 2241 5146 tan-

289 5184 445 5234 tum
490 5167 840 5235 discrimen
887 5171 1163 5245 venisse,
1224 5179 1288 5232 et
1349 5177 1534 5233 tanta
1589 5167 1973 5233 necessitate
2010 5167 2240 5249 premi.

285 5256 524 5339 Atque
591 5253 750 5320 haec
808 5264 962 5319 sunt
1016 5220 1445 5320 fundamenta
1499 5253 1652 5320 facti
1710 5253 1888 5319 illius
1941 5252 2239 5331 Davidis,

2115 344 2512 413 SAMUEL.
2562 345 2760 414 OAP.
2807 346 3001 412 XXI.

4191 345 4318 411 394

2364 534 2531 618 quod
2600 533 2878 617 speciale
2945 533 3201 618 aliquod
3266 534 3387 599 Dei
3455 532 3877 618 privilegium
3944 532 4025 597 ad
4096 541 4312 599 actum

2364 619 2564 685 semel
2631 620 2728 684 illi
2794 641 2834 684 a
2891 619 3038 686 Deo
3090 639 3471 685 concessum
3531 632 3799 703 propter
3866 617 4033 702 legis
4100 628 4312 686 trans-

2360 707 2766 803 gressionem
2810 704 3081 771 minime
3127 703 3476 771 dicendum
3523 717 3641 785 est,
3686 704 3801 770 sed
3848 704 4150 768 divinum
4197 705 4307 771 be·

2362 791 2664 856 neficium
2713 803 2779 856 et
2824 790 3180 856 liberalitas
3219 813 3258 856 a
3301 791 3694 876 legislatoris
3732 811 3896 874 pura
3942 791 4309 858 intentione

2362 898 2660 942 manans.
2752 877 2973 958 Quum
3020 879 3222 962 igitur
3257 877 3585 941 Dominus
3633 886 3851 941 noster
3895 874 4079 942 Iesus
4116 873 4313 941 Obri-

2363 973 2504 1028 stus
2552 964 2644 1027 ait
2689 983 2816 1027 non
2866 962 3123 1028 licuisse
3168 961 3412 1028 Davidi
3460 961 3539 1026 de
3586 960 3864 1045 panibus
3925 960 4053 1025 illis
4098 960 4310 1041 edere,

2366 1070 2490 1113 non
2530 1049 2624 1114 sic
2671 1047 3170 1133 intelligendum
3216 1049 3401 1132 quasi
3440 1049 3624 1111 nefas
3668 1057 3838 1113 esset
3882 1057 3995 1111 aut
4037 1052 4305 1112 omnino

2365 1134 2768 1219 prohibitum
2839 1133 2918 1198 de
2982 1134 3115 1199 illis
3182 1134 3390 1199 edere.
3500 1133 3746 1198 Notum
3830 1146 3929 1197 est
3995 1132 4309 1217 quidquid

2365 1219 2550 1285 Deus
2607 1219 2997 1284 condemnat
3061 1241 3188 1285 non
3252 1241 3439 1301 posse
3502 1239 3783 1302 unquam
3845 1230 4150 1301 tanquam
4200 1220 4308 1284 bo·

2363 1327 2520 1370 num
2593 1304 2873 1389 probari.
2988 1309 3082 1371 Ac
3150 1306 3304 1371 licet
3367 1314 3595 1371 contra
3658 1304 3954 1368 homines
4021 1305 4309 1369 sentiant

2362 1390 2492 1456 Dei
2552 1402 2767 1455 tamen
2831 1392 3086 1455 firmam
3149 1404 3487 1473 ratamque
3546 1409 3806 1473 semper
3863 1410 4005 1455 esse
4050 1400 4308 1456 senten·

2364 1479 2559 1542 tiam:
2605 1477 2777 1559 quod
2825 1480 2843 1540 i
2893 1478 3028 1541 itur
3072 1476 3401 1541 Dominus
3444 1486 3668 1541 noster
3714 1475 3903 1539 Iesus
3946 1488 4169 1539 noster
4214 1478 4306 1540 ait

2365 1584 2496 1628 non
2546 1562 2803 1628 licuisse
2915 1562 3090 1628 avidi
3150 1561 3345 1627 edere
3403 1561 3482 1626 de
3529 1561 3804 1646 panibus
3846 1561 3993 1638 illis,
4054 1583 4139 1625 ex
4185 1583 4309 1627 usu

2362 1651 2689 1715 communi
2749 1648 3094 1731 loquutum
3152 1669 3302 1713 eum
3370 1669 3508 1713 esse
3571 1647 3871 1712 sciamus.
3975 1645 4307 1727 Quemad-

2362 1734 2626 1799 modum
2709 1734 2993 1816 exempli
3072 1734 3286 1819 gratia
3367 1755 3497 1798 non
3578 1731 3761 1798 licuit
3836 1732 3940 1796 die
4007 1732 4306 1797 sabbathi

2361 1840 2590 1886 carnes
2657 1818 2742 1884 ad
2804 1820 3024 1903 ignem
3094 1834 3210 1884 aut
3265 1838 3499 1903 panem
3561 1839 3853 1900 coquere,
3922 1838 4133 1900 neque
4192 1839 4307 1883 rus

2360 1906 2702 1987 proficisci,
2770 1925 2984 1988 neque
3050 1904 3230 1988 ligna
3296 1906 3472 1969 domi
3535 1902 3802 1983 findere,
3871 1923 4034 1987 quae
4089 1906 4309 1969 omnia

2361 1992 2503 2075 lege
2570 1991 3087 2076 prohibebantur
3148 2012 3225 2055 ea
3291 1998 3513 2054 tamen
3576 1988 3948 2054 conditione
4010 1990 4134 2054 nisi
4193 2010 4309 2054 ne·

2360 2079 2662 2142 cessitate
2707 2076 2925 2177 aliqua
2983 2084 3397 2161 cogerentur.
3496 2075 3729 2159 Itaque
3789 2074 4147 2139 notandum
4208 2087 4308 2140 est

2358 2163 2530 2229 hanc
2574 2163 3072 2246 permissionem
3115 2160 3362 2228 Davidi
3397 2161 3637 2227 factam
3674 2180 3806 2225 non
3844 2159 4046 2226 fnisse
4083 2171 4307 2226 contra

2467 2270 2570 2314 em
2616 2248 2898 2332 speciale
2942 2247 3201 2330 aliquod
3246 2246 3682 2348 privilegium.
3770 2246 3994 2347 Atque
4042 2246 4163 2311 hoc
4207 2256 4307 2311 est

2356 2250 2706 2419 dfii'genter
2744 2332 3241 2434 observandum,
3282 2333 3588 2416 quoniam
3625 2332 3947 2415 ingeniosi
3987 2341 4147 2397 sunt
4180 2332 4305 2397 hac

2355 2423 2423 2486 in
2469 2430 2655 2505 parte
2699 2419 2999 2485 homines
3040 2420 3106 2483 in
3151 2418 3541 2503 quaerendis
3585 2418 3846 2502 effugiis
3887 2418 4123 2501 quibus
4169 2418 4294 2484 hoc

2359 2508 2460 2574 vel
2469 2442 2672 2571 1'illud
2716 2507 2837 2571 sibi
2886 2505 3081 2570 licere
3116 2506 3553 2588 persuadeant
3591 2512 3656 2568 et
3692 2503 4080 2569 nominatim
4117 2523 4303 2569 sanc·

2358 2601 2571 2658 torum
2640 2591 2958 2675 exemplis
3023 2611 3145 2656 sua
3208 2591 3380 2656 facta
3456 2591 3730 2674 probare
3795 2603 4301 2655 consueverunt.

2357 2677 2861 2745 Observandum
2909 2677 3112 2761 igitur
3149 2675 3498 2758 Davidem,
3534 2675 3686 2741 licet
3720 2697 3876 2740 usus
3899 2675 3984 2739 sit
4028 2675 4303 2760 panibus

2356 2764 2830 2865 propositionis,
2879 2783 3039 2847 quos
3075 2763 3261 2827 Deus
3297 2763 3452 2828 solis
3496 2759 3937 2828 sacerdotibus
3982 2763 4301 2826 reservari

2357 2852 2658 2927 iusserat,
2706 2872 2790 2914 n«
2797 2872 2837 2915 ιι
2885 2862 3100 2913 tamen
3142 2847 3366 2913 divina
3409 2849 3736 2913 sententia
3780 2846 4302 2946 condemnatum,

2358 2935 2531 3037 quod
2599 2935 2993 3036 legislatoris
3058 2936 3334 2999 intentio
3402 2941 3571 3000 esset
3629 2932 3837 3031 legem
3913 2934 4049 2995 vim
4114 2953 4300 2997 suam

2356 3022 2654 3088 obtinere
2696 3021 2751 3086 si
2798 3021 2983 3086 nulla
3025 3020 3376 3086 necessitas
3431 3019 3503 3084 in
3549 3017 3946 3084 contrarium
3991 3017 4298 3082 traheret.

2356 3108 2503 3172 Hoc
2549 3109 2639 3171 ita
2683 3128 2824 3173 esse
2868 3128 2950 3172 ex
2996 3106 3078 3170 iis
3122 3115 3391 3189 apparet
3425 3125 3590 3188 quae
3634 3113 3787 3168 ante
3832 3102 4137 3182 diximus,
4183 3125 4300 3169 cur

2357 3194 2541 3259 Deus
2588 3194 2784 3258 vellet
2827 3192 2997 3258 solos
3040 3190 3413 3258 sacerdotes
3456 3192 3598 3256 istis
3616 3189 3910 3289 panibus
3953 3189 4126 3255 vesci
4167 3210 4298 3254 non

2358 3290 2576 3345 autem
2645 3299 3021 3344 communes
3085 3279 3245 3343 fleri.
3357 3281 3457 3342 An
3526 3277 3702 3340 enim
3753 3277 3992 3341 misero
4047 3274 4297 3340 homini

2325 3369 2526 3432 ,fame
2569 3365 2869 3450 pereunti
2926 3386 3056 3429 non
3119 3364 3348 3428 fuisset
3400 3363 3545 3429 istis
3588 3360 3866 3444 panibus
3909 3381 4295 3427 succurren-

2355 3450 2511 3516 dum
2558 3450 2729 3533 quod
2778 3451 2965 3516 Deus
3010 3449 3184 3515 solos
3227 3448 3591 3514 sacerdotes
3629 3447 3761 3511 illis
3809 3449 3977 3513 vesci
4024 3446 4297 3513 manda-

2355 3536 2601 3603 visset?
2672 3536 2849 3602 Sane
2895 3536 3061 3600 bene
3099 3536 3259 3600 haec
3298 3536 3470 3599 inter
3514 3556 3583 3599 se
3619 3534 4038 3612 conveniunt,
4084 3554 4295 3601 sacer·

2354 3623 2537 3688 dotes
2595 3623 2765 3687 solos
2824 3624 2998 3688 vesci
3060 3620 3335 3705 panibus
3414 3619 3872 3704 propositionis
3953 3618 4165 3684 iussos
4240 3630 4304 3685 et

2352 3710 2619 3773 interim
2666 3709 3060 3774 humanitati
3109 3707 3321 3772 locum
3367 3707 3525 3786 dari,
3584 3714 3657 3770 ut
3703 3706 3771 3768 in
3817 3725 3974 3771 casu
4019 3708 4301 3772 necessi-

2354 3797 2507 3859 tatis
2544 3794 2866 3861 auxilium
2902 3791 3352 3859 laborantibus
3389 3792 3752 3856 afferretur.
3822 3789 4076 3857 Idcirco
4101 3793 4298 3857 etiam

2356 3880 2684 3947 Dominus
2750 3890 2973 3945 noster
3035 3879 3225 3944 Iesus
3291 3876 3596 3943 Christus
3667 3876 3837 3942 hanc
3908 3880 4296 3943 sententiam

2352 3988 2470 4033 suo
2548 3966 2794 4033 calculo
2872 3965 3305 4031 confirmans:
3392 3961 3602 4029 Oseae
3660 3963 4018 4047 prophetae
4085 3964 4300 4029 verbis

2353 4052 2626 4118 eandem
2675 4062 2884 4117 ratam
2928 4051 3115 4115 facit:
3174 4049 3393 4114 Deum
3456 4051 3755 4131 inquiens
3802 4049 3996 4114 malle
4042 4050 4292 4114 miseri-

2352 4139 2636 4205 cordiam
2697 4158 2891 4221 quam
2952 4136 3361 4201 sacrificium.
3452 4135 3739 4200 Istorum
3805 4136 4007 4219 igitur
4052 4137 4295 4200 scriba·

2353 4246 2498 4290 rum
2546 4232 2613 4288 et
2656 4223 3155 4288 Pharisaeorum
3195 4222 3511 4286 malitiam
3569 4240 3645 4285 ac
3690 4223 3867 4286 virus
3915 4241 4112 4302 quum
4162 4222 4285 4285 Dei

2354 4313 2566 4396 legem
2626 4309 2866 4375 stultae
2924 4330 3079 4373 suae
3134 4308 3425 4392 opinioni
3495 4307 3813 4373 subiicere
3879 4322 4293 4383 conarentur,

2354 4396 2707 4480 redarguit
2792 4397 2962 4478 quod
3032 4393 3215 4458 Deus
3290 4414 3407 4477 per
3469 4391 3708 4458 Oseam
3790 4390 4146 4457 declaravit
4223 4412 4293 4458 se

2351 4481 2547 4547 malle
2639 4480 3149 4547 misericordiam
3240 4501 3433 4565 quam
3514 4477 3931 4544 sacrificium.
4055 4478 4290 4543 Procul

2352 4568 2568 4651 dubio,
2624 4577 2699 4632 ut
2756 4577 2910 4631 ante
2966 4565 3123 4646 dixi,
3183 4567 3502 4653 sacrificia
3561 4584 3678 4648 per
3736 4584 3806 4628 se
3858 4562 4026 4627 nihil
4071 4576 4287 4628 erant:

2351 4675 2564 4738 neque
2621 4653 2796 4719 enim
2841 4674 2881 4717 a
2923 4651 3066 4717 Deo
3119 4645 3440 4735 instituta,
3500 4648 3668 4732 quod
3729 4648 3888 4731 ipsis
3950 4648 4288 4733 indigeret,

2349 4741 2463 4806 sed
2532 4750 2603 4804 nt
2660 4738 2792 4804 illis
2848 4736 3151 4804 homines
3208 4738 3646 4803 erudirentur.
3744 4733 4288 4818 Quandoquidem

2349 4828 2550 4910 igitur
2606 4824 2925 4891 sacrificia
2982 4843 3098 4906 per
3151 4844 3223 4889 se
3283 4821 3537 4888 inutilia
3580 4831 3793 4901 erant,
3851 4822 4284 4907 expendenda

2349 4931 2477 4977 vox
2558 4911 2672 4976 illa
2744 4909 3134 4994 prophetae,
3211 4908 3426 4973 Deum
3504 4907 3700 4973 malle
3779 4908 4292 4974 misericordiam

2347 5017 2539 5081 quam
2606 4997 3019 5062 sacrificium.
3129 4994 3299 5060 Nam
3383 4993 3506 5058 hac
3563 5014 3719 5059 voce
3807 4994 4291 5061 misericordiae

2344 5081 2663 5166 propheta
2719 5081 3047 5147 humanos
3105 5100 3332 5145 omnes
3393 5079 3666 5144 affectus
3724 5089 3789 5143 et
3836 5081 4287 5146 miserationes

2344 5167 2859 5252 comprehendit,
2927 5167 3164 5249 quibus
3230 5165 3339 5231 alii
3407 5166 3569 5231 alios
3631 5185 3774 5232 sese
3834 5175 4062 5231 mutuo
4111 5186 4286 5232 com-

2344 5255 2540 5338 plecti
2607 5253 2862 5333 debent‚
2929 5264 2997 5318 et
3056 5252 3119 5317 in
3188 5253 3384 5318 rebus
3442 5251 3738 5336 angustis
3790 5263 3856 5316 et
3914 5251 4289 5319 difficilibus
