5059 6059
305 343 413 410 309
1655 343 1757 411 IN
1796 342 1851 410 1.
1898 343 2078 411 LIB.
2125 342 2528 411 SAMUEI..
2574 342 2771 410 OAP.
2819 342 2906 410 11.
4149 346 4280 414 310

300 536 463 624 perio
505 533 807 610 subsunt,
851 530 966 618 sed
1008 529 1211 616 longe
1243 530 1434 597 aliter
1470 547 1665 611 quam
1701 527 1947 595 fideles.
2003 529 2231 614 Neque

302 624 461 692 enim
520 639 746 705 parem
789 639 1013 685 curam
1060 618 1140 683 de
1184 618 1405 700 impiis
1449 613 1667 692 habet,
1712 635 1906 697 quam
1954 614 2034 681 de
2078 617 2232 682 fide-

300 710 475 785 libus,
542 705 655 790 qui
720 705 803 770 ad
867 725 1017 769 eum
1086 704 1479 788 confugiunt
1541 710 1841 783 totosque
1906 724 2047 768 sese
2106 703 2232 786 ipsi

300 795 700 882 permittunt,
758 811 919 875 quos
979 800 1251 874 paterno
1308 795 1528 854 favore
1579 788 2052 869 complectitur.
2143 790 2233 854 Et

300 886 363 949 in
422 881 597 946 hunc
664 897 927 944 sensum
993 877 1325 960 propheta,
1385 896 1523 957 cap.
1586 874 1687 948 10,
1739 873 1823 938 23
1868 875 1988 939 ait:
2055 875 2231 940 Novi

298 969 555 1049 Iehova,
602 985 732 1029 non
775 984 916 1029 esse
962 985 1161 1046 penes
1209 962 1539 1027 hominem
1586 959 1765 1025 viam
1810 960 2054 1043 ipsius:
2100 981 2231 1027 non

299 1076 431 1126 6886
473 1070 675 1136 penes
719 1050 936 1115 virum
981 1047 1424 1113 ambulantem
1472 1045 1578 1110 vel
1618 1043 1897 1129 dirigere
1933 1068 2232 1131 gressum

297 1161 499 1208 suum.
566 1136 773 1220 Atqui
814 1134 1184 1201 incredulos
1220 1134 1440 1200 videas
1486 1132 1687 1197 stulta
1730 1132 1897 1197 inire
1941 1132 2232 1208 consilia,

301 1239 488 1309 atque
529 1223 661 1288 illis
704 1221 907 1286 fretos
943 1231 1201 1286 montes
1236 1241 1312 1286 ae
1349 1220 1554 1285 maria
1590 1217 1912 1292 traiicere,
1975 1231 2040 1283 et
2066 1219 2233 1283 nibil

300 1333 427 1377 non
483 1309 606 1375 sibi
657 1307 965 1391 polliceri.
1057 1305 1347 1387 Quinam
1396 1326 1551 1371 vero
1586 1307 1694 1386 qui
1741 1325 1825 1368 ne
1870 1304 2043 1369 labia
2091 1307 2233 1387 qui-

297 1397 438 1464 dem
483 1414 891 1461 commovere
941 1394 1082 1459 sine
1125 1393 1267 1457 Deo
1313 1401 1606 1476 possunt,
1664 1390 1935 1455 consilia
1991 1412 2111 1456 sua
2166 1391 2234 1454 in

296 1484 560 1550 ultimas
604 1500 812 1562 usque
855 1490 1065 1545 terras
1108 1476 1515 1562 producant?
1562 1475 1815 1558 Nempe
1861 1497 1990 1541 non
2028 1485 2237 1541 atten-

297 1570 460 1636 dunt
483 1587 695 1650 neque
719 1564 1058 1648 appellunt
1092 1565 1386 1629 animum
1425 1560 1508 1628 ad
1543 1561 1715 1627 hane
1751 1562 2237 1644 cogitationem,

295 1676 334 1722 a
374 1656 518 1721 Deo
565 1652 764 1736 pedes
809 1652 1145 1718 hominum
1191 1664 1487 1734 oportere
1532 1649 1691 1731 regi.
1780 1647 2044 1712 Fideles
2082 1669 2236 1714 vero

295 1740 491 1825 prebe
533 1737 883 1804 verborum
928 1738 1284 1821 prophetae
1330 1755 1649 1799 memores
1693 1754 1832 1797 sese
1880 1735 2019 1798 Deo
2064 1743 2238 1800 totos

296 1825 708 1912 permittunt,
757 1824 958 1889 vitam
1004 1843 1189 1888 suam
1236 1821 1543 1887 miseram
1589 1829 1652 1883 et
1697 1820 2041 1885 erraticam
2100 1820 2237 1884 fore

302 1914 443 1978 sine
540 1911 749 1993 ipsius
844 1908 1109 1991 speciali
1196 1927 1354 1974 cura
1433 1905 1711 1971 libenter
1789 1919 2235 1989 agnoscentes.

302 1998 433 2064 Hic
502 1997 703 2080 igitur
760 1994 960 2060 Anna
1032 1993 1366 2077 praedicat
1422 1991 1647 2056 fideles
1692 1989 1774 2055 ad
1823 1993 2036 2056 Deum
2081 2012 2235 2058 con-

296 2084 617 2167 fugientes
662 2101 782 2164 spe
824 2101 943 2148 sua
987 2101 1321 2164 nunquam
1369 2078 1718 2155 excisuros,
1776 2078 1888 2142 sed
1952 2078 2036 2142 ab
2095 2080 2236 2159 ipso

294 2168 495 2254 pedes
551 2167 843 2251 ipsorum
894 2165 1365 2232 custodiendos.
1479 2161 1592 2230 Sic
1638 2164 1810 2228 Psal.
1857 2164 1961 2240 91,
2012 2164 2089 2227 11
2138 2163 2235 2228 di·

294 2258 465 2321 citur
511 2255 691 2319 Deus
749 2252 1001 2337 angelis
1059 2251 1141 2316 de
1197 2252 1339 2316 suis
1398 2247 1697 2314 fidelibus
1755 2252 2101 2315 mandasse
2162 2259 2237 2313 ut

291 2340 666 2424 custodiant
707 2360 820 2404 eos
864 2340 935 2403 in
979 2336 1284 2403 omnibus
1328 2336 1456 2402 viis
1502 2337 1659 2414 suis,
1704 2357 1787 2400 ne
1832 2336 1913 2400 ad
1953 2335 2234 2417 lapidem

287 2428 589 2511 ipsorum
669 2424 865 2508 pedes
945 2423 1299 2489 offendant.
1412 2422 1631 2503 Digna
1708 2443 1864 2486 8866
1937 2421 2237 2486 doctrina

284 2534 489 2597 quam
535 2522 724 2577 nocte
769 2509 1002 2592 dieque
1039 2509 1448 2585 meditemur,
1496 2508 1781 2590 alioquin
1820 2519 1934 2571 aut
1972 2529 2235 2590 prorsus

287 2600 559 2665 hebetes
620 2610 813 2679 atque
869 2594 1161 2678 plumbei
1218 2594 1419 2659 futuri
1480 2603 1595 2657 aut
1653 2594 1989 2675 perpetuis
2034 2594 2234 2658 animi

287 2682 825 2751 fluctuationibus
862 2681 1113 2766 agitati,
1161 2681 1286 2746 nisi
1331 2691 1507 2745 certo
1552 2698 1936 2759 persuasum
1999 2679 2236 2744 habea-

288 2791 441 2836 mus
508 2791 627 2834 nos
672 2791 711 2835 a
774 2769 913 2833 Deo
979 2768 1048 2832 in
1116 2786 1304 2832 suam
1371 2764 1646 2831 tutelam
1713 2785 1854 2830 esse
1920 2777 2235 2847 receptos.

290 2855 474 2938 Quid
534 2855 719 2920 enim
778 2853 1083 2937 alioquin,
1139 2853 1419 2927 obsecre,
1480 2852 1735 2916 miseris
1781 2851 1965 2916 nobis
2008 2850 2232 2915 fieret?

288 2963 465 3026 quae
509 2938 770 3006 tandem
815 2960 964 3022 spes
999 2939 1261 3003 futurae
1295 2935 1579 3003 salutis?
1648 2936 1859 3000 Notae
1882 2949 2039 3002 sunt
2058 2938 2234 3002 euim

287 3027 535 3094 diaboli
597 3025 1043 3109 capitalissimi
1104 3024 1312 3089 hostis
1369 3024 1643 3088 exitium
1710 3036 2010 3087 nostrum
2084 3045 2237 3088 con-

290 3116 484 3180 tinuo
552 3112 879 3177 molientis
935 3110 1230 3176 insidiae.
1323 3110 1620 3191 Denique
1677 3129 2013 3191 nunquam
2063 3108 2237 3174 nasci

286 3200 488 3280 longe
568 3199 735 3263 foret
800 3197 1061 3274 utilius,
1152 3215 1347 3279 quam
1416 3196 1595 3260 nasci
1664 3193 1786 3260 hac
1852 3192 2239 3273 conditione,

284 3287 554 3368 Deique
616 3304 775 3367 erga
829 3303 981 3349 suos
1038 3282 1387 3365 praecipua
1443 3280 1615 3345 dona
1668 3280 2004 3363 ignorare,
2073 3302 2239 3363 quae

283 3370 635 3453 Propheta
708 3370 820 3434 Ps.
883 3369 1039 3448 121,
1096 3367 1156 3432 3.
1246 3366 1470 3450 paucis
1554 3367 1696 3431 istis
1766 3366 1980 3431 verbis
2068 3388 2240 3432 com·

282 3457 619 3540 plectitur,
685 3476 886 3539 quum
954 3454 1083 3518 ait:
1150 3453 1299 3518 Non
1354 3451 1532 3516 dabit
1579 3452 1658 3516 ad
1712 3450 1967 3535 lapsum
2015 3452 2241 3535 pedem

285 3555 517 3610 tuum:
597 3562 730 3606 non
818 3539 1200 3605 dormitabit
1272 3548 1489 3605 eustos
1561 3547 1754 3607 tuus:
1833 3537 2070 3602 lehova
2141 3548 2245 3604 est

278 3641 514 3695 custos
580 3635 760 3694 tuus:
830 3626 1082 3692 Iehova
1145 3634 1246 3690 est
1312 3625 1546 3690 umbra
1611 3635 1758 3689 tua:
1823 3633 1923 3688 est
1981 3623 2060 3687 ad
2108 3644 2243 3688 ma·

276 3735 453 3780 num
528 3712 830 3778 dextram
895 3724 1096 3777 tuam.
1201 3709 1425 3791 Quare
1484 3710 1678 3793 agite,
1738 3730 1991 3775 mecum
2056 3711 2242 3786 banc,

277 3801 551 3877 fratres,
599 3797 967 3866 doctrinam
1033 3795 1405 3880 expendite,
1470 3806 1548 3859 ut
1612 3816 1818 3878 quum
1884 3796 2245 3861 necessitas

278 3885 644 3969 postularit
701 3883 784 3950 ad
844 3903 1037 3949 usum
1096 3903 1239 3948 eam
1286 3901 1688 3959 revocemus,
1746 3891 1814 3946 et
1868 3895 2048 3946 certo
2095 3903 2243 3964 per·

280 3969 481 4037 suasi
521 3971 730 4037 simus
753 3970 975 4034 Deum
1019 3968 1285 4035 incertis
1329 3978 1399 4034 et
1433 3966 1789 4050 deploratis
1824 3968 2019 4032 rebus
2057 3989 2243 4050 prae·

287 4057 750 4124 acutissimum
798 4054 981 4122 nobis
1025 4055 1178 4131 fore,
1229 4054 1394 4120 votis
1432 4052 1811 4118 ardentibus
1848 4054 2243 4129 invocatum,

282 4165 375 4210 ae
420 4142 648 4227 quand
734 4142 954 4208 uidem
991 4151 1303 4223 tanquam
1340 4140 1516 4205 caeci
1554 4138 1926 4205 volutamur
1959 4139 2029 4202 in
2067 4149 2246 4203 tene-

280 4230 457 4306 bris,
505 4229 651 4294 viae
743 4247 927 4294 ucem
972 4226 1374 4305 adfuturum,
1419 4246 1496 4290 ac
1538 4223 1814 4308 denique
1860 4223 2043 4289 nobis
2080 4246 2245 4289 nun·

274 4335 504 4399 quam
550 4313 951 4380 defuturum.
1041 4312 1226 4378 Haec
1283 4312 1339 4377 si
1384 4312 1714 4376 mentibus
1760 4310 2003 4378 nostris
2046 4309 2246 4375 altius

276 4401 596 4467 haeserit
636 4397 963 4483 cogitatio,
1005 4418 1165 4463 sane
1207 4396 1504 4462 futurum
1552 4408 1623 4461 ut
1659 4396 1859 4461 nullis
1896 4407 2246 4480 tempesta-

278 4488 504 4568 tibus,
570 4484 766 4552 nullis
832 4484 1129 4568 procellis
1192 4484 1686 4566 perturbemur,
1752 4482 1865 4547 sed
1934 4483 2248 4548 adversus

272 4594 409 4640 eas
474 4592 706 4638 omnes
762 4569 1190 4654 imperterriti
1246 4579 1497 4634 stemus
1550 4590 1625 4635 86
1685 4568 1836 4634 licet
1880 4569 2075 4633 minis
2119 4579 2247 4633 ter-

272 4680 591 4735 reamur,
648 4658 716 4722 in
775 4658 916 4723 eius
976 4665 1293 4741 potestate
1344 4665 1589 4734 tamen,
1648 4664 1712 4718 et
1772 4663 2049 4737 paterna
2091 4675 2248 4719 cura

268 4744 558 4829 placide
602 4744 1168 4827 conquiescamus:
1228 4741 1389 4807 certi
1442 4762 1562 4806 nos
1605 4760 1940 4822 nunquam
1987 4741 2249 4824 penitus

266 4828 697 4906 obruendos,
755 4851 831 4894 ac
887 4827 1043 4895 licet
1085 4828 1385 4903 deiectos,
1432 4838 1651 4892 tamen
1697 4825 2136 4892 sublevandos
2183 4836 2252 4891 et

2335 552 2497 597 mus.
2547 531 2994 598 Porrofideles
3017 531 3126 597 hic
3154 542 3471 600 vocantur
3491 533 3757 619 benigni,
3804 556 3885 600 ex
3910 534 4275 620 scripturae

2334 618 2563 701 phrasi
2640 618 3097 697 usitatissima,
3163 619 3332 702 quod
3399 621 3739 704 quibusvis
3807 623 4277 690 tentationibus

2336 705 2674 783 resistere,
2739 707 3080 788 Deumque
3143 705 3263 772 1186
3321 706 3391 770 in
3444 720 3627 790 parte
3686 708 3928 772 imitari
3988 710 4274 791 cupiant,

2335 789 2585 856 Christi
2613 791 2880 855 Domini
2927 792 3130 856 nestri
3179 807 3593 875 praeceptum
3640 806 3999 876 sequentes,
4045 795 4278 860 iuben-

2336 877 2422 940 tis
2447 876 2620 959 apud
2649 878 2896 941 Lucam
2927 876 3146 942 fideles
3170 900 3313 943 esse
3353 879 3802 944 misericordes
3838 891 3902 944 et
3938 882 4276 962 perfectoS,

2335 975 2409 1026 ut
2468 977 2654 1045 pater
2709 964 3002 1044 ipsorum
3062 964 3172 1046 qui
3232 965 3299 1027 in
3346 965 3542 1029 coelis
3586 977 3687 1029 est
3734 965 4099 1031 misericors
4143 979 4274 1032 est:

2336 1048 2502 1131 quod
2568 1049 2916 1114 clementia
2974 1058 3040 1113 et
3097 1050 3543 1115 misericordia
3594 1050 3738 1115 Deo
3796 1052 3900 1128 sit,
3967 1051 4277 1134 quemad-

2338 1134 2604 1198 modum
2650 1134 2894 1200 ethnici
2938 1134 3064 1217 ipsi
3109 1148 3578 1220 cognoverunt,
3637 1138 4276 1204 convenientissima.

2340 1220 2426 1283 Et
2463 1220 2713 1285 Paulus
2755 1219 2837 1284 ad
2865 1219 3113 1302 Ephes.
3153 1220 3212 1297 5,
3263 1223 3296 1285 1
3357 1222 3537 1286 iubet
3597 1243 3717 1286 668
3757 1224 3967 1288 Deum
4016 1224 4279 1308 imitari,

2337 1316 2411 1369 ut
2454 1306 2763 1370 nimirum
2814 1327 3150 1372 versemur
3191 1326 3341 1372 cum
3385 1310 3657 1373 caritate
3691 1329 3837 1372 cum
3875 1311 4279 1393 propinquis,

2337 1402 2403 1456 et
2443 1392 2731 1456 fraterno
2779 1391 3056 1469 vinculo,
3101 1413 3176 1457 ac
3220 1395 3466 1458 mutuis
3513 1395 3840 1462 beneficiis
3885 1396 4279 1462 vinciamur.

2339 1475 2564 1557 Quare
2629 1479 2684 1542 si
2744 1497 2974 1542 revera
3043 1478 3268 1560 quales
3328 1479 3627 1562 cupimus
3688 1480 3911 1544 haberi
3973 1482 4090 1545 filii
4154 1483 4280 1547 Dei

2339 1585 2480 1628 esse
2528 1563 2847 1637 volumus,
2905 1564 3288 1629 clementiae
3347 1586 3420 1631 86
3479 1566 3958 1631 misericordiae
4008 1568 4288 1636 studens

2340 1649 2499 1713 dum
2543 1661 2678 1714 est:
2726 1671 2800 1714 86
2848 1647 3133 1714 belluina
3176 1662 3434 1729 natura,
3495 1672 3625 1733 qua
3685 1651 3872 1716 mode
3933 1652 4038 1718 hic
4087 1655 4280 1722 modo

2339 1734 2451 1799 ille
2495 1734 2844 1811 arroditur,
2904 1735 3240 1804 exuenda:
3302 1738 3684 1802 miserorum
3747 1751 3810 1802 et
3865 1738 4280 1805 infirmorum

2340 1820 2640 1885 habenda
2701 1823 2881 1898 ratio,
2952 1843 3158 1886 mores
3218 1820 3494 1888 aliorum
3557 1823 3873 1889 modestia
3934 1826 4275 1905 tolerandi,

2339 1929 2564 1972 eorum
2611 1907 2995 1989 quibuscum
3060 1908 3344 1972 vivimus
3402 1908 3758 1974 commodis
3803 1912 4103 1975 certatim
4139 1924 4280 1977 stu-

2340 1991 2653 2058 dendum:
2716 1993 2995 2075 denique
3047 2002 3233 2057 tanta
3277 1993 3702 2059 humanitatis
3747 1995 4047 2060 habenda
4091 1999 4280 2075 ratio,

2342 2089 2414 2142 ut
2480 2100 2672 2143 nemo
2740 2077 2819 2141 de
2879 2089 3102 2144 nostra
3155 2080 3411 2144 feritate
3457 2092 3522 2144 et
3593 2082 3998 2146 immanitate
4043 2086 4278 2150 merito

2338 2173 2792 2247 conqueratur,
2860 2186 2934 2230 ac
3002 2165 3170 2229 nibil
3238 2166 3548 2247 impediat
3617 2169 3963 2248 quominus
4028 2170 4280 2250 placide

2338 2270 2485 2315 cum
2531 2252 2614 2316 iis
2659 2248 3042 2334 quibuscum
3111 2272 3231 2315 nos
3276 2252 3456 2316 Deus
3491 2251 3767 2316 sociavit
3808 2253 4009 2317 vitam
4050 2258 4278 2321 transi-

2338 2357 2590 2420 gamus.
2679 2335 2898 2417 Atque
2953 2337 3149 2402 huius
3210 2337 3389 2402 vocis
3445 2336 3846 2420 beniqnorum
3891 2339 3990 2404 vel
4037 2342 4280 2407 miseri-

2337 2423 2638 2500 cordium,
2683 2442 2874 2504 saepe
2903 2424 2969 2486 in
3013 2426 3215 2488 sacris
3258 2426 3660 2489 occurrentis
3707 2424 3865 2490 haec
3909 2436 4047 2490 esto
4093 2428 4277 2494 ratio.

2512 2508 2762 2573 Contra
2807 2508 3048 2572 dicitur
3093 2510 3227 2573 sore
3268 2514 3340 2573 ut
3373 2509 3640 2589 improbi
3697 2510 3765 2574 in
3826 2509 4092 2576 tenebris
4138 2533 4282 2578 eon-

2340 2594 2645 2672 acescant,
2698 2592 2763 2658 id
2810 2606 2910 2658 est
2952 2593 3434 2660 confundantur
3477 2609 3543 2660 et
3578 2614 3651 2659 68
3695 2595 3826 2661 illis
3870 2597 4277 2663 occludatur:

2342 2679 2450 2743 hic
2507 2683 2682 2744 enim
2743 2700 2974 2744 sensus
3033 2691 3134 2745 est
3177 2680 3412 2745 horum
3460 2680 3825 2761 verborum,
3888 2683 3959 2746 in
4014 2685 4280 2749 tenebris

2340 2765 2759 2832 cmtticesoant.
2862 2765 3078 2849 Atque
3145 2766 3223 2830 de
3289 2766 3601 2848 improbis
3671 2767 3826 2833 haec
3893 2770 4279 2836 nominatim

2342 2850 2669 2934 dicuntur,
2738 2851 2908 2935 quod
2966 2850 3048 2916 ad
3094 2852 3218 2917 Dei
3277 2874 3516 2916 nomen
3576 2851 3969 2933 blasphemis
4016 2856 4280 2921 vocibus

2343 2936 2737 3006 laedendum
2797 2948 3094 3019 apertum
3139 2960 3209 3004 es
3255 2937 3558 3021 habeant,
3617 2951 3682 3002 et
3740 2942 3826 3004 sit
3885 2941 4043 3021 ipsis
4103 2943 4282 3007 iocus

2341 3022 2661 3088 adversus
2710 3022 2924 3088 Deum
2983 3025 3339 3108 insurgere,
3401 3034 3470 3088 et
3523 3025 3663 3089 eius
3713 3024 3911 3090 verbo
3955 3026 4282 3109 flagitiose

2340 3107 2638 3174 illudere.
2729 3108 2820 3174 At
2877 3130 3040 3193 quae
3105 3108 3445 3175 hominum
3507 3111 3795 3175 insanial
3864 3112 4064 3175 immo
4125 3134 4282 3181 ‚vero

2343 3195 2491 3277 quis
2571 3195 2752 3262 furor
2828 3194 3232 3261 diabolicus?
3360 3196 3586 3278 Neque
3676 3197 3849 3261 enim
3944 3197 4282 3265 audaciam

2343 3294 2603 3354 tantum
2638 3280 3102 3346 nominandam
3138 3281 3317 3346 illam
3353 3281 3671 3347 adversus
3697 3281 3912 3348 Deum
3951 3284 4284 3348 viventem

2344 3366 2705 3442 insultandi
2770 3367 3102 3432 licentiam
3159 3367 3392 3432 iudice.
3486 3366 3739 3433 Siccine
3801 3388 3956 3432 vero
4008 3368 4279 3434 miseros

2347 3452 2837 3530 homunciones,
2918 3454 3115 3519 immo
3196 3473 3353 3518 vero
3427 3453 3775 3520 lumbricos
3838 3468 4178 3537 erepentes
4242 3477 4281 3520 e

2348 3551 2540 3614 terra,
2587 3548 2652 3601 et
2695 3538 2916 3621 putria
2957 3538 3276 3604 cadavera
3320 3539 3634 3604 adversus
3668 3551 4025 3606 creatorem
4062 3540 4282 3605 insur-

2346 3645 2520 3707 gere,
2568 3622 2648 3689 de
2681 3624 2842 3690 solio
2877 3624 3216 3689 detrahere
3254 3636 3450 3707 atque
3486 3625 3762 3692 virtutes
3783 3626 3923 3691 eius
3949 3625 4279 3692 lacerare?

2346 3709 2549 3791 Atqui
2589 3710 2930 3776 ruentibus
2958 3712 3232 3776 caeteris
3260 3711 3642 3776 mortalibus
3667 3713 3730 3776 in
3771 3722 3902 3776 tam
3927 3714 4281 3778 effraenem

2348 3795 2677 3861 licentiam
2743 3816 2858 3860 nos
2917 3796 3242 3878 patienter
3300 3797 3769 3879 praestolemur
3829 3799 3951 3862 Dei
4001 3797 4284 3864 vindicis

2348 3903 2634 3958 manum,
2693 3882 2989 3945 fraenum
3049 3882 3204 3947 olim
3260 3883 3520 3965 impuro
3577 3883 3852 3948 istorum
3926 3886 4022 3949 ori
4081 3884 4282 3951 iniec-

2347 3977 2584 4031 turam.
2672 3965 2780 4031 Ita
2823 3989 2979 4050 ergo
3023 3965 3260 4034 dicitur
3324 3970 3462 4033 fore
3508 3979 3582 4032 ut
3641 3968 3914 4052 improbi
3972 3972 4286 4036 contices-

2345 4065 2499 4117 cant
2553 4054 2618 4116 in
2682 4053 2984 4130 tenebris,
3045 4065 3110 4118 et
3165 4055 3378 4120 omnis
3437 4054 3753 4137 iniquitas
3822 4056 4168 4121 contrahat
4211 4075 4286 4120 os

2348 4159 2562 4204 suum.
2654 4138 2878 4220 Neque
2923 4159 3080 4203 vero
3125 4140 3400 4221 improbi
3450 4150 3779 4204 momento
3828 4143 4287 4220 conticescunt,

2347 4245 2548 4307 quum
2609 4224 2886 4290 subinde
2947 4224 3168 4290 videas
3214 4227 3384 4307 ipsos
3447 4225 3962 4293 recalcitrantes:
4022 4246 4287 4292 verum-

2351 4322 2571 4374 tamen
2595 4309 2888 4376 divinam
2913 4311 3298 4393 sapientiam
3325 4322 3391 4375 et
3423 4311 3735 4376 iustitiam
3777 4313 4037 4377 tandem
4076 4332 4288 4376 emer-

2349 4417 2504 4481 gere
2551 4416 2812 4460 neeesse
2857 4407 2974 4470 est,
3036 4407 3108 4460 ut
3158 4397 3269 4480 qni
3314 4397 3627 4462 adversus
3675 4396 3889 4462 Deum
3934 4397 4285 4480 obgannio·

2350 4484 2504 4560 rint,
2574 4481 2838 4546 tandem
2901 4503 3156 4547 summo
3219 4504 3370 4548 eum
3437 4483 3748 4549 dedecore
3813 4484 3881 4547 in
3949 4499 4288 4548 aeternum

2349 4567 2735 4651 praecipites
2812 4566 3050 4632 dentur
3127 4570 3419 4636 exitium.
3529 4569 3779 4636 Idcirco
3848 4568 4019 4635 Psal.
4080 4567 4184 4642 51,
4247 4567 4289 4631 6

2354 4653 2535 4718 Deus
2569 4652 2906 4718 iustificari
2946 4653 3180 4720 dicitur
3210 4656 3278 4719 in
3314 4655 3740 4732 sermonibus,
3785 4654 3933 4719 licet
3978 4654 4290 4720 adversus

2351 4742 2568 4823 ipsum
2630 4738 3003 4804 homiuibus
3062 4740 3640 4806 murmurantibus.
3743 4740 3912 4804 Nam
3971 4760 4135 4821 quae
4191 4747 4292 4804 est

2353 4825 2696 4890 hominum
2739 4825 3046 4900 amentia,
3093 4825 3266 4908 quod
3311 4829 3482 4909 ipsos
3531 4826 3652 4890 Dei
3697 4824 3934 4889 iudicia
3977 4822 4058 4888 ad
4103 4845 4289 4889 suam

266 4915 675 5002 erigendos.
765 4915 910 4982 Imo
968 4916 1023 4979 si
1085 4916 1231 4996 quis
1276 4935 1469 4979 casus
1514 4912 1833 4991 inciderit,
1884 4933 2010 4976 uon
2057 4912 2249 4977 modo
2352 4913 2670 4976 trutinam
2707 4911 3092 4993 expendere,
3139 4922 3207 4977 et
3241 4915 3464 4977 eadem
3507 4912 3629 4976 nisi
3671 4911 3968 4993 placeant
4001 4910 4292 4993 reiicere,

262 5024 427 5068 non
500 5001 837 5082 lethalem,
899 5000 1033 5078 sed,
1090 5000 1371 5068 faciente
1440 5001 1612 5074 Deo,
1692 4999 2044 5063 salutarem
2112 5000 2251 5063 fere
2351 5019 2553 5080 seque
2619 4998 2753 5062 suis
2819 4998 3178 5064 rationibus
3246 4997 3415 5062 tueri
3489 5018 3615 5061 non
3695 4994 3980 5078 pudeat?
4070 4995 4290 5077 Atqui,

254 5091 605 5156 sciamus.
696 5087 867 5153 Nam
923 5107 1054 5170 quo
1114 5086 1323 5170 magis
1381 5084 1727 5169 periclitati
1782 5085 2116 5160 fuerimus,
2175 5105 2250 5148 66
2352 5084 2583 5163 fateor,
2641 5081 2723 5147 ad
2771 5095 3028 5165 tempus
3072 5084 3288 5165 capita
3331 5081 3509 5148 66616
3553 5081 3849 5146 inferunt
3893 5103 3968 5146 ac
4003 5082 4289 5146 furorem

253 5176 629 5260 insignius
687 5185 754 5239 et
796 5171 1205 5259 experientia
1247 5172 1390 5254 ipsa
1433 5172 1675 5239 certius
1721 5170 1982 5236 divinae
2028 5169 2249 5253 provi·
2353 5190 2548 5237 suum
2605 5166 2924 5234 adversus
2981 5166 3200 5233 Deum
3263 5179 3592 5245 evomunt,
3663 5188 3890 5232 verum
3955 5168 4297 5233 enimvero

256 5261 565 5329 dent-iae
593 5271 661 5327 et
686 5260 1018 5327 custodiae
1046 5258 1491 5325 testimonium
1529 5257 1784 5323 liberati
1816 5254 2102 5322 habituri
2140 5277 2249 5323 su·
2354 5277 2485 5322 non
2535 5265 2668 5320 tam
2714 5252 3067 5320 diuturnus
3111 5254 3222 5319 ille
3266 5254 3447 5320 furor
3490 5264 3591 5319 est
3632 5254 3791 5337 quin
3842 5252 3967 5320 Dei
4015 5254 4297 5337 potentis

3788 5352 3890 5411 20·
