5059 6059
290 309 391 377 521

288 498 483 568 tulisse
554 490 943 559 sacrificium
1007 509 1125 575 per
1189 509 1424 557 manus
1489 491 1731 558 summi
1795 490 2178 559 sacerdotis:

287 582 431 673 quod
490 577 743 664 quidem
800 593 1188 660 responsum
1254 575 1585 659 quandam
1651 576 1850 644 habet
1902 579 2180 663 speciem

286 667 574 738 veritatis:
632 662 938 748 quoniam
997 669 1148 750 post
1204 660 1496 730 oblatum
1540 663 1930 732 sacrificium
1974 663 2181 730 Phili·

286 755 423 824 staei
461 749 622 819 caesi
657 749 995 835 fugatique
1035 747 1376 816 dicuntur:
1422 767 1589 833 quae
1624 750 1693 815 fu
1741 770 1781 816 a
1825 749 2183 835 caedesque

284 862 395 909 nou
431 835 700 905 orationi
742 834 857 902 sed
893 834 1212 902 sacrificio
1250 831 1579 901 Samuelis
1623 836 1707 901 tri
1755 835 1954 902 uitur.
2001 833 2182 918 Quid

285 929 332 994 si
362 944 500 991 vero
532 917 975 1000 concedamus,
1012 940 1268 987 summo
1293 921 1627 988 sacerdote
1659 937 1796 986 non
1819 930 2180 1004 praesente,

284 1007 621 1080 Samuelem
656 1007 917 1091 propria
950 1026 1151 1072 manu
1187 1006 1575 1073 sacrificium
1610 1006 1791 1073 istud
1825 1006 2178 1074 obtulisse?

282 1097 534 1164 dicemus
596 1092 818 1158 Deum
883 1090 1181 1160 Samueli
1257 1101 1633 1175 parcentem
1711 1100 1779 1159 et
1841 1100 2179 1177 peccatum

279 1180 747 1264 coadunantem,
791 1183 1054 1264 gratum
1100 1187 1165 1242 et
1206 1186 1548 1263 acceptum
1589 1175 1895 1245 habuisse
1937 1179 2183 1248 sacrifi-

277 1269 444 1348 cium,
498 1261 668 1349 quod
725 1265 853 1331 alio
900 1264 966 1328 ui
1025 1283 1281 1332 summo
1322 1263 1465 1330 iure
1510 1284 1711 1349 agens
1753 1264 1989 1330 merito
2034 1273 2180 1331 erat

273 1351 721 1438 reprobaturus.
890 1370 976 1416 on
1051 1348 1197 1415 ideo
1263 1358 1484 1416 tamen
1561 1349 1854 1434 papistae
1932 1349 2177 1434 aliquid

274 1436 648 1514 obtinebunt,
704 1434 831 1503 hoc
884 1435 1044 1515 loco,
1101 1441 1414 1520 tanquam
1470 1435 1912 1506 munitissimo
1957 1435 2175 1522 aliquo

275 1525 493 1609 clypeo,
551 1519 905 1588 adversum
961 1541 1082 1587 nos
1136 1520 1496 1602 abutentes,
1551 1527 1629 1587 ut
1668 1540 1743 1588 eo
1787 1522 2063 1606 probent
2105 1543 2176 1590 se

271 1627 384 1675 nou
423 1606 633 1673 teneri
675 1605 804 1672 Dei
848 1605 1121 1675 verbum
1167 1627 1371 1691 usque
1411 1625 1668 1692 quaque
1689 1608 1890 1691 sequi,
1925 1607 2175 1693 sibique

268 1695 434 1762 licere
472 1692 698 1758 Deum
758 1700 952 1776 prout
1005 1693 1170 1759 ratio
1225 1693 1570 1762 dictaverit
1623 1691 1867 1760 colere:
1928 1714 2175 1777 suaque

266 1779 662 1848 nihilominus
706 1798 902 1864 opera
946 1797 1088 1845 esse
1129 1778 1486 1863 meritoria,
1530 1779 1652 1845 etsi
1695 1779 1823 1846 Dei
1866 1779 2176 1848 mandata

267 1886 379 1932 non
418 1871 790 1948 sequantur.
878 1863 1026 1931 Hoc
1083 1865 1303 1949 itaque
1346 1864 1579 1951 clypeo
1605 1864 1976 1931 'fortissimo
2020 1885 2174 1933 suas

266 1950 736 2034 superstitiones
793 1949 1087 2050 papistae
1128 1949 1320 2017 facile
1364 1950 1705 2035 quibusvis
1749 1969 2171 2035 persuasuros

267 2047 321 2102 et
352 2035 812 2121 approbaturus
855 2035 981 2101 sibi
1023 2038 1435 2118 persuadent.
1478 2035 1652 2102 Nam
1687 2038 1902 2103 aiunt:
1948 2035 2174 2118 Quan-

266 2119 581 2205 doquidem
630 2119 899 2187 Samuel
955 2140 1072 2205 per
1113 2142 1186 2187 se
1239 2122 1456 2206 ipsum
1500 2121 1739 2189 obtulit
1779 2123 2169 2190 sacrificium

265 2215 462 2273 contla
514 2205 686 2292 legis
742 2203 1160 2272 mandatum:
1216 2206 1493 2292 Deoque
1548 2207 1975 2275 nihilominus
2018 2229 2170 2293 gra-

263 2301 385 2358 tum
416 2297 481 2358 et
512 2295 857 2376 acceptum
899 2292 1045 2371 fuit,
1091 2292 1479 2378 quodexitus
1513 2293 1652 2377 ipse
1709 2293 2170 2378 comprobavit,

261 2378 493 2464 quando
538 2376 815 2444 Samuel
850 2375 1199 2443 exauditus
1240 2381 1357 2458 est,
1402 2381 1601 2447 etiam
1634 2381 1929 2464 sequitur
1971 2400 2168 2464 opera

260 2473 459 2528 nostra
496 2463 739 2542 omnia,
781 2462 1208 2530 nihilominus
1252 2462 1425 2531 bona
1466 2472 1532 2531 et
1565 2473 1755 2550 grata
1797 2472 1864 2531 et
1905 2486 2055 2533 acce
2103 2473 2171 2531 ta

260 2548 381 2614 Deo
441 2548 602 2629 fore,
682 2547 839 2616 licet
903 2567 1036 2615 non
1102 2547 1363 2616 disertis
1427 2559 1493 2615 et
1557 2552 1885 2634 expressis
1949 2571 2069 2620 ver
2112 2552 2170 2619 is

258 2633 540 2700 mandata
594 2634 750 2701 sint.
851 2633 1105 2702 Verum
1159 2635 1291 2700 iam
1349 2634 1491 2701 dixi
1547 2656 1748 2722 supra
1791 2635 2169 2705 Samuelem

256 2739 449 2785 secum
492 2717 803 2786 habuisse
845 2719 1230 2801 sacerdotes,
1273 2728 1343 2788 et
1380 2720 1445 2789 le
1496 2720 1511 2736 ⁸
1583 2742 1714 2790 non
1748 2720 1954 2790 fuisse
1987 2722 2171 2808 igna-

256 2825 400 2886 rum,
460 2826 536 2872 ac
601 2804 881 2890 proinde
936 2805 1108 2871 nihil
1172 2815 1403 2874 contra
1486 2805 1626 2894 egis
1690 2809 2169 2892 praescriptum

254 2890 488 2959 fecisse:
555 2912 763 2975 quum
821 2887 1227 2978 praesertim,
1285 2900 1360 2958 ut
1423 2892 1728 2977 superius
1792 2892 2168 2962 observavi·

253 2996 397 3055 mus,
456 2995 592 3044 non
660 2976 1084 3061 ignoraverit,
1147 2975 1581 3045 obedientiam
1645 2978 1857 3063 pluris
1921 2999 1962 3045 a
2024 2980 2169 3046 Deo

255 3061 375 3127 fieri
415 3081 614 3147 quam
660 3061 1082 3130 sacrificium:
1128 3085 1205 3131 ac
1246 3063 1521 3149 proinde
1564 3083 1700 3130 non
1741 3064 1888 3136 fieri
1929 3064 2167 3133 verisi-

253 3146 385 3212 mile
434 3146 758 3216 violatum
796 3145 1005 3216 fuisse
1046 3169 1087 3216 a
1131 3147 1435 3217 Samuele
1487 3149 1784 3216 ordinem
1824 3149 2168 3240 inviolabi-

256 3231 385 3312 lem,
425 3241 489 3300 et
530 3235 669 3301 Dei
714 3234 928 3319 legem
985 3235 1186 3302 fuisse
1242 3243 1743 3324 transgressum.
1834 3234 1969 3303 Sed
2011 3243 2168 3318 esto,

252 3315 494 3386 Samuel
553 3327 792 3387 eontra
846 3320 908 3386 le
959 3319 975 3335 '
1056 3321 1529 3405 praescriptum
1569 3322 1788 3403 iverit,
1846 3322 2003 3407 quid
2043 3322 2168 3390 hoe

252 3405 513 3487 papistas
554 3406 749 3473 iuvat
763 3404 797 3470 ⁰?
951 3425 1059 3472 am
1103 3406 1225 3475 hoc
1312 3406 1664 3491 rincipium
1706 3429 1968 3494 semper
2009 3408 2166 3474 reti-

251 3487 514 3557 nendum
574 3501 702 3571 est,
777 3490 1153 3560 Samuelem
1211 3425 1337 3560 sigi
1352 3571 1367 3594 ὁ
1393 3499 1807 3579 arrogantem
1852 3493 2167 3561 autorita-

251 3588 364 3640 tem
405 3581 637 3644 contra
682 3576 812 3644 Dei
846 3577 1248 3646 voluntatem
1284 3577 1529 3663 ahquid
1566 3579 1842 3646 faciendi
1879 3593 1945 3646 et
1980 3580 2167 3646 inno-

250 3660 444 3744 vandi,
508 3682 551 3730 a
609 3661 781 3748 legis
848 3664 1247 3750 praescripto
1318 3665 1672 3732 aberrasse.
1774 3663 1954 3748 Quid
2014 3687 2166 3734 vero

250 3745 402 3812 aliud
457 3755 560 3816 est
618 3745 753 3815 Dei
809 3748 1022 3833 legem
1088 3749 1332 3817 violare
1398 3769 1594 3838 quam
1647 3751 1776 3818 Dei
1836 3752 2165 3820 voluntati

248 3833 646 3919 repugnare?
737 3833 959 3915 Quare
1002 3833 1378 3902 Samuelem
1430 3856 1625 3903 nemo
1681 3835 1872 3922 culpa
1926 3835 2167 3903 libera-

247 3919 396 3982 verit
448 3920 503 3985 si
562 3926 829 3986 tantum
885 3919 1010 3987 sibi
1067 3923 1418 4007 arrogavit.
1504 3920 1677 3987 Nam
1732 3921 1792 3990 si
1848 3920 2161 4007 quidquid

248 3998 357 4067 Dei
414 4004 620 4073 verbo
688 4015 1198 4072 consentaneum
1264 4016 1378 4089 est,
1444 4006 1685 4072 bonum
1743 4013 1810 4074 et
1865 4019 2164 4076 sanctum

248 4095 349 4165 est,
400 4093 702 4175 sequitur
747 4114 782 4156 e
838 4092 1164 4158 contrario
1210 4090 1523 4177 quidquid
1568 4091 1778 4159 eidem
1821 4115 1981 4180 repu
2077 4104 2165 4176 at,

245 4183 563 4253 peccatum
609 4183 683 4243 et
723 4175 1134 4266 iniquitatem
1192 4199 1354 4258 esse,
1409 4198 1485 4244 ac
1529 4176 1819 4245 divinam
1862 4201 1980 4248 con
2030 4201 2164 4247 em-

246 4260 559 4328 nationem
606 4282 836 4330 secum
877 4262 1159 4329 trahere.
1206 4262 1650 4345 Quamobrem
1686 4285 1894 4349 neque
1929 4264 2163 4336 Samu-

248 4342 339 4423 eli,
376 4367 586 4432 neque
632 4347 755 4416 ulli
797 4347 1172 4416 mortalium
1260 4350 1612 4416 arcendum
1654 4357 1773 4427 est,
1828 4352 1961 4418 imo
2006 4371 2165 4419 vero

245 4449 317 4494 ne
364 4428 527 4516 ipsis
586 4433 867 4520 angelis,
922 4434 978 4501 si
1021 4434 1175 4520 quid
1284 4434 1345 4502 ei
1398 4434 1722 4502 voluntati
1766 4438 2164 4504 contrarium

246 4522 303 4578 et
337 4538 720 4605 repugnans
760 4520 1055 4588 fecerint.
1099 4519 1321 4587 Nosne
1363 4520 1567 4607 igitur
1600 4518 1977 4612 Samuelem
2020 4545 2163 4607 pec-

246 4613 483 4671 cantem
538 4604 1002 4674 imitaremur?
1070 4626 1189 4672 nos
1245 4625 1284 4671 a
1341 4611 1518 4674 recta
1570 4607 1679 4673 via
1710 4606 2166 4676 :declinantem

246 4690 709 4771 sequeremur?
796 4691 1061 4762 Nonne·
1113 4695 1343 4777 sponte
1384 4689 1604 4759 Deum
1662 4701 1916 4761 tentare
1973 4703 2039 4761 et
2083 4694 2166 4760 ad

244 4769 393 4840 iram
446 4795 817 4861 provocare
868 4775 1042 4844 velle
1103 4777 1541 4844 videremur?
1606 4777 1803 4845 Absit
1845 4779 2049 4864 igitur
2089 4788 2168 4846 ut

245 4876 283 4921 a
314 4862 509 4928 verbo
552 4863 692 4929 Dei
734 4864 842 4930 vel
881 4861 1216 4932 tantillum
1259 4863 1696 4942 deflectamus,
1737 4871 1855 4931 aut
1885 4866 1956 4930 in
1994 4865 2167 4934 hanc

248 4951 351 5008 aut
386 4946 563 5014 illam
610 4955 870 5033 partem
912 4956 1102 5015 extra
1143 4948 1271 5015 Dei
1314 4948 1591 5017 verbum
1632 4948 1962 5018 Samuelis
2006 4951 2167 5018 abu-

244 5033 439 5099 tentes
493 5034 802 5120 exemplo
857 5033 1409 5121 propendeamus:
1464 5057 1551 5103 ne
1594 5035 1767 5103 ultro
1812 5037 2166 5138 perniciem

246 5119 311 5179 et
347 5118 616 5186 exitium
666 5121 1065 5204 quaesivisse
1107 5120 1296 5189 nobis
1334 5120 1695 5188 videamur.
1763 5120 1887 5190 Sin
1932 5122 2166 5208 aliquis

247 5202 533 5288 excipiat,
601 5206 1031 5276 nihilominus
1085 5205 1288 5276 fuisse
1345 5206 1720 5276 Samuelem
1785 5206 2162 5276 exauditum

1568 301 1671 370 IN
1712 301 1769 367 I.
1815 299 1994 369 LIB.
2044 299 2449 371 SAMUEL.
2492 300 2696 370 OAP.
2741 302 2899 369 VII.

4105 311 4231 379 522

2283 511 2326 558 a
2366 491 2675 570 Domino,
2733 509 2890 558 sane
2927 493 3161 574 fateor,
3204 492 3430 560 Deum
3471 494 3684 561 multa
3726 495 4031 565 fidelibus
4074 517 4226 566 con·

2285 576 2549 656 donare,
2609 584 2674 643 et
2731 576 2802 642 in
2846 580 3127 663 gratiam
3171 598 3304 645 non
3356 579 3701 665 imputatis
3743 582 4010 651 offensis
4051 585 4229 670 ipsos

2283 661 2590 746 recipere,
2653 663 2805 730 licet
2869 664 3207 750 indignos:
3273 665 3388 731 sed
3452 666 3557 732 aio
3621 687 3758 734 non
3795 669 3978 734 ·inde
4043 674 4225 756 sequi

2283 749 2505 816 Deum
2559 747 2945 816 adstrictum
3001 753 3093 817 ita
3135 751 3366 832 teneri,
3421 757 3502 817 ut
3558 753 3783 820 eodem
3844 754 4035 822 modo
4078 767 4222 822 sese

2281 835 2354 900 in
2410 855 2637 902 omnes
2699 853 2931 920 gerere
2995 836 3247 904 debeat.
3336 836 3639 921 Namque
3701 838 3888 907 Deus
3952 842 4218 925 quidem

2284 919 2579 988 Samueli
2623 920 3034 988 condonandi
3075 928 3467 1007 potestatem
3506 923 3758 1004 habuit,
3803 926 4226 1008 quemadmo-

2282 1006 2442 1072 dum
2483 1025 2688 1090 penes
2731 1006 2918 1072 illum
2964 1009 3255 1073 omnium
3300 1028 3523 1074 rerum
3564 1017 3664 1074 est
3706 1012 4057 1079 autoritas:
4104 1014 4218 1081 sed

2280 1111 2409 1158 non
2449 1091 2604 1159 inde
2647 1093 2944 1175 sequitur
2983 1093 3170 1160 nobis
3214 1093 3411 1160 etiam
3447 1093 3671 1161 eodem
3724 1096 3917 1164 modo
3949 1117 4223 1181 peccan—

2278 1177 2456 1244 tibus
2512 1177 3053 1246 coudonaturum.
3141 1179 3477 1264 Propitius
3534 1200 3692 1267 ergo
3747 1182 3878 1246 fuit
3924 1179 4217 1251 Samueli

2280 1264 2481 1345 Deus,
2539 1263 2654 1331 sed
2711 1263 2771 1330 si
2825 1264 2896 1328 in
2950 1273 3200 1331 tantam
3257 1264 3597 1331 audaciam
3657 1272 3728 1333 et
3781 1271 4222 1370 arrogantiam

2279 1348 2756 1430 devenerimus,
2814 1358 2890 1415 ut
2931 1349 3256 1418 Samuelis
3297 1352 3671 1434 exemplum
3717 1351 3963 1419 imitari
4005 1357 4220 1438 potius

2277 1453 2470 1520 quam
2513 1433 2642 1502 Dei
2699 1433 2975 1504 verbum
3031 1436 3357 1516 malimus,
3461 1437 3740 1504 uomodo
3804 1459 3836 1504 s
3882 1458 4214 1508 eraremus

2277 1525 2529 1587 tantam
2573 1520 2912 1587 audaciam
2955 1521 3233 1587 inultam
3279 1456 3462 1588 fore}
3529 1522 3753 1604 Quare
3795 1544 3834 1590 o
3879 1543 4220 1594 servemus

2277 1607 2495 1673 Deum
2563 1606 2828 1691 quidem
2898 1608 3187 1691 potuisse
3253 1606 3627 1675 Samuelem
3694 1609 4028 1694 exaudire,
4093 1615 4218 1679 etsi

2275 1712 2410 1757 non
2454 1701 2600 1758 erat
2639 1691 2933 1777 legitime
2974 1690 3263 1758 oblatum
3298 1692 3382 1760 ab
3423 1692 3570 1778 ipso
3605 1695 4013 1777 sacrificium,
4058 1717 4218 1781 quo-

2274 1779 2454 1844 niam
2495 1795 2765 1843 suorum
2809 1777 2995 1844 Deus
3038 1779 3409 1862 miseretur,
3464 1787 3529 1845 et
3569 1779 3818 1847 malum
3861 1781 3928 1847 in
3971 1783 4218 1850 bonum

2274 1864 2600 1931 convertit
2654 1863 2908 1947 quoties
2973 1864 3098 1947 ipsi
3141 1865 3371 1948 placet,
3446 1865 3706 1932 etiamsi
3748 1865 4006 1952 indigni
4049 1868 4216 1936 sint:

2275 1951 2350 2015 ac
2406 1949 2645 2020 vitium
2685 1949 2949 2017 illorum
3007 1950 3174 2036 tegit
3211 1971 3301 2018 ne
3343 1950 3416 2015 in
3455 1950 3623 2017 illud
3665 1953 3959 2022 severius
4001 1954 4220 2039 inqui·-

2272 2041 2395 2100 rat.
2485 2036 2583 2101 Ac
2640 2055 2804 2101 sane
2860 2053 3118 2119 semper
3172 2036 3243 2102 in
3299 2035 3597 2103 fidelium
3651 2037 3956 2122 operibus
3999 2039 4222 2126 aliqua

2269 2119 2451 2187 labes
2492 2120 2684 2198 inest,
2732 2139 2901 2205 quae
2943 2140 3088 2187 reos
3132 2140 3350 2188 coram
3393 2122 3538 2189 Deo
3580 2122 3737 2190 facit
3777 2124 3973 2191 etiam
4017 2145 4215 2210 quam

2270 2206 2514 2290 optime
2547 2215 2824 2290 possunt
2856 2205 3205 2274 facientes:
3249 2208 3472 2292 itaque
3504 2228 3775 2276 necesse
3808 2217 3910 2276 est
3937 2217 4012 2277 ut
4035 2212 4218 2277 Deus

2272 2291 2479 2359 nostri
2535 2292 2931 2359 misereatur
2970 2300 3039 2360 et
3080 2292 3339 2360 infinita
3393 2313 3515 2360 sua
3558 2294 3852 2371 bonitate
3894 2298 4213 2380 complec-

2270 2383 2470 2458 tatur,
2544 2396 2744 2462 quum
2805 2377 3041 2462 accipit
3099 2385 3166 2444 et
3219 2388 3409 2464 grata
3463 2380 3663 2447 habet
3718 2400 3759 2446 o
3806 2399 3917 2447 era
3971 2395 4215 2449 nostra.

2271 2465 2384 2543 At,
2428 2481 2700 2547 quaeso:
2743 2462 3068 2542 Deumne,
3115 2465 3289 2549 quod
3322 2463 3625 2552 indulget
3659 2487 3746 2532 no
3791 2467 3851 2533 is
3885 2474 3953 2532 et
3986 2468 4218 2551 parcit,

2274 2547 2633 2616 dixerimus
2668 2569 2709 2613 a
2745 2555 3009 2632 peceato
3044 2567 3164 2616 nos
3200 2551 3507 2631 eximere,
3543 2558 3619 2617 ut
3652 2552 3946 2636 papistae
3965 2551 4215 2630 volunt,

2274 2641 2339 2700 et
2373 2654 2522 2700 cum
2544 2634 2817 2702 audacia
2853 2641 2921 2702 et
2956 2637 3330 2721 arrogantia
3364 2636 3543 2703 istud
3577 2637 3994 2705 asseremus?
4039 2637 4216 2705 Gon-

2271 2719 2376 2786 tra
2430 2719 2710 2803 deprimi
2769 2728 2834 2786 et
3007 2742 3152 2789 rsus
3209 2722 3399 2788 abiiei
3456 2743 3576 2788 nos
3635 2730 3912 2808 oportet,
3970 2732 4047 2790 ut
4089 2725 4215 2791 Dei

2271 2806 2516 2874 veritas
2575 2825 2651 2872 eo
2708 2806 2796 2872 sit
2837 2805 2884 2872 il
2916 2807 3174 2874 ustrior.
3262 2806 3436 2874 Nam
3495 2808 3616 2875 etsi
3660 2808 3990 2876 enitamur
4031 2810 4218 2876 bonis

2272 2892 2577 2978 operibus
2643 2911 2884 2958 nomen
2964 2890 3229 2976 aliquod
3413 2894 3649 2973 uirere,
3732 2901 3802 2960 et
3865 2895 4074 2961 sancti
4139 2914 4215 2960 ac

2268 2977 2541 3063 perfecti
2586 2977 2968 3059 habeamur,
3009 2986 3233 3045 tamen
3277 2980 3333 3058 si
3472 2997 3553 3045 us
3587 2997 3843 3046 summo
3877 2980 4214 3046 uobiscum

2269 3064 2415 3130 iure
2458 3071 2629 3148 agat,
2672 3071 2738 3128 et
2761 3083 2913 3130 non
2949 3084 3023 3131 co
3137 3065 3419 3131 lectatur
3447 3071 3571 3131 'nos
3607 3083 3727 3131 sua
3746 3064 4212 3141 misericordia,

2268 3155 2520 3216 sermm
2562 3156 2666 3215 est
2714 3167 2838 3215 nos
2895 3156 2963 3218 et
3015 3171 3050 3216 c
3121 3159 3266 3217 tum
3307 3167 3768 3235 quemcunque
3791 3149 4074 3216 tandem
4116 3151 4214 3216 illi

2268 3233 2760 3304 exhibuerimus
2814 3236 3130 3303 reiectum
3173 3236 3277 3318 iri,
3333 3256 3410 3303 ac
3465 3236 3722 3302 merito.
3811 3236 4039 3318 Quare
4075 3236 4220 3302 ·hoc

2269 3327 2485 3388 ratum
2529 3328 2696 3387 esto:
2744 3318 3120 3390 Samuelem
3165 3339 3301 3388 non
3345 3340 3488 3387 esse
3530 3318 3718 3387 nobis
3759 3320 3886 3389 hac
3920 3319 3992 3387 in
4026 3329 4216 3405 parte

2265 3406 2684 3485 imitandum,
2742 3407 2800 3473 si
2859 3416 3086 3475 contra
3141 3407 3271 3472 Dei
3323 3408 3537 3491 legem
3581 3405 3827 3490 aliquid
3885 3405 4072 3474 fecit:
4131 3428 4208 3474 ac

2266 3492 3208 3663 ἓωᾞξῖἰᾚέρζῖωῗθῗξο
3222 3492 3500 3645 him
3518 3487 4210 3644 ἙἪΟΞἪἚῘΞ

2262 3681 2650 3748 sequamur:
2683 3672 2750 3728 et
2783 3665 2840 3729 si
2862 3663 3135 3731 Samuel
3170 3661 3497 3731 aberravit
3531 3683 3572 3728 a
3601 3663 3767 3747 le'gis
3786 3664 4212 3749 praescripto,

2267 3748 2425 3835 quid
2465 3768 2587 3815 nos
2629 3749 2842 3816 facere
2886 3749 3260 3830 debeamus,
3306 3757 3376 3816 et
3416 3747 3574 3833 quid
3617 3755 3846 3815 contra
3888 3750 4212 3817 soleamus

2265 3835 2616 3920 diligenter
2656 3834 3116 3919 expendamus.
3163 3835 3373 3900 Porro
3405 3836 3462 3901 si
3500 3840 3757 3900 tantum
3801 3836 4210 3920 prophetam,

2265 3943 2397 3988 non
2444 3921 2731 4005 dignitas
2773 3922 3054 4020 propria,
3099 3920 3215 3987 sed
3259 3920 3550 4005 gratuita
3591 3921 3719 3987 Dei
3763 3920 4211 3987 misericordia

2266 4006 2543 4092 dignum
2598 4005 2750 4072 fecit
2805 4027 2918 4091 qm
2973 4005 3415 4087 exaudiretur,
3475 4005 3635 4090 quid
3695 4005 3885 4073 nobis
3943 4007 4207 4072 miseris

2265 4094 2469 4172 fieret,
2515 4092 2630 4174 qui
2671 4090 2902 4175 procul
2936 4091 3248 4160 absumus
3289 4090 3371 4158 ab
3415 4091 3594 4158 illius
3630 4091 4035 4172 excellentia,
4080 4092 4206 4156 nisi

2265 4179 2451 4245 Deus
2507 4177 3009 4248 clementissime
3075 4176 3415 4250 nobiscum
3482 4177 3750 4264 ageret?
3836 4176 4059 4261 Atque
4125 4176 4205 4241 de

2269 4262 2597 4331 Samuelis
2641 4261 2964 4329 sacrificio
2998 4264 3336 4331 hactenus.
3400 4261 3680 4329 Interim
3722 4259 4201 4329 observandum

2310 4369 2395 4415 ua
2451 4347 2706 4414 ratione
2761 4369 2988 4432 preces
3046 4356 3306 4418 nostras
3349 4347 3533 4417 Deus
3588 4346 3913 4428 exaudiat,
3971 4365 4206 4430 nempe

2375 4433 2539 4499 mini
2596 4434 2808 4500 nostri
2860 4432 3018 4501 Iesu
3074 4432 3348 4512 Christi,
3404 4434 3518 4520 qui
3572 4434 3806 4500 unicus
3863 4439 3965 4498 est
4007 4451 4203 4497 verus

2266 4519 2567 4588 sacerdos
2608 4526 2675 4583 et
2718 4518 2857 4586 sola
2899 4518 3114 4586 hostia
3156 4519 3462 4604 perfecta,
3497 4526 3792 4586 'mortem
3830 4516 4204 4600 inspiciens.

2266 4607 2538 4674 Certum
2618 4605 2794 4671 enim
2859 4613 2977 4687 est,
3042 4607 3164 4674 etsi
3223 4623 3448 4691 preces
3513 4602 3840 4673 Samuelis
3904 4603 4205 4668 dicantur
4271 4661 4276 4666 .

2268 4690 2634 4772 exauditae,
2711 4710 2847 4756 non
2922 4697 3147 4764 tamen
3227 4689 3500 4760 attribui·
3556 4688 3857 4775 precibus
3921 4687 4203 4753 hostium

2267 4778 2335 4844 fu
2424 4797 2492 4842 m
2551 4784 2620 4844 et
2675 4797 2746 4843 re
2834 4780 3074 4845 rtatam
3132 4777 3213 4846 de
3255 4776 3385 4845 illis
3427 4776 3786 4854 victoriam,
3831 4771 3942 4840 sed
3989 4772 4205 4839 oblato

2269 4863 2354 4931 ho
2383 4868 2662 4930 ocausto.
2715 4865 2721 4872 “
2916 4883 3043 4947 quo
3081 4871 3351 4948 apparet
3386 4881 3520 4928 non
3564 4860 3756 4926 aliter
3797 4867 4017 4943 gratas
4061 4878 4206 4926 esse

2267 4950 2410 5016 Deo
2452 4967 2640 5032 posse
2681 4955 2940 5016 nostras
2994 4969 3238 5034 preces,
3301 4965 3498 5033 quam
3540 4945 3742 5030 ipsius
3787 4946 4017 5030 gratia,
4071 4963 4203 5010 non

2268 5041 2488 5101 autem
2545 5032 2698 5101 ullis
2754 5034 3000 5102 nostris
3056 5034 3328 5114 meritis,
3386 5039 3463 5098 ut
3517 5030 3686 5097 falso
3792 5030 4038 5115 apistae
4079 5029 4202 5096 sibi

2267 5120 2487 5187 Deum
2544 5118 2614 5185 in
2673 5120 2978 5188 omnibus
3034 5119 3368 5187 devincire
3424 5115 3593 5185 velle
3647 5114 3717 5184 vi
3763 5123 3980 5200 entur,
4040 5116 4201 5183 adeo

2268 5215 2341 5273 ut
2392 5206 2450 5273 si
2503 5205 2803 5291 precibus
2854 5208 3207 5291 impetrare
3265 5225 3305 5271 a
3347 5204 3493 5270 Deo
3535 5201 3900 5269 necessaria
3945 5203 4201 5270 iubean-
