5059 6059
897 325 993 391 59

909 516 1289 581 redemerunt
1341 513 1623 595 populus
1689 511 2096 578 Ionathanem
2166 517 2234 576 ut
2296 531 2422 577 non
2486 516 2843 587 moreretur,

907 601 1271 667 iudicantes
1347 619 1496 663 eum
1579 620 1710 662 non
1789 610 2086 682 oportere
2167 597 2589 664 condemnari
2655 617 2843 678 quem

909 687 1093 751 Deus
1158 704 1194 749 e
1238 683 1435 749 coelis
1479 684 1876 750 iustificaret.
1966 683 2099 749 Sed
2147 685 2268 749 ista
2313 694 2467 749 sunt
2508 683 2843 766 sigillatim

903 769 1355 855 expendenda,
1419 780 1496 834 ut
1552 790 1634 835 ex
1679 769 1956 852 singulis
2001 771 2433 835 necessariam
2480 769 2843 834 doctrinam

906 878 1229 934 eruamus,
1288 868 1352 920 et
1411 854 1492 919 ad
1551 857 1750 921 finem
1807 858 1880 920 in
1938 877 2128 938 quem
2175 866 2630 938 proponuntur
2683 853 2845 918 refe-

906 965 1147 1009 ramus.
1280 941 1380 1007 Ac
1438 942 1722 1025 primum
1770 941 2053 1024 quidem,
2113 963 2314 1024 quum
2360 940 2522 1007 Saul
2571 961 2700 1004 non
2746 960 2845 1003 ac-

904 1038 1093 1113 cepto
1138 1047 1450 1111 responso
1506 1026 1765 1111 collegit
1811 1026 2025 1092 Deum
2077 1027 2336 1100 iratum,
2394 1026 2843 1109 quaesivitque

903 1116 1056 1199 quis
1101 1115 1169 1179 in
1218 1113 1453 1196 populo
1499 1123 1844 1196 peccasset,
1911 1134 1994 1177 ex
2039 1113 2397 1195 scripturae
2441 1132 2664 1178 sacrae
2708 1111 2842 1174 ins-

905 1203 1105 1266 tituto
1201 1201 1430 1265 fecisse
1514 1219 1963 1282 agnoscamus.
2052 1197 2580 1280 Quotiescunque
2668 1195 2841 1260 enim

905 1287 1088 1351 Deus
1142 1287 1280 1350 irae
1335 1303 1494 1350 suae
1552 1285 1872 1367 quaedam
1930 1285 2121 1367 signa
2182 1284 2503 1367 patefacit,
2562 1282 2844 1348 sciamus

906 1371 1098 1437 nobis
1163 1370 1368 1436 veluti
1435 1369 1607 1435 diem
1673 1391 1711 1435 a
1783 1370 2063 1434 Domino
2131 1368 2274 1450 dici,
2342 1378 2418 1434 ut
2485 1366 2566 1432 ad
2629 1368 2840 1451 ipsum

909 1467 1352 1523 revertamur:
1414 1465 1480 1521 et
1540 1455 1711 1539 apud
1768 1477 1883 1520 nos
1940 1457 2115 1539 ipsos
2172 1455 2522 1538 diligenter
2582 1464 2844 1537 peccata

905 1545 1336 1620 excutiamus,
1384 1540 1616 1625 quibus
1662 1542 1800 1607 eius
1843 1542 2008 1607 iram
2054 1543 2121 1605 in
2168 1562 2288 1606 nos
2321 1541 2840 1624 provocavimus.

906 1633 1007 1696 Ac
1050 1650 1244 1712 saepe
1289 1627 1572 1711 quidem,
1630 1627 1859 1704 fateor,
1918 1626 2103 1692 Deus
2163 1648 2388 1693 servos
2430 1647 2587 1691 suos
2630 1625 2840 1708 punit,

910 1738 1043 1781 non
1101 1715 1362 1798 proprie
1407 1726 1671 1796 propter
1713 1713 2000 1797 ipsorum
2046 1724 2327 1796 peccata,
2385 1710 2496 1776 sed
2544 1732 2839 1776 nonnun-

905 1823 1102 1886 quam
1163 1801 1234 1864 in
1294 1820 1532 1883 genere
1591 1809 1662 1863 ut
1721 1819 1832 1863 eos
1886 1797 1967 1862 ad
2027 1797 2409 1863 modestiam
2469 1806 2536 1861 et
2577 1796 2839 1862 humili·

905 1898 1109 1953 tatem
1146 1895 1490 1968 componat
1527 1896 1593 1949 et
1628 1896 1948 1961 exerceat,
1995 1894 2062 1948 et
2098 1906 2169 1948 re
2204 1884 2346 1967 ipsa
2381 1882 2608 1948 doceat
2644 1902 2838 1965 quam

906 1994 1169 2040 necesse
1226 1972 1315 2038 sit
1372 1972 1533 2054 ipsis
1587 1972 1667 2034 ad
1738 1971 1852 2037 Dei
1901 1970 2406 2035 misericordiam
2453 1971 2838 2050 confugere:

903 2077 1380 2141 nonnunquam
1442 2058 1633 2120 etiam
1698 2070 1768 2119 ut
1824 2055 2118 2138 exploret
2162 2067 2227 2121 et
2271 2066 2570 2120 exerceat
2614 2075 2834 2118 eorum

903 2145 1337 2211 constantiam
1397 2152 1463 2206 et
1508 2143 1905 2225 patientiam,
1962 2163 2122 2224 quos
2168 2141 2310 2206 aliis
2356 2141 2654 2223 exemplo
2697 2160 2840 2203 esse

906 2230 1068 2297 vult.
1159 2229 1436 2294 Minime
1495 2227 1754 2310 quidem
1814 2225 1981 2310 quod
2042 2248 2169 2291 non
2230 2248 2486 2310 semper
2545 2224 2839 2291 inveniat

903 2316 973 2381 in
1030 2313 1404 2379 iustissimis
1461 2311 1827 2395 quibusque
1882 2313 2041 2377 satis
2099 2315 2333 2377 iustam
2397 2332 2659 2376 causam
2718 2332 2837 2394 pu-

903 2399 1123 2466 niendi
1187 2412 1451 2482 peccata
1508 2397 1794 2480 illorum,
1855 2398 1905 2462 si
1967 2418 2221 2462 summo
2279 2399 2419 2462 iure
2474 2418 2622 2461 cum
2681 2395 2839 2478 ipsis

905 2506 1101 2571 agere
1160 2485 1374 2550 vellet.
1468 2482 1600 2549 Sed
1656 2503 1911 2548 summo
1957 2484 2095 2547 iure
2141 2504 2269 2547 non
2316 2483 2453 2567 agit
2492 2504 2639 2548 cum
2687 2482 2840 2561 suis,

906 2593 991 2637 ne
1048 2570 1129 2636 ad
1191 2570 1706 2653 desperationem
1768 2566 2004 2652 adigat,
2050 2569 2354 2651 quoniam
2401 2568 2837 2652 imperfectio·

909 2679 1060 2723 nem
1119 2657 1407 2740 ipsorum
1467 2655 1662 2738 probe
1721 2653 1914 2719 habet
1969 2656 2316 2737 cognitam.
2407 2655 2609 2737 Atqui
2653 2674 2837 2719 suam

903 2743 1018 2808 ille
1077 2741 1264 2807 nobis
1322 2742 1726 2806 voluntatem
1773 2741 2158 2823 patefactam
2206 2739 2429 2817 voluit,
2487 2759 2721 2822 nempe
2765 2750 2840 2805 ut

902 2830 1044 2895 sine
1088 2830 1233 2894 fuco
1278 2838 1343 2892 et
1407 2826 1829 2892 simulatione
1893 2826 2020 2908 ipsi
2085 2826 2472 2907 serviamus,
2538 2838 2605 2889 et
2667 2825 2836 2890 altas

900 2915 1151 2981 radices
1193 2915 1262 2979 in
1309 2912 1499 2978 nobis
1542 2913 1681 2977 eius
1727 2913 1923 2976 timor
1968 2922 2123 2996 agat
2165 2923 2230 2977 et
2271 2920 2601 2997 propaget,
2649 2921 2721 2975 ut
2755 2909 2837 2976 ad

899 3002 1101 3067 finem
1143 3019 1348 3082 usque
1392 3009 1769 3063 constanter
1805 2998 1873 3060 in
1913 3019 1988 3063 eo
2025 3017 2538 3080 perseveremus.
2587 2997 2838 3062 Idcirco

855 3088 1053 3169 'ergo
1120 3107 1238 3152 nos
1305 3083 1531 3149 multis
1595 3094 1853 3148 exercet
1919 3083 1986 3148 in
2055 3083 2175 3149 hoc
2242 3082 2482 3147 mundo
2540 3082 2729 3146 malis
2772 3092 2839 3146 et

901 3171 1400 3249 calamitatibus,
1484 3191 1567 3233 ne
1639 3171 1769 3232 otio
1836 3180 1900 3232 et
1967 3169 2436 3251 tranquillitate
2501 3188 2576 3233 ac
2641 3168 2836 3233 rebus

901 3258 1203 3326 secundis
1246 3255 1400 3321 elati
1449 3276 1486 3318 a
1531 3265 1707 3320 recta
1777 3256 1881 3318 via
1942 3266 2008 3318 et
2073 3255 2324 3320 sincero
2389 3254 2567 3318 cultu
2633 3254 2835 3336 ipsius

903 3346 1299 3410 aberremus.
1363 3341 1461 3406 Ac
1493 3362 1648 3405 sane
1689 3341 1841 3405 licet
1870 3338 2248 3423 fugiendum
2278 3341 2542 3418 malum,
2588 3339 2836 3404 Deum·

899 3452 1028 3513 que
1092 3425 1529 3494 invocandum
1601 3425 2048 3508 praedicamus
2114 3424 2426 3507 quamdiu
2492 3424 2685 3489 rebus
2742 3445 2838 3490 se-

903 3515 1135 3581 cundis
1189 3526 1254 3578 et
1312 3512 1640 3596 prosperis
1685 3513 1959 3576 utimur:
2022 3526 2237 3575 tamen
2284 3513 2336 3574 si
2386 3510 2565 3576 Deus
2610 3529 2836 3574 averso

901 3602 1091 3665 vultu
1157 3599 1461 3684 flagellet,
1543 3597 1968 3661 vehementer
2034 3596 2357 3679 indignari
2426 3607 2493 3661 et
2558 3594 2836 3661 fremere

903 3685 1210 3762 solemus,
1289 3685 1415 3749 nisi
1484 3683 1643 3747 haec
1701 3683 1994 3747 doctrina
2049 3682 2287 3746 nostris
2344 3683 2580 3746 animis
2639 3681 2834 3746 altius

902 3770 1236 3848 insederit,
1303 3770 1519 3834 Deum
1589 3769 1900 3833 nimirum
1968 3770 2038 3833 in
2107 3768 2297 3833 rebus
2356 3767 2834 3851 angustissimis

904 3856 1361 3923 invocandum.
1452 3853 1871 3937 Quapropter
1923 3855 2123 3921 variis
2172 3874 2291 3919 nos
2338 3866 2600 3918 exercet
2636 3854 2833 3918 afflic-

903 3943 1202 4018 tionibus,
1249 3962 1332 4005 ne
1377 3961 1572 4022 quum
1618 3940 1894 4024 flagellis
1927 3940 2133 4023 ipsius
2167 3940 2463 4024 castigati
2500 3940 2831 4020 fuerimus,

901 4048 1145 4094 novum
1190 4026 1253 4091 id
1304 4025 1488 4090 nobis
1534 4024 1849 4105 videatur,
1907 4040 1971 4089 et
2016 4025 2097 4090 ab
2141 4025 2252 4089 illo
2298 4027 2627 4108 perterriti
2672 4026 2830 4090 resi·

898 4114 1155 4179 liamus.
1245 4111 1474 4194 Itaque
1519 4111 1661 4176 Deo
1707 4132 1826 4177 nos
1864 4112 2063 4176 variis
2100 4110 2308 4175 modis
2345 4120 2706 4189 exercente,
2751 4131 2832 4175 ne

897 4199 1336 4282 indignemur,
1383 4197 1496 4262 sed
1542 4196 1605 4260 id
1651 4197 1794 4261 fieri
1830 4216 2297 4279 cognoscamus
2331 4206 2406 4262 ut
2439 4218 2654 4262 coram
2695 4197 2832 4279 ipso

898 4285 1112 4369 magis
1178 4304 1254 4349 ac
1318 4283 1531 4367 magis
1595 4282 2036 4362 humiliemur,
2102 4293 2169 4345 et
2232 4280 2312 4345 ad
2369 4284 2578 4365 ipsum
2627 4281 2831 4347 addu-

897 4392 1142 4438 camur.
1231 4368 1451 4451 Atque
1525 4368 1617 4431 ita
1685 4367 1869 4433 Deus
1926 4388 2116 4450 saepe
2175 4366 2632 4434 afflictionibus
2691 4377 2829 4432 tan·

897 4478 1094 4540 quam
1139 4453 1685 4537 alexipharmacis
1729 4453 1934 4518 utitur
1978 4454 2033 4519 si
2078 4475 2207 4535 qua
2249 4455 2316 4518 in
2381 4474 2451 4517 re
2496 4465 2829 4536 peecatum

897 4554 998 4608 est
1042 4564 1081 4607 a
1126 4540 1328 4615 nobis,
1377 4551 1453 4605 ut
1498 4542 1564 4604 in
1611 4548 1940 4622 posterum
1985 4560 2023 4602 a
2067 4550 2326 4623 peccato
2371 4538 2831 4620 abstineamus,

895 4638 963 4695 et
1019 4638 1331 4710 tanquam
1394 4625 1619 4690 fraeno
1686 4623 2133 4690 cohibeamur:
2208 4645 2399 4707 saepe
2463 4625 2659 4690 etiam
2702 4625 2830 4692 illis

897 4714 1276 4798 patientiam
1325 4721 1611 4778 nostram
1656 4709 1986 4793 explorat:
2031 4731 2194 4792 quae
2241 4710 2604 4776 necessaria
2646 4709 2832 4778 nobis

898 4799 1241 4883 disciplina
1286 4807 1404 4862 est.
1492 4798 1663 4863 Nam
1707 4796 1767 4861 si
1809 4796 1978 4861 forte
2022 4794 2336 4878 quaedam
2373 4795 2645 4861 adversa
2679 4816 2829 4862 con-

897 4887 1186 4969 tigerint,
1243 4905 1502 4950 summa
1545 4882 1954 4966 aegritudine
1997 4881 2351 4947 afficimur:
2413 4881 2830 4963 quamobrem

897 4969 1280 5054 usurpanda
1337 4969 1522 5035 nobis
1566 4969 1726 5035 haec
1770 4968 2065 5034 doctrina
2108 4977 2240 5032 est:
2298 4978 2371 5031 ut
2410 4967 2468 5032 si
2512 4987 2633 5032 nos
2675 4988 2828 5033 con·

899 5056 1124 5139 tigerit
1179 5056 1410 5121 durius
1469 5055 1756 5136 tractari,
1815 5076 2008 5139 quam
2067 5051 2400 5118 videamus
2445 5053 2828 5134 incredulos,

898 5140 1133 5223 quibus
1195 5140 1415 5206 omnia
1481 5162 1563 5206 ex
1631 5140 1833 5205 animi
1898 5139 2222 5205 sententia
2287 5139 2648 5214 succedent,
2716 5139 2827 5223 qui

891 5245 1151 5292 summa
1194 5227 1542 5292 autoritate
1585 5234 1650 5292 et
1687 5227 1900 5310 gratia
1935 5223 2105 5310 apud
2142 5224 2437 5290 homines
2473 5223 2825 5307 pollebunt,

2532 320 2941 388 HOMILIA
2987 322 3245 389 XLIX.
4718 330 4772 394 60

2953 514 3061 597 qui
3123 513 3352 597 opibus
3408 524 3476 578 et
3535 512 3780 578 divitiis
3824 511 4266 597 abundabunt,
4324 515 4548 597 quibus
4585 514 4780 600 denique
4888 510 4889 595 ἶ

2954 598 3123 663 nihil
3181 598 3259 663 ad
3321 599 3692 665 felicitatem
3752 598 3975 665 deesse
4032 599 4396 665 videbitur:
4475 622 4577 666 nos
4631 615 4783 668 sutem

2951 685 3215 749 interim
3262 684 3689 750 vehementer
3741 684 4127 768 laboremus,
4186 700 4251 751 et
4309 686 4377 750 in
4438 688 4669 751 summis
4708 709 4784 752 an·

2952 771 3183 853 gustiis
3227 790 3585 846 versemur,
3631 782 3695 834 et
3739 792 3995 837 amaras
4030 772 4325 854 potiones
4366 771 4712 851 hauriamus,
4738 794 4786 839 et
4886 736 4889 805 J

2952 877 3154 938 usque
3219 868 3296 920 ut
3361 858 3428 921 in
3497 878 3639 921 eam
3700 857 4121 921 tentationem
4183 856 4556 935 incidamus,
4610 857 4673 922 ds
4705 880 4789 941 qus

2951 941 3271 1025 propheta
3329 941 3634 1026 loquitur,
3694 943 3870 1009 Psal.
3934 942 4033 1008 73.
4091 943 4336 1008 frustra
4381 943 4582 1008 Deum
4621 944 4684 1009 ab
4715 943 4789 1008 ho-
4888 910 4889 999 i

2950 1026 3236 1093 minibus
3301 1027 3426 1110 piis
3491 1028 3633 1106 coli,
3701 1029 3870 1095 hanc
3938 1029 4297 1093 doctrinam
4366 1029 4435 1093 in
4500 1032 4790 1095 memoriam

2950 1134 3323 1179 revocemus
3389 1122 3458 1178 et
3522 1134 3928 1196 usurpemus,
3995 1113 4210 1180 Deum
4271 1136 4401 1180 non
4461 1113 4669 1180 idcirco
4712 1135 4791 1181 noi

2951 1199 3151 1264 variis
3197 1198 3407 1265 modis
3449 1200 3758 1282 affligere,
3823 1213 3897 1265 ut
3940 1221 3981 1264 a
4023 1221 4093 1264 se
4135 1200 4418 1279 reiiciat3
4476 1221 4661 1283 neque
4693 1200 4794 1266 inde

2948 1286 3133 1367 sequi
3213 1285 3516 1369 graviora
3596 1306 3738 1351 esse
3819 1284 4077 1350 illorum
4144 1300 4410 1368 peccata
4473 1287 4573 1368 qui
4633 1285 4795 1350 durius

2949 1369 3336 1454 affliguntur
3403 1383 3470 1436 et
3551 1372 3618 1434 in
3698 1372 3825 1436 hoc
3891 1370 4137 1436 mundo
4227 1373 4646 1456 castigantur:
4722 1370 4796 1436 sed

2950 1468 3175 1522 contra
3232 1476 3427 1540 saepe
3488 1455 3630 1521 Deo
3674 1458 4083 1522 carissimum
4129 1478 4270 1523 esse
4314 1458 4425 1540 qui
4470 1456 4796 1522 severissime

2949 1543 3287 1625 excipitur,
3344 1542 3692 1626 Deumque
3749 1563 3869 1609 sua
3912 1540 4149 1608 iudicia
4204 1543 4488 1626 incipere
4542 1542 4615 1607 ab
4651 1542 4794 1607 eccle·

2948 1627 3045 1691 sia
3088 1648 3206 1692 sua
3247 1638 3316 1692 et
3359 1650 3397 1692 a
3440 1627 3610 1707 filiis,
3678 1640 3753 1693 ut
3817 1648 3929 1694 eos
3993 1629 4230 1694 excitet
4293 1649 4334 1692 a
4401 1638 4661 1701 veterno,
4712 1648 4795 1709 quo

2948 1732 3139 1795 saepe
3183 1714 3374 1796 sopiti
3422 1715 3718 1778 homines
3761 1735 3802 1778 a
3844 1714 3987 1779 Deo
4028 1724 4437 1787 avertuntur,
4481 1714 4637 1779 etin
4666 1733 4795 1778 suam

2945 1799 3295 1882 perniciem
3359 1809 3591 1882 sponte
3660 1809 3878 1865 ruunt.
3967 1801 4319 1865 Praeterea
4384 1800 4576 1865 etiam
4640 1800 4797 1863 obser-

2944 1882 3252 1964 vandum,
3296 1884 3511 1950 Deum
3555 1885 3720 1950 velle
3766 1905 4235 1969 nonnunquam
4276 1885 4343 1949 in
4394 1886 4620 1950 nostris
4656 1886 4795 1949 afflic-

2945 1970 3225 2035 tionibus
3316 1970 3687 2055 glorificari.
3778 1970 4101 2054 Exemplo
4185 1980 4383 2037 sunto
4471 1971 4673 2036 fideles
4736 1970 4798 2032 illi

2944 2054 3194 2120 Christi
3277 2068 3619 2140 martyres,
3703 2077 3864 2140 quos
3945 2057 4125 2122 Deus
4201 2057 4267 2122 in
4350 2056 4579 2121 mortis
4652 2075 4798 2139 agone

2943 2161 3197 2206 summa
3266 2143 3629 2208 constantia
3686 2151 3756 2207 et
3810 2140 4193 2208 fortitudine
4253 2142 4519 2208 donavit
4573 2141 4645 2207 ab
4693 2142 4801 2224 ipsit

2944 2227 3298 2304 invocatus,
3353 2238 3759 2311 mortemque
3817 2227 4077 2292 illorum
4137 2228 4367 2295 habuit
4422 2229 4623 2293 instar
4660 2228 4799 2292 sacri·

2942 2313 3071 2378 ficii
3168 2314 3702 2396 acceptissimam.
3817 2314 3963 2379 Non
4052 2314 4256 2397 igitur
4340 2313 4800 2385 existimandum,

2943 2408 3215 2463 mortem
3276 2399 3455 2464 illam
3523 2420 3718 2482 quam
3787 2421 3902 2483 pro
3968 2399 4219 2466 Christi
4286 2401 4550 2464 nomine
4610 2398 4801 2461 fortite:

2943 2484 3263 2559 obierunt,
3332 2485 3533 2551 fuisse
3580 2498 3985 2568 peccatorum
4031 2487 4315 2569 aliquam
4362 2486 4800 2551 satisfactionem

2943 2580 3057 2636 aut
3111 2571 3414 2653 pretium.
3502 2570 3639 2636 Alii
3694 2573 3868 2636 enim
3923 2571 4120 2637 undis
4175 2573 4467 2655 oppressi
4526 2582 4682 2647 sunt,
4731 2568 4802 2631 alii

2942 2656 3224 2721 flammis
3280 2656 3565 2734 ustulati,
3626 2656 3739 2723 sed
3797 2656 3905 2722 lon
3956 2679 3992 2721 e
4049 2657 4250 2723 alium
4308 2657 4373 2721 iu
4432 2659 4622 2721 finem
4662 2673 4799 2737 quam

2946 2752 3017 2805 ut
3077 2762 3194 2824 pro
3259 2743 3537 2824 peccatis
3601 2741 3848 2826 aliquid
3975 2763 4051 2808 eo
4110 2741 4563 2826 rependerent.
4643 2739 4800 2821 Quam

2943 2827 3146 2911 igitur
3203 2829 3578 2910 prophetae,
3638 2828 3913 2912 apostoli
3958 2847 4024 2893 et
4067 2829 4178 2894 alii
4220 2838 4554 2912 martyres
4594 2840 4800 2890 mortem

2944 2934 3060 2996 pro
3118 2912 3456 2997 evangelio
3500 2915 4020 2979 cruentissimam
4065 2914 4390 2988 obierunt,
4451 2935 4581 2978 non
4634 2933 4693 2977 se
4726 2928 4803 2993 pro

2943 2998 3079 3065 suis
3144 2997 3409 3064 offensis
3473 2999 3614 3064 Deo
3682 3011 3892 3065 morte
3957 2999 4074 3064 illa
4141 2998 4547 3075 satisfacere,
4618 2995 4710 3063 sed
4758 3014 4801 3058 se

2945 3085 3160 3168 potius
3248 3084 3386 3149 Deo
3464 3086 3834 3150 suavissimi
3896 3085 4114 3150 odoris
4178 3085 4572 3151 sacrificium
4632 3082 4803 3147 offerro

2943 3171 3229 3253 cogitare
3273 3168 3657 3250 debuerunt,
3717 3169 4259 3253 quemadmodum
4304 3171 4446 3252 ipse
4494 3170 4577 3236 D.
4622 3167 4803 3233 Paulus

2942 3257 3010 3318 in
3078 3255 3289 3338 Epist.
3357 3253 3438 3318 ad
3506 3256 3829 3338 Ephesios
3898 3256 4200 3339 loquitur.
4288 3255 4474 3337 Quin
4539 3256 4713 3321 etiam
4759 3252 4801 3315 in

2941 3342 3081 3423 ipso
3119 3362 3272 3425 rege
3309 3340 3594 3407 Ezechia
3628 3343 3704 3407 fit
3741 3342 3927 3407 nobis
3963 3342 4139 3407 istud
4172 3343 4615 3425 conspicuum,
4650 3341 4802 3405 Deum

2942 3426 3399 3491 immittentem
3462 3447 3566 3492 res
3625 3427 3950 3504 adversas,
4007 3448 4136 3492 non
4183 3428 4325 3493 ideo
4371 3439 4595 3492 tamen
4634 3426 4801 3509 punire

2942 3512 3510 3596 transgressiones,
3578 3512 3747 3596 quod
3791 3535 3941 3578 eum
3985 3513 4227 3580 inimici
4275 3514 4646 3597 persequuti
4684 3520 4801 3585 sunt,

2942 3618 3137 3679 quum
3200 3598 3267 3662 in
3332 3598 3457 3663 Dei
3515 3600 3759 3665 cultum
3823 3609 3997 3664 totus
4041 3600 4464 3665 incumberet..
4555 3599 4702 3664 Nam
4734 3616 4800 3659 re·

2940 3704 3087 3767 gem
3126 3682 3311 3748 illum
3348 3684 3694 3749 Ezechiam
3734 3684 4008 3768 legimus
4044 3685 4172 3750 Dei
4207 3686 4461 3750 cultum
4489 3682 4801 3755 restituisse,

2941 3769 3448 3853 religionemque
3510 3791 3667 3835 suae
3725 3772 4037 3853 pristinae
4093 3771 4368 3853 puritati
4418 3770 4677 3836 reddere
4710 3778 4799 3831 stu·

2940 3854 3193 3921 duisse:
3240 3855 3485 3939 templa
3521 3856 3923 3922 idololatrica
3946 3869 4011 3920 et
4046 3857 4617 3940 superstitionibus
4649 3853 4802 3920 diona

2937 3939 3288 4016 subruisse,
3348 3941 3622 4024 denique
3674 3952 3913 4007 terram
3970 3942 4145 4006 illam
4205 3942 4515 4007 omnibus
4570 3940 4798 4023 inquina-

2938 4029 3173 4092 mentis
3217 4025 3451 4111 quibus
3494 4027 3621 4093 Dei
3665 4028 3881 4092 cultus
3924 4027 4415 4093 adulterabatur
4461 4042 4797 4110 repurgasse-

2938 4110 3070 4179 Sed
3118 4113 3262 4177 istis
3306 4112 3614 4179 omnibus
3656 4113 3956 4196 peractis,
4000 4134 4193 4195 quam
4239 4113 4607 4179 mercedem
4645 4128 4799 4176 conse

2937 4197 3204 4279 quitur?
3290 4198 3431 4264 Nae
3476 4208 3660 4263 tanta
3703 4197 3887 4263 illum
3933 4221 3972 4265 a
4014 4198 4157 4264 Deo
4202 4199 4502 4264 immissa
4534 4196 4798 4264 calamina

2937 4284 3210 4366 excepit,
3301 4294 3373 4348 ut
3436 4283 3517 4349 de
3582 4306 3799 4351 rerum
3867 4306 4122 4350 summa
4185 4285 4654 4351 conclamatum
4707 4297 4797 4345 eut

2937 4369 3255 4433 videatur.
3350 4373 3439 4434 At
3503 4372 3557 4434 si
3620 4370 3934 4436 Ezechias
3989 4370 4428 4436 calamitatem
4486 4369 4656 4435 illam
4705 4376 4795 4429 tum

2936 4455 3370 4520 existimasset
3431 4464 3694 4538 propter
3751 4466 4016 4540 peccata
4059 4478 4179 4523 sua
4218 4455 4603 4533 immissam,
4649 4452 4797 4533 suspi-

2935 4541 3067 4606 cari
3141 4552 3415 4623 poterat,
3490 4541 3659 4606 male
3726 4563 3795 4606 se
3853 4542 4079 4608 fecisse
4135 4541 4573 4607 idololatriam
4625 4536 4795 4604 exstit*

2934 4625 3170 4709 pando,
3227 4637 3291 4690 et
3344 4627 3645 4692 omnibus
3704 4627 3834 4692 illis
3887 4629 4402 4711 inquinamentis
4462 4638 4689 4693 terram
4722 4642 4795 4686 ex·

2934 4712 3293 4795 purgando,
3341 4712 3509 4795 quod
3549 4722 3616 4777 et
3649 4711 3750 4776 illi
3786 4712 4114 4779 Rabsaces
4144 4713 4256 4778 ille
4289 4713 4540 4797 impius
4570 4711 4789 4777 obicem

2930 4798 3161 4880 Neque
3221 4799 3416 4862 etiam
3463 4798 3732 4864 dubium
3778 4800 3932 4883 quin
3980 4798 4270 4865 diabolus
4314 4798 4504 4864 illum
4549 4796 4624 4863 ad
4680 4795 4792 4860 hant

2934 4884 3388 4967 cogitationem
3456 4885 3543 4948 im
3593 4884 3838 4961 elleret,
3904 4897 3976 4949 ut
4040 4885 4251 4951 solent
4312 4884 4500 4970 impii
4565 4882 4789 4948 hominm

2934 4970 3109 5035 viros
3163 4969 3363 5035 bonos
3420 4990 3525 5034 mo
3572 4971 3629 5035 is
3672 4969 3969 5035 omnibus
4013 4969 4302 5037 turbare:
4373 4984 4437 5036 et
4483 4964 4789 5037 scandalum

2931 5055 3208 5121 obiicere
3250 5076 3377 5137 quo
3421 5053 3808 5138 persuadere
3850 5056 4148 5122 nitantur
4190 5066 4397 5122 atram
4444 5076 4583 5122 esse
4612 5055 4785 5119 nivem

2932 5138 3047 5207 Sic
3102 5141 3341 5225 impius
3396 5139 3506 5204 ille
3565 5141 3908 5207 Rabsakes
3962 5142 4114 5207 olim
4172 5142 4519 5208 Ezechiam
4576 5141 4631 5205 in
4673 5134 4785 5201 invi·

2931 5225 3104 5291 diam
3164 5224 3495 5292 trahebat:
3572 5226 3912 5308 Quomodo
3967 5226 4390 5293 exaudiretur
4446 5224 4725 5294 Ezechias
4762 5238 4785 5281 ⁸
