5059 6059
734 341 857 408 107

724 530 1075 614 eslongnes
1116 523 1201 592 de
1242 523 1451 590 Dien:
1498 523 1694 608 isqoit
1734 522 1897 607 qn‘il
1930 523 2028 589 188
2064 522 2288 589 tienne
2330 534 2400 588 et
2441 532 2672 609 repnte

726 637 897 701 pont
936 635 1042 680 ses
1082 621 1433 687 creaturus,
1476 612 1533 676 si
1576 618 1782 677 est-ee
1824 609 1981 693 qu’il
2026 629 2112 674 ne
2153 607 2251 675 les
2277 607 2445 675 tient
2486 610 2671 693 point

725 721 981 770 enmme
1034 719 1143 764 ses
1196 695 1448 774 enfans,
1512 715 1678 779 pour
1742 694 1883 761 dire
1948 694 2107 777 qu’il
2165 693 2262 770 les
2320 715 2671 779 gemel-ne,

928 785 1071 852 dire
1110 781 1268 868 qn’il
1310 780 1506 868 gnide
1551 793 1697 848 tens
1730 781 1908 847 leurs
1952 801 2089 864 pas,
2133 790 2202 847 et
2234 802 2361 865 qne
2405 782 2544 847 rien
2587 801 2672 848 ne

752 895 877 941 enr
928 870 1277 946 adrianae,
1340 867 1537 952 qn’ils
1598 889 1681 933 ne
1734 866 2188 951 eognoissent:
2256 865 2439 933 G’est
2491 865 2673 933 Dien

772 960 840 1024 ni
876 957 1235 1041 besongne:
1279 961 1346 1020 et
1378 953 1426 1019 il
1470 973 1635 1020 nous
1659 951 1744 1018 1’8
1778 961 2089 1019 munstre.
2134 951 2473 1019 Retenons
2516 951 2670 1018 bien

726 982 897 1113 {one
938 1065 1014 1110 ee
1102 1041 1171 1106 υί
1216 1051 1317 1107 est
1355 1040 1441 1106 ίοί
1490 1049 1791 1119 οουιουυ,
1848 1059 2103 1104 eomme
2157 1039 2440 1103 n’estsnt
2483 1039 2674 1121 point

724 1130 1007 1216 proeede
1102 1128 1253 1192 ’nne
1294 1133 1590 1191 ereatura
1639 1124 1973 1190 mortelle:
2033 1124 2199 1192 mais
2241 1145 2371 1208 qne
2412 1122 2589 1189 Βίου
2632 1144 2674 1188 8

726 1216 939 1285 rendn
994 1213 1445 1297 tesmoignago
1496 1210 1656 1294 qu'il
1713 1210 1905 1276 estoit
1963 1231 2116 1294 pere
2173 1220 2241 1275 et
2299 1219 2673 1292 proteetenr

722 1302 809 1369 de
842 1323 967 1369 son
1000 1298 1245 1385 Eglise.
1313 1296 1412 1364 Or
1444 1295 1584 1363 οοοί
1628 1317 1795 1363 nous
1840 1294 2180 1363 attonehe:
2225 1316 2339 1362 ear
2379 1293 2675 1360 eombien

606 1392 617 1400 ’
726 1409 859 1473 qne
910 1405 1080 1453 nous
1136 1384 1413 1468 n’ayons
1463 1403 1581 1467 pes
1646 1381 1763 1449 des
1823 1381 2198 1465 propheties
2261 1379 2671 1459 semblables,

729 1477 789 1542 si
840 1481 1039 1540 est-m
1094 1469 1434 1535 toutesfois
1495 1487 1624 1551 qne
1679 1467 1854 1534 Dien
1906 1487 2073 1533 nous
2130 1489 2171 1531 8
2226 1465 2482 1532 deelare
2547 1487 2673 1548 qne

725 1580 897 1627 none
938 1575 1222 1625 sommes
1264 1553 1592 1621 tonsiours
1635 1574 1721 1619 on
1744 1572 1819 1619 88
1860 1552 2123 1637 ohan-ge,
2167 1562 2234 1617 et
2275 1552 2435 1636 qu’il
2482 1551 2674 1617 veille

721 1668 892 1731 pour
932 1657 1157 1709 nostre
1201 1640 1417 1707 salut:
1462 1653 1531 1705 et.
1574 1639 1655 1704 de
1701 1647 1922 1704 nostre
1964 1646 2146 1704 eoste
2192 1658 2356 1704 nous
2400 1636 2675 1704 n’evons

724 1733 916 1819 point
966 1727 1196 1795 besoin
1253 1724 1494 1792 d’estre
1552 1735 1936 1790 entretenns
1991 1745 2076 1790 en
2134 1732 2310 1790 ceste
2374 1724 2674 1807 eognois·

722 1837 917 1886 ssnee
970 1836 1093 1900 par
1151 1810 1241 1878 tel
1291 1831 1555 1896 moyen,
1608 1831 1846 1894 pouree
1887 1831 2018 1894 que
2061 1808 2243 1875 desis
2290 1809 2460 1875 Βίου
2502 1830 2676 1876 nous

725 1928 767 1972 8
799 1922 1068 1969 smenon
1110 1906 1155 1965 8
1194 1919 1327 1966 nne
1361 1905 1551 1962 autre
1594 1896 1970 1979 perfectiori.
2058 1896 2676 1961 contentens-nous

726 1990 895 2057 done
936 1986 1019 2053 de
1060 1985 1128 2050 18
1172 2003 1387 2050 venne
1434 1981 1514 2047 de
1560 1990 1782 2048 nostre
1804 1979 2154 2065 ,Seigneur
2194 1979 2384 2046 Iesus
2426 1979 2674 2057 christ,

722 2100 805 2143 en
848 2075 917 2141 18
958 2091 1286 2157 personne
1329 2067 1571 2151 dnquel
1614 2089 1688 2134 ee
1731 2068 1845 2150 qui
1887 2067 2082 2133 estoit
2140 2073 2371 2150 espere
2409 2086 2565 2132 sous
2608 2063 2675 2129 18

723 2164 895 2246 Loy,
953 2178 995 2222 8
1050 2164 1189 2222 este
1236 2153 1571 2236 woompli.
1656 2152 1830 2218 Mais
1892 2150 2259 2236 eependsnt
2320 2172 2447 2235 qne
2503 2171 2675 2216 nens

724 2267 969 2400 21:333:
1004 2239 1286 2392 ἑὲωέἐῖι
1301 2260 1429 2392 ‘³:32
1470 2237 1972 2391 ffssssmffiffiss‘
2001 2244 2435 2389 ἓῗιῖἒέῂὲἑ
2476 2236 2676 2406 3ξῖἓὲ

732 2419 875 2485 voit
916 2437 1003 2481 en
1034 2434 1110 2481 ce
1153 2408 1412 2491 monde,
1444 2431 1571 2494 qne
1616 2410 1944 2477 tonsiours
1988 2430 2105 2475 son
2150 2407 2378 2492 Eglise
2410 2407 2528 2491 luy
2571 2417 2675 2473 est

730 2505 927 2573 ehere
947 2509 1016 2567 et
1057 2499 1410 2583 preoieuse.
1464 2496 1559 2561 Et
1581 2495 1663 2560 de
1696 2495 1873 2573 faiet,
1917 2515 2089 2561 nous
2131 2514 2382 2579 veyons
2420 2513 2673 2562 eomme

728 2586 995 2667 Daniel,
1037 2584 1279 2650 devant
1321 2603 1447 2666 que
1469 2581 1655 2646 Iesus
1678 2580 1905 2647 Christ
1950 2582 2084 2646 fust
2114 2601 2284 2646 venn
2307 2600 2390 2644 eu
2412 2578 2670 2656 monde,

735 2698 775 2743 8
828 2671 1049 2740 revele
1093 2681 1240 2736 tous
1297 2667 1395 2734 les
1454 2667 1898 2752 ehangemens
1950 2666 2064 2749 qui
2120 2664 2449 2751 deveyent
2499 2675 2672 2730 estre

732 2762 919 2827 suits:
964 2776 1203 2841 pouree
1246 2754 1407 2837 qn'il
1451 2763 1600 2819 eust
1641 2753 1888 2819 semble
1928 2761 2053 2835 qne
2078 2749 2250 2816 Βίου
2294 2760 2439 2816 eust
2460 2751 2672 2834 quitto

730 2867 850 2915 son
908 2844 1184 2910 81118888
1225 2849 1377 2907 nent
1423 2839 1547 2905 fois
1590 2859 1672 2903 en
1730 2838 2004 2921 l'oepaoe
2047 2835 2388 2903 d'environ
2439 2847 2672 2919 quatre

731 2953 890 3002 eene
932 2950 1070 3006 ans,
1115 2926 1276 3010 qn’il
1310 2924 1611 2992 sembloit
1652 2922 1805 2989 bien
1847 2945 1976 3006 que
1998 2929 2144 2988 tout
2167 2923 2299 2987 fust
2336 2920 2676 2988 tellement

732 3018 943 3094 ruine,
984 3034 1114 3099 qne
1157 3011 1335 3078 Βίου
1372 3019 1517 3077 eust
1557 3009 1950 3078 abandonne
1992 3028 2066 3074 oe
2110 3007 2364 3091 peuple,
2406 3016 2474 3073 et
2511 3005 2673 3090 qu‘il

734 3126 823 3172 ne
877 3100 1146 3168 voulnst
1203 3098 1353 3181 plus
1405 3097 1549 3161 rien
1605 3096 1792 3162 avoir
1852 3093 1936 3160 de
1986 3115 2290 3166 eommnn
2334 3111 2496 3160 aveo
2539 3093 2672 3172 luy.

616 3203 623 3212 ’
734 3190 797 3256 Ι]
838 3186 1064 3254 adone
1109 3184 1269 3252 fanu
1312 3204 1440 3267 qne
1482 3201 1591 3247 ees
1632 3180 1858 3248 choses
1898 3180 2159 3246 fussent
2189 3177 2494 3263 proditos,
2540 3177 2674 3243 sfin

736 3297 862 3360 qne
906 3273 1003 3340 les
1058 3269 1310 3337 fidelles
1364 3279 1823 3351 eogneussent,
1881 3269 2209 3349 qu'estans
2248 3285 2335 3331 en
2388 3262 2672 3342 bransle,

735 3362 950 3445 agita
1004 3357 1086 3424 de
1140 3377 1219 3440 98
1269 3365 1339 3419 et.
1394 3353 1475 3419 de
1528 3353 1617 3436 18,
1672 3372 1801 3435 qne
1859 3349 2194 3418 tontesfois
2234 3350 2319 3416 ils
2372 3357 2677 3434 estoyent

737 3468 821 3512 en
864 3445 931 3511 la
963 3444 1141 3509 main
1186 3439 1267 3506 de
1311 3440 1518 3506 Βίους
1565 3458 1814 3523 voysns
1858 3437 1954 3504 les
1999 3456 2345 3520 royeumes
2386 3435 2677 3519 ehnnger

738 3541 884 3598 tout
903 3528 1309 3603 81ὀυνίτου,
1353 3543 1603 3608 voysns
1644 3544 1772 3607 qne
1808 3523 1869 3588 le
1912 3522 2149 3594 monde
2191 3521 2389 3588 estoit·
2425 3541 2678 3588 nomme

732 3624 979 3692 temne,
1034 3613 1232 3697 qn’en
1291 3615 1403 3696 n'y
1464 3609 1856 3693 eognoissoit
1899 3609 2048 3691 plns
2092 3609 2266 3673 rien:
2324 3625 2453 3690 que
2497 3615 2676 3673 tous-

728 3704 907 3769 iours
949 3701 1030 3766 ils
1074 3699 1328 3766 fussent
1372 3715 1672 3763 ssseurez
1707 3694 1790 3762 de
1820 3714 1896 3760 ee
1940 3715 2067 3777 que
2090 3692 2262 3759 Βίου
2305 3692 2448 3758 leur
2492 3693 2671 3760 svoit

727 3789 993 3872 promis,
1034 3784 1115 3850 de
1159 3783 1303 3849 leur
1344 3802 1629 3864 envoyer
1666 3801 1788 3847 son
1832 3779 1976 3846 Fils
2020 3799 2183 3863 pont
2204 3778 2674 3862 Redemptum,

733 3885 800 3942 et
856 3870 1049 3957 qn’ils
1106 3869 1435 3952 devoyent
1490 3875 1664 3934 estre
1718 3877 2052 3932 restaures
2097 3885 2215 3947 par
2257 3884 2375 3930 son
2417 3884 2675 3943 moyen,

735 3982 775 4027 8
820 3980 927 4026 ree
981 3976 1106 4039 que
1165 3965 1313 4020 tont
1359 3952 1575 4020 euroit
1626 3960 1765 4018 este
1798 3950 2014 4018 desole
2055 3971 2142 4018 su
2186 3949 2414 4018 minen
2458 3947 2673 4016 d’eux.

799 4067 920 4113 ons
986 4063 1071 4108 vo
1114 4059 1237 4106 ons
1305 4038 1712 4106 maintennnt
1775 4036 1818 4101 1‘
1986 4057 2024 4102 e
2082 4033 2163 4100 de
2206 4056 2279 4101 ee
2326 4033 2523 4102 canti
2570 4056 2673 4102 ue.

734 4129 834 4199 Or
876 4065 1113 4213 quami
1144 4126 1188 4191 il
1226 4137 1328 4192 est
1370 4124 1499 4189 dit:
1548 4124 1678 4206 Qus
1717 4122 1865 4190 c'est
2041 4119 2366 4220 echome
2404 4120 2482 4187 de
2528 4208 2541 4221 ·
2585 4122 2598 4135 “

732 4218 847 4300 qui
900 4236 945 4280 a
985 4213 1127 4280 beni
1166 4212 1255 4277 les
1297 4210 1522 4292 enfans
1562 4207 1853 4289 ‹fler-ael,
1904 4228 1980 4274 ee
2037 4217 2191 4272 utre
2241 4216 2345 4272 est
2387 4207 2676 4273 attribue

735 4311 780 4370 8
828 4301 1080 4386 Moyse,
1136 4317 1385 4363 nomme
1443 4294 1543 4361 s’il
1602 4295 1797 4361 estoit
1847 4313 2100 4360 comme
2152 4309 2397 4375 ergene
2456 4291 2546 4357 dn
2606 4292 2676 4359 S.

736 4389 983 4471 Esprit.
1060 4384 1121 4449 Il
1166 4386 1275 4448 n's
1317 4382 1502 4466 point
1545 4380 1711 4448 done
1747 4379 1930 4463 psrle
1965 4377 2045 4443 de
2089 4397 2210 4444 son
2253 4386 2680 4450 mouvement

738 4493 996 4558 propre,
1053 4470 1100 4535 il
1154 4467 1263 4534 n‘e
1302 4468 1386 4533 ici
1438 4467 1583 4532 rien
1625 4464 1725 4532 dit
1780 4464 1962 4531 selon
2006 4463 2072 4530 18
2113 4463 2331 4530 ehair:
2396 4464 2558 4529 mnis
2593 4484 2678 4530 en

735 4559 985 4644 qualite
1027 4555 1354 4622 d'homme
1376 4552 1461 4618 de
1480 4553 1671 4619 Βίου.
1739 4551 1829 4617 Et
1851 4570 1973 4635 pst
2013 4549 2153 4617 8818
2195 4568 2363 4616 nous
2395 4569 2678 4616 summes

738 4657 885 4712 tant
942 4641 1164 4708 mieux
1226 4638 1408 4706 ensei
1625 4638 1705 4705 de
1763 4635 2058 4704 reeevoir
2110 4636 2172 4700 le
2235 4638 2679 4719 tesmoignage

736 4733 846 4815 qni
896 4747 1061 4795 nous
1115 4737 1215 4792 est
1270 4726 1355 4789 ίοί
1452 4732 1650 4790 enne:
1707 4743 1958 4790 nomme
2002 4721 2060 4787 si
2106 4720 2275 4787 Βίου
2337 4721 2682 4803 proteemit

738 4817 819 4884 de
862 4839 935 4882 88
978 4812 1233 4880 bonehe
1276 4830 1513 4894 propre
1557 4809 1714 4893 qu'il
1756 4828 1796 4873 8
1837 4807 1900 4874 18
1942 4807 2088 4876 sein
2134 4806 2213 4871 de
2258 4826 2378 4871 eon
2423 4804 2678 4889 peuple‚

738 4913 806 4968 et
838 4923 967 4986 que
1027 4898 1350 4966 tonsiours
1391 4895 1443 4960 il
1484 4897 1872 4962 eontinners
1912 4914 1987 4959 88
2030 4892 2224 4959 bonte
2267 4900 2335 4957 et
2378 4912 2483 4958 ses
2525 4912 2678 4975 gra·

736 5007 843 5056 ees
885 5007 1122 5052 envers
1165 4984 1298 5069 luy.
1376 4982 1508 5049 Car
1551 4981 1632 5047 de
1674 4981 1847 5060 taiet,
1889 4979 1937 5044 il
1981 5000 2024 5059 y
2066 5000 2107 5043 8
2145 5000 2229 5044 ου
2271 4976 2681 5044 benedietion

738 5071 1137 5139 sanet-dotale
1178 5068 1267 5136 du
1313 5083 1521 5151 temps
1565 5066 1646 5132 de
1690 5067 1754 5133 18
1798 5066 1966 5150 Loy,
2016 5064 2348 5142 Benissez,
2396 5084 2555 5129 vous
2600 5063 2681 5129 de

738 5161 805 5225 18
847 5157 1099 5224 maison
1145 5155 1225 5221 de
1270 5156 1460 5234 Βίου,
1503 5152 1683 5220 est-il
1728 5152 1824 5217 dit
1857 5172 1943 5216 nn
1986 5150 2307 5218 Pseaume
2354 5148 2498 5215 118.
2581 5150 2681 5216 Et

2392 334 2778 413 SEBMON
2821 335 3063 404 oxol.

4589 338 4727 406 ⁴108

2774 545 2902 609 qne
2957 544 3126 592 eenx
3175 525 3293 609 qui
3343 526 3674 596 sseriflent
3718 533 3761 591 8
3817 523 4018 626 Βίου,
4077 523 4383 626 benit-ent
4439 527 4616 595 88881
4667 526 4729 593 18

2769 610 3794 776 Ξὲιοψὲθοοῗίὶίίέἲοιῗξῖ.οιῃ(1ιοᾱ1·8
3817 611 4728 797 ςίίῗὲοοᾳῗίζῃῖἒνίῗῗοὲὓξιοῗ

2771 782 3103 848 adienste:
3164 782 3495 866 Ausquels
3539 781 3715 848 Βίου
3759 792 3941 849 avent
3983 782 4201 850 donne
4245 784 4310 849 18
4351 782 4599 869 charge
4644 784 4725 852 de

2776 867 2961 934 benir
3028 868 3090 933 le
3147 868 3403 952 peuple.
3505 869 3596 940 Et
3670 867 3811 935 cels
3882 870 4054 936 n’est
4117 890 4238 951 pas
4316 871 4726 938 msintenant

2772 953 2980 1019 eboli:
3024 974 3136 1020 ent
3180 964 3403 1019 nostre
3447 953 3779 1039 seignour
3821 953 4009 1021 Iesns
4052 952 4285 1022 Christ
4326 975 4408 1021 en
4455 978 4532 1036 88
4573 977 4727 1041 per-

2773 1061 2979 1105 sonne
3043 1059 3084 1103 8
3118 1060 3200 1104 ου
3257 1061 3332 1107 ee
3375 1040 3489 1123 qni
3532 1041 3724 1106 estoit
4026 1040 4528 1108 sneiennement
4571 1062 4726 1109 sons

2774 1126 2841 1191 18
2892 1126 3057 1209 Loy.
3147 1125 3592 1209 Cognoiseons
3651 1125 3819 1192 done
3875 1126 4419 1212 qn’suiourd'hny
4474 1127 4524 1192 il
4583 1149 4630 1212 y
4685 1147 4726 1192 8

2775 1233 2903 1276 une
2969 1210 3383 1279 benedietion
3450 1211 3530 1277 de
3587 1211 3758 1276 Βίου
3822 1209 4156 1293 eternelle,
4224 1213 4335 1297 qni
4397 1232 4564 1280 nous
4623 1220 4726 1279 est

2773 1297 3108 1381 besneoup
3166 1297 3392 1364 mienx
3451 1296 3731 1364 teetifiee
3783 1317 3914 1379 qne
3960 1305 4177 1363 tontes
4217 1298 4416 1364 eelles
4460 1298 4573 1382 qui
4608 1306 4727 1367 ont

2773 1391 2914 1450 este
2979 1384 3289 1448 reiterees
3363 1402 3520 1450 sons
3595 1383 3659 1447 18
3717 1382 3903 1467 Loy:
3963 1402 4095 1466 qne
4151 1383 4319 1449 voiei
4374 1383 4553 1450 Βίου
4609 1385 4726 1469 qni

2774 1489 2938 1535 nous
2989 1466 3244 1534 deelsre
3279 1489 3401 1552 per
3441 1488 3561 1535 son
3605 1468 3750 1534 Fils
3811 1468 4072 1552 unique,
4118 1468 4271 1550 qn’il
4315 1489 4484 1535 nous
4522 1472 4727 1555 reqoit

2779 1575 2865 1620 en
2912 1575 3030 1620 son
3077 1574 3326 1634 amour,
3358 1563 3426 1620 et
3466 1574 3594 1637 qne
3637 1574 3803 1620 nens
3838 1552 3949 1637 luy
3991 1574 4275 1620 summes
4316 1574 4573 1622 eomme
4614 1577 4726 1621 en·

2773 1640 2942 1717 fans,
2999 1649 3068 1707 et
3109 1659 3236 1723 que
3280 1638 3345 1706 18
3385 1639 3791 1722 predication
3841 1638 3924 1705 de
3964 1639 4335 1724 l’Evsngile
4377 1661 4542 1707 nous
4585 1649 4727 1707 sert

2776 1725 2857 1791 de
2911 1727 3068 1804 8818,
3134 1734 3203 1790 et
3266 1746 3431 1792 nous
3487 1724 3554 1791 18
3619 1725 3763 1790 fsut
3825 1724 4172 1809 appliqner
4235 1733 4280 1792 8
4343 1725 4433 1791 tel
4500 1746 4723 1813 usage.

2773 1811 2970 1877 Ainsi
3010 1809 3178 1876 done
3219 1817 3431 1876 tontes
3475 1811 3598 1877 fois
3645 1819 3714 1876 et
3769 1821 4046 1892 quantes
4089 1832 4218 1894 qne
4262 1833 4429 1878 nous
4470 1831 4726 1880 venons

2774 1898 2920 1963 onir
2961 1897 3031 1963 18
3072 1896 3318 1981 pst-olle
3359 1894 3443 1962 de
3463 1896 3662 1980 Βίου,
3704 1893 3859 1978 qn’il
3904 1917 4073 1963 nous
4116 1897 4480 1963 souvienne
4523 1897 4606 1963 de
4649 1919 4726 1965 ee

2774 2004 2901 2066 que
2953 1995 3177 2048 nostre
3223 1980 3548 2066 Seigneur
3589 1981 3780 2049 Iesus
3823 1980 4050 2048 Christ
4106 1988 4409 2050 montnnt
4469 2005 4555 2049 8υ
4599 1984 4725 2051 οἱοί

2775 2088 2816 2133 8
2857 2069 3006 2134 leve
3048 2068 3145 2134 les
3201 2069 3415 2134 mains
3455 2088 3572 2135 sur
3614 2088 3719 2134 ses
3766 2066 4093 2152 ᾶίοοίρΙοο,
4153 2081 4218 2134 et
4259 2067 4360 2136 188
4403 2090 4443 2134 8
4486 2069 4728 2156 benite,

2775 2174 3029 2221 nomme
3085 2152 3138 2218 il
3193 2162 3297 2219 est
3352 2154 3553 2220 reeite
3609 2174 3729 2237 per
3773 2152 3843 2219 S.
3885 2154 4051 2220 Lue-
4137 2152 4238 2221 Or
4293 2154 4433 2220 8818
4487 2175 4528 2220 8
4585 2163 4726 2222 este

2775 2240 2913 2319 fnit,
2955 2247 2998 2306 8
3037 2261 3113 2306 ee
3153 2259 3281 2321 qne
3323 2260 3488 2305 nens
3538 2239 3987 2323 eognoissions
4043 2259 4162 2305 son
4221 2240 4428 2317 offiee,
4487 2249 4555 2305 et
4596 2261 4726 2322 qne

2777 2345 2945 2392 nous
3009 2324 3332 2402 saehiens,
3399 2324 3622 2408 quand
3687 2324 4120 2411 enionrd‘hny
4180 2324 4245 2389 18
4300 2324 4601 2394 doctrine
4642 2325 4725 2392 de

2775 2410 3146 2495 l'Evsngile
3188 2432 3258 2477 se
3301 2409 3576 2495 preeehe
3616 2431 3698 2476 en
3742 2431 3866 2476 son
3887 2410 4079 2492 Nom,
4122 2431 4253 2494 que
4287 2411 4441 2478 e'est
4484 2421 4724 2478 nutant

2774 2516 3028 2563 eomme
3085 2494 3186 2562 s’il
3232 2495 3464 2562 disoit:
3524 2495 3712 2563 Veioi
3757 2496 3934 2562 Βίου
3975 2517 4132 2563 mon
4177 2497 4346 2563 Pete
4389 2498 4506 2581 qui
4556 2517 4726 2565 vous

2775 2591 3059 2667 seeepte,
3103 2603 3268 2648 vous
3311 2581 3425 2666 lny
3471 2593 3642 2647 estes
3698 2580 4058 2664 agresbles.
4145 2581 4247 2648 Or
4288 2582 4514 2666 quand
4559 2603 4726 2651 nous

2776 2689 2984 2736 avons
3028 2667 3185 2746 8818,
3232 2688 3314 2732 ne
3355 2688 3526 2734 nens
3569 2666 3789 2732 doit-il
3833 2668 4018 2752 point
4057 2667 4298 2734 rendre
4347 2668 4724 2754 l’Bvangile

2776 2753 3076 2831 nmisble,
3140 2774 3268 2819 ven
3330 2754 3527 2835 qn’en
3588 2753 3803 2838 ieeluy
3851 2774 4018 2819 none
4070 2774 4355 2820 sommes
4399 2755 4569 2830 ainsi
4613 2755 4722 2820 be·

2776 2839 2908 2906 nits
2949 2858 3069 2923 par
3109 2837 3176 2903 18
3216 2837 3468 2905 bonehe
3503 2837 3584 2905 de
3626 2852 3852 2905 nostre
3874 2837 4411 2923 Seignenrlesns
4445 2839 4722 2907 Christ?

2777 2925 2925 3009 puis
2981 2945 3110 3007 qne
3168 2924 3233 2988 18
3287 2922 3583 2990 doen-ine
3638 2945 3710 2990 se
3767 2925 3996 2998 trsitte
4037 2945 4123 2990 en
4170 2946 4302 2992 son-
4328 2945 4483 2991 nom
4527 2935 4596 2992 et
4636 2947 4721 2992 en

2775 3032 2896 3076 son
2957 3007 3332 3075 authorite?
3439 3010 3531 3075 Et
3586 3010 3773 3088 ainsi,
3835 3010 4261 3094 eognoissons
4324 3032 4451 3095 qne
4516 3013 4618 3079 s’il
4683 3031 4725 3077 8

2776 3096 2937 3166 fellu
2979 3115 3107 3179 que
3148 3093 3247 3160 les
3291 3114 3478 3177 peres
3520 3115 3672 3162 sous
3714 3094 3778 3160 18
3799 3096 3944 3176 Loy
3987 3117 4060 3162 se
4101 3104 4339 3181 soyent
4381 3107 4723 3170 contente·

2778 3181 2861 3249 de
2899 3181 2966 3246 18
3001 3180 3411 3248 benedietien
3456 3182 3570 3264 qni
3615 3182 3758 3248 leur
3797 3183 3997 3247 estoit
4040 3182 4300 3248 donnee
4344 3204 4466 3266 per
4490 3183 4724 3269 Moyse

2777 3277 2846 3336 et-
2887 3266 2983 3334 les
3024 3267 3522 3344 sacrificateurs,
3565 3275 3634 3332 et
3677 3264 3759 3332 de
3801 3267 3963 3334 eelle
4001 3268 4116 3350 qui
4160 3267 4340 3333 nteit
4385 3277 4526 3336 este
4571 3289 4727 3353 pro-

2778 3372 3026 3419 neneee
3068 3373 3186 3435 par
3240 3351 3307 3417 18
3364 3352 3614 3419 bonehe
3662 3351 3746 3417 de
3788 3352 4016 3420 Iseob:
4060 3353 4609 3438 qu’snionrd’hny
4666 3354 4728 3420 si

2779 3460 2939 3510 nous
2998 3459 3278 3504 summes
3325 3436 3716 3519 inomdules,
3771 3449 3839 3503 et
3895 3458 4022 3521 qne
4071 3458 4242 3505 nous
4283 3442 4726 3524 n’noeeptions

2775 3545 2938 3592 aveo
2994 3523 3210 3607 pleine
3258 3523 3582 3590 eertitnde
3623 3524 3688 3589 le
3733 3526 4184 3610 tesmoignsge
4241 3527 4352 3608 qni
4410 3545 4584 3594 nous
4623 3537 4727 3592 est

2778 3609 2992 3677 donne
3045 3631 3126 3675 en
3185 3610 3573 3693 l’Evsngile,
3640 3631 3771 3694 qne
3826 3629 3996 3676 nens
4049 3630 4335 3678 summes
4389 3611 4544 3695 plns
4599 3632 4726 3695 qne

2777 3693 3247 3775 inexenssbles‚
3305 3694 3602 3762 d’eutsnt
3659 3716 3787 3779 qne
3840 3716 4009 3762 nens
4058 3695 4379 3779 derogans
4419 3705 4464 3764 8
4509 3698 4576 3761 18
4617 3719 4728 3763 ve·

2779 3783 2902 3847 rite
2960 3780 3050 3847 du
3091 3781 3236 3848 Fils
3292 3779 3372 3846 de
3409 3782 3605 3865 Βίου,
3663 3791 3730 3846 et
3784 3784 4128 3864 qu’entant
4169 3784 4367 3865 qu'en
4414 3804 4581 3850 nous
4623 3792 4725 3850 est

2778 3889 2940 3933 nous
2999 3867 3356 3934 l’seeusons
3415 3866 3495 3932 de
3539 3888 3912 3951 mensonge,
3970 3887 4220 3934 eomme
4273 3868 4377 3935 s’il
4431 3890 4516 3935 ne
4559 3890 4726 3936 nous

2777 3954 2970 4018 estoit
3026 3973 3144 4036 pas
3201 3974 3290 4018 un
3356 3951 3637 4020 tesmoin
3702 3954 3956 4020 eertain
4015 3964 4090 4020 et
4151 3953 4465 4024 intauible
4523 3954 4608 4020 de
4659 3955 4725 4020 18

2778 4037 3042 4104 volente
3086 4037 3167 4103 de
3213 4039 3386 4104 Βίου
3430 4060 3548 4105 son
3593 4038 3786 4104 Pere.
3873 4039 3963 4104 Et
4010 4039 4234 4123 quand
4269 4061 4434 4106 nous
4477 4040 4723 4107 bisons

2777 4124 3223 4209 comparaison
3269 4124 3351 4190 de
3394 4124 3666 4210 Moyse„
3705 4126 3820 4209 qui
3863 4135 3964 4190 est
4019 4125 4274 4209 nppelle
4331 4126 4596 4193 homme
4641 4126 4722 4192 de

2778 4211 2968 4289 Βίου,
3033 4231 3194 4277 aveo
3260 4221 3483 4276 nostre
3540 4209 3867 4294 Seignenr
3930 4210 4122 4277 Iesus
4185 4212 4434 4286 Christ.
4500 4212 4616 4296 qui
4683 4232 4723 4277 8

2778 4304 2957 4361 toute
3002 4296 3324 4361 maistrise
3365 4315 3450 4361 en
3493 4296 3560 4361 18
3600 4298 3860 4397 maison
3906 4295 4184 4382 (nomme
4226 4296 4328 4363 dit
4367 4297 4478 4398 ΡΑ.
4694 4299 4725 4384 )

2778 4402 3700 4566 1ᾯέῗὲὥέἓὲἓίιῖΐῖ
3732 4403 4722 4552 Rssffiofffflffianffi

2779 4553 2859 4618 de
2903 4550 3073 4618 Βίου
3129 4573 3251 4617 son
3312 4552 3499 4618 Pete.
3587 4554 3676 4619 Et
3723 4555 3910 4634 ainsi,
3965 4575 4094 4638 qne
4153 4565 4374 4621 nostre
4427 4556 4534 4637 foy
4594 4556 4720 4622 soit

2781 4646 2924 4702 tant
2979 4639 3202 4703 mieux
3246 4640 3547 4717 eertifiee,
3605 4642 3754 4723 puis
3795 4661 3922 4723 qne
3963 4661 4038 4705 ee
4083 4641 4236 4706 titre
4279 4641 4362 4706 de
4403 4642 4643 4728 Moyse
4684 4662 4724 4707 8

2780 4721 2902 4788 deu
2939 4732 3277 4789 eontenter
3321 4723 3381 4790 le
3425 4725 3659 4807 peuple
3703 4725 3958 4792 ancien.
4002 4724 4103 4792 Or
4143 4727 4194 4792 il
4237 4737 4338 4794 est
4397 4727 4718 4805 οάίουοῐο,

2779 4807 2933 4890 qu’il
2972 4808 3059 4875 va
3096 4810 3222 4893 fait
3261 4830 3352 4876 88
3381 4831 3512 4893 peu
3569 4812 3794 4877 devant
3846 4833 3922 4878 ευ
3965 4818 4142 4878 mort.
4231 4813 4334 4882 Le
4377 4825 4514 4878 mot
4559 4814 4720 4880 dont

2779 4893 2823 4958 il
2881 4914 3016 4972 use,
3079 4905 3236 4961 vent
3292 4907 3524 4963 nutant
3583 4919 3864 4964 eomme:
3925 4897 3983 4963 11
4041 4896 4130 4963 l’s
4182 4899 4302 4964 fait
4359 4898 4606 4966 devant
4643 4919 4720 4966 88

2779 4990 2970 5047 mort.
3061 4980 3268 5060 Ainsi,
3327 5003 3400 5049 ee
3458 4985 3630 5051 n’est
3687 5005 3804 5067 pas
3847 4992 3890 5050 8
3933 4984 4094 5063 dire,
4145 4986 4373 5060 devant
4411 5006 4492 5051 ea
4539 4990 4718 5069 nort,

2779 5086 3028 5133 eomme
3093 5088 3182 5132 un
3241 5088 3326 5132 sn
3389 5090 3474 5134 ou
3532 5068 3728 5148 deux,
3797 5091 3883 5136 on
3926 5069 4240 5155 quelques
4283 5071 4485 5148 meis:
4553 5071 4719 5138 mais

2780 5153 2940 5218 e’est
2982 5160 3025 5218 8
3068 5152 3206 5218 dire
3264 5174 3348 5219 en
3406 5176 3482 5220 88
3537 5167 3726 5234 mort,
3783 5173 4035 5224 eomme
4077 5155 4124 5222 ί1
4169 5156 4395 5223 devoit
4449 5158 4718 5224 monrir.

735 5247 897 5312 e’est
943 5263 1018 5310 ee
1076 5242 1189 5326 qui
1244 5255 1347 5308 est
1401 5240 1599 5309 escrit
1652 5260 1738 5305 8υ
1793 5236 2101 5305 sixieeme
2164 5235 2279 5304 dee
2337 5235 2678 5317 Nombres,
2783 5236 2884 5305 Or
2925 5256 3030 5306 ees
3065 5237 3514 5308 benedictione
3535 5262 3619 5309 en
3661 5252 3813 5310 sont
3856 5251 3999 5308 tant
4041 5243 4192 5327 plus
4233 5243 4717 5328 anthentiqnes.
