5059 6059
293 317 403 386 645

287 509 469 576 tribus
501 525 540 572 a
572 503 881 572 fratribus
912 503 1110 589 longe
1146 502 1412 573 dissitas
1445 504 1729 574 Iordano
1750 504 2188 582 interfluente.

285 598 345 661 in
420 591 733 660 maximas
792 591 1135 674 angustias
1194 590 1497 660 redactae
1577 601 1752 668 sunt,
1819 590 1991 673 quod
2058 611 2191 660 non

288 687 439 746 emt
510 674 667 742 adeo
748 686 1125 760 promptum
1204 677 1525 748 auxilium
1591 685 1858 759 propter
1920 678 2189 760 flumen,

287 763 437 849 quod
478 782 583 830 eos
630 781 671 829 a
704 761 975 844 reliquis
1002 763 1366 846 separabat.
1456 761 1549 832 Et
1583 762 2197 834 videntur2Ammo-

283 853 442 917 nitas
510 847 697 920 istius
751 848 904 914 belli
955 849 1361 917 occasionem
1394 849 1769 932 -arrip‘uisse
1804 865 1912 918 ,ex
1968 849 2196 915 eonsu-

282 939 444 1003 sione
499 933 612 1002 ina
668 934 911 1017 populi,
969 944 1333 1018 sperantes.
1367 956 1439 1006 se
1480 933 1964 1008 dissidentibus
2018 935 2195 1004 inter.

279 1044 341 1089 se
378 1017 696 1088 Israelitis
739 1020 993 1088 facilius
1037 1042 1174 1088 rem
1220 1020 1650 1104 confecturos,
1696 1029 1761 1090 et
1809 1019 2194 1098 Galaaditas

281 1105 729 1174 debellaturos:
772 1104 1317 1189 quemadmodum
1364 1106 1777 1178 seimuseos-
1803 1106 1916 1188 qui
1961 1126 2195 1178 nooere

275 1193 550 1276 cupiunt,
613 1194 1015 1260 eontrarium
1072 1211 1335 1275 semper
1370 1192 1499 1260 sibi
1544 1190 1924 1275 promittere
1968 1212 2193 1260 eorem

276 1300 424 1363 quae
479 1278 866 1360 plerumque
925 1276 1250 1346 accidunt
1339 1278 1432 1346 Et
1488 1295 1647 1348 sane
1691 1277 2081 1352 videbantur
2123 1277 2194 1344 in

269 1364 496 1449 populo
552 1384 667 1429 rea
703 1365 796 1430 ita
838 1365 1247 1442 eonstitutae,
1308 1372 1381 1434 ut
1420 1363 1794 1436 diuturnior
1836 1366 2006 1432 foret
2026 1382 2198 1430 eon-

269 1451 444 1517 fusio.
531 1449 706 1518 Nam
751 1450 1037 1518 vidimus
1073 1448 1345 1520 Saulem
1378 1469 1504 1518 non
1543 1449 1836 1520 omnium
1873 1470 2195 1520 consensu

271 1557 477 1620 regem
518 1536 728 1602 fuisse
770 1536 1217 1619 designatum:
1263 1544 1459 1618 atque
1500 1537 1721 1604 omnia
1766 1537 1963 1620 plena
1996 1535 2195 1601 fuisse

266 1642 598 1688 murmure
663 1629 732 1688 et
794 1620 1145 1687 sedit-ione:
1226 1641 1425 1704 quum
1490 1621 1805 1690 haetenus
1869 1640 2194 1696 summam

266 1710 429 1773 inter
498 1727 571 1773 se
647 1707 1058 1776 concordiam
1132 1707 1453 1776 fovissent
1497 1706 1831 1776 Samuelis
1886 1716 2196 1794 tempore

263 1803 323 1856 et
375 1793 726 1860 unanimes
783 1794 1141 1862 vixissent:
1199 1801 1582 1879 tantamque
1637 1794 1773 1862 sibi·
1818 1792 1989 1876 apud
2048 1792 2197 1859 illos

263 1879 679 1946 autoritatem
756 1877 1074 1963 propheta
1149 1878 1601 1970 consiliasset·
1656 1888 1755 1970 ut·
1806 1887 2035 1961 sponte
2097 1878 2199 1950 illi

258 1984 478 2031 omnes
536 1965 1092 2047 obtemperarent.
1183 1962 1315 2032 Sed
1362 1983 1575 2051 quum.
1608 1985 1678 2031 se
1721 1986 1942 2036 rerum
1989 1963 2198 2038 admi*

258 2050 650 2120 nisti-atione
694 2048 1077 2131 abdicasset,
1120 2051 1493 2118 reverentia
1535 2051 1647 2117 illa
1672 2049 1990 2122 fdesierat.
2058 2049 2195 2114 Ve-

256 2157 400 2202 rum
467 2137 811 2202 enimvero
872 2136 1055 2202 Deus
1112 2158 1183 2204 re
1230 2138 1375 2220 ipsa
1432 2139 1661 2208 testari
1701 2137 1909 2206 voluit
1952 2156 2022 2202 se
2065 2156 2198 2204 non

257 2222 497 2288 frustra
548 2222 919 2306 pollicitum
963 2243 1106 2289 esse
1148 2223 1386 2305 populo
1422 2244 1619 2294 suum
1665 2224 2020 2296 auxilium:
2084 2220 2198 2288 ssd

256 2307 545 2374 rationes
586 2308 747 2375 iniit
783 2308 865 2376 ab
899 2308 1254 2376 hominum
1297 2325 1495 2380 seusu
1539 2309 1988 2380 alienissimae.
2079 2311 2200 2376 At»

244 2393 1279 2550 fftssfflufsssssssffimffi
1250 2387 1414 2546 ‘¹⁶32’
1442 2394 2201 2563 pii‘fltiiin'iissiamdssss

452 2530 475 2560 ‚
1042 2545 1045 2546 f
1812 2523 1839 2538 ..

241 2575 640 2632 ostensurus
682 2565 855 2632 malo
896 2566 988 2631 sit
1030 2585 1191 2632 usus
1232 2565 1405 2648 quod
1448 2565 1803 2634 iri-bonnm
1848 2575 1921 2634 et
1950 2567 2021 2634 in
2057 2585 2203 2636 suar

241 2672 385 2716 rum
444 2653 755 2718 salutem
818 2659 1253 2718 eonvsrteret.
1338 2653 1437 2720 Ae
1496 2672 1661 2720 sane
1700 2653 1770 2718 si
1824 2651 2028 2726 nullis
2068 2672 2200 2720 nn·

238 2757 435 2819 quam
513 2737 843 2806 molestiis
912 2737 1342 2824 affioeremur,
1418 2737 1485 2804 *si
1530 2755 1586 2806 ‚a
1643 2737 1845 2806 nul-lis
1902 2736 2198 2808 hostibus

238 2823 745 2901 infestaremur,
803 2841 933 2888 non
992 2824 1516 2892 existimaremus
1570 2844 1690 2894 nes
1722 2825 1861 2892 ·Dei
1908 2842 2196 2907 unquam

234 2909 488 2976 anxilio
537 2925 717 2992 opus
752 2908 1032 2976 habere:
1076 2917 1146 2974 et
1187 2910 1380 2978 rebus
1415 2910 1747 2992 prosperis
1782 2929 1859 2978 ae
1893 2907 2198 2978 secundis

233 2996 663 3074 efferremur,
727 3015 939 3078 neque
996 2995 1281 3079 gratiam
1340 2996 1944 3086 etgbenofieentiam
1989 2994 2199 3077 ipsius

232 3101 387 3164 erga
432 3103 587 3159 noe,
652 3090 727 3146 ut
768 3103 889 3165 par
929 3091 1046 3159 est,
1093 3100 1614 3163 agnosceremus.
1692 3080 1836 3150 Sed
1882 3101 2083 3164 qen-m
2128 3077 2197 3145 in

231 3186 338 3233 eas
394 3168 765 3251 angustias
824 3167 1231 3236 devenimus·
1258 3175 1337 3230 ut
1376 3166 1721 3250 deplorata
1754 3166 2199 3238 nestra=salus

230 3251 569 3332 videatur,
638 3262 708 3318 et
764 3261 1035 3335 repente
1091 3250 1172 3322 ad
1218 3273 1337 3319 nos
1378 3274 1467 3320 ex
1508 3253 1641 3320 illis
1668 3252 2003 3326 ‚eruendos
2050 3251 2196 3320 bra-

222 3339 454 3405 ehium
540 3359 747 3405 suum
815 3337 1001 3406 Deus
1042 3339 1363 3416 exserit„
1429 3345 1569 3410 tum
1638 3339 2057 3410 manifestum
2122 3339 2201 3404 fit

222 3425 569 3492 auxilinm
626 3425 852 3506 ipsius,
898 3434 968 3490 et
1010 3423 1091 3488 de
1125 3422 1312 3490 nobis
1351 3424 1973 3496 aetum-fuissesine
1991 3424 2201 3507 ipsius

219 3530 343 3592 ope
398 3511 517 3577 vel
580 3510 785 3575 inviti
841 3510 1140 3578 fatemur.
1233 3509 1415 3579 Deus
1454 3511 1678 3594 itaquo
1723 3509 2021 3592 permisit
2065 3509 2199 3574 bel·

220 3597 358 3660 lum
430 3595 639 3662 istud
714 3596 799 3661 ab
862 3595 1275 3664 Ammonitis.
1323 3596 1619 3673 excitari,
1697 3596 1808 3678 qui
1856 3597 2055 3678 -prius
2117 3594 2200 3664 ab

214 3681 688 3750 Amori-nasis
721 3680 959 3750 devicti
1001 3682 1283 3750 fuerant.
1344 3680 1557 3764 Regio
1596 3699 1763 3750 vere
1791 3682 1909 3754 ilia
1942 3679 2198 3752 Gntnad

214 3768 563 3836 Israelitis
634 3777 783 3850 post
837 3765 1235 3836 debellatum.
1278 3766 1625 3836 Sebonem
1669 3787 1888 3850 regem
1932 3768 2004 3832 in
2024 3785 2029 3792 ·
2048 3788 2198 3849 par*

218 3862 353 3920 tem
406 3863 751 3923 euaserat.
840 3852 1064 3933 Quare
1122 3852 1543 3922 Ammonitas
1601 3863 1892 3922 veterem
1945 3863 2200 3924 coutro-

213 3942 523 4010 versiam
586 3949 939 4016 renovant,
1000 3959 1169 4022 quae
1220 3940 1418 4024 longo
1456 3939 1592 4008 ,iam
1637 3939 1951 4021 temporis
1991 3939 2198 4006 inter«-

212 4027 396 4092 vallo
471 4027 711 4109 sopita
765 4024 1130 4091 videbatur.
1220 4024 1395 4092 Nam
1455 4046 1658 4108 quum
1714 4026 2047 4108 seriptura
2101 4046 2198 4091 re-

204 4115 377 4180 citat
450 4112 663 4177 illam
724 4118 969 4178 terram
1014 4111 1099 4176 ab
1141 4111 1543 4179 Ammonitis
1584 4110 1791 4180 fuisse
1830 4131 2198 4194 possessam

204 4201 351 4264 eins
402 4198 745 4266 meminit
784 4206 859 4262 ut
901 4197 1029 4262 iam
1076 4196 1233 4264 olim
1278 4196 1667 4281 praeteritae
1711 4197 2053 4266 historiae:
2098 4207 2197 4262 at·

198 4286 319 4367 qui
416 4284 800 4352 Israelitae
894 4282 1139 4348 iamdiu
1218 4284 1415 4350 etiam
1493 4282 1672 4352 illam
1752 4283 2195 4365 possederant.

201 4371 451 4450 Quum
522 4372 761 4452 itaque
819 4369 1240 4440 Ammonitas
1298 4368 1548 4450 proelio
1606 4368 1999 4438 'deoertaturi
2060 4369 2197 4436 Ga·-

194 4457 510 4524 laaditas
578 4454 933 4531 invadunt,
994 4456 1360 4536 speciosum
1417 4454 1676 4537 quidem
1734 4476 1956 4520 rerum
2018 4475 2199 4537 repe-

196 4543 623 4614 tendarum.
678 4540 799 4607 sed
856 4561 986 4607 non
1045 4541 1307 4624 iustum·
1353 4539 1619 4606 titulum
1664 4539 1925 4606 habent.
2015 4539 2198 4610 Deus

191 4650 361 4696 vero
438 4628 629 4694 vult
692 4636 771 4690 ut
835 4627 1055 4694 hostes
1120 4626 1427 4694 eeclesiae
1454 4693 1461 4700 ,
1492 4645 1648 4696 suae
1713 4627 1961 4710 priores
2018 4627 2197 4692 illam

189 4737 483 4798 semper
532 4714 899 4789 lacessant,
956 4721 1153 4795 atque
1191 4712 1286 4778 ita
1328 4721 1551 4780 sontes
1594 4713 1749 4793 sint,
1809 4731 1884 4779 ae
1924 4709 2199 4794 proinde

187 4802 459 4868 iustam
532 4798 793 4865 habeat
833 4819 1080 4880 poenas
1122 4796 1205 4864 de
1242 4798 1381 4864 illis
1421 4798 1723 4864 sumendi
1770 4799 2198 4868 oooasionem.

186 4889 349 4952 Nisi
424 4888 643 4954 enim
692 4884 941 4954 ‚iniuste
1006 4882 1233 4954 fideles
1299 4895 1771 4966 premerentur,
1838 4906 2050 4967 neque
2116 4883 2199 4952 ad

192 4973 433 5038 Deum
518 4971 913 5055 eonfugere,
984 4990 1196 5052 neque
1261 4971 1402 5036 eius
1455 4970 1778 5036 auxilium
1842 4970 2198 5052 implorare

182 5069 511 5142 possent.
634 5054 707 5122 Si
773 5057 902 5139 ipsi
958 5056 1131 5122 ultro
1189 5055 1519 5139 improbos
1578 5057 1878 5124 homines
1934 5055 2197 5122 lacessi-

1607 315 1709 382 IN
1752 314 1806 381 Ι.
1855 314 2039 388 ΜΒ,
2079 313 2484 390 SAMUEL.
2530 316 2732 395 OAP.
2775 317 2903 386 xl.

4115 320 4252 390 646

2294 505 2515 573 minus
2569 506 2792 572 ,Deum
2849 508 3224 580 invoeaudi.
3315 510 3731 578 Temeritatis
3774 511 3949 580 enim
3997 529 4246 593 poenas

2294 593 2527 658 merito
2582 592 2862 661 luerent.
2954 593 3088 664 Sed
3143 596 3202 662 si
3262 598 3442 679 pasis
3488 594 3778 664 studiosi.
3808 596 3889 664 ab
3935 596 4243 664 omnibus

2292 677 2554 754 iniuriis
2597 678 3051 761 abstinuerint,
3109 691 3177 748 et
3219 689 3442 750 tamen
3486 682 3569 750 ab
3615 681 3912 748 hostibus
3951 675 4244 758 laeessiti

2294 772 2375 840 et²
2401 764 2471 830 in
2518 764 2857 848 angustias
2899 787 3191 834 summas
3235 768 3482 838 redacti
3525 767 3607 833 ad
3643 766 3939 838 divinum
3978 766 4244 852 asylum

2295 858 2363 913 et
2404 849 2726 916 auxilium
2767 851 3205 935 confugerint,
3264 874 3546 936 eumque
3591 863 3666 918 ut
3706 854 3812 918 sui
3851 853 4247 918 misereatur

2296 937 2542 1018 precati
2578 935 2844 1017 fuerint,
2887 937 3030 1004 eius
3063 959 3250 1021 opem
3288 947 3358 1003 et
3390 939 3708 1004 auxilium
3756 961 3827 1004 re
3862 940 4010 1022 ipsa
4051 958 4245 1020 expe·

2295 1019 2569 1089 rientur.
2656 1022 3005 1105 Proprium
3063 1023 3390 1107 siquidem
3429 1023 3559 1092 Dei
3603 1033 3705 1092 est
3747 1025 4005 1094 afflictis
4049 1044 4241 1107 opem

2295 1107 2499 1202 ferre„
2556 1115 2624 1172 et
2686 1108 2932 1190 inopes,
3001 1131 3266 1194 egenos⁸
3308 1131 3384 1176 ao
3448 1110 3692 1178 debiles
3735 1110 4099 1188 sublevare,
4165 1129 4242 1182 ao

2296 1212 2558 1258 omnem
2602 1192 3012 1276 violentiam,
3049 1196 3442 1272 iniustitiam
3478 1208 3544 1261 et
3579 1196 3994 1278 iniquitatem
4032 1194 4241 1277 repri-

2297 1299 2495 1344 mere.
2583 1276 2777 1360 Quod
2855 1300 3058 1362 quum
3131 1303 3274 1350 esse
3353 1282 3693 1366 proprium
3761 1282 3890 1348 Dei
3955 1282 4239 1348 officium

2297 1385 2485 1440 saara
2527 1365 2856 1447 scriptura
2897 1367 3084 1436 nobis
3130 1367 3435 1446 deelarat,
3479 1368 3678 1433 etiam
3723 1368 3964 1433 ostium
4009 1366 4241 1450 aperit,

2295 1449 2380 1515 ad
2434 1471 2588 1520 eum
2651 1449 2968 1520 audenter.
3015 1462 3085 1518 et
3134 1474 3284 1520 oum
3329 1452 3569 1520 fiducia
3611 1451 4080 1530 invocandum,
4147 1453 4235 1519 ei·

2297 1555 2421 1619 que
2462 1533 2798 1603 molestias
2843 1546 2908 1602 et
2949 1538 3227 1604 iniurias
3272 1539 3509 1622 quibus
3544 1538 3873 1604 immerito
3911 1538 4241 1604 afficimur

2297 1622 2736 1705 exponendas.
2826 1623 3003 1690 Hine
3084 1625 3302 1707 itaque
3387 1624 3736 1705 diseamus,
3815 1624 4244 1692 vehementer

2299 1725 2411 1774 eos
2454 1728 2696 1786 errare,
2740 1709 2852 1792 qui
2896 1708 2976 1775 de
3018 1708 3221 1776 illatis
3265 1710 3390 1776 sibi
3433 1711 3691 1776 iniuriis
3735 1719 4239 1794 conqueruntur,

2300 1813 2502 1886 quum
2549 1794 2770 1870 hostes
2811 1794 3098 1862 laeessiti
3140 1797 3222 1862 ab
3266 1798 3427 1880 ipsis
3462 1796 3738 1862 iniurias
3773 1817 3847 1862 se
3882 1794 4240 1874 vindicare,

2300 1890 2366 1943 et
2421 1899 2530 1946 res
2585 1901 2740 1948 suas
2798 1889 3095 1963 repetere
3153 1901 3226 1949 se
3269 1884 3718 1964 profiteantur.
3806 1880 3976 1947 Nam
4021 1883 4100 1958 si,
4165 1890 4243 1948 ut

2300 1973 2455 2034 ante
2495 1964 2653 2042 dixi,
2700 1964 2856 2034 belli
2900 1975 3164 2032 autores
3205 1988 3452 2047 sumus,
3516 1970 3642 2034 Dei
3687 1989 3804 2034 nos
3847 1967 4096 2034 auxilio
4141 1967 4248 2033 in-

2301 2051 2532 2134 dignos
2603 2050 2967 2120 reddimus:
3054 2053 3602 2136 quemadmodum
3658 2062 3921 2133 eontra,
3983 2054 4036 2119 si
4096 2073 4253 2120 eon·

2300 2138 2577 2204 seientia
2616 2134 2820 2204 dietat
2855 2159 2976 2204 nos
3013 2160 3148 2204 non
3183 2149 3443 2206 autores
3478 2160 3621 2204 esse
3656 2139 4249 2205 oontroversiarum

2300 2222 2415 2294 sed
2475 2222 2655 2300 ultro
2709 2233 2780 2288 et
2837 2244 2970 2290 non
3030 2225 3364 2292 lacessitos
3425 2246 3464 2289 a
3520 2225 3706 2291 nobis
3750 2224 3969 2290 hostes
4011 2226 4081 2291 in
4129 2245 4251 2294 nos

2302 2308 2624 2392 impetum
2690 2310 2934 2380 faeerez
3010 2319 3148 2376 tum
3211 2310 3290 2378 de
3349 2309 3479 2374 Dei
3538 2311 3783 2376 auxilio
3840 2320 4052 2380 oertos
4106 2330 4252 2380 esse

2303 2403 2577 2495 oportet,
2622 2402 2916 2479 tempore
2946 2406 3316 2480 opportuno
3355 2394 3686 2474 adfuturo,
3729 2397 3786 2462 si
3828 2395 4015 2464 illum
4059 2396 4254 2478 invo-

2305 2500 2691 2549 naver-imus.

2476 2566 2804 2650 Deinceps
2861 2569 3161 2649 sequitur
3217 2567 3461 2642 insoles
3517 2566 3708 2634 Iabes
3768 2567 4026 2634 Galaad
4072 2565 4254 2634 dedi-

2306 2650 2554 2726 tionem
2622 2651 2858 2731 faeere,
2927 2653 2987 2728 si
3053 2654 3281 2738 aequis
3347 2652 3827 2722 conditionibus
3885 2675 4032 2719 eum
4091 2653 4255 2738 ipsis

2304 2746 2634 2820 ageretur,
2689 2749 2758 2806 et
2815 2738 2958 2804 vita
2995 2739 3343 2814 incolumis
3385 2739 3548 2820 ipsis
3593 2741 4115 2821 promitteretur,
4177 2759 4255 2808 ae

2305 2822 2549 2890 tributa
2619 2823 2877 2890 solvere
2952 2832 3270 2907 tanquam
3331 2825 3647 2904 subditos,
3709 2826 3909 2894 fuisse
3959 2833 4252 2908 paratos.

2305 2907 2503 2992 Sane,
2569 2910 2797 2988 fateor,
2859 2931 2980 2980 nes
3007 2913 3106 2986 r,in
3165 2910 3530 2994 perieulum
3589 2909 3908 2980 adductos
3951 2918 4254 2993 oportere

2303 2994 2384 3072 de
2427 2995 2573 3063 iure
2617 3005 2840 3074 nostro
2883 2994 3132 3075 sedere,
3171 3006 3246 3066 et
3291 2998 3550 3072 vincere
3583 2995 3874 3062 bonitate
3911 2993 4252 3070 malitiam,

2303 3079 2860 3164 quemadmodum
2893 3133 2896 3140 .
2930 3103 3124 3164 saepe
3204 3082 3276 3148 in
3353 3082 3559 3148 saeris
3631 3080 4114 3150 admonemur:
4151 3100 4249 3158 ,ao

2305 3161 2576 3249 proinde
2642 3187 2938 3244 summae
3000 3167 3268 3244 virtutis
3329 3189 3488 3245 esse,
3554 3168 3608 3232 si
3673 3168 3783 3250 qui
3852 3187 4001 3234 eum
4057 3167 4247 3248 hoste

2303 3252 2708 3328 conveniunt
2747 3254 2946 3320 etiam
2989 3255 3229 3337 iniquis
3273 3252 3774 3329 conditionibus,
3821 3260 3890 3316 et
3930 3273 4052 3318 suo
4092 3273 4245 3320 eum

2304 3337 2735 3410 detrimento:
2795 3359 2871 3405 ao
2927 3360 3062 3408 non
3105 3360 3248 3406 esse
3290 3340 3712 3423 pertinaciter
3757 3336 4246 3421 persequendas

2302 3425 2578 3492 iniurias
2654 3423 2858 3490 donee
2920 3425 3114 3507 plene
3165 3426 3257 3490 sit
3314 3423 3500 3490 nobis
3555 3423 3982 3492 satisfactum.
4072 3423 4246 3492 Nam

2302 3513 2371 3578 in
2432 3510 2635 3576 saeris
2699 3510 3039 3592 seripturis
3103 3510 3333 3578 iubere
3399 3531 3534 3575 nos,
3584 3509 3942 3576 Dominum
4001 3509 4246 3576 seimus

2303 3596 2620 3678 patientia
2647 3663 2650 3672 ,
2677 3596 2923 3664 malum
2968 3616 3295 3678 superare,
3356 3605 3428 3661 et
3468 3596 3757 3662 bonitate
3803 3595 4062 3664 vinoere
4107 3616 4246 3661 ma-

2300 3681 2548 3758 litiam:
2592 3691 2792 3763 atque
2835 3682 3044 3750 multa
3086 3682 3273 3749 nobis
3318 3683 3519 3748 etiam
3565 3683 3709 3754 eius
3749 3679 4048 3746 mandati
4095 3701 4247 3763 pro-.-

2302 3768 2457 3850 poni
2514 3767 2816 3850 exempla
2880 3789 3050 3851 quae
3104 3768 3458 3834 imitemur.
3564 3765 3676 3832 Sic
3724 3764 3874 3832 lieet
3933 3765 4248 3836 Ezechias

2302 3860 2519 3937 posset
2577 3852 2766 3922 bonis
2822 3866 2892 3919 et
2941 3854 3133 3922 iustis
3195 3854 3555 3920 rationibus
3600 3853 3951 3926 contestari
3997 3875 4067 3918 se
4111 3874 4244 3922 nou

2302 3948 2599 4010 autorem
2644 3959 2858 4022 neque
2901 3938 3058 4006 belli
3099 3960 3355 4016 oausam
3404 3959 3531 4022 quo
3576 3937 3659 4006 ab
3703 3938 3997 4022 Assyriis
4039 3937 4246 4003 infes-

2302 4026 2598 4092 tabatur:
2689 4035 2910 4096 tamen
2981 4025 3256 4107 spoliato
3341 4024 3586 4106 templo
3664 4024 4246 4109 hierosolymitano

2299 4111 2439 4178 suis
2481 4112 2906 4191 ornamentis,
2950 4122 3016 4176 et
3060 4110 3350 4178 detraeto
3387 4131 3547 4175 auro
3583 4119 3648 4176 et
3684 4117 3977 4193 argento,
4023 4108 4247 4178 hostes

2300 4198 2608 4281 placavit,
2635 4204 2720 4261 'et
2763 4198 3052 4279 ipsorum
3093 4197 3448 4264 avaritiam
3481 4195 4011 4280 explens-paoem
4049 4213 4245 4276 quae«,-

2300 4283 2456 4356 sivit
2497 4282 2906 4360 ets-ademit,
2953 4292 3026 4348 ut
3069 4282 3376 4366 deinoeps
3420 4283 3658 4365 populo
3704 4281 3921 4348 Deum
3965 4279 4035 4346 in
4081 4298 4244 4361 paee

2301 4369 2513 4436 solere
2549 4377 2651 4433 'et
2723 4368 3019 4436 venerari
3082 4376 3299 4436 stante
3353 4367 3599 4449 templo
3660 4367 3904 4432 lieeret.
3989 4364 4244 4436 Verum

2300 4454 2472 4538 quod
2530 4454 2616 4522 ad
2666 4455 2912 4522 ineolas
2969 4453 3162 4528 labes
3219 4452 3477 4522 Galaad
3539 4453 3792 4526 attinet,
3838 4471 3996 4515 sane
4042 4470 4075 4511 s
4123 4470 4241 4512 on-

2303 4551 2499 4608 tanea
2542 4541 2671 4606 ista
2706 4539 2950 4606 deditio
2995 4561 3126 4606 nou
3169 4549 3273 4606 est
3315 4539 3446 4605 illis
3488 4537 3670 4603 laudi
3714 4533 3951 4600 danda.
4031 4471 4244 4632 stiam·

2302 4648 2426 4710 qus
2483 4625 2884 4694 deditionem
2949 4624 3167 4692 faeere
3233 4627 3598 4709 cogitantes
3663 4621 3838 4690 ultro
3905 4639 4244 4701 regionem

2302 4733 2489 4780 suam
2537 4711 2970 4795 profanationi
3015 4722 3080 4777 et
3123 4711 3468 4793 pollutioni
3515 4716 3873 4791 exponunt.
3963 4705 4245 4774 Necesse

2303 4800 2478 4874 ,enim
2543 4807 2688 4864 erat
2746 4798 3238 4876 dominantibus
3296 4798 3365 4860 in
3409 4817 3488 4860 ea
3529 4792 3886 4860 idololatris
3931 4791 4057 4856 Dei
4105 4788 4245 4860 euli-

2304 4893 2445 4950 tum
2524 4884 2729 4968 pollui
2794 4894 2864 4950 et
2928 4883 3306 4948 adulterari.
3395 4881 3631 4961 Itaque
3696 4874 3864 4960 quod
3933 4875 4106 4941 ultro
4171 4897 4244 4944 se

2301 4970 2605 5035 servituti
2650 4969 3029 5051 subiiciunt,
3074 4979 3144 5034 et
3187 4969 3433 5032 tributa
3468 4965 3794 5030 soluturos
3831 4963 4245 5044 promittunt,

2300 5077 2387 5120 ex
2442 5056 2697 5140 ingenti
2754 5065 2935 5122 metu
2991 5055 3239 5119 factum
3282 5060 3412 5131 est3
3473 5051 3584 5133 qui
3630 5049 3920 5133 ipsorum
3968 5046 4250 5112 infideli·

184 5148 499 5222 vissent,
578 5162 667 5208 ae
707 5165 862 5209 suas
905 5141 1187 5208 iniurias
1229 5142 1721 5220 ulciscerentur,
1766 5135 2017 5210 nullam
2060 5142 2195 5207 ius-
2302 5152 2501 5207 tatem
2547 5140 2878 5225 prodebat.
2965 5139 3138 5206 Nam
3185 5138 3414 5204 urbem
3456 5138 3634 5204 illam
3673 5143 3847 5200 sorte
3881 5131 4063 5200 Deus
4085 5133 4249 5233 ipsis

180 5245 329 5299 tam
416 5229 864 5298 occasionem
934 5228 1253 5296 habereut
1326 5228 1782 5312 conquerendi,
1858 5228 2196 5311 multoque

2299 5228 2788 5312 assignaverat:
2847 5245 3118 5309 eamque
3174 5225 3382 5307 ipsius
3444 5223 3712 5289 nomine
3773 5231 4088 5300 tanquam
4130 5217 4252 5285 eh-

3839 5322 3942 5376 41*
