5059 6059
300 334 406 406 581

298 519 657 606 temporario
713 518 845 584 isto
904 527 974 583 et
1017 525 1477 585 momentaneo
1533 538 1757 604 regno,
1808 515 1978 602 quod
2024 517 2210 584 Deus

297 613 422 694 ipse
461 626 587 671 non
631 604 970 689 approbat,
1015 623 1227 687 neque
1273 602 1613 683 benedicit,
1656 602 2208 686 quemadmodum

300 695 435 762 fecit
485 689 650 775 quod
694 689 974 757 Davidis
1035 697 1388 774 sequutum
1442 697 1563 769 est,
1629 688 1851 756 Deum
1909 688 2210 757 videmus

301 798 533 846 omnem
607 775 982 844 hominibus
1060 774 1464 843 occasionem
1531 774 1859 861 gloriandi
1927 773 2210 842 voluisse

300 864 577 942 adimere,
642 871 711 928 et
762 860 1132 947 superbiam
1189 870 1387 946 atque
1445 862 1887 947 arrogantiam
1946 881 2205 927 omnem

299 946 704 1018 contundere:
757 946 912 1031 quid
970 947 1051 1014 de
1110 966 1180 1014 re
1228 970 1313 1013 no
1370 946 1487 1013 illo
1544 947 1808 1018 coelesti
1861 944 2206 1013 dicendum

298 1037 690 1112 arbitramur,
734 1031 913 1116 quod
957 1031 1143 1100 nobis

298 1124 361 1187 in
396 1121 572 1188 cuius
614 1140 797 1203 spem
841 1139 1155 1188 vocamur
1196 1126 1267 1186 et
1308 1118 1745 1204 adoptamur?
1832 1119 2021 1185 Deus
2063 1119 2206 1202 ipse

294 1228 401 1274 nos
455 1226 539 1271 ex
596 1204 737 1272 sola
794 1205 1245 1273 misericordia
1303 1205 1488 1290 eligit
1531 1216 1600 1272 et
1641 1207 1712 1271 in
1754 1203 2043 1271 filiorum
2085 1225 2208 1269 nu·

292 1312 525 1360 merum
583 1291 876 1357 admittit
931 1311 1094 1375 quos
1137 1291 1327 1376 regni
1370 1291 1663 1360 coelestis
1706 1290 1901 1357 faciat
1941 1290 2207 1373 partici-

292 1400 413 1462 pes,
464 1378 701 1461 quibus
752 1376 1264 1443 immortalitatis
1317 1397 1626 1445 coronam
1669 1376 1986 1461 imponat,
2044 1396 2208 1459 quos
2244 1405 2247 1408 π

294 1464 658 1548 angelorum
702 1463 912 1529 socios
955 1462 1166 1542 faciat,
1211 1484 1371 1547 quos
1412 1463 1725 1530 felicitate
1782 1462 1896 1528 illa
1939 1470 2210 1528 aeterna

291 1570 399 1633 per
450 1548 722 1614 Domini
781 1549 992 1615 nostri
1043 1547 1202 1614 Iesu
1256 1548 1512 1617 Christi
1569 1549 1963 1634 sanguinem
2020 1557 2209 1633 parta

290 1636 426 1701 beet
479 1644 545 1700 et
602 1634 735 1701 frui
793 1634 1012 1718 faciat,
1069 1642 1145 1700 ut
1196 1635 1296 1700 illi
1350 1643 1666 1719 tanquam
1723 1644 1948 1702 nostro
2012 1633 2209 1717 capiti

287 1721 578 1787 uniamur
636 1729 707 1787 et
757 1721 1250 1804 coniungamur.
1339 1718 1516 1802 Quid
1574 1720 1684 1787 hic
1738 1719 2003 1787 obsecro
2058 1739 2212 1787 nos·

284 1816 450 1872 trum
491 1805 752 1874 adferre
793 1805 1197 1890 poterimus?
1238 1804 1463 1888 Quum
1504 1807 1576 1873 in
1621 1807 1750 1873 ista
1785 1804 2007 1872 Saulis
2042 1805 2211 1871 elec-e

288 1893 452 1960 tione
494 1901 759 1958 tantum
803 1891 1218 1976 splendorem
1262 1913 1420 1960 suae
1464 1893 1715 1977 gratiae
1757 1893 1942 1960 Deus
1990 1900 2210 1958 osten·

292 1977 469 2059 derit,
528 1976 710 2063 quod
767 1999 853 2043 ex
910 1978 1145 2045 humili
1188 1977 1440 2046 familia
1478 1987 1549 2046 et
1592 1979 1865 2046 obscuro
1906 1976 2049 2046 loco
2094 1998 2212 2044 na-

282 2073 431 2141 tum,
488 2073 560 2132 et
620 2064 739 2130 vix
794 2064 972 2129 inter
1025 2064 1187 2131 alias
1231 2065 1513 2133 familias
1557 2072 1787 2132 notum
1829 2061 1913 2129 ad
1955 2062 2210 2148 regium

279 2148 555 2216 tribunal
601 2147 872 2216 evexit?
921 2147 1116 2231 Quid,
1152 2150 1444 2236 inquam,
1478 2150 1624 2217 Deo
1660 2172 1779 2217 nos
1813 2157 2092 2216 vocante
2127 2147 2211 2215 ad

279 2255 346 2300 se
384 2234 699 2313 dicemus,
744 2256 827 2302 an
865 2235 1154 2320 aliquam
1198 2247 1489 2306 nostram
1524 2235 1914 2320 dignitatem
1948 2254 2210 2303 causam

277 2340 408 2387 esse
441 2319 1032 2406 respondebimus?
1058 2320 1402 2404 Quaenam
1424 2324 1570 2402 ista,
1606 2322 1894 2402 obsecro,
1929 2329 2211 2405 quanta-

272 2426 388 2489 que
421 2405 844 2490 impudentia
877 2417 942 2472 et
979 2409 1384 2493 arrogantia!
1430 2408 1568 2476 Nos
1602 2408 1823 2492 itaque
1860 2407 2212 2493 diligenter

269 2491 437 2559 istud
486 2491 937 2577 attendamus,
980 2501 1051 2560 et
1083 2493 1580 2579 perpendamus,
1616 2493 1773 2578 quid
1794 2492 1980 2559 Deus
2016 2490 2211 2559 hodie

267 2598 304 2643 a
344 2579 534 2646 nobis
580 2585 907 2662 reposcat,
948 2579 1005 2646 si
1043 2578 1117 2645 in
1150 2601 1223 2647 re
1258 2601 1389 2645 non
1427 2582 1596 2647 tanti
1632 2578 1945 2645 momenti
1989 2585 2208 2645 tamen

267 2662 470 2730 voluit
528 2685 730 2731 suam
783 2663 1140 2733 bonitatem
1185 2672 1252 2731 et
1294 2667 1652 2752 gratuitam
1694 2661 2207 2732 misericordiam

263 2751 547 2834 agnosci,
612 2761 694 2816 ιιι
752 2749 878 2818 sibi
920 2750 1045 2817 soli
1088 2751 1301 2819 omnis
1343 2752 1554 2838 gloria
1595 2752 1995 2818 tribueretur
2029 2748 2210 2817 illius

262 2834 430 2920 facti,
513 2835 868 2903 hominum
948 2857 1105 2903 vero
1189 2837 1501 2905 iactantia
1563 2836 1778 2904 omnis
1844 2835 2208 2915 tolleretur,

260 2940 461 3002 quum
516 2923 667 2990 iam
724 2943 855 2988 non
911 2921 992 2988 de
1049 2932 1311 2990 terrena
1364 2932 1432 2989 et
1484 2930 1941 2990 momentanea
1980 2920 2207 2988 haere·

259 3006 473 3088 ditate,
544 3007 674 3074 sed
717 3007 799 3074 de
862 3008 1000 3075 vita
1066 3015 1351 3087 aeterna,
1414 3016 1485 3076 et
1547 3009 1629 3076 de
1684 3006 2094 3076 haereditate
2136 3007 2206 3074 in

254 3093 446 3161 coelis
504 3094 815 3179 reposita
867 3095 1108 3180 agitur,
1163 3115 1329 3179 quae
1385 3116 1506 3163 nos
1549 3094 1934 3181 angelorum
1981 3093 2208 3175 socios,

255 3188 320 3244 et
364 3180 665 3247 Domini
717 3181 931 3247 nostri
982 3179 1138 3247 Iesu
1204 3180 1453 3248 Christi
1520 3178 1914 3248 cohaeredes
1976 3178 2206 3246 faciat:

255 3264 406 3349 quid
448 3266 744 3350 inquam
798 3265 909 3333 hic
961 3287 1002 3333 a
1043 3265 1228 3334 nobis
1271 3266 1456 3336 Deus
1497 3267 1607 3333 exi
1655 3265 1751 3333 it?
1840 3268 2081 3334 Annon
2131 3273 2209 3333 ιιι

249 3353 461 3419 omnis
507 3359 754 3420 nostra
795 3352 1114 3419 iactantia
1157 3352 1447 3432 tollatur,
1509 3362 1580 3420 et
1691 3373 1768 3419 eo
1810 3359 2044 3418 contra
2084 3350 2206 3417 soli

250 3438 465 3504 omnis
537 3438 764 3520 gloria
827 3439 1190 3506 tribuatur:
1258 3448 1328 3505 et
1393 3458 1827 3525 agnoscamus
1889 3459 2012 3504 nos
2076 3437 2205 3523 ipsi

245 3523 498 3592 nullam
563 3523 661 3592 de
716 3523 906 3592 nobis
963 3523 1281 3612 eligendis
1336 3525 1738 3593 occasionem
1795 3522 2205 3609 praebuisse:

245 3629 456 3694 neque
500 3611 721 3678 etiam
764 3610 972 3695 ipsius
1013 3611 1296 3695 gratiam
1341 3610 1492 3679 ullis
1528 3611 1767 3677 nostris
1800 3609 2054 3676 meritis
2091 3617 2208 3677 aut

240 3692 578 3780 dignitate
628 3696 1071 3781 praevenisse,
1106 3695 1220 3762 sed
1256 3696 1467 3782 ipsam
1508 3717 1772 3764 causam
1809 3696 1878 3761 in
1913 3715 2033 3762 sua
2067 3693 2206 3761 sola

236 3781 504 3850 infinita
550 3783 862 3849 bonitate
904 3781 1328 3867 quaesivisse,
1370 3803 1503 3867 qua
1543 3781 1847 3867 indignos
1890 3788 2108 3848 tamen
2133 3781 2203 3846 in

232 3869 526 3952 gratiam
579 3869 928 3952 reciperet.
994 3867 1224 3952 Neque
1266 3889 1424 3936 vero
1468 3871 1595 3936 ista
1637 3867 2025 3953 cognovisse
2066 3866 2204 3932 suf-

233 3954 407 4019 ficit:
469 3955 603 4022 sed
673 3955 875 4020 etiam
916 3954 986 4020 in
1026 3954 1528 4022 admirationem
1574 3953 1720 4036 rapi
1761 3972 1887 4019 nos
1918 3973 1966 4017 -o
2012 3959 2203 4035 ortet,

236 4046 467 4107 tantae
513 4062 694 4125 erga
737 4060 859 4106 nos
902 4040 1028 4106 Dei
1075 4039 1585 4108 benevolentiae.
1650 4039 1822 4105 Nam
1867 4037 1927 4104 si
1995 4037 2206 4104 eviter

232 4125 359 4191 Dei
425 4127 768 4194 beneficia
822 4127 1263 4208 aestimamus,
1320 4136 1571 4194 certum
1615 4134 1716 4192 est
1758 4144 2056 4191 summae
2098 4123 2202 4190 in-

228 4213 686 4295 gratitudinis
739 4212 1190 4278 testimonium
1247 4212 1408 4279 fore.
1497 4210 1719 4294 Quare
1779 4230 2043 4277 necesse
2103 4219 2204 4276 est

225 4317 464 4366 omnes
529 4307 810 4365 nostros
865 4318 1098 4365 sensus
1154 4297 1237 4364 ad
1280 4298 1513 4367 vivum
1558 4296 1749 4376 affici,
1810 4305 1885 4361 ut
1924 4296 2201 4361 immen-

227 4403 373 4484 sam
432 4407 617 4470 erga
679 4404 803 4484 nos
847 4383 976 4483 Dei
1031 4382 1387 4486 bonitatem
1446 4383 1808 4470 cogitantes
1852 4391 2042 4447 extra
2083 4401 2204 4448 nos

221 4465 2205 4623 affl„tdfflffiz‘2ff030n‘tpffitmt‘t-i'0{wal-332

216 4640 575 4711 Davidem
647 4644 1017 4708 intuentem
1061 4642 1190 4708 Dei
1246 4662 1404 4726 erga
1468 4640 1766 4709 homines
1830 4638 2203 4724 generalem

218 4726 644 4806 bonitatem,
684 4727 868 4794 velut
901 4725 1374 4811 obstupescere,
1409 4749 1614 4812 quum
1637 4725 1995 4793 exclamat:
2039 4725 2208 4808 Quid

214 4819 309 4881 esi
351 4814 703 4893 mor-talis,
749 4814 916 4896 quod
957 4834 1188 4879 mmor
1221 4814 1315 4881 sis
1337 4813 1526 4882 eice-9?
1572 4818 1682 4881 aut
1710 4811 1888 4895 filius
1909 4810 2203 4894 hominis,

215 4903 389 4982 quod
458 4901 710 4968 visite-5
763 4899 956 4966 eum?
1043 4898 1252 4983 Atqui
1305 4901 1445 4985 agit
1500 4920 1578 4966 eo
1643 4898 1782 4964 loeo
1837 4895 2057 4962 David
2124 4896 2207 4962 de

216 4987 585 5054 communi
638 4986 937 5052 omnium
982 4984 1375 5066 conditione,
1418 5007 1548 5070 qua
1567 4984 1697 5050 Dei
1721 5004 1923 5049 manu
1959 4983 2208 5049 victum

215 5081 290 5137 et
350 5073 704 5142 vestitum
762 5070 1112 5154 accipiunt.
1200 5072 1476 5138 Poterat
1529 5069 1789 5155 quidem
1834 5067 2054 5134 David
2109 5068 2208 5135 di-

211 5178 391 5241 cere,
464 5157 840 5226 hominum
909 5157 1196 5223 officium
1263 5178 1404 5224 esse
1462 5158 1679 5223 Deum
1747 5156 1974 5233 colere,
2033 5153 2206 5238 quod

209 5256 517 5328 paterna
556 5243 1008 5310 beneficentia
1042 5242 1219 5326 ipsos
1253 5243 1742 5328 complectatur,
1779 5240 1894 5308 sed
1930 5239 2207 5310 ulterius

1629 328 1731 396 IN
1765 329 1820 396 1.
1866 330 2048 398 LIB.
2094 328 2494 397 SAMUEE.
2542 327 2735 398 CAP.
2778 325 2904 394 IX.

1268 1032 1469 1119 nigne
1512 1055 1554 1100 a
1594 1034 1739 1100 Deo
1793 1033 2090 1111 offertur,
2142 1025 2231 1099 et‘

4137 331 4275 406 582

2359 518 2748 602 rogi-editur,
2815 526 2883 583 et
2944 518 3132 587 velut
3196 529 3388 584 extra
3451 539 3522 587 se
3589 521 3837 604 positus
3903 522 4262 592 exclamat:

2380 602 2498 669 ahl
2543 603 2852 685 Domine,
2897 603 3055 688 quid
3098 611 3201 672 est
3244 605 3573 672 mortalis!
3641 606 3780 673 Nos
3824 609 4048 675 miseri
4090 610 4260 676 nihil

2310 689 2438 754 nisi
2493 688 2717 775 pulvis
2775 700 2841 756 et
2894 690 3173 774 putredo
3235 711 3481 768 sumus,
3542 693 3654 776 qui
3698 694 3778 758 fit
3819 693 4024 777 igitur
4067 704 4142 762 ιιι
4185 697 4258 764 in

2310 774 2488 842 hunc
2547 775 2865 842 mundum
2927 775 3318 846 descendere
3386 797 3505 842 nos
3571 777 4058 863 gubernaturus
4122 802 4260 850 non

2310 859 2702 947 dedigneris.
2768 862 2871 928 'Du
2927 883 3045 928 nos
3103 861 3361 930 liberali
3423 884 3624 934 manu
3669 864 3918 947 pascis:
3965 877 4036 932 tu
4081 887 4153 934 re
4204 869 4218 883 “

2310 961 2380 1012 et
2418 946 2763 1033 gubernas,
2811 955 2886 1014 tu
2920 947 3188 1032 speciali
3223 947 3635 1033 providentia
3675 953 3986 1038 protegis,
4030 961 4106 1019 tu
4194 974 4259 1021 e·

2310 1032 2508 1117 nique
2554 1032 2903 1117 specialem
2939 1036 3150 1102 nostri
3185 1054 3408 1102 curam
3444 1033 3664 1102 habes.
3731 1036 3933 1123 Agite
3967 1039 4255 1119 obsecro,

2309 1118 2367 1185 si
2424 1138 2838 1186 communem
2892 1117 3066 1186 hanc
3137 1120 3441 1187 omnibus
3499 1120 3630 1186 Dei
3687 1124 3962 1208 gratiam
4028 1121 4254 1194 David

2312 1205 2478 1270 tanti
2519 1204 2698 1290 facit,
2757 1214 2834 1271 ut
2891 1226 3036 1273 eam
3093 1228 3244 1274 cum
3301 1214 3566 1289 stupore
3623 1206 4005 1292 admiretur,
4065 1209 4257 1293 quale

2309 1300 2610 1357 nostrum
2668 1311 2813 1360 esse
2878 1291 3278 1358 arbitramur
3339 1291 3629 1359 officium
3689 1294 3757 1361 in
3816 1295 4079 1380 speciali
4141 1295 4259 1364 illa

2308 1373 2444 1442 Dei
2487 1377 2717 1459 gratia,
2777 1398 2945 1462 qnae
3001 1378 3140 1444 vita
3193 1378 3523 1444 communi
3582 1378 3689 1445 lon
3740 1400 3776 1448 e
3818 1383 4259 1464 praestantius

2310 1472 2414 1528 est
2490 1462 2912 1545 beneficium,
2990 1462 3319 1530 laudanda
3384 1473 3452 1529 et
3515 1483 3671 1547 prae
3719 1465 3996 1532 icanda?
4084 1466 4259 1534 Nam

2311 1568 2504 1632 saepe
2547 1547 2814 1632 quidem
2856 1549 3035 1615 inter
3073 1548 3386 1616 mortales
3447 1549 3689 1617 multos
3746 1549 3976 1620 videas
4018 1553 4259 1637 quibus

2312 1633 2508 1720 longe
2562 1635 2772 1701 satius
2828 1635 3002 1702 foret
3054 1655 3392 1719 nunquam
3450 1645 3640 1702 natos
3696 1658 3840 1704 esse
3897 1658 4094 1723 quam
4160 1647 4258 1705 tet

2312 1718 2611 1788 miserias
2674 1721 3021 1788 sustinere.
3129 1721 3224 1786 At
3289 1741 3488 1808 quum
3547 1720 3733 1789 Deus
3796 1743 3917 1789 nos
3980 1722 4259 1791 aliorum

2314 1806 2656 1874 hominum
2699 1827 2973 1874 numero
3016 1805 3202 1873 velut
3236 1807 3486 1890 eximit,
3531 1815 3600 1874 et
3634 1807 4077 1894 singularibus
4111 1810 4254 1896 qui·

2314 1888 2594 1960 busdam
2637 1891 2826 1959 donis
2869 1901 3168 1974 exornat,
3210 1913 3287 1961 ac
3329 1892 3741 1974 nominatim,
3800 1904 3876 1960 ut
3918 1894 4077 1977 dixi,
4135 1916 4258 1963 nos

2312 1976 2393 2043 ad
2440 1988 2747 2046 aeternae
2803 1978 2982 2046 vitae
3038 1999 3222 2064 spem
3289 1987 3498 2059 vocat,
3563 1998 3638 2046 ac
3704 2000 3936 2047 sensus
3995 1988 4258 2050 nostros

2312 2062 2570 2163 dirigit,
2643 2064 3058 2149 Dominoque
3115 2072 3343 2132 nostro
3408 2064 3563 2132 Iesu
3632 2064 3898 2133 Christo
3951 2067 4118 2145 unit,
4180 2076 4258 2134 ut

2309 2149 2384 2215 in
2439 2170 2586 2301 »fleo
2644 2149 2835 2218 bonis
2889 2152 3096 2236 ipsius
3161 2149 3468 2219 omnibus
3530 2152 3966 2235 perfruamur,
4031 2172 4255 2220 nonne

2311 2256 2462 2319 amp
2494 2234 2719 2302 'ssima
2739 2236 2928 2304 nobis
2962 2237 3239 2303 offertur
3270 2237 3548 2304 materia
3580 2237 4025 2308 exclamandi:
4063 2237 4253 2308 Vah!

2312 2320 2468 2405 quid
2513 2319 2703 2389 nobis
2743 2322 2862 2389 fiet
2902 2321 3182 2400 miseris,
3227 2323 3354 2388 nisi
3399 2332 3635 2407 sponte
3656 2323 3842 2390 Deus
3885 2344 4005 2392 nos
4049 2345 4255 2392 manu

2311 2428 2432 2474 sua
2488 2407 2791 2474 sublevet
2848 2415 2915 2473 et
2971 2407 3229 2493 dirigat.
3330 2407 3588 2474 Natura
3641 2408 3957 2494 siquidem
4025 2430 4255 2477 omnes

2313 2491 2644 2560 maledicti
2701 2514 2950 2573 sumus,
3008 2506 3076 2560 et
3132 2495 3268 2561 irae
3325 2494 3479 2560 filii:
3538 2496 3701 2578 quin
3759 2496 3953 2563 etiam
4012 2494 4257 2564 diaboli

2312 2579 2633 2645 servitute
2675 2579 3054 2663 premimur,
3098 2588 3166 2646 et
3200 2580 3431 2648 mortis
3463 2580 3622 2666 iugo
3657 2580 4061 2648 subiicimur.
4119 2578 4260 2650 Sed

2310 2664 2499 2734 Deus
2541 2685 2661 2732 nos
2703 2665 2845 2750 ipse
2886 2667 3078 2752 regit,
3125 2675 3192 2732 et
3233 2686 3274 2732 a
3317 2664 3495 2732 mille
3538 2666 3846 2750 periculis
3888 2674 4134 2749 tuetur,
4187 2676 4260 2734 et

2312 2752 2523 2836 eripit,
2569 2750 2713 2836 quis
2757 2765 2978 2818 autem
3024 2751 3187 2818 haec
3242 2761 3428 2818 tanta
3471 2750 3600 2819 Dei
3659 2749 3829 2819 dona
3885 2752 4079 2819 sicuti
4183 2773 4260 2820 ar

2313 2844 2434 2915 est,
2478 2835 2801 2920 suspicit?
2848 2834 3071 2918 Quare
3114 2836 3333 2908 danda
3374 2844 3478 2904 est
3519 2837 3732 2904 omnis
3773 2858 3975 2923 opera
4016 2858 4104 2903 ne
4196 2838 4258 2904 ei

2312 2921 2809 2992 beneficentiam
2883 2921 3371 2992 considerantes
3449 2922 3688 2989 leviter
3748 2932 4256 3007 praetereamus,

2311 3016 2429 3073 aut
2471 3008 2649 3095 turpi
2693 3008 3168 3095 ingratitudine
3192 3008 3321 3074 Dei
3363 3007 3709 3075 veritatem
3751 3010 4257 3094 supprimamus,

2312 3105 2430 3160 aut
2471 3102 2787 3180 tanquam
2830 3115 2973 3162 rem
3018 3095 3265 3161 nullius
3307 3094 3624 3160 momenti
3666 3096 3860 3180 parvi
3917 3094 4254 3162 faciamus.

2312 3178 2493 3262 Quin
2538 3181 2753 3267 potius
2794 3178 2960 3248 haec
3002 3190 3141 3249 esto
3178 3188 3402 3258 nostra
3434 3179 3630 3247 unica
3661 3200 3841 3261 cura,
3874 3186 3950 3246 ut
3969 3180 4257 3264 quoties·

2309 3287 2566 3355 cunque
2608 3265 2691 3334 de
2734 3265 2925 3334 nobis
2967 3267 3351 3353 cogitamus,
3411 3265 3759 3351 pristinam
3816 3263 4257 3333 conditionem

2310 3361 2623 3438 nostzram,
2689 3360 3046 3437 antequam
3088 3352 3162 3419 in
3208 3352 3494 3437 gratiam
3537 3373 3578 3419 a
3615 3351 3755 3418 Deo
3797 3351 4255 3436 reciperemur,

2305 3437 2493 3504 nobis
2528 3439 2596 3504 in
2637 3440 3021 3508 memoriam
3054 3457 3456 3514 revocemus,
3495 3445 3567 3504 et
3599 3435 3989 3522 dignitatem
4026 3447 4255 3506 contm

2306 3523 2757 3610 expendamus
2798 3523 2871 3589 in
2916 3544 3110 3609 quam
3155 3523 3362 3590 evecti
3404 3543 3651 3598 sumus.
3694 3543 3901 3606 quum
3934 3521 4015 3589 ad
4051 3521 4254 3589 fidem

2306 3611 2513 3694 ipsius
2557 3608 2886 3695 evangelii
2927 3610 3146 3678 vocati
3188 3629 3435 3690 sumus,
3479 3617 3556 3674 ut
3589 3607 3712 3675 filii
3745 3609 3955 3693 ipsius
3973 3606 4254 3675 Domini

2307 3696 2513 3765 nostri
2557 3695 2711 3763 Iesu
2768 3694 3021 3763 Christi
3080 3694 3377 3762 membra
3433 3694 3878 3762 efficeremur:
3937 3692 4255 3762 conditio·

2307 3802 2586 3867 nemque
2631 3802 2764 3867 qua
2805 3784 2878 3848 in
2922 3780 3051 3847 Dei
3108 3781 3280 3847 filios
3336 3779 3742 3866 adoptamur,
3800 3800 4254 3866 agnoscamus.

2305 3868 2537 3952 Neque
2596 3889 2753 3935 vero
2812 3867 3052 3933 leviter
3103 3866 3236 3933 ista
3287 3875 3443 3932 sunt
3483 3864 3897 3951 pensitanda,
3940 3865 4055 3934 sed
4098 3887 4250 3934 cum

2306 3975 2566 4021 summo
2608 3953 2841 4021 ardore
2885 3949 3341 4038 expendenda,
3386 3960 3464 4018 ut
3505 3972 3708 4035 quum
3752 3950 3941 4019 nobis
3976 3951 4255 4018 veniunt

2304 4039 2377 4105 in
2437 4048 2749 4119 mentem,
2812 4039 3150 4125 rapiamur
3207 4037 3277 4104 in
3336 4036 3858 4116 admirationem,
3917 4046 3987 4103 et
4047 4035 4253 4105 vehe-

2305 4125 2514 4192 menti
2558 4125 2902 4192 affectione
2944 4126 3252 4192 commoti
3296 4124 3769 4191 exclamemus:
3814 4121 3926 4190 Ah
3946 4121 4251 4210 Domine,

2304 4212 2415 4296 qui
2482 4210 2836 4297 qualesque
2912 4210 3176 4278 sumus!
3290 4207 3858 4291 Quemadmodum
3924 4206 4251 4275 Davidem

2305 4298 2508 4363 etiam
2565 4296 2693 4363 alio
2748 4297 2893 4365 loco
2950 4295 3338 4363 nominatim
3396 4315 3554 4362 suae
3611 4314 3925 4381 personae
3970 4292 4094 4359 hoc
4135 4312 4254 4376 ap-

2304 4383 2659 4469 plicantem
2699 4382 3035 4450 videmus:
3077 4380 3251 4466 quod
3293 4381 3612 4449 nimirum
3652 4380 3890 4448 habeat
3933 4376 4255 4463 amplissi-

2305 4489 2483 4535 mam
2527 4469 2658 4535 Dei
2701 4466 3111 4555 glorificandi
3153 4466 3579 4546 occasionem,
3625 4464 3800 4550 quod
3844 4484 3885 4530 a
3925 4462 4072 4530 Deo
4113 4483 4254 4530 non

2306 4561 2566 4622 tantum
2627 4554 2701 4620 in
2765 4556 3017 4640 regiam
3077 4554 3470 4640 dignitatem
3534 4560 3707 4619 esset
3782 4549 4058 4650 electus,
4135 4548 4251 4616 sed

2307 4641 2507 4708 etiam
2553 4650 2629 4706 ut
2686 4649 2861 4708 esset
2900 4638 3177 4707 Domini
3242 4640 3454 4706 nostri
3494 4637 3649 4706 Iesu
3696 4636 3946 4704 Christi
4003 4636 4252 4719 figura:

2307 4747 2385 4793 ac
2444 4726 2516 4793 in
2584 4726 2892 4794 ecclesiae
2955 4746 3192 4813 corpus
3254 4733 3573 4808 receptus,
3638 4731 3706 4789 et
3762 4720 4051 4787 eiusdem
4113 4730 4251 4788 tam

2307 4811 2637 4879 excellens
2691 4811 3082 4878 membrum.
3171 4811 3476 4894 Denique
3527 4829 3661 4876 non
3721 4815 3979 4874 tantum
4024 4807 4094 4873 in
4136 4827 4254 4891 ge·

2308 4918 2488 4981 nere,
2530 4897 2647 4965 sed
2690 4898 2889 4965 etiam
2933 4898 3307 4982 specialiter
3347 4893 3587 4961 collata
3639 4895 3707 4960 in
3753 4913 3825 4959 se
3869 4914 3909 4958 a
3950 4892 4094 4959 Deo
4142 4892 4258 4959 be-

2308 4984 2547 5051 neficia
2605 4985 2981 5064 meditatus,
3039 4984 3112 5049 in
3171 4982 3301 5048 Dei
3354 4978 3581 5047 laudes
3638 4978 3944 5061 erumpit.
4043 4979 4253 5046 Porro

2308 5068 2480 5154 quod
2504 5068 2668 5137 Saul
2704 5069 3077 5154 respondet,
3121 5080 3188 5135 et
3210 5064 3585 5135 Samuelem
3621 5066 4008 5151 interrogat,
4050 5085 4262 5149 quare

2310 5177 2523 5240 quove
2582 5156 2872 5242 impulsu
2932 5155 3095 5222 talia
3151 5155 3442 5229 referret,
3501 5150 3762 5218 videtur
3821 5171 3904 5216 ex
3947 5150 4262 5219 incredu-

2309 5242 2494 5309 litate
2554 5245 2932 5329 profectum,
2999 5240 3191 5325 quasi
3246 5235 3572 5305 diffideret
3622 5258 3709 5305 ne
3766 5237 3935 5319 quod
3994 5238 4258 5306 dixerat

3733 5340 3840 5398 37·
