5059 6059
738 297 866 367 603
2390 294 2806 364 HOMILIA
2847 296 3065 363 XCV.
4609 299 4715 368 604

739 497 1199 574 persequutus,
1234 508 1310 553 eo
1348 486 1656 552 docemur
1690 506 1823 551 non
1860 486 2178 565 sufficere,
2214 496 2288 552 ut
2325 494 2479 552 ants
2515 486 2687 552 dixi-

2965 487 3059 553 Et
3114 486 3195 552 de
3239 485 3466 554 Saulis
3522 486 3687 552 falsa
3746 487 4179 571 promissione
4237 487 4582 569 hactenus,
4635 492 4723 558 oui

742 598 911 655 mus,
962 575 1018 641 si
1055 594 1167 639 ore
1198 572 1457 656 culpam
1493 572 1944 651 confiteamur,
1984 580 2051 639 et
2089 593 2208 639 nos
2255 572 2689 639 conscientiae
2796 584 3012 639 tamen
3058 572 3390 639 Davidem
3446 594 3578 638 non
3637 573 3986 639 admodum
4049 573 4271 640 fidisse
4331 585 4611 659 apparet
4656 598 4725 644 ex

742 680 1001 730 morsus
1056 660 1412 744 redarguat
1434 709 1450 736 ‚
1533 657 1647 724 sed
1730 657 1978 741 aliquid
2055 659 2336 742 amplius
2422 658 2687 742 requiri.

741 749 992 814 Fateor
1047 745 1306 831 quidem
1353 744 1614 810 initium
1660 744 1741 809 ad
1788 745 2254 828 poenitentiam
2299 765 2441 811 esse
2485 746 2686 809 tristi-

736 836 900 901 tiam
964 844 1032 898 et
1099 830 1405 910 dolorem,
1473 831 1616 896 sine
1681 851 1826 914 quo,
1894 830 2076 896 nulla
2137 852 2424 915 unquam
2469 839 2691 915 potest

738 942 882 987 esse
946 920 1019 984 in
1075 917 1266 983 nobis
1327 917 1410 982 ad
1467 916 1686 981 Deum
1746 918 2102 996 conversio,
2169 918 2283 983 sed
2344 917 2560 1001 potius
2618 917 2689 981 in

740 1006 934 1073 malis
992 1003 1355 1071 obduratio.
1446 1001 1678 1086 Itaque
1735 1004 2001 1068 initium
2046 1022 2176 1085 quo
2221 1004 2303 1069 ad
2350 1002 2692 1068 meliorem

739 1095 995 1175 frugem
1042 1100 1473 1169 revertamur,
1534 1099 1599 1152 et
1641 1088 1713 1153 in
1757 1090 1934 1156 viam
1980 1111 2019 1155 a
2063 1110 2194 1172 qua
2238 1090 2691 1156 aberravimus

740 1177 1157 1252 reducamur,
1214 1176 1280 1240 in
1339 1175 1462 1239 hoc
1521 1182 1626 1239 est
1683 1176 1993 1258 positum,
2043 1187 2117 1240 ut
2160 1176 2364 1241 animi
2409 1175 2687 1259 quadam

738 1262 1158 1349 aegritudine
1193 1262 1556 1327 afficiamur
1591 1268 1858 1344 propter
1902 1270 2239 1343 peccatum
2286 1262 2459 1345 quod
2505 1262 2691 1328 nobis

743 1350 1068 1435 displicet,
1127 1346 1241 1414 sed
1298 1345 1574 1412 ulterius
1628 1346 2214 1431 progrediendum:
2278 1370 2362 1414 ne
2420 1345 2689 1414 Saulem

743 1438 1082 1503 imitemur
1139 1433 1249 1517 qui
1308 1434 1433 1498 etsi
1488 1452 1686 1498 sensu
1747 1434 1995 1517 peccati
2056 1435 2157 1500 sui
2219 1434 2512 1514 affectus,
2585 1454 2689 1498 re-

741 1523 990 1608 probus
1068 1529 1286 1585 tamen
1368 1539 1589 1584 coram
1654 1519 1799 1584 Deo
1865 1519 2296 1585 nihilominus
2362 1520 2491 1585 fuit
2514 1570 2530 1596 ,
2615 1540 2690 1584 eo

739 1610 947 1694 igitur
984 1604 1527 1692 progrediendum
1560 1616 1681 1688 est,
1725 1612 1802 1670 ut
1835 1604 1917 1669 ad
1963 1606 2165 1671 animi
2212 1603 2689 1691 aegritudinem

738 1696 918 1761 illam
990 1694 1188 1757 etiam
1257 1689 1519 1757 accedat
1586 1690 1877 1757 studium
1946 1713 2063 1756 nos
2123 1691 2202 1757 ad
2265 1693 2502 1757 bonam
2565 1691 2689 1755 Dei

739 1781 1148 1848 voluntatem
1196 1775 1668 1860 conformandi,
1713 1787 1780 1841 et
1823 1777 1917 1841 ita
1960 1776 2207 1842 malum
2255 1775 2401 1842 odio
2449 1778 2686 1843 haben·

742 1866 934 1946 dum,
993 1871 1070 1930 ut
1126 1864 1372 1929 bonum
1432 1882 1844 1944 quaeramus.
1951 1864 2252 1945 Denique
2310 1863 2368 1928 si
2422 1872 2693 1945 peccata

742 1954 1043 2027 fatemur,
1089 1960 1157 2015 et
1197 1949 1266 2015 in
1314 1949 1541 2013 eadem
1586 1969 1812 2015 sumus
1856 1949 2196 2031 proclives,
2243 1949 2529 2015 sciamus
2574 1969 2694 2014 nos

742 2061 820 2105 eo
865 2037 1077 2122 magis
1119 2055 1337 2101 coram
1385 2035 1528 2099 Deo
1574 2034 1755 2099 reddi
1802 2034 2298 2113 inexcusabiles,
2360 2036 2469 2118 qui
2514 2035 2692 2099 enim

743 2146 815 2190 se
874 2125 1089 2207 ipsum
1148 2119 1624 2199 condemnavit,
1687 2122 1744 2187 si
1804 2120 2108 2205 deinceps
2166 2122 2236 2185 in
2295 2122 2487 2186 malis
2549 2142 2691 2203 per·

741 2211 1006 2287 rexerit,
1068 2208 1437 2293 graviorem
1495 2207 1566 2271 in
1629 2229 1700 2273 se
1753 2226 2028 2290 poenam
2093 2205 2329 2271 trahit:
2391 2205 2565 2291 quod
2621 2228 2694 2271 re

747 2298 892 2381 ipsa
973 2303 1255 2360 testetur
1334 2313 1404 2357 se
1474 2291 1737 2358 divinae
1804 2293 2115 2358 bonitatis
2181 2302 2693 2377 contemptorem

747 2404 919 2464 esse,
972 2389 1039 2446 et
1095 2400 1217 2445 sua
1259 2377 1615 2444 rebellione
1660 2381 1931 2462 gravius
1975 2381 2044 2443 in
2091 2400 2161 2444 se
2207 2378 2335 2443 Dei
2379 2378 2692 2444 iudicium

746 2488 1093 2535 accersere.
1183 2464 1296 2531 Sic
1349 2466 1570 2548 itaque
1615 2466 1875 2548 culpam
1919 2464 2215 2530 confiteri
2260 2464 2585 2531 discamus
2630 2474 2696 2530 et

747 2576 788 2621 a
911 2553 1158 2617 ‘tudine
1227 2552 1428 2628 affici,
1496 2562 1571 2616 ut
1635 2550 1716 2615 ad
1784 2550 2002 2616 Deum
2068 2560 2565 2630 convertamur,
2630 2560 2698 2616 et

747 2574 936 2705 ngffi
1001 2638 1161 2721 ipsis
1220 2637 1676 2702 renuntiemus
1734 2636 1859 2702 Dei
1927 2636 2135 2702 cultui
2190 2657 2311 2703 nos
2369 2646 2541 2701 totos
2597 2636 2693 2701 di·

750 2734 995 2794 cantes.
1096 2723 1304 2788 Porro
1369 2722 1636 2788 Saulem
1705 2721 1992 2788 noluisse
2053 2721 2379 2789 Davidem
2446 2723 2694 2798 fallere,

751 2833 964 2897 neque
1022 2809 1149 2894 ipsi
1194 2809 1460 2873 mentiri
1501 2830 1583 2873 ex
1629 2810 1844 2874 verbis
1888 2810 2093 2892 ipsius
2138 2816 2430 2893 apparet,
2488 2828 2694 2891 quum

751 2900 880 2964 ait:
945 2896 1091 2962 Non
1147 2894 1543 2976 malefaciant
1597 2896 1716 2960 tibi
1771 2895 2075 2977 amplius,
2147 2903 2215 2959 et
2268 2894 2696 2961 nihilominus

752 2994 968 3050 tamen
1029 2983 1085 3047 si
1146 2981 1362 3047 David
1422 2981 1489 3045 in
1551 2982 1756 3063 ipsius
1815 3001 2049 3046 manus
2107 2979 2445 3047 incidisset
2486 2982 2694 3045 vitam

753 3070 1124 3136 ablaturum
1191 3067 1393 3134 fuisse
1418 3118 1434 3145 ,
1504 3088 1637 3133 non
1703 3075 1806 3132 est
1871 3066 2140 3133 dubium
2165 3119 2181 3145 ,
2248 3065 2424 3150 quod
2489 3088 2697 3131 novas

751 3156 942 3221 illum
1016 3153 1358 3219 videamus
1445 3154 1817 3219 occasiones
1902 3154 2128 3219 deince
2176 3176 2208 3219 s
2296 3154 2697 3236 quaesivisse

746 3240 1077 3306 Davidem
1121 3237 1551 3323 opprimendi,
1611 3251 1679 3305 et
1720 3261 1806 3305 ex
1849 3241 2143 3322 sequenti
2190 3261 2269 3305 us
2309 3239 2497 3304 facile
2541 3260 2695 3305 con-

751 3329 1045 3393 iiciamus
1089 3325 1402 3409 quamdiu
1448 3325 1516 3390 in
1560 3323 1811 3391 Iudaea
1853 3324 2073 3390 David
2118 3325 2456 3406 habitavit,
2516 3336 2584 3390 et
2625 3325 2697 3390 in

751 3413 1051 3480 cavernis
1097 3424 1163 3477 et
1208 3409 1530 3496 specubus
1576 3410 1883 3487 latitavit,
1930 3432 2201 3477 exosum
2247 3412 2446 3477 fuisse
2470 3409 2695 3477 Sauli:

753 3508 820 3564 et
878 3520 1083 3565 novas
1124 3498 1222 3562 illi
1268 3518 1528 3579 semper
1571 3496 1843 3562 insidias
1886 3496 2087 3563 fuisse
2131 3507 2431 3564 structas.
2521 3497 2699 3579 Quo-

752 3584 948 3651 modo
1004 3586 1209 3683 igitur
1266 3585 1408 3648 sine
1461 3582 1878 3648 simulatione
1933 3584 2272 3667 pollicetur
2324 3582 2564 3649 Davidi
2627 3603 2722 3649 se.

754 3694 883 3738 non
923 3669 1204 3753 amphus
1248 3668 1374 3752 ipsi
1421 3669 1962 3734 malefacturum?
2031 3671 2334 3736 Profecto
2365 3672 2459 3733 ita
2485 3669 2701 3735 solent

751 3759 866 3841 qui
924 3756 1063 3821 veri
1111 3753 1362 3819 timoris
1408 3752 1532 3819 Dei
1578 3776 1708 3820 non
1756 3755 2000 3822 habent
2043 3755 2294 3821 radices
2337 3757 2406 3820 in
2455 3777 2524 3820 se
2569 3755 2700 3820 alte

750 3851 1161 3926 propagatas,
1202 3860 1479 3922 quorum
1515 3840 1850 3907 mutabilis
1884 3853 1984 3906 est
2018 3861 2278 3925 semper
2314 3840 2491 3916 fides,
2539 3862 2700 3925 quos

756 3930 881 3995 etsi
940 3924 1289 4010 aliquando
1348 3925 1645 3993 videmus
1693 3927 1862 3992 bono
1919 3927 2156 3993 affectu
2217 3926 2384 4004 duci,
2446 3938 2698 3993 certum

758 4026 860 4081 est
915 4024 1137 4078 tamen
1195 4033 1233 4077 a
1279 4009 1529 4079 Satana
1587 4014 1679 4078 sic
1735 4013 2052 4096 possideri
2112 4023 2177 4077 et
2236 4016 2570 4092 coarctari,
2630 4023 2703 4077 ut

756 4100 836 4167 ad
871 4100 1155 4184 priorem
1192 4108 1436 4164 statum
1473 4109 1539 4161 et
1583 4098 1895 4162 malitiam
1942 4099 2217 4164 subinde
2261 4107 2699 4177 revertantur,

756 4186 998 4252 imitati
1033 4205 1225 4251 canes
1263 4182 1522 4249 rabidos
1566 4184 1677 4267 qui
1722 4185 1774 4248 si
1819 4186 2106 4251 iacentes
2150 4205 2280 4249 non
2327 4185 2702 4251 excitentur

758 4272 1132 4355 quiescunt:
1195 4270 1308 4337 sed
1369 4270 1748 4335 accedentes
1804 4269 2107 4336 dentibus
2165 4271 2477 4336 lacerant.
2587 4270 2701 4336 Sic

757 4358 1044 4424 hominis
1102 4378 1288 4422 mens
1347 4357 1419 4420 in
1477 4375 1607 4438 qua
1650 4355 1777 4419 Dei
1836 4357 2031 4421 timor
2078 4376 2204 4422 non
2250 4359 2387 4440 egit
2428 4355 2697 4435 radices,

759 4453 1107 4528 postquam
1180 4443 1467 4507 malitiae
1537 4463 1787 4507 veneno
1845 4441 2088 4508 infecta
2141 4450 2240 4509 est
2297 4442 2379 4509 ad
2439 4460 2698 4526 tempus

761 4531 965 4595 veluti
1023 4529 1265 4612 sopitas
1322 4528 1694 4593 affectiones
1754 4527 1966 4594 habet.
2047 4526 2180 4595 Sed
2215 4550 2379 4612 quae
2425 4530 2699 4593 minima

760 4637 1017 4699 quaque
1076 4616 1410 4681 occasione
1455 4614 1673 4678 oblata
1711 4615 2084 4680 excitantur
2127 4625 2192 4679 et
2236 4615 2696 4680 effervescunt.

763 4701 1202 4783 Quamobrem
1241 4702 1659 4766 observemus
1707 4722 1824 4766 nos
1868 4710 1945 4765 ut
1990 4702 2159 4764 inter
2215 4701 2517 4766 homines
2562 4702 2696 4764 sin-

761 4809 908 4854 cere
966 4799 1032 4853 et
1074 4785 1355 4852 fideliter
1398 4806 1880 4865 conversemur,
1925 4798 1990 4851 et
2034 4786 2232 4850 fidem
2277 4792 2698 4863 retineamus,

759 4883 1057 4957 oportere
1095 4892 1330 4937 vacuos
1374 4893 1516 4937 esse
1558 4872 1734 4937 omni
1779 4872 2196 4938 simulatione
2240 4886 2306 4938 et
2351 4873 2698 4957 hypocrisi,

765 4970 828 5023 et
873 4959 1091 5024 Deum
1138 4959 1208 5022 in
1271 4958 1458 5023 nobis
1500 4969 1953 5041 operaturum,
2029 4980 2111 5023 ne
2156 4958 2313 5042 quid
2374 4961 2560 5025 nobis
2620 4958 2700 5023 de

765 5043 950 5109 nobis
1008 5044 1167 5128 ipsis
1224 5045 1657 5127 polliceamur,
1715 5044 1828 5109 sed
1887 5043 1970 5109 ad
2015 5045 2231 5109 Deum
2287 5066 2510 5110 rerum
2562 5065 2698 5110 om·

763 5130 946 5195 nium
1027 5140 1366 5213 parentem
1441 5150 1861 5215 assurgamus
1885 5181 1900 5207 ,
1981 5132 2092 5214 qui
2174 5132 2449 5213 ipsemet
2512 5129 2702 5195 nobis

763 5215 1148 5282 facultatem
1184 5238 1261 5282 ea
1296 5236 1463 5299 quae
1499 5217 1917 5300 promisimus
1952 5216 2267 5299 implendi
2311 5217 2698 5300 suppeditet.

2792 661 3000 744 ipsius
3060 680 3397 743 responso,
3456 670 3524 724 et
3579 659 3662 724 iis
3722 679 3888 742 quae
3947 658 4255 743 deinceps
4311 671 4473 726 sunt
4516 681 4726 728 eonse-

2793 757 3016 829 quuta,
3074 746 3165 811 ait
3224 746 3436 810 enim:
3494 744 3726 811 Iehova
3783 745 3996 811 reddet
4051 746 4390 829 unicuique
4433 748 4728 814 amanam

2793 851 2981 897 suam
3044 837 3101 897 et
3149 832 3340 914 fidem
3395 851 3604 899 suam.
3705 831 3980 913 Ideoque
4035 851 4166 898 ecce
4219 834 4732 915 quemadmodua

2793 915 4733 1004 vitatuamaynifuitinoculiemeis,itamaynierit

2792 1004 2923 1069 vita
2956 1024 3097 1069 mea
3131 1005 3202 1069 in
3236 1004 3434 1071 oculis
3457 1002 3739 1070 Iehovae.
3783 1000 3860 1068 Si
3884 1002 4103 1069 David
4140 1006 4730 1073 remunerationem

2795 1090 3122 1173 exegisset
3176 1110 3218 1154 a
3271 1087 3490 1168 Saule,
3550 1089 3943 1172 postulasset
4000 1089 4127 1155 sibi
4186 1110 4410 1174 parem
4459 1093 4730 1176 gratiam

2795 1175 3044 1257 referri,
3089 1195 3285 1259 seque
3323 1175 3640 1260 pristinae
3677 1174 3981 1260 dignitati
4019 1175 4223 1257 reddi,
4266 1177 4379 1243 sed
4429 1179 4732 1261 quoniam

2794 1259 2984 1327 Sauli
3051 1282 3187 1326 non
3252 1261 3513 1342 fidebat,
3577 1272 3643 1326 et
3706 1261 4219 1346 incorrigibilem
4284 1263 4616 1329 malitiam
4673 1265 4732 1330 in

2793 1348 2935 1430 ipso
2989 1345 3575 1428 animadvertebat,
3624 1345 3863 1413 idcirco
3919 1347 4003 1413 ad
4062 1349 4276 1432 ipsum
4323 1348 4550 1415 Deum
4596 1371 4734 1416 con·

2795 1435 2984 1517 fugit.
3079 1433 3311 1516 Neque
3365 1435 3542 1498 enim
3600 1454 3671 1499 se
3729 1434 3796 1497 in
3854 1432 4219 1517 pericnlum
4275 1438 4515 1502 mortis
4577 1436 4734 1501 ultro

2796 1520 2944 1609 vult
2998 1520 3319 1585 coniicere
3376 1520 3635 1604 placato
3679 1517 3902 1600 Saule,
3959 1518 4074 1585 sed
4120 1521 4486 1603 periculum
4535 1523 4734 1587 anim·

2795 1605 3144 1671 advertens
3203 1605 3272 1670 id
3339 1606 3570 1690 effugit
3635 1625 3717 1669 ne
3782 1603 4002 1670 Deum
4064 1615 4321 1671 tentare
4392 1609 4736 1674 videretur.

2795 1692 3002 1775 Atqui
3060 1690 3330 1758 difficile
3389 1703 3491 1756 est
3549 1690 3811 1757 modum
3873 1691 3947 1756 in
4003 1691 4152 1757 istis
4192 1712 4486 1759 servare.
4573 1694 4728 1760 Nam

2797 1777 3137 1842 hominum
3200 1778 3588 1861 plerumque
3647 1777 3981 1860 passiones
4048 1788 4185 1842 tam
4241 1789 4403 1844 sunt
4458 1779 4728 1846 fervidae

2797 1872 2864 1928 et
2919 1871 3315 1944 aestuantes,
3374 1876 3449 1929 ut
3508 1866 3673 1928 iram
3729 1883 4028 1929 coercere
4083 1885 4214 1929 non
4275 1865 4555 1947 possint.
4646 1866 4731 1930 Et

2800 1948 3034 2016 deinde
3116 1950 3174 2015 si
3251 1950 3420 2014 forte
3487 1948 3821 2015 blanditiis
3886 1948 4265 2015 alliciantur
4327 1951 4528 2016 facile
4589 1950 4736 2035 ipsis

2798 2036 3193 2119 imponatur.
3262 2034 3394 2101 Sed
3423 2037 3604 2101 Deus
3639 2056 3789 2100 suos
3824 2033 3909 2100 ab
3943 2035 4230 2100 hostium
4278 2036 4448 2102 dolis
4495 2058 4738 2121 semper

2801 2129 3076 2201 tutatur,
3123 2123 3310 2188 cuius
3355 2122 3449 2186 rei
3494 2121 3873 2203 exemplum
3915 2121 3983 2185 in
4011 2119 4273 2188 Davide
4315 2123 4736 2205 spectandum

2799 2205 2907 2274 hic
2943 2206 3129 2273 nobis
3172 2208 3577 2292 proponitur,
3624 2208 3739 2289 qui
3782 2226 3995 2288 neque
4038 2206 4295 2273 hostem
4339 2209 4486 2292 ipse
4531 2209 4734 2275 ulcisci

2800 2293 3016 2359 voluit
3070 2315 3283 2377 neque
3327 2304 3552 2359 tamen
3598 2313 3742 2358 sese
3784 2292 3883 2357 illi
3926 2294 4356 2360 committere.
4449 2295 4589 2362 Nos
4629 2296 4731 2359 ita·

2801 2401 2929 2463 que
2985 2380 3272 2445 hostium
3334 2388 3712 2444 nostrorum
3768 2377 4306 2462 ingratitudinem
4349 2383 4626 2464 experti,
4671 2390 4730 2445 et

2803 2466 2874 2530 in
2919 2466 3172 2531 malitia
3215 2464 3729 2543 obdurationem,
3775 2465 3869 2529 sic
3913 2463 4178 2530 fraudes
4221 2466 4522 2550 ipsorum
4565 2488 4729 2550 prae-

2801 2572 3167 2628 caveamus,
3206 2562 3280 2617 ut
3321 2551 3486 2616 bene
3522 2550 3681 2634 ipsis
3716 2549 3930 2616 facere
3969 2563 4035 2615 et
4073 2551 4240 2616 velle
4271 2555 4487 2635 parati
4530 2555 4737 2631 simus,

2801 2648 2867 2703 et
2935 2639 3242 2703 omnibus
3300 2637 3734 2702 humanitatis
3793 2636 4028 2703 officiis
4086 2637 4376 2719 ipsorum
4439 2639 4742 2722 improbi-

2802 2732 3004 2789 tatem
3070 2725 3370 2801 vincere,
3435 2721 3986 2806 quemadmodum
4052 2721 4384 2789 Davidem
4455 2727 4741 2790 videmus

2803 2811 3029 2876 fecisse
3065 2831 3223 2893 erga
3246 2807 3523 2875 Saulem
3561 2807 3778 2874 verbis
3814 2808 4274 2892 sequentibus:
4320 2809 4487 2876 Ecce
4511 2811 4746 2876 hastan

2800 2896 2986 2980 reqiS,
3044 2901 3322 2961 transeat
3374 2896 3507 2961 iam
3558 2914 3726 2959 unus
3766 2914 3843 2959 ex
3884 2895 4028 2961 istis
4059 2897 4290 2977 pueris
4330 2897 4446 2978 qui
4489 2898 4748 2981 accipiat

2801 3002 2955 3047 eam.
3042 2982 3328 3047 Tantum
3384 2980 3567 3046 abest
3621 2990 3696 3045 ut
3751 2979 3974 3045 David
4042 2979 4398 3047 vindictam
4467 2982 4748 3067 aliquam

2803 3089 2844 3133 a
2889 3066 3089 3135 Saule
3147 3088 3226 3131 ex
3277 3075 3383 3132 eta
3415 3116 3433 3146 ,
3492 3087 3683 3150 quem
3747 3086 3969 3150 regem
4030 3088 4220 3133 suum
4282 3071 4626 3153 agnoscit,
4679 3080 4748 3133 ut

2804 3162 3033 3219 contra
3068 3155 3193 3236 ipsi
3232 3089 3486 3219 {astam
3527 3152 3607 3217 de
3650 3171 3780 3233 qua
3821 3163 4076 3236 poterat
4116 3154 4536 3237 triumphare
4581 3155 4746 3219 ultro

2800 3240 2925 3322 ipsi
2985 3239 3215 3305 reddat
3271 3260 3406 3305 nna
3463 3259 3611 3305 cum
3672 3260 3740 3305 sc
3790 3239 3939 3321 pho,
3997 3241 4059 3302 in
4121 3260 4252 3321 quo
4296 3238 4465 3305 Saul
4520 3260 4748 3323 aquam

2802 3325 2884 3390 ad
2929 3325 3280 3391 bibendum
3344 3324 3641 3390 habebat.
3781 3324 3859 3388 ed
3915 3324 4184 3389 interim
4230 3334 4456 3390 tamen
4503 3327 4631 3392 sibi
4671 3325 4750 3391 ab

2802 3412 2916 3478 illo
2981 3412 3220 3476 metuit
3284 3420 3353 3475 et
3409 3422 3599 3477 cavet
3655 3412 3839 3477 cuius
3900 3410 4183 3476 habebat
4241 3423 4532 3477 mentem
4595 3414 4752 3478 satis

2800 3498 3154 3582 cognitam,
3218 3505 3286 3561 et
3348 3518 3624 3579 pravam
3688 3517 3842 3578 erga
3907 3517 3977 3562 se
4043 3496 4477 3564 voluntatem.
4584 3498 4750 3564 Nam

2802 3583 3048 3667 alioqui
3114 3582 3313 3647 fidem
3379 3582 3584 3666 ipsius
3651 3582 3869 3648 verbis
3935 3581 4285 3661 habuisset,
4354 3596 4424 3648 et
4489 3605 4564 3649 se
4630 3584 4752 3668 ipsi

2801 3668 3250 3746 commisisset,
3310 3670 3547 3734 caritas
3603 3669 3776 3733 enim
3837 3678 3908 3732 ut
3967 3679 4193 3734 monet
4235 3670 4580 3752 apostolus
4626 3692 4753 3735 non

2802 3765 2901 3823 est
2978 3754 3355 3838 suspiciosa.
3483 3752 3616 3821 Sed
3695 3774 3901 3837 quum
3980 3762 4174 3820 notae
4242 3766 4400 3820 sunt
4468 3755 4755 3822 hostium

2802 3841 3082 3921 fraudes,
3139 3850 3206 3904 et
3264 3840 3477 3904 multa
3535 3839 3944 3905 infidelitatis
3987 3844 4278 3923 ipsorum
4325 3850 4395 3905 et
4441 3843 4756 3926 perfidiae

2802 3935 2957 3993 sunt
3016 3925 3334 4008 exempla,
3395 3944 3528 3991 non
3588 3935 3689 3991 est
3742 3926 3899 4009 ipsis
3957 3927 4238 4009 amplius
4279 3926 4649 4013 fidendum,
4689 3936 4756 3993 et

2803 4035 3008 4097 quum
3067 4033 3144 4077 ea
3202 4022 3302 4076 est
3360 4012 3649 4094 ipsorum
3695 4033 3902 4094 mens,
3949 4024 4023 4076 ut
4065 4032 4324 4096 semper
4371 4013 4458 4078 ad
4503 4013 4750 4078 malum

2804 4099 3073 4176 feratur,
3118 4119 3250 4163 non
3291 4110 3391 4162 est
3434 4098 3717 4179 suspicio
3764 4096 4038 4163 dicenda
4082 4099 4138 4163 si
4184 4098 4372 4163 nobis
4416 4118 4752 4165 cavemus.

2805 4185 2977 4251 Nam
3050 4206 3246 4268 quum
3310 4183 3559 4248 Paulus
3627 4182 3786 4249 dicit
3841 4184 4179 4248 caritatem
4238 4204 4372 4249 non
4433 4186 4744 4269 suspicari

2804 4270 3071 4351 malum,
3132 4269 3210 4333 de
3255 4270 3587 4353 incognito
3630 4280 3699 4334 et
3743 4269 3993 4334 occulto
4036 4271 4211 4335 malo
4254 4270 4595 4353 loquitur:
4636 4268 4744 4336 sed

2801 4358 2913 4423 ubi
2949 4355 3201 4421 detecta
3234 4370 3334 4420 est
3377 4356 3709 4440 iniquitas,
3756 4365 3932 4421 esset
3978 4356 4404 4421 temerarium
4454 4357 4594 4423 illis
4633 4378 4750 4422 nos

2801 4442 3240 4519 committere,
3302 4462 3466 4523 quos
3521 4451 3855 4524 suspectos
3910 4441 4154 4506 habere
4207 4440 4550 4509 debemus.
4647 4442 4750 4508 In-

2802 4529 2997 4594 terim
3043 4538 3260 4593 tamen
3307 4528 3402 4590 ita
3445 4546 3678 4592 cavere
3725 4527 3914 4592 nobis
3958 4525 4307 4608 discamus,
4366 4549 4456 4593 ne
4503 4529 4742 4593 malum

2803 4616 3093 4680 animum
3150 4613 3465 4678 adversus
3525 4612 3744 4679 hostes
3798 4614 4155 4692 foveamus,
4216 4613 4329 4679 sed
4374 4614 4549 4698 ipsis
4595 4616 4746 4681 bene

2803 4722 2939 4766 sem
2987 4720 3059 4764 er
3103 4698 3397 4778 velimus,
3443 4700 3700 4764 etiamsi
3746 4700 4173 4783 ingratissimi
4215 4700 4373 4764 sint.
4468 4700 4750 4769 Difficile

2803 4787 2922 4851 illu
3026 4785 3250 4861 fateor,
3311 4784 3423 4850 sed
3485 4785 3675 4850 facile
3720 4783 3861 4850 fore
3905 4786 4204 4868 exemplo
4249 4784 4540 4852 Davidis
4586 4787 4752 4855 dixi-

2804 4894 2970 4952 mus,
3015 4871 3207 4935 modo
3253 4892 3368 4935 nos
3413 4870 3598 4936 Deus
3643 4890 3762 4935 suo
3804 4871 4044 4956 spiritu
4089 4872 4361 4938 rexerit.
4449 4872 4754 4957 Denique

2804 4958 2913 5024 ubi
2973 4968 3165 5022 notae
3223 4962 3379 5022 sunt
3428 4956 3692 5021 fraudes
3735 4957 4027 5022 hostium
4069 4967 4135 5021 et
4178 4958 4476 5041 ipsorum
4519 4960 4750 5025 infide-

2805 5043 2976 5123 litas,
3023 5053 3098 5108 ut
3134 5043 3318 5108 nulla
3352 5043 3437 5107 sit
3479 5041 3662 5122 fides,
3705 5042 3887 5108 nulla
3933 5042 4402 5126 promissorum
4443 5058 4750 5111 constan·

2805 5129 2936 5209 tia,
2999 5150 3085 5193 ne
3144 5131 3215 5194 in
3276 5129 3540 5210 laqueos
3591 5130 3887 5210 ipsorum
3947 5149 4066 5195 nos
4123 5130 4584 5209 coniiciamus,
4636 5128 4750 5195 sed

2803 5215 3222 5300 prudentiam
3279 5213 3716 5281 adhibendam
3778 5215 4060 5282 sciamus
4119 5236 4322 5298 quam
4379 5218 4527 5302 ipse
4569 5214 4750 5282 Deus
