5059 6059
288 347 406 414 253

281 534 582 603 mercedis
642 535 961 601 rationem
1020 536 1375 621 habuisset,
1428 539 1675 605 occasio
1719 537 2063 603 videbatur
2108 534 2205 599 illi

283 622 486 688 oblata
548 621 960 687 offensionis:
1041 621 1359 705 siquidem
1427 624 1537 689 alii
1607 623 1828 691 Saulis
1892 622 2204 689 satellites

287 708 631 773 maioribus
704 709 1015 790 praemiis
1093 707 1515 790 ornabantur,
1596 721 1662 774 et
1726 712 1794 774 in
1861 710 2205 774 autoritate

285 794 518 859 maiore
562 806 767 858 erant.
856 797 1073 876 Atque
1118 795 1225 860 ille
1270 795 1550 878 quidem,
1619 806 1961 878 antequam
2010 816 2078 859 se
2122 792 2202 858 ad

285 878 606 963 singulare
651 890 976 944 certamen
1023 900 1170 945 cum
1216 882 1483 966 gigante
1526 884 1807 956 offerret,
1864 880 2203 946 audiverat

283 986 494 1049 regem
553 964 1068 1042 nobilitatumm,
1131 979 1197 1031 et
1255 966 1501 1033 divitiis
1559 968 1782 1032 multis
1842 966 2203 1031 ditaturum

283 1070 425 1115 eum
467 1051 578 1133 qui
622 1051 954 1135 gigantem
1000 1050 1189 1116 illum
1234 1063 1653 1135 prostrasset:
1697 1054 1854 1135 quin
1900 1063 1964 1117 et
2002 1052 2198 1117 filiam

280 1135 346 1201 in
409 1137 899 1201 matrimonium
958 1138 1085 1219 ipsi
1144 1136 1486 1204 daturum:
1559 1148 1622 1204 et
1680 1138 1945 1203 domum
2001 1137 2202 1219 ipsius

279 1220 573 1287 omnibus
633 1221 893 1287 tributis
953 1234 1021 1288 et
1065 1223 1492 1306 vectigalibus
1534 1224 1802 1290 liberam
1847 1224 2201 1289 facturum:

278 1327 498 1374 verum
572 1320 791 1372 tamen
852 1320 1124 1393 apparet
1185 1309 1505 1375 Davidem
1561 1332 1693 1376 non
1755 1311 1952 1376 fuisse
2006 1309 2203 1373 rebus

276 1392 412 1459 istis
482 1392 859 1473 adductum,
930 1415 1139 1477 neque
1196 1415 1579 1477 persuasum
1643 1405 1714 1460 ut
1769 1406 1903 1459 tam
1967 1394 2203 1477 impari

273 1479 625 1544 certamine
667 1499 814 1545 cum
860 1478 1173 1545 Goliatho
1210 1480 1734 1563 congrederetur,
1779 1480 1890 1546 sed
1915 1481 2051 1545 sola
2073 1479 2201 1544 Dei

272 1564 472 1646 gloria
515 1577 583 1628 et
624 1565 842 1629 studio
881 1567 1109 1631 salutis
1145 1568 1362 1651 populi
1402 1568 1601 1633 fuisse
1635 1568 2008 1650 impulsum.
2072 1564 2202 1630 Hic

271 1649 769 1726 observandum,
805 1649 1021 1716 Deum
1058 1651 1316 1735 quidem
1355 1654 1727 1735 permittere
1767 1665 1841 1717 ut
1876 1653 1976 1717 sui
2003 1652 2197 1715 etiam

266 1736 336 1799 in
392 1734 640 1801 mundo
699 1757 816 1818 pro
872 1738 1008 1801 suis
1068 1737 1418 1804 benefactis
1463 1739 1767 1821 praemiis
1813 1738 2200 1815 afficiantur,

267 1819 609 1886 hominum
670 1823 1037 1887 infirmitati
1095 1823 1341 1907 aliquid
1399 1824 1910 1889 condonantem:
1973 1842 2198 1888 verum

267 1912 482 1972 tamen
534 1928 663 1972 non
709 1926 849 1972 esse
892 1910 961 1972 in
987 1908 1130 1975 istis
1174 1909 1596 1985 haerendum,
1644 1931 1852 1993 neque
1896 1917 2199 1992 appeten-

263 1990 412 2057 dam
450 1992 536 2057 ab
572 1992 945 2059 hominibus
981 1994 1344 2060 mercedem
1380 1995 1589 2062 instar
1623 1996 2195 2060 mercenariorum:

261 2076 374 2142 sed
433 2077 584 2143 Deo
630 2079 1117 2145 inserviendum
1160 2080 1466 2161 fideliter,
1520 2094 1710 2164 prout
1754 2100 2072 2165 quemque
2116 2077 2198 2145 ad

257 2161 378 2230 hoc
421 2163 536 2229 vel
570 2163 732 2228 illud
773 2185 936 2247 opus
970 2176 1179 2230 vocat.
1269 2166 1491 2247 Quare
1526 2166 1849 2233 Davidem
1890 2175 2198 2248 tanquam

258 2249 598 2333 exemplar
655 2248 1044 2316 imitandum
1099 2251 1286 2317 nobis
1341 2273 1802 2336 proponamus,
1874 2253 1929 2316 si
1987 2250 2198 2316 officio

258 2346 483 2400 nostro
531 2336 718 2420 fungi
762 2336 1080 2418 cupimus.
1171 2337 1524 2404 Praeterea
1566 2337 2045 2405 observandum
2089 2356 2199 2402 eos

262 2423 372 2502 qui
415 2441 748 2487 summam
792 2443 979 2487 snam
1026 2422 1401 2488 felicitatem
1446 2425 1511 2489 in
1551 2424 1653 2490 his
1689 2424 1884 2489 rebus
1920 2421 2198 2487 terrenis

254 2508 686 2584 constituunt,
724 2516 790 2571 et
827 2508 1190 2575 mercedem
1216 2509 1698 2577 benefactorum
1722 2510 1802 2575 ab
1828 2507 2197 2574 hominibus

252 2602 525 2674 sperant
590 2614 781 2675 saepe
846 2595 1148 2675 opinione
1212 2594 1347 2660 falli
1416 2606 1481 2661 et
1545 2616 1660 2679 spe
1713 2616 1834 2661 sua
1877 2594 2195 2660 excidere.

255 2675 448 2757 Quod
485 2678 702 2760 ipsius
730 2679 1001 2745 Davidis
1022 2681 1322 2764 exemplo
1345 2681 1762 2748 manifestum
1788 2695 1907 2747 est.
1950 2681 2196 2763 Magno

253 2764 426 2829 enim
502 2764 603 2828 illi
676 2764 1003 2829 constabit
1072 2764 1295 2832 Saulis
1351 2787 1616 2832 servum
1678 2776 1744 2832 et
1800 2766 2194 2850 armigerum

253 2846 479 2915 fuisse.
576 2847 708 2916 Sed
775 2850 1076 2932 quoniam
1139 2849 1220 2917 ad
1278 2871 1357 2917 ea
1414 2871 1546 2917 non
1591 2852 1842 2936 appulit
1885 2854 2193 2927 animum,

251 2933 495 3000 idcirco
545 2955 708 3017 quae
751 2955 790 2999 a
826 2933 1027 3001 Saule
1058 2956 1292 3019 passus
1326 2946 1427 3003 est
1462 2938 1625 3004 bene
1660 2938 1790 3021 ipsi
1824 2945 2193 3003 cesserunt:

249 3016 396 3085 Deo
440 3021 652 3103 ipsius
694 3022 1129 3087 constantiam
1176 3032 1242 3087 et
1285 3024 1668 3107 patientiam
1712 3032 2076 3103 exercente,
2131 3033 2198 3087 et

249 3102 318 3169 in
376 3106 681 3174 adversis
738 3106 925 3172 illum
986 3109 1355 3174 consolante
1413 3130 1498 3175 ne
1540 3108 1861 3175 deficeret.
1948 3108 2195 3189 Quam-

252 3189 481 3257 obrem
533 3191 815 3257 fideliter
858 3191 940 3256 ad
983 3194 1182 3259 finem
1228 3215 1434 3278 nsque
1477 3192 1940 3278 perseveravit,
1982 3195 2193 3260 nobis·

248 3296 375 3359 que
417 3299 493 3343 se
544 3279 758 3360 ipsum
804 3279 1178 3361 exemplum
1221 3279 1381 3346 utile
1423 3282 1778 3364 proposuit,
1836 3287 1913 3345 ut
1953 3280 2026 3344 in
2069 3279 2196 3345 Dei

247 3362 488 3430 timore
539 3363 791 3430 sincere
833 3374 901 3429 et
942 3365 1088 3430 sine
1132 3366 1280 3430 fuco
1322 3366 1751 3445 ambulemus,
1795 3375 1862 3431 et
1894 3366 1962 3431 in
1993 3366 2198 3449 ipsius

248 3448 682 3533 obsequentia
716 3469 1235 3532 perseveremus,
1279 3461 1354 3518 ut
1388 3450 1700 3535 quidquid
1734 3451 2081 3518 fecerimus
2116 3449 2199 3517 ad

247 3531 380 3600 Dei
448 3535 733 3619 gloriam
801 3546 865 3602 et
931 3537 1380 3618 proximorum
1448 3537 1798 3602 utilitatem
1857 3537 2198 3615 referatur,

247 3617 405 3687 licet
448 3622 762 3705 ingratus
802 3620 1087 3688 mundus
1133 3643 1251 3706 pro
1290 3621 1647 3689 benefactis
1680 3623 2092 3706 iniquitatem
2130 3636 2198 3689 et

242 3706 578 3772 malitiam
623 3705 957 3790 rependat.

409 3793 565 3859 Iam
603 3813 757 3858 vero
801 3792 992 3877 agite,
1038 3797 1145 3859 etc.

807 4108 1308 4193 HOMILIA
1352 4109 1645 4192 LXVI.

971 4220 1170 4287 oAP.
1217 4220 1483 4287 xvm.

419 4394 458 4458 1
473 4441 488 4455 .
537 4390 629 4458 Et
659 4391 898 4475 factum
931 4396 1036 4472 est,
1074 4412 1265 4474 quum
1299 4393 1655 4475 complesset
1687 4392 1857 4475 zoqtci
1889 4394 1976 4460 ad
2013 4393 2194 4475 Saul,

241 4480 478 4545 anima
548 4476 856 4543 Ionatbae
918 4477 1335 4561 conylutinata
1400 4484 1491 4544 est
1552 4479 1802 4545 animae
1844 4479 2082 4563 David,
2140 4485 2195 4545 et

241 4565 481 4631 dilexit
525 4584 665 4629 eum
700 4559 1008 4629 Ionathas
1040 4565 1229 4645 quasi
1284 4565 1568 4629 animam
1596 4585 1795 4631 suam.
1885 4566 1946 4632 2.
1997 4566 2196 4631 Tulit-

239 4672 363 4732 que
406 4671 558 4717 eum
603 4648 764 4714 Saul
805 4649 875 4713 in
916 4648 1188 4733 dieiua,
1234 4651 2191 4717 etnonconcessiteiutrever·

237 4741 488 4801 teretur
554 4736 625 4800 in
690 4735 938 4800 domum
989 4737 1210 4816 patris
1273 4737 1394 4801 sui.
1506 4736 1566 4803 3.
1635 4736 1927 4801 Inierunt
1985 4743 2194 4803 autem

233 4822 475 4888 David
536 4825 592 4885 et
635 4819 937 4886 Ionathas
973 4821 1225 4902 foedus.-
1286 4820 1582 4905 diliyebat
1623 4823 1786 4887 enim
1829 4843 1971 4888 eum
2010 4825 2195 4906 quasi

236 4908 546 4974 animam
578 4927 783 4972 suam.
831 4906 891 4971 4.
933 4905 1106 4971 Nam
1138 4907 1514 4987 exspoliavit
1545 4928 1613 4973 se
1649 4907 1949 4974 Ionathas
1983 4910 2194 4975 tunica

234 5013 374 5076 qua
420 4998 564 5059 erat
605 4993 883 5073 indutus,
928 4998 985 5056 et
1023 4992 1193 5057 dedit
1226 5011 1365 5057 eam
1397 4991 1652 5058 David:
1696 4997 1753 5058 et
1784 4995 2030 5076 reliqua
2063 5014 2193 5060 ves·

231 5080 518 5145 timente:
557 5098 680 5144 sua
719 5097 914 5161 usque
957 5078 1043 5142 ad
1122 5077 1364 5142 ludium
1405 5083 1464 5143 et
1504 5099 1719 5145 arcum
1752 5099 1955 5159 suum,
2000 5085 2055 5145 et
2092 5101 2196 5145 us-

229 5185 356 5247 que
401 5165 500 5231 ad
541 5163 862 5230 baltheum.
953 5164 1011 5228 5.
1120 5162 1516 5247 yrediebatur
1573 5186 1808 5248 quoque
1844 5165 2067 5231 David
2107 5167 2194 5233 ad

227 5251 465 5317 omnia
512 5269 900 5333 quaecunque
940 5249 1216 5315 misisset
1256 5270 1396 5314 eum
1439 5248 1620 5330 Saul,
1665 5256 1721 5316 et
1753 5253 2094 5335 prudenter
2124 5272 2193 5318 se

1541 349 1639 415 IN
1683 350 1740 415 1.
1786 348 1964 416 LIB.
2010 345 2413 412 SAMUEL.
2459 346 2660 413 CAP.
2704 347 2968 416 XVIII.

4114 351 4245 417 254

2310 536 2557 618 ayebat:
2582 539 2916 620 posuitque
2948 558 3087 602 eum
3123 536 3284 603 Saul
3316 557 3506 619 super
3538 539 3709 605 viros
3741 539 3903 623 belli,
3939 544 3995 604 et
4029 559 4239 622 accep-

2307 627 2409 687 tus
2449 627 2586 687 erat
2620 622 2688 686 in
2722 624 2916 689 oculis
2948 625 3229 689 universi
3253 625 3494 706 populi,
3539 626 3930 708 maximeque
3976 627 4045 691 in
4098 645 4241 691 con-

2306 712 2514 790 spectu
2567 707 2959 788 famulorum
3008 709 3183 776 Saul.
3246 711 3307 775 6.
3353 710 3561 777 Porro
3602 731 3793 793 quum
3835 716 4242 776 reverteretur

2294 814 2596 875 percusso
2639 794 2987 861 Philistaco
3030 795 3267 876 David,
3322 817 3598 880 cyressae
3639 802 3786 862 sunt
3824 798 4120 863 mulieres
4161 798 4241 862 de

2304 881 2622 946 universis
2655 880 2915 945 urbibus
2952 882 3174 962 Israel,
3219 888 3550 960 cantante&
3585 882 3918 964 chorosque
3949 884 4240 949 ducentes

2305 967 2374 1029 in
2429 986 2750 1033 occursum
2797 965 2960 1033 Saul
3001 969 3186 1052 repis,
3250 970 3317 1032 in
3358 969 3675 1051 tympanis
3715 969 4007 1052 laetitiae,
4071 974 4126 1033 et
4167 969 4241 1034 in

2304 1052 2535 1117 aum.
2624 1053 2683 1117 7.
2751 1052 2840 1117 Et
2892 1053 3337 1135 praecinebant
3389 1053 3684 1119 mulieres
3742 1054 4017 1120 ludentes
4057 1059 4238 1136 atque

2304 1138 2611 1202 dicentes:
2661 1137 2982 1204 Percussit
3007 1137 3166 1205 Saul
3207 1139 3398 1218 mille,
3439 1144 3496 1205 et
3515 1139 3734 1206 David
3775 1140 3973 1205 decem
4008 1140 4235 1205 millia.

2304 1223 2364 1288 8.
2413 1224 2636 1288 Iratus
2678 1230 2771 1289 est
2803 1230 3010 1289 autem
3044 1223 3206 1290 Saul
3240 1226 3451 1305 nimi-3,
3496 1230 3552 1289 et
3583 1225 3906 1308 displicuit
3938 1226 4010 1290 in
4042 1225 4239 1292 accolis

2304 1310 2443 1373 eius
2504 1329 2707 1374 sermo
2769 1310 2920 1375 iste.-
2983 1311 3297 1391 dixitque:
3370 1310 3695 1376 Dederunt
3756 1311 3978 1377 David
4032 1312 4237 1377 decem

2302 1394 2530 1473 millia,
2576 1401 2631 1458 et
2671 1395 2829 1460 mihi
2868 1395 3041 1462 mille
3080 1397 3410 1462 dederunt.-
3459 1398 3615 1478 quid
3657 1398 3715 1461 ei
3756 1401 4051 1478 superest,
4103 1396 4238 1462 nisi

2303 1479 2503 1546 solum
2545 1479 2850 1564 reynum?
2938 1481 2997 1547 9.
3047 1481 3195 1547 Non
3236 1484 3418 1548 rectis
3470 1502 3612 1565 erqo
3663 1482 3857 1548 ccidi-s
3915 1481 4080 1549 Saul
4120 1483 4234 1547 ad-

2302 1564 2599 1647 afficiebat
2639 1567 2857 1632 David
2899 1588 2941 1632 a
2984 1569 3086 1633 die
3126 1567 3242 1633 illa
3284 1574 3339 1633 et
3380 1569 3679 1648 deinceps,

2472 1736 2780 1802 Narratio
2814 1738 3108 1821 sequitur
3141 1737 3602 1803 familiaritatis
3637 1749 3704 1803 et
3738 1738 4235 1806 necessitudinis

2303 1843 2468 1906 quae
2511 1823 2883 1890 intercessit
2925 1823 3288 1889 Ionathano
3323 1822 3547 1889 Saulis
3583 1825 3716 1890 filio
3753 1845 3902 1890 cum
3939 1824 4234 1892 Davide:

2303 1918 2369 1973 et
2412 1908 2699 1973 vicissim
2746 1909 2876 1974 odii
2921 1928 3049 1991 quo
3096 1908 3253 1975 Saul
3297 1910 3366 1974 in
3411 1909 3734 1975 Davidem
3781 1913 4042 1977 exarsit.
4106 1910 4234 1977 Dei

2304 2014 2461 2058 sane
2537 1994 2952 2076 providentia
3017 1994 3260 2060 factum
3326 2008 3401 2060 ut
3461 1994 3677 2060 David
3744 1996 3866 2063 hoc
3931 1998 4235 2062 solatium

2303 2079 2573 2144 haberet
2640 2090 3067 2163 persequente
3123 2082 3336 2163 ipsum
3383 2102 3537 2165 rege
3582 2080 3808 2148 Saule:
3876 2102 4112 2165 nempe
4156 2092 4239 2148 ut

2302 2185 2447 2230 eum
2517 2164 2835 2231 Ionathas
2897 2167 2965 2231 in
3024 2168 3327 2232 omnibus
3372 2168 3647 2245 iuvaret,
3714 2175 3783 2233 et
3823 2167 3999 2233 illius
4042 2170 4229 2233 inno-

2301 2250 2585 2316 centiam
2645 2260 2971 2316 tueretur:
3029 2252 3152 2316 etsi
3195 2251 3627 2319 nihilominus
3672 2251 3892 2319 Saulis
3936 2254 4120 2318 furor
4161 2264 4231 2319 et

2301 2334 2648 2401 crudelitas
2682 2337 2876 2421 longe
2911 2337 3205 2420 superior
3236 2337 3380 2403 fuit.
3463 2338 3760 2403 Primum
3798 2359 3953 2424 ergo
3989 2339 4233 2405 dicitur

2301 2422 2521 2487 anima
2556 2421 2906 2487 Ionathani
2946 2423 3146 2487 veluti
3181 2422 3628 2507 conglutinata
3650 2424 3908 2490 animae
3931 2426 4229 2505 Davidis,

2301 2505 2536 2590 quibus
2600 2507 2819 2574 verbis
2878 2516 3057 2573 arcta
3120 2518 3187 2573 et
3240 2509 3686 2592 inseparabilis
3729 2510 4015 2577 amicitia
4056 2511 4230 2576 inter

2300 2605 2647 2675 utrumque
2719 2592 3120 2659 describitur.
3208 2595 3297 2659 Et
3361 2614 3487 2677 quo
3551 2596 3760 2677 magis
3823 2597 4229 2680 exprimatur

2300 2698 2484 2743 amor
2520 2676 2889 2757 Ionathani,
2934 2700 3006 2744 se
3041 2681 3300 2745 exuisse
3336 2678 3591 2756 dicitur,
3633 2679 4085 2765 Davidemque
4108 2703 4228 2749 sua

2301 2763 2523 2829 tunica
2588 2763 2897 2849 induisse,
2962 2774 3028 2829 et
3091 2785 3333 2843 arcum,
3400 2765 3688 2850 gladium
3753 2776 3821 2833 et
3886 2767 4221 2833 baltheum

2300 2870 2491 2915 suum
2528 2848 2623 2914 illi
2662 2849 2933 2915 dedisse.
2975 2850 3106 2917 Hic
3137 2861 3353 2916 autem
3377 2851 3446 2916 in
3470 2852 3701 2933 primis
3722 2852 4229 2934 observandum,

2298 2954 2435 3001 non
2463 2935 2744 3002 inscium
2775 2935 3215 3002 Ionathanum
3242 2937 3441 3002 fuisse
3463 2937 3787 3003 Davidem
3814 2937 4225 3020 designatum

2297 3021 2471 3105 regis
2535 3020 2688 3086 olim
2756 3042 3208 3099 successorem,
3323 3022 3446 3087 uod
3511 3023 3787 3106 ipsemet
3829 3024 4075 3089 Davidi
4116 3023 4226 3090 de·

2297 3107 2531 3173 clarat:
2614 3128 2825 3191 neque
2890 3117 3111 3173 tamen
3175 3042 3337 3173 11Ῑηῖ
3402 3108 3817 3191 impedivisse
3880 3110 4231 3193 quominus

2298 3190 2624 3257 Davidem
2669 3205 2938 3258 amaret.
3028 3192 3220 3259 Unde
3262 3193 3629 3278 colligimus
3666 3194 3838 3261 hanc
3873 3196 4226 3261 amicitiam

2298 3299 2430 3342 non
2485 3277 2688 3343 fuisse
2746 3278 3100 3362 quaesitam
3161 3299 3275 3362 spe
3333 3280 3550 3363 aliqua
3601 3280 3900 3347 utilitatis
3944 3301 4142 3363 quam
4186 3300 4228 3345 a

2297 3362 2556 3429 Davide
2600 3374 3025 3448 exspectaret,
3070 3364 3591 3448 qnandoquidem
3631 3365 3800 3431 ultro
3835 3365 4225 3451 dignitatem

2297 3451 2546 3534 regiam
2587 3449 2687 3513 illi
2721 3450 2912 3516 cedit.
2999 3449 3203 3535 Atqui
3243 3463 3465 3515 notum
3489 3460 3589 3516 est
3611 3461 3853 3533 quanta
3874 3454 3962 3516 sit
3984 3460 4224 3518 natura

2298 3533 2680 3600 dominandi
2745 3535 3098 3617 cupiditas:
3166 3543 3233 3599 et
3296 3546 3455 3601 nota
3516 3537 3690 3600 inter
3734 3537 4029 3602 ethnicos
4070 3557 4224 3622 pro·

2295 3621 2554 3686 verbis:
2614 3619 2730 3686 Ins
2787 3634 2855 3687 et
2896 3622 3288 3704 aequitatem
3334 3632 3595 3705 propter
3638 3643 3914 3707 regnum
3959 3623 4223 3689 violari:

2294 3705 2599 3771 Fratrem
2642 3706 2829 3771 fratri
2872 3728 3001 3772 non
3045 3726 3329 3791 parcere.
3416 3707 3736 3773 Videmus
3780 3709 3799 3772 i
3853 3709 3984 3774 ‘tur
4026 3708 4223 3774 Iona-

2292 3791 2479 3856 thani
2522 3791 2878 3858 amicitiam
2919 3814 3047 3858 non
3092 3793 3291 3858 fuisse
3334 3791 3681 3871 carnalem,
3726 3815 3797 3859 se
3876 3795 4123 3860 virtute
4154 3802 4224 3859 et

2293 3876 2420 3942 Dei
2465 3877 2701 3942 timore
2744 3877 3185 3944 conciliatam:
3231 3896 3308 3943 ac
3348 3876 3622 3961 proinde
3666 3879 3858 3963 longe
3900 3880 4093 3945 aliam
4141 3879 4222 3945 ab

2293 3963 2633 4028 hominum
2679 3964 3007 4043 amicitiis,
3046 3984 3211 4046 quae
3253 3982 3410 4030 sane
3454 3964 3578 4029 nisi
3624 3966 3807 4031 Deus
3842 3966 3923 4031 iis
3957 3967 4222 4050 praesit,

2294 4048 2460 4113 nihil
2505 4047 2680 4113 aliud
2726 4056 2879 4114 sunt
2923 4070 3115 4132 quam
3152 4049 3249 4115 sui
3288 4050 3492 4131 ipsius
3527 4047 3805 4117 dilectio.
3891 4051 4064 4117 Nam
4100 4050 4222 4115 etsi

2292 4135 2539 4200 amicus
2580 4133 2653 4198 in
2696 4135 2976 4219 gratiam
3012 4133 3203 4199 amici
3238 4135 3446 4200 multa
3483 4135 3644 4201 velit
3679 4136 3952 4214 efficere,
3998 4146 4219 4201 tamen

2292 4221 2347 4285 si
2406 4219 2488 4283 ad
2531 4219 2709 4302 ipsas
2752 4220 3001 4286 radices
3042 4234 3109 4285 et
3149 4220 3468 4304 originem
3512 4222 3798 4286 amicitia
3839 4221 3955 4286 illa
3998 4220 4219 4303 explo-

2292 4314 2490 4385 retur,
2536 4325 2717 4370 mera
2756 4304 3086 4371 simulatio
3129 4306 3521 4383 invenietur,
3581 4307 3750 4390 quod
3794 4328 3864 4372 se
3908 4326 4221 4389 suamque

2292 4391 2640 4457 utilitatem
2698 4400 2985 4474 quaerat,
3031 4391 3572 4474 quemadmodum
3618 4394 3709 4458 ait
3752 4391 3896 4457 ille:
3959 4391 4221 4475 Vulgus

2293 4477 2612 4541 amicitias
2657 4476 2935 4542 utilitate
2977 4478 3225 4561 probat.
3317 4476 3569 4543 Omitto
3614 4498 3865 4542 amores
3899 4498 4121 4544 caecos
4154 4484 4223 4543 et

2293 4562 2738 4628 detestandos:
2776 4563 2889 4627 sed
2928 4562 3008 4627 de
3040 4563 3123 4629 iis
3157 4572 3412 4629 tantum
3448 4563 3749 4629 amicitiis
3788 4561 4017 4646 loquor
4054 4583 4220 4645 quae

2291 4648 2467 4713 inter
2534 4648 2830 4714 homines
2893 4647 3165 4714 honeste
3229 4649 3403 4714 inter
3465 4670 3535 4714 se
3599 4649 3899 4714 viventes
3955 4650 4216 4734 vigent:

2293 4755 2569 4817 quarum
2615 4734 3008 4817 principium
3054 4736 3272 4800 Deum
3315 4736 3579 4815 inquam
3617 4755 3758 4799 esse
3791 4744 4108 4817 oportere,
4154 4742 4220 4799 et

2292 4819 2373 4886 ad
2408 4819 2626 4903 ipsum
2663 4828 2974 4903 tanquam
3010 4840 3240 4884 verum
3276 4822 3473 4885 finem
3506 4819 3754 4884 referri.
3811 4819 3945 4885 Sed
3983 4829 4221 4885 natura

2291 4914 2391 4973 est
2454 4905 2616 4970 adeo
2681 4914 2985 4988 corrupta
3050 4914 3125 4970 ut
3186 4927 3258 4970 se
3323 4906 3536 4987 ipsum
3602 4906 3875 4987 quisque
3934 4913 4109 4970 amet
4151 4913 4220 4971 et

2291 4999 2580 5075 quaerat.
2668 4991 2877 5056 Nemo
2920 5011 3053 5056 non
3095 4991 3343 5073 expetit
3377 4989 3565 5054 alteri
3596 4991 3944 5072 praeferri:
3988 5002 4054 5057 et
4088 4992 4217 5056 iam

2291 5078 2442 5144 inde
2486 5097 2525 5141 a
2568 5077 2800 5142 matris
2840 5086 3025 5141 utero
3068 5075 3346 5142 infantes
3390 5095 3461 5140 se
3502 5076 3678 5158 ipsos
3719 5096 3939 5142 amare
3974 5085 4040 5143 et
4074 5077 4221 5143 aliis

2291 5163 2602 5248 praeferri
2659 5162 2827 5228 velle
2880 5160 3197 5227 videmus.
3287 5162 3379 5226 Et
3436 5161 3545 5227 ubi
3603 5162 3886 5245 primum
3944 5174 4221 5247 possunt

2292 5250 2663 5317 discernere
2719 5249 3117 5332 quantitates
3170 5268 3409 5327 rerum,
3465 5247 3535 5312 in
3579 5268 3766 5313 sunm
3812 5248 4222 5316 commodum
