<?xml version="1.0" encoding="UTF-8"?>
<!DOCTYPE html PUBLIC "-//W3C//DTD XHTML 1.0 Transitional//EN"
    "http://www.w3.org/TR/xhtml1/DTD/xhtml1-transitional.dtd">
<html xmlns="http://www.w3.org/1999/xhtml" xml:lang="en" lang="en">
 <head>
  <title>
</title>
<meta http-equiv="Content-Type" content="text/html;charset=utf-8" />
  <meta name='ocr-system' content='tesseract 3.04.00' />
  <meta name='ocr-capabilities' content='ocr_page ocr_carea ocr_par ocr_line ocrx_word'/>
</head>
<body>
  <div class='ocr_page' id='page_1' title='image "./ioanniscalvinio07unkngoog_0834.png"; bbox 0 0 5059 6059; ppageno 0'>
   <div class='ocr_carea' id='block_1_1' title="bbox 815 344 948 411">
    <p class='ocr_par' dir='ltr' id='par_1_1' title="bbox 815 344 948 411">
     <span class='ocr_line' id='line_1_1' title="bbox 815 344 948 411; baseline 0.008 -1"><span class='ocrx_word' id='word_1_1' title='bbox 815 344 948 411; x_wconf 83' lang='lat'><strong>699</strong></span> 
     </span>
    </p>
   </div>
   <div class='ocr_carea' id='block_1_2' title="bbox 817 529 2775 3360">
    <p class='ocr_par' dir='ltr' id='par_1_2' title="bbox 817 529 2775 3360">
     <span class='ocr_line' id='line_1_2' title="bbox 817 529 2769 613; baseline -0.005 -9"><span class='ocrx_word' id='word_1_2' title='bbox 817 535 1104 604; x_wconf 87' lang='lat' dir='ltr'><strong>hostium</strong></span> <span class='ocrx_word' id='word_1_3' title='bbox 1128 530 1400 598; x_wconf 88' lang='lat' dir='ltr'><strong>consilia</strong></span> <span class='ocrx_word' id='word_1_4' title='bbox 1430 530 1748 613; x_wconf 76' lang='lat' dir='ltr'><strong>frangere,</strong></span> <span class='ocrx_word' id='word_1_5' title='bbox 1792 529 1903 595; x_wconf 88' lang='lat' dir='ltr'><strong>vel</strong></span> <span class='ocrx_word' id='word_1_6' title='bbox 1945 531 2145 594; x_wconf 82' lang='lat' dir='ltr'><strong>etiam</strong></span> <span class='ocrx_word' id='word_1_7' title='bbox 2182 537 2467 593; x_wconf 90' lang='lat' dir='ltr'><strong>mentem</strong></span> <span class='ocrx_word' id='word_1_8' title='bbox 2516 530 2769 613; x_wconf 89' lang='lat' dir='ltr'><strong>eripere</strong></span> 
     </span>
     <span class='ocr_line' id='line_1_3' title="bbox 821 614 2767 703; baseline -0.003 -16"><span class='ocrx_word' id='word_1_9' title='bbox 821 634 900 691; x_wconf 87' lang='lat' dir='ltr'><strong>ut</strong></span> <span class='ocrx_word' id='word_1_10' title='bbox 942 621 1202 703; x_wconf 88' lang='lat' dir='ltr'><strong>ipsimet</strong></span> <span class='ocrx_word' id='word_1_11' title='bbox 1236 617 1483 683; x_wconf 84' lang='lat' dir='ltr'><strong>incauti</strong></span> <span class='ocrx_word' id='word_1_12' title='bbox 1509 615 1719 680; x_wconf 86' lang='lat' dir='ltr'><strong>media</strong></span> <span class='ocrx_word' id='word_1_13' title='bbox 1749 616 1932 680; x_wconf 90' lang='lat' dir='ltr'><strong>uobis</strong></span> <span class='ocrx_word' id='word_1_14' title='bbox 1957 614 2380 699; x_wconf 87' lang='lat' dir='ltr'><strong>suppeditent</strong></span> <span class='ocrx_word' id='word_1_15' title='bbox 2416 615 2767 681; x_wconf 85' lang='lat' dir='ltr'><strong>adversum</strong></span> 
     </span>
     <span class='ocr_line' id='line_1_4' title="bbox 820 700 2768 792; baseline -0.005 -17"><span class='ocrx_word' id='word_1_16' title='bbox 820 711 997 792; x_wconf 90' lang='lat' dir='ltr'><strong>ipsos</strong></span> <span class='ocrx_word' id='word_1_17' title='bbox 1041 704 1242 779; x_wconf 85' lang='lat' dir='ltr'><strong>utilia,</strong></span> <span class='ocrx_word' id='word_1_18' title='bbox 1288 714 1356 767; x_wconf 90' lang='lat' dir='ltr'><strong>et</strong></span> <span class='ocrx_word' id='word_1_19' title='bbox 1400 712 1661 767; x_wconf 88' lang='lat' dir='ltr'><strong>nostrae</strong></span> <span class='ocrx_word' id='word_1_20' title='bbox 1698 700 1894 765; x_wconf 89' lang='lat' dir='ltr'><strong>saluti</strong></span> <span class='ocrx_word' id='word_1_21' title='bbox 1936 701 2410 766; x_wconf 85' lang='lat' dir='ltr'><strong>convenientia.</strong></span> <span class='ocrx_word' id='word_1_22' title='bbox 2474 701 2768 782; x_wconf 77' lang='lat' dir='ltr'><strong>Quamo-</strong></span> 
     </span>
     <span class='ocr_line' id='line_1_5' title="bbox 822 785 2766 870; baseline -0.005 -10"><span class='ocrx_word' id='word_1_23' title='bbox 822 794 1006 860; x_wconf 91' lang='lat' dir='ltr'><strong>brem</strong></span> <span class='ocrx_word' id='word_1_24' title='bbox 1051 792 1118 855; x_wconf 90' lang='lat' dir='ltr'><strong>in</strong></span> <span class='ocrx_word' id='word_1_25' title='bbox 1163 789 1466 853; x_wconf 92' lang='lat' dir='ltr'><strong>omnibus</strong></span> <span class='ocrx_word' id='word_1_26' title='bbox 1511 785 2001 852; x_wconf 84' lang='lat' dir='ltr'><strong>difficultatibus</strong></span> <span class='ocrx_word' id='word_1_27' title='bbox 2045 786 2127 851; x_wconf 88' lang='lat' dir='ltr'><strong>ad</strong></span> <span class='ocrx_word' id='word_1_28' title='bbox 2167 786 2382 850; x_wconf 92' lang='lat' dir='ltr'><strong>Deum</strong></span> <span class='ocrx_word' id='word_1_29' title='bbox 2432 788 2766 870; x_wconf 86' lang='lat' dir='ltr'><strong>confugia-</strong></span> 
     </span>
     <span class='ocr_line' id='line_1_6' title="bbox 821 871 2768 958; baseline -0.005 -12"><span class='ocrx_word' id='word_1_30' title='bbox 821 900 992 958; x_wconf 85' lang='lat' dir='ltr'><strong>mus,</strong></span> <span class='ocrx_word' id='word_1_31' title='bbox 1049 886 1114 940; x_wconf 88' lang='lat' dir='ltr'><strong>et</strong></span> <span class='ocrx_word' id='word_1_32' title='bbox 1175 876 1256 939; x_wconf 89' lang='lat' dir='ltr'><strong>ab</strong></span> <span class='ocrx_word' id='word_1_33' title='bbox 1297 876 1437 957; x_wconf 90' lang='lat' dir='ltr'><strong>ipso</strong></span> <span class='ocrx_word' id='word_1_34' title='bbox 1482 871 1797 955; x_wconf 88' lang='lat' dir='ltr'><strong>quidquid</strong></span> <span class='ocrx_word' id='word_1_35' title='bbox 1853 873 1979 937; x_wconf 89' lang='lat' dir='ltr'><strong>erit</strong></span> <span class='ocrx_word' id='word_1_36' title='bbox 2023 874 2460 937; x_wconf 87' lang='lat' dir='ltr'><strong>necessarium</strong></span> <span class='ocrx_word' id='word_1_37' title='bbox 2506 893 2768 955; x_wconf 84' lang='lat' dir='ltr'><strong>exspec-</strong></span> 
     </span>
     <span class='ocr_line' id='line_1_7' title="bbox 820 958 2769 1044; baseline -0.004 -12"><span class='ocrx_word' id='word_1_38' title='bbox 820 976 1068 1032; x_wconf 86' lang='lat' dir='ltr'><strong>temus:</strong></span> <span class='ocrx_word' id='word_1_39' title='bbox 1115 981 1308 1044; x_wconf 87' lang='lat' dir='ltr'><strong>quem</strong></span> <span class='ocrx_word' id='word_1_40' title='bbox 1344 971 1598 1025; x_wconf 88' lang='lat' dir='ltr'><strong>certum</strong></span> <span class='ocrx_word' id='word_1_41' title='bbox 1643 970 1761 1035; x_wconf 86' lang='lat' dir='ltr'><strong>est,</strong></span> <span class='ocrx_word' id='word_1_42' title='bbox 1800 971 2252 1041; x_wconf 74' lang='lat' dir='ltr'><strong>praeterquam</strong></span> <span class='ocrx_word' id='word_1_43' title='bbox 2298 958 2469 1040; x_wconf 90' lang='lat' dir='ltr'><strong>quod</strong></span> <span class='ocrx_word' id='word_1_44' title='bbox 2514 961 2769 1040; x_wconf 88' lang='lat' dir='ltr'><strong>quoties</strong></span> 
     </span>
     <span class='ocr_line' id='line_1_8' title="bbox 818 1044 2766 1135; baseline -0.005 -17"><span class='ocrx_word' id='word_1_45' title='bbox 818 1052 948 1135; x_wconf 90' lang='lat' dir='ltr'><strong>ipsi</strong></span> <span class='ocrx_word' id='word_1_46' title='bbox 1008 1047 1326 1132; x_wconf 79' lang='lat' dir='ltr'><strong>placuerit</strong></span> <span class='ocrx_word' id='word_1_47' title='bbox 1381 1047 1521 1110; x_wconf 90' lang='lat' dir='ltr'><strong>sine</strong></span> <span class='ocrx_word' id='word_1_48' title='bbox 1579 1045 1717 1109; x_wconf 90' lang='lat' dir='ltr'><strong>ullo</strong></span> <span class='ocrx_word' id='word_1_49' title='bbox 1774 1065 1995 1109; x_wconf 91' lang='lat' dir='ltr'><strong>rerum</strong></span> <span class='ocrx_word' id='word_1_50' title='bbox 2057 1054 2426 1109; x_wconf 87' lang='lat' dir='ltr'><strong>creatarum</strong></span> <span class='ocrx_word' id='word_1_51' title='bbox 2473 1044 2766 1109; x_wconf 85' lang='lat' dir='ltr'><strong>subsidio</strong></span> 
     </span>
     <span class='ocr_line' id='line_1_9' title="bbox 822 1128 2763 1215; baseline -0.005 -12"><span class='ocrx_word' id='word_1_52' title='bbox 822 1159 944 1203; x_wconf 91' lang='lat' dir='ltr'><strong>nos</strong></span> <span class='ocrx_word' id='word_1_53' title='bbox 988 1136 1214 1200; x_wconf 89' lang='lat' dir='ltr'><strong>iuvare</strong></span> <span class='ocrx_word' id='word_1_54' title='bbox 1258 1142 1491 1215; x_wconf 84' lang='lat' dir='ltr'><strong>potest.</strong></span> <span class='ocrx_word' id='word_1_55' title='bbox 1550 1141 1769 1194; x_wconf 86' lang='lat' dir='ltr'><strong>tamen</strong></span> <span class='ocrx_word' id='word_1_56' title='bbox 1814 1130 1872 1195; x_wconf 90' lang='lat' dir='ltr'><strong>si</strong></span> <span class='ocrx_word' id='word_1_57' title='bbox 1928 1128 2010 1193; x_wconf 90' lang='lat' dir='ltr'><strong>ad</strong></span> <span class='ocrx_word' id='word_1_58' title='bbox 2056 1144 2347 1194; x_wconf 87' lang='lat' dir='ltr'><strong>nostram</strong></span> <span class='ocrx_word' id='word_1_59' title='bbox 2408 1130 2763 1193; x_wconf 85' lang='lat' dir='ltr'><strong>utilitatem</strong></span> 
     </span>
     <span class='ocr_line' id='line_1_10' title="bbox 821 1214 2766 1299; baseline -0.005 -10"><span class='ocrx_word' id='word_1_60' title='bbox 821 1224 956 1289; x_wconf 91' lang='lat' dir='ltr'><strong>illis</strong></span> <span class='ocrx_word' id='word_1_61' title='bbox 1002 1221 1161 1284; x_wconf 90' lang='lat' dir='ltr'><strong>velit</strong></span> <span class='ocrx_word' id='word_1_62' title='bbox 1204 1219 1322 1296; x_wconf 88' lang='lat' dir='ltr'><strong>uti,</strong></span> <span class='ocrx_word' id='word_1_63' title='bbox 1385 1218 1705 1282; x_wconf 89' lang='lat' dir='ltr'><strong>rationem</strong></span> <span class='ocrx_word' id='word_1_64' title='bbox 1766 1235 1883 1281; x_wconf 90' lang='lat' dir='ltr'><strong>nos</strong></span> <span class='ocrx_word' id='word_1_65' title='bbox 1928 1214 2285 1281; x_wconf 87' lang='lat' dir='ltr'><strong>adiuvandi</strong></span> <span class='ocrx_word' id='word_1_66' title='bbox 2348 1230 2766 1299; x_wconf 87' lang='lat' dir='ltr'><strong>reperturum</strong></span> 
     </span>
     <span class='ocr_line' id='line_1_11' title="bbox 823 1301 2400 1394; baseline -0.006 -20"><span class='ocrx_word' id='word_1_67' title='bbox 823 1319 1084 1394; x_wconf 87' lang='lat' dir='ltr'><strong>praeter</strong></span> <span class='ocrx_word' id='word_1_68' title='bbox 1129 1305 1425 1369; x_wconf 89' lang='lat' dir='ltr'><strong>omnium</strong></span> <span class='ocrx_word' id='word_1_69' title='bbox 1470 1302 1812 1367; x_wconf 89' lang='lat' dir='ltr'><strong>hominum</strong></span> <span class='ocrx_word' id='word_1_70' title='bbox 1859 1301 2400 1389; x_wconf 75' lang='lat' dir='ltr'><strong>expectationem.</strong></span> 
     </span>
     <span class='ocr_line' id='line_1_12' title="bbox 994 1387 2765 1471; baseline -0.004 -13"><span class='ocrx_word' id='word_1_71' title='bbox 994 1394 1443 1458; x_wconf 48' lang='lat' dir='ltr'><strong>Transeamus¹</strong></span> <span class='ocrx_word' id='word_1_72' title='bbox 1479 1389 1558 1452; x_wconf 89' lang='lat' dir='ltr'><strong>ad</strong></span> <span class='ocrx_word' id='word_1_73' title='bbox 1596 1388 1955 1471; x_wconf 88' lang='lat' dir='ltr'><strong>sequentia,</strong></span> <span class='ocrx_word' id='word_1_74' title='bbox 1999 1390 2067 1451; x_wconf 91' lang='lat' dir='ltr'><strong>in</strong></span> <span class='ocrx_word' id='word_1_75' title='bbox 2094 1387 2329 1469; x_wconf 87' lang='lat' dir='ltr'><strong>quibus</strong></span> <span class='ocrx_word' id='word_1_76' title='bbox 2374 1389 2454 1452; x_wconf 89' lang='lat' dir='ltr'><strong>ab</strong></span> <span class='ocrx_word' id='word_1_77' title='bbox 2501 1388 2630 1451; x_wconf 88' lang='lat' dir='ltr'><strong>isto</strong></span> <span class='ocrx_word' id='word_1_78' title='bbox 2655 1387 2765 1451; x_wconf 89' lang='lat' dir='ltr'><strong>de-</strong></span> 
     </span>
     <span class='ocr_line' id='line_1_13' title="bbox 825 1472 2767 1545; baseline -0.004 0"><span class='ocrx_word' id='word_1_79' title='bbox 825 1478 1093 1545; x_wconf 88' lang='lat' dir='ltr'><strong>ductum</strong></span> <span class='ocrx_word' id='word_1_80' title='bbox 1123 1474 1442 1542; x_wconf 81' lang='lat' dir='ltr'><strong>Davidem</strong></span> <span class='ocrx_word' id='word_1_81' title='bbox 1490 1472 1569 1538; x_wconf 89' lang='lat' dir='ltr'><strong>ad</strong></span> <span class='ocrx_word' id='word_1_82' title='bbox 1596 1474 2157 1539; x_wconf 84' lang='lat' dir='ltr'><strong>Hamalecitarum</strong></span> <span class='ocrx_word' id='word_1_83' title='bbox 2192 1490 2409 1538; x_wconf 88' lang='lat' dir='ltr'><strong>castra</strong></span> <span class='ocrx_word' id='word_1_84' title='bbox 2452 1474 2767 1538; x_wconf 71' lang='lat' dir='ltr'><strong>invenisse</strong></span> 
     </span>
     <span class='ocr_line' id='line_1_14' title="bbox 824 1559 2764 1646; baseline -0.004 -15"><span class='ocrx_word' id='word_1_85' title='bbox 824 1566 1026 1631; x_wconf 72' lang='lat' dir='ltr'><strong>hostes</strong></span> <span class='ocrx_word' id='word_1_86' title='bbox 1069 1564 1177 1646; x_wconf 76' lang='lat' dir='ltr'><strong>qui</strong></span> <span class='ocrx_word' id='word_1_87' title='bbox 1222 1559 1681 1627; x_wconf 77' lang='lat' dir='ltr'><strong>discumbebant</strong></span> <span class='ocrx_word' id='word_1_88' title='bbox 1713 1580 1903 1641; x_wconf 73' lang='lat' dir='ltr'><strong>super</strong></span> <span class='ocrx_word' id='word_1_89' title='bbox 1935 1561 2164 1642; x_wconf 78' lang='lat' dir='ltr'><strong>faeiem</strong></span> <span class='ocrx_word' id='word_1_90' title='bbox 2194 1560 2521 1625; x_wconf 75' lang='lat' dir='ltr'><strong>universae</strong></span> <span class='ocrx_word' id='word_1_91' title='bbox 2544 1564 2764 1638; x_wconf 80' lang='lat' dir='ltr'><strong>terrae,</strong></span> 
     </span>
     <span class='ocr_line' id='line_1_15' title="bbox 824 1644 2765 1729; baseline -0.004 -13"><span class='ocrx_word' id='word_1_92' title='bbox 824 1652 1195 1718; x_wconf 74' lang='lat' dir='ltr'><strong>comedentes</strong></span> <span class='ocrx_word' id='word_1_93' title='bbox 1238 1654 1294 1713; x_wconf 77' lang='lat' dir='ltr'><strong>et</strong></span> <span class='ocrx_word' id='word_1_94' title='bbox 1338 1646 1620 1729; x_wconf 62' lang='lat' dir='ltr'><strong>bibentes,</strong></span> <span class='ocrx_word' id='word_1_95' title='bbox 1665 1651 1722 1710; x_wconf 78' lang='lat' dir='ltr'><strong>et</strong></span> <span class='ocrx_word' id='word_1_96' title='bbox 1754 1647 1941 1727; x_wconf 73' lang='lat' dir='ltr'><strong>quasi</strong></span> <span class='ocrx_word' id='word_1_97' title='bbox 1977 1646 2207 1729; x_wconf 76' lang='lat' dir='ltr'><strong>festum</strong></span> <span class='ocrx_word' id='word_1_98' title='bbox 2246 1646 2412 1710; x_wconf 80' lang='lat' dir='ltr'><strong>diem</strong></span> <span class='ocrx_word' id='word_1_99' title='bbox 2454 1644 2765 1710; x_wconf 79' lang='lat' dir='ltr'><strong>celebran-</strong></span> 
     </span>
     <span class='ocr_line' id='line_1_16' title="bbox 824 1732 2768 1817; baseline -0.005 -13"><span class='ocrx_word' id='word_1_100' title='bbox 824 1742 913 1803; x_wconf 80' lang='lat' dir='ltr'><strong>tes</strong></span> <span class='ocrx_word' id='word_1_101' title='bbox 950 1756 1071 1817; x_wconf 78' lang='lat' dir='ltr'><strong>pro</strong></span> <span class='ocrx_word' id='word_1_102' title='bbox 1114 1739 1331 1799; x_wconf 74' lang='lat' dir='ltr'><strong>cuncta</strong></span> <span class='ocrx_word' id='word_1_103' title='bbox 1356 1732 1605 1814; x_wconf 70' lang='lat' dir='ltr'><strong>praeda</strong></span> <span class='ocrx_word' id='word_1_104' title='bbox 1641 1738 1697 1797; x_wconf 76' lang='lat' dir='ltr'><strong>et</strong></span> <span class='ocrx_word' id='word_1_105' title='bbox 1727 1732 1952 1812; x_wconf 74' lang='lat' dir='ltr'><strong>spoliis</strong></span> <span class='ocrx_word' id='word_1_106' title='bbox 1984 1752 2144 1814; x_wconf 78' lang='lat' dir='ltr'><strong>quae</strong></span> <span class='ocrx_word' id='word_1_107' title='bbox 2177 1738 2460 1811; x_wconf 68' lang='lat' dir='ltr'><strong>ceperam</strong></span> <span class='ocrx_word' id='word_1_108' title='bbox 2501 1732 2579 1795; x_wconf 80' lang='lat' dir='ltr'><strong>de</strong></span> <span class='ocrx_word' id='word_1_109' title='bbox 2598 1737 2768 1795; x_wconf 80' lang='lat' dir='ltr'><strong>terra</strong></span> 
     </span>
     <span class='ocr_line' id='line_1_17' title="bbox 826 1816 2766 1899; baseline -0.004 -11"><span class='ocrx_word' id='word_1_110' title='bbox 826 1822 1145 1888; x_wconf 88' lang='lat' dir='ltr'><strong>audimus.</strong></span> <span class='ocrx_word' id='word_1_111' title='bbox 1235 1819 1416 1883; x_wconf 90' lang='lat' dir='ltr'><strong>Hinc</strong></span> <span class='ocrx_word' id='word_1_112' title='bbox 1462 1816 1944 1883; x_wconf 90' lang='lat' dir='ltr'><strong>observandum</strong></span> <span class='ocrx_word' id='word_1_113' title='bbox 1990 1837 2099 1883; x_wconf 89' lang='lat' dir='ltr'><strong>eos</strong></span> <span class='ocrx_word' id='word_1_114' title='bbox 2159 1819 2267 1899; x_wconf 90' lang='lat' dir='ltr'><strong>qui</strong></span> <span class='ocrx_word' id='word_1_115' title='bbox 2325 1832 2584 1899; x_wconf 87' lang='lat' dir='ltr'><strong>praeter</strong></span> <span class='ocrx_word' id='word_1_116' title='bbox 2628 1838 2766 1880; x_wconf 92' lang='lat' dir='ltr'><strong>mo·</strong></span> 
     </span>
     <span class='ocr_line' id='line_1_18' title="bbox 828 1902 2767 1986; baseline -0.004 -13"><span class='ocrx_word' id='word_1_117' title='bbox 828 1909 986 1973; x_wconf 91' lang='lat' dir='ltr'><strong>dum</strong></span> <span class='ocrx_word' id='word_1_118' title='bbox 1046 1908 1386 1971; x_wconf 86' lang='lat' dir='ltr'><strong>laetantur</strong></span> <span class='ocrx_word' id='word_1_119' title='bbox 1444 1924 1639 1986; x_wconf 88' lang='lat' dir='ltr'><strong>saepe</strong></span> <span class='ocrx_word' id='word_1_120' title='bbox 1694 1904 1990 1970; x_wconf 88' lang='lat' dir='ltr'><strong>incautos</strong></span> <span class='ocrx_word' id='word_1_121' title='bbox 2046 1914 2112 1968; x_wconf 90' lang='lat' dir='ltr'><strong>et</strong></span> <span class='ocrx_word' id='word_1_122' title='bbox 2182 1904 2599 1984; x_wconf 77' lang='lat' dir='ltr'><strong>inopinantes</strong></span> <span class='ocrx_word' id='word_1_123' title='bbox 2660 1902 2767 1965; x_wconf 91' lang='lat' dir='ltr'><strong>de-</strong></span> 
     </span>
     <span class='ocr_line' id='line_1_19' title="bbox 826 1989 2767 2078; baseline -0.004 -19"><span class='ocrx_word' id='word_1_124' title='bbox 826 1991 1167 2078; x_wconf 83' lang='lat' dir='ltr'><strong>prehendi,</strong></span> <span class='ocrx_word' id='word_1_125' title='bbox 1228 1990 1775 2073; x_wconf 85' lang='lat' dir='ltr'><strong>quemadmodum</strong></span> <span class='ocrx_word' id='word_1_126' title='bbox 1823 1999 1888 2054; x_wconf 92' lang='lat' dir='ltr'><strong>et</strong></span> <span class='ocrx_word' id='word_1_127' title='bbox 1933 1989 2259 2054; x_wconf 80' lang='lat' dir='ltr'><strong>Dominus</strong></span> <span class='ocrx_word' id='word_1_128' title='bbox 2316 1990 2604 2053; x_wconf 88' lang='lat' dir='ltr'><strong>minatur</strong></span> <span class='ocrx_word' id='word_1_129' title='bbox 2649 1989 2767 2051; x_wconf 89' lang='lat' dir='ltr'><strong>im·</strong></span> 
     </span>
     <span class='ocr_line' id='line_1_20' title="bbox 826 2074 2769 2164; baseline -0.003 -21"><span class='ocrx_word' id='word_1_130' title='bbox 826 2082 1066 2164; x_wconf 90' lang='lat' dir='ltr'><strong>probos</strong></span> <span class='ocrx_word' id='word_1_131' title='bbox 1113 2078 1266 2142; x_wconf 89' lang='lat' dir='ltr'><strong>vino</strong></span> <span class='ocrx_word' id='word_1_132' title='bbox 1311 2077 1616 2158; x_wconf 79' lang='lat' dir='ltr'><strong>crapulae</strong></span> <span class='ocrx_word' id='word_1_133' title='bbox 1660 2074 2099 2159; x_wconf 83' lang='lat' dir='ltr'><strong>indulgentes,</strong></span> <span class='ocrx_word' id='word_1_134' title='bbox 2157 2086 2225 2140; x_wconf 89' lang='lat' dir='ltr'><strong>et</strong></span> <span class='ocrx_word' id='word_1_135' title='bbox 2281 2076 2344 2138; x_wconf 92' lang='lat' dir='ltr'><strong>in</strong></span> <span class='ocrx_word' id='word_1_136' title='bbox 2393 2076 2582 2138; x_wconf 88' lang='lat' dir='ltr'><strong>malis</strong></span> <span class='ocrx_word' id='word_1_137' title='bbox 2626 2093 2769 2138; x_wconf 89' lang='lat' dir='ltr'><strong>sese</strong></span> 
     </span>
     <span class='ocr_line' id='line_1_21' title="bbox 828 2161 2770 2243; baseline -0.004 -12"><span class='ocrx_word' id='word_1_138' title='bbox 828 2166 1232 2231; x_wconf 89' lang='lat' dir='ltr'><strong>oblectantes</strong></span> <span class='ocrx_word' id='word_1_139' title='bbox 1288 2162 1430 2227; x_wconf 86' lang='lat' dir='ltr'><strong>fore</strong></span> <span class='ocrx_word' id='word_1_140' title='bbox 1486 2161 1729 2226; x_wconf 80' lang='lat' dir='ltr'><strong>similes</strong></span> <span class='ocrx_word' id='word_1_141' title='bbox 1794 2161 2052 2225; x_wconf 87' lang='lat' dir='ltr'><strong>mulieri</strong></span> <span class='ocrx_word' id='word_1_142' title='bbox 2109 2161 2532 2243; x_wconf 81' lang='lat' dir='ltr'><strong>parturienti3</strong></span> <span class='ocrx_word' id='word_1_143' title='bbox 2601 2180 2770 2242; x_wconf 86' lang='lat' dir='ltr'><strong>quae</strong></span> 
     </span>
     <span class='ocr_line' id='line_1_22' title="bbox 828 2247 2770 2336; baseline -0.005 -19"><span class='ocrx_word' id='word_1_144' title='bbox 828 2253 1061 2336; x_wconf 87' lang='lat' dir='ltr'><strong>ignara</strong></span> <span class='ocrx_word' id='word_1_145' title='bbox 1107 2249 1234 2313; x_wconf 91' lang='lat' dir='ltr'><strong>diei</strong></span> <span class='ocrx_word' id='word_1_146' title='bbox 1294 2256 1524 2331; x_wconf 89' lang='lat' dir='ltr'><strong>partus</strong></span> <span class='ocrx_word' id='word_1_147' title='bbox 1582 2260 1847 2329; x_wconf 90' lang='lat' dir='ltr'><strong>repente</strong></span> <span class='ocrx_word' id='word_1_148' title='bbox 1905 2247 2236 2312; x_wconf 89' lang='lat' dir='ltr'><strong>doloribus</strong></span> <span class='ocrx_word' id='word_1_149' title='bbox 2296 2260 2522 2329; x_wconf 90' lang='lat' dir='ltr'><strong>partus</strong></span> <span class='ocrx_word' id='word_1_150' title='bbox 2568 2248 2770 2310; x_wconf 84' lang='lat' dir='ltr'><strong>inter-</strong></span> 
     </span>
     <span class='ocr_line' id='line_1_23' title="bbox 829 2330 2772 2421; baseline -0.004 -19"><span class='ocrx_word' id='word_1_151' title='bbox 829 2339 1086 2421; x_wconf 78' lang='lat' dir='ltr'><strong>cipitur.</strong></span> <span class='ocrx_word' id='word_1_152' title='bbox 1138 2334 1313 2401; x_wconf 83' lang='lat' dir='ltr'><strong>Sane</strong></span> <span class='ocrx_word' id='word_1_153' title='bbox 1351 2334 1503 2401; x_wconf 88' lang='lat' dir='ltr'><strong>licet</strong></span> <span class='ocrx_word' id='word_1_154' title='bbox 1525 2332 1716 2398; x_wconf 89' lang='lat' dir='ltr'><strong>edere</strong></span> <span class='ocrx_word' id='word_1_155' title='bbox 1740 2344 1806 2396; x_wconf 86' lang='lat' dir='ltr'><strong>et</strong></span> <span class='ocrx_word' id='word_1_156' title='bbox 1846 2330 2083 2412; x_wconf 84' lang='lat' dir='ltr'><strong>bibere,</strong></span> <span class='ocrx_word' id='word_1_157' title='bbox 2129 2333 2283 2398; x_wconf 86' lang='lat' dir='ltr'><strong>licet</strong></span> <span class='ocrx_word' id='word_1_158' title='bbox 2318 2333 2514 2396; x_wconf 90' lang='lat' dir='ltr'><strong>etiam</strong></span> <span class='ocrx_word' id='word_1_159' title='bbox 2545 2331 2772 2395; x_wconf 88' lang='lat' dir='ltr'><strong>laetari</strong></span> 
     </span>
     <span class='ocr_line' id='line_1_24' title="bbox 830 2417 2773 2500; baseline -0.004 -12"><span class='ocrx_word' id='word_1_160' title='bbox 830 2434 897 2489; x_wconf 89' lang='lat' dir='ltr'><strong>et</strong></span> <span class='ocrx_word' id='word_1_161' title='bbox 940 2422 1330 2487; x_wconf 84' lang='lat' dir='ltr'><strong>exhilarari:</strong></span> <span class='ocrx_word' id='word_1_162' title='bbox 1388 2418 1503 2485; x_wconf 89' lang='lat' dir='ltr'><strong>sed</strong></span> <span class='ocrx_word' id='word_1_163' title='bbox 1548 2420 1617 2483; x_wconf 90' lang='lat' dir='ltr'><strong>in</strong></span> <span class='ocrx_word' id='word_1_164' title='bbox 1672 2419 1819 2483; x_wconf 88' lang='lat' dir='ltr'><strong>istis</strong></span> <span class='ocrx_word' id='word_1_165' title='bbox 1862 2419 2163 2484; x_wconf 91' lang='lat' dir='ltr'><strong>omnibus</strong></span> <span class='ocrx_word' id='word_1_166' title='bbox 2206 2417 2472 2482; x_wconf 89' lang='lat' dir='ltr'><strong>modum</strong></span> <span class='ocrx_word' id='word_1_167' title='bbox 2516 2429 2773 2500; x_wconf 78' lang='lat' dir='ltr'><strong>oportet</strong></span> 
     </span>
     <span class='ocr_line' id='line_1_25' title="bbox 831 2504 2773 2588; baseline -0.005 -13"><span class='ocrx_word' id='word_1_168' title='bbox 831 2507 1145 2575; x_wconf 89' lang='lat' dir='ltr'><strong>adhiberi.</strong></span> <span class='ocrx_word' id='word_1_169' title='bbox 1236 2506 1357 2571; x_wconf 90' lang='lat' dir='ltr'><strong>Isti</strong></span> <span class='ocrx_word' id='word_1_170' title='bbox 1402 2525 1563 2570; x_wconf 88' lang='lat' dir='ltr'><strong>vero</strong></span> <span class='ocrx_word' id='word_1_171' title='bbox 1608 2504 1687 2570; x_wconf 89' lang='lat' dir='ltr'><strong>de</strong></span> <span class='ocrx_word' id='word_1_172' title='bbox 1731 2504 1970 2587; x_wconf 82' lang='lat' dir='ltr'><strong>quibus</strong></span> <span class='ocrx_word' id='word_1_173' title='bbox 2018 2505 2122 2569; x_wconf 87' lang='lat' dir='ltr'><strong>hic</strong></span> <span class='ocrx_word' id='word_1_174' title='bbox 2165 2506 2383 2587; x_wconf 88' lang='lat' dir='ltr'><strong>agitur</strong></span> <span class='ocrx_word' id='word_1_175' title='bbox 2426 2505 2773 2588; x_wconf 84' lang='lat' dir='ltr'><strong>dupliciter</strong></span> 
     </span>
     <span class='ocr_line' id='line_1_26' title="bbox 828 2588 2773 2679; baseline -0.003 -21"><span class='ocrx_word' id='word_1_176' title='bbox 828 2602 1215 2679; x_wconf 84' lang='lat' dir='ltr'><strong>peccarunt,</strong></span> <span class='ocrx_word' id='word_1_177' title='bbox 1282 2592 1584 2674; x_wconf 88' lang='lat' dir='ltr'><strong>primum,</strong></span> <span class='ocrx_word' id='word_1_178' title='bbox 1652 2588 1823 2673; x_wconf 90' lang='lat' dir='ltr'><strong>quod</strong></span> <span class='ocrx_word' id='word_1_179' title='bbox 1888 2589 1968 2655; x_wconf 88' lang='lat' dir='ltr'><strong>de</strong></span> <span class='ocrx_word' id='word_1_180' title='bbox 2032 2591 2263 2654; x_wconf 88' lang='lat' dir='ltr'><strong>alienis</strong></span> <span class='ocrx_word' id='word_1_181' title='bbox 2329 2591 2499 2656; x_wconf 90' lang='lat' dir='ltr'><strong>male</strong></span> <span class='ocrx_word' id='word_1_182' title='bbox 2568 2591 2773 2673; x_wconf 88' lang='lat' dir='ltr'><strong>partis</strong></span> 
     </span>
     <span class='ocr_line' id='line_1_27' title="bbox 832 2677 2773 2761; baseline -0.003 -15"><span class='ocrx_word' id='word_1_183' title='bbox 832 2680 1314 2756; x_wconf 89' lang='lat' dir='ltr'><strong>helluabantur,</strong></span> <span class='ocrx_word' id='word_1_184' title='bbox 1372 2688 1449 2740; x_wconf 67' lang='lat' dir='ltr'><strong>et*</strong></span> <span class='ocrx_word' id='word_1_185' title='bbox 1496 2697 1611 2758; x_wconf 92' lang='lat' dir='ltr'><strong>per</strong></span> <span class='ocrx_word' id='word_1_186' title='bbox 1669 2697 1781 2741; x_wconf 90' lang='lat' dir='ltr'><strong>eos</strong></span> <span class='ocrx_word' id='word_1_187' title='bbox 1828 2697 1955 2741; x_wconf 88' lang='lat' dir='ltr'><strong>non</strong></span> <span class='ocrx_word' id='word_1_188' title='bbox 2016 2679 2198 2741; x_wconf 87' lang='lat' dir='ltr'><strong>stetit</strong></span> <span class='ocrx_word' id='word_1_189' title='bbox 2245 2677 2403 2758; x_wconf 89' lang='lat' dir='ltr'><strong>quin</strong></span> <span class='ocrx_word' id='word_1_190' title='bbox 2449 2677 2773 2761; x_wconf 87' lang='lat' dir='ltr'><strong>sanguine</strong></span> 
     </span>
     <span class='ocr_line' id='line_1_28' title="bbox 832 2760 2772 2845; baseline -0.003 -14"><span class='ocrx_word' id='word_1_191' title='bbox 832 2767 1125 2832; x_wconf 86' lang='lat' dir='ltr'><strong>humano</strong></span> <span class='ocrx_word' id='word_1_192' title='bbox 1182 2784 1325 2828; x_wconf 90' lang='lat' dir='ltr'><strong>sese</strong></span> <span class='ocrx_word' id='word_1_193' title='bbox 1383 2760 1767 2845; x_wconf 89' lang='lat' dir='ltr'><strong>polluerint:</strong></span> <span class='ocrx_word' id='word_1_194' title='bbox 1829 2783 1981 2827; x_wconf 90' lang='lat' dir='ltr'><strong>nam</strong></span> <span class='ocrx_word' id='word_1_195' title='bbox 2028 2763 2152 2828; x_wconf 85' lang='lat' dir='ltr'><strong>etsi</strong></span> <span class='ocrx_word' id='word_1_196' title='bbox 2196 2764 2523 2827; x_wconf 90' lang='lat' dir='ltr'><strong>neminem</strong></span> <span class='ocrx_word' id='word_1_197' title='bbox 2573 2765 2772 2826; x_wconf 90' lang='lat' dir='ltr'><strong>inter·</strong></span> 
     </span>
     <span class='ocr_line' id='line_1_29' title="bbox 830 2846 2771 2930; baseline -0.004 -12"><span class='ocrx_word' id='word_1_198' title='bbox 830 2853 1124 2918; x_wconf 82' lang='lat' dir='ltr'><strong>fecerant</strong></span> <span class='ocrx_word' id='word_1_199' title='bbox 1168 2871 1247 2914; x_wconf 86' lang='lat' dir='ltr'><strong>ex</strong></span> <span class='ocrx_word' id='word_1_200' title='bbox 1285 2847 1516 2913; x_wconf 80' lang='lat' dir='ltr'><strong>incolis</strong></span> <span class='ocrx_word' id='word_1_201' title='bbox 1551 2846 1827 2930; x_wconf 85' lang='lat' dir='ltr'><strong>Siceleg,</strong></span> <span class='ocrx_word' id='word_1_202' title='bbox 1873 2869 2004 2913; x_wconf 90' lang='lat' dir='ltr'><strong>non</strong></span> <span class='ocrx_word' id='word_1_203' title='bbox 2042 2848 2249 2913; x_wconf 85' lang='lat' dir='ltr'><strong>defuit</strong></span> <span class='ocrx_word' id='word_1_204' title='bbox 2285 2861 2507 2913; x_wconf 87' lang='lat' dir='ltr'><strong>tamen</strong></span> <span class='ocrx_word' id='word_1_205' title='bbox 2547 2848 2771 2912; x_wconf 89' lang='lat' dir='ltr'><strong>volun·</strong></span> 
     </span>
     <span class='ocr_line' id='line_1_30' title="bbox 834 2932 2775 3018; baseline -0.003 -15"><span class='ocrx_word' id='word_1_206' title='bbox 834 2946 955 3017; x_wconf 86' lang='lat' dir='ltr'><strong>tas,</strong></span> <span class='ocrx_word' id='word_1_207' title='bbox 1003 2936 1126 3000; x_wconf 88' lang='lat' dir='ltr'><strong>etsi</strong></span> <span class='ocrx_word' id='word_1_208' title='bbox 1163 2943 1550 3018; x_wconf 86' lang='lat' dir='ltr'><strong>potestatem</strong></span> <span class='ocrx_word' id='word_1_209' title='bbox 1577 2934 1760 2998; x_wconf 87' lang='lat' dir='ltr'><strong>Deus</strong></span> <span class='ocrx_word' id='word_1_210' title='bbox 1793 2932 2053 3000; x_wconf 86' lang='lat' dir='ltr'><strong>ademit.</strong></span> <span class='ocrx_word' id='word_1_211' title='bbox 2100 2934 2269 2999; x_wconf 89' lang='lat' dir='ltr'><strong>Nam</strong></span> <span class='ocrx_word' id='word_1_212' title='bbox 2310 2932 2497 2999; x_wconf 90' lang='lat' dir='ltr'><strong>domo</strong></span> <span class='ocrx_word' id='word_1_213' title='bbox 2527 2934 2775 3018; x_wconf 86' lang='lat' dir='ltr'><strong>egressi</strong></span> 
     </span>
     <span class='ocr_line' id='line_1_31' title="bbox 834 3017 2773 3102; baseline -0.002 -14"><span class='ocrx_word' id='word_1_214' title='bbox 834 3033 1028 3089; x_wconf 86' lang='lat' dir='ltr'><strong>erant</strong></span> <span class='ocrx_word' id='word_1_215' title='bbox 1070 3022 1192 3086; x_wconf 90' lang='lat' dir='ltr'><strong>boc</strong></span> <span class='ocrx_word' id='word_1_216' title='bbox 1236 3021 1529 3086; x_wconf 90' lang='lat' dir='ltr'><strong>consilio.</strong></span> <span class='ocrx_word' id='word_1_217' title='bbox 1584 3017 2026 3100; x_wconf 80' lang='lat' dir='ltr'><strong>Quamobrem</strong></span> <span class='ocrx_word' id='word_1_218' title='bbox 2075 3019 2333 3102; x_wconf 90' lang='lat' dir='ltr'><strong>praedis</strong></span> <span class='ocrx_word' id='word_1_219' title='bbox 2377 3022 2513 3085; x_wconf 89' lang='lat' dir='ltr'><strong>suis</strong></span> <span class='ocrx_word' id='word_1_220' title='bbox 2558 3034 2626 3084; x_wconf 91' lang='lat' dir='ltr'><strong>et</strong></span> <span class='ocrx_word' id='word_1_221' title='bbox 2671 3041 2773 3084; x_wconf 89' lang='lat' dir='ltr'><strong>ra-</strong></span> 
     </span>
     <span class='ocr_line' id='line_1_32' title="bbox 832 3105 2772 3193; baseline -0.002 -20"><span class='ocrx_word' id='word_1_222' title='bbox 832 3110 1008 3193; x_wconf 86' lang='lat' dir='ltr'><strong>pinis</strong></span> <span class='ocrx_word' id='word_1_223' title='bbox 1054 3119 1409 3184; x_wconf 82' lang='lat' dir='ltr'><strong>vescentes,</strong></span> <span class='ocrx_word' id='word_1_224' title='bbox 1468 3118 1531 3170; x_wconf 91' lang='lat' dir='ltr'><strong>et</strong></span> <span class='ocrx_word' id='word_1_225' title='bbox 1590 3106 1801 3170; x_wconf 91' lang='lat' dir='ltr'><strong>alieno</strong></span> <span class='ocrx_word' id='word_1_226' title='bbox 1858 3126 1999 3171; x_wconf 88' lang='lat' dir='ltr'><strong>sese</strong></span> <span class='ocrx_word' id='word_1_227' title='bbox 2057 3105 2504 3172; x_wconf 78' lang='lat' dir='ltr'><strong>exhilarantes</strong></span> <span class='ocrx_word' id='word_1_228' title='bbox 2551 3125 2772 3189; x_wconf 85' lang='lat' dir='ltr'><strong>pecca·</strong></span> 
     </span>
     <span class='ocr_line' id='line_1_33' title="bbox 834 3191 2772 3275; baseline -0.002 -15"><span class='ocrx_word' id='word_1_229' title='bbox 834 3210 997 3260; x_wconf 89' lang='lat' dir='ltr'><strong>runt</strong></span> <span class='ocrx_word' id='word_1_230' title='bbox 1041 3192 1447 3274; x_wconf 85' lang='lat' dir='ltr'><strong>crudelitate,</strong></span> <span class='ocrx_word' id='word_1_231' title='bbox 1489 3191 1570 3255; x_wconf 90' lang='lat' dir='ltr'><strong>ad</strong></span> <span class='ocrx_word' id='word_1_232' title='bbox 1618 3212 1813 3273; x_wconf 87' lang='lat' dir='ltr'><strong>quam</strong></span> <span class='ocrx_word' id='word_1_233' title='bbox 1858 3193 2131 3258; x_wconf 88' lang='lat' dir='ltr'><strong>accessit</strong></span> <span class='ocrx_word' id='word_1_234' title='bbox 2171 3194 2565 3257; x_wconf 89' lang='lat' dir='ltr'><strong>immensum</strong></span> <span class='ocrx_word' id='word_1_235' title='bbox 2613 3214 2772 3275; x_wconf 86' lang='lat' dir='ltr'><strong>gau·</strong></span> 
     </span>
     <span class='ocr_line' id='line_1_34' title="bbox 837 3275 2775 3360; baseline -0.002 -15"><span class='ocrx_word' id='word_1_236' title='bbox 837 3281 1038 3345; x_wconf 91' lang='lat' dir='ltr'><strong>dium.</strong></span> <span class='ocrx_word' id='word_1_237' title='bbox 1085 3279 1255 3344; x_wconf 85' lang='lat' dir='ltr'><strong>Nam</strong></span> <span class='ocrx_word' id='word_1_238' title='bbox 1292 3299 1495 3360; x_wconf 93' lang='lat' dir='ltr'><strong>quum</strong></span> <span class='ocrx_word' id='word_1_239' title='bbox 1540 3275 1898 3342; x_wconf 91' lang='lat' dir='ltr'><strong>comedisse</strong></span> <span class='ocrx_word' id='word_1_240' title='bbox 1940 3290 2006 3342; x_wconf 90' lang='lat' dir='ltr'><strong>et</strong></span> <span class='ocrx_word' id='word_1_241' title='bbox 2052 3278 2287 3342; x_wconf 85' lang='lat' dir='ltr'><strong>bibisse</strong></span> <span class='ocrx_word' id='word_1_242' title='bbox 2333 3277 2664 3356; x_wconf 88' lang='lat' dir='ltr'><strong>dicuntur,</strong></span> <span class='ocrx_word' id='word_1_243' title='bbox 2709 3290 2775 3342; x_wconf 90' lang='lat' dir='ltr'><strong>et</strong></span> 
     </span>
    </p>
   </div>
   <div class='ocr_carea' id='block_1_3' title="bbox 830 3360 2840 3447">
    <p class='ocr_par' dir='ltr' id='par_1_3' title="bbox 830 3360 2840 3447">
     <span class='ocr_line' id='line_1_35' title="bbox 830 3360 2840 3447; baseline -0.002 -16"><span class='ocrx_word' id='word_1_244' title='bbox 830 3365 917 3431; x_wconf 83' lang='lat' dir='ltr'><strong>&#39;de</strong></span> <span class='ocrx_word' id='word_1_245' title='bbox 964 3374 1100 3430; x_wconf 86' lang='lat' dir='ltr'><strong>tota</strong></span> <span class='ocrx_word' id='word_1_246' title='bbox 1145 3360 1385 3446; x_wconf 74' lang='lat' dir='ltr'><strong>praeda</strong></span> <span class='ocrx_word' id='word_1_247' title='bbox 1430 3362 1836 3445; x_wconf 80' lang='lat' dir='ltr'><strong>tripudiasse,</strong></span> <span class='ocrx_word' id='word_1_248' title='bbox 1884 3376 2135 3429; x_wconf 88' lang='lat' dir='ltr'><strong>certum</strong></span> <span class='ocrx_word' id='word_1_249' title='bbox 2172 3381 2268 3428; x_wconf 91' lang='lat' dir='ltr'><strong>est</strong></span> <span class='ocrx_word' id='word_1_250' title='bbox 2298 3363 2418 3430; x_wconf 85' lang='lat' dir='ltr'><strong>Dei</strong></span> <span class='ocrx_word' id='word_1_251' title='bbox 2466 3365 2772 3447; x_wconf 90' lang='lat' dir='ltr'><strong>spiritum</strong></span> <span class='ocrx_word' id='word_1_252' title='bbox 2833 3374 2840 3383; x_wconf 84' lang='lat'><strong>‘</strong></span> 
     </span>
    </p>
   </div>
   <div class='ocr_carea' id='block_1_4' title="bbox 832 3448 2781 5335">
    <p class='ocr_par' dir='ltr' id='par_1_4' title="bbox 832 3448 2781 5335">
     <span class='ocr_line' id='line_1_36' title="bbox 832 3448 2772 3533; baseline -0.002 -17"><span class='ocrx_word' id='word_1_253' title='bbox 832 3472 1164 3517; x_wconf 88' lang='lat' dir='ltr'><strong>summam</strong></span> <span class='ocrx_word' id='word_1_254' title='bbox 1200 3452 1487 3533; x_wconf 81' lang='lat' dir='ltr'><strong>ipsorum</strong></span> <span class='ocrx_word' id='word_1_255' title='bbox 1525 3448 1888 3533; x_wconf 90' lang='lat' dir='ltr'><strong>ingluviem</strong></span> <span class='ocrx_word' id='word_1_256' title='bbox 1927 3459 1993 3515; x_wconf 88' lang='lat' dir='ltr'><strong>et</strong></span> <span class='ocrx_word' id='word_1_257' title='bbox 2027 3451 2596 3533; x_wconf 85' lang='lat' dir='ltr'><strong>intemperantiam</strong></span> <span class='ocrx_word' id='word_1_258' title='bbox 2624 3469 2772 3513; x_wconf 88' lang='lat' dir='ltr'><strong>cum</strong></span> 
     </span>
     <span class='ocr_line' id='line_1_37' title="bbox 833 3535 2774 3618; baseline -0.002 -15"><span class='ocrx_word' id='word_1_259' title='bbox 833 3538 1102 3603; x_wconf 85' lang='lat' dir='ltr'><strong>effraeni</strong></span> <span class='ocrx_word' id='word_1_260' title='bbox 1150 3536 1385 3618; x_wconf 88' lang='lat' dir='ltr'><strong>gaudio</strong></span> <span class='ocrx_word' id='word_1_261' title='bbox 1431 3546 1658 3600; x_wconf 89' lang='lat' dir='ltr'><strong>notare</strong></span> <span class='ocrx_word' id='word_1_262' title='bbox 1708 3536 2007 3618; x_wconf 87' lang='lat' dir='ltr'><strong>voluisse,</strong></span> <span class='ocrx_word' id='word_1_263' title='bbox 2052 3535 2324 3617; x_wconf 90' lang='lat' dir='ltr'><strong>ideoque</strong></span> <span class='ocrx_word' id='word_1_264' title='bbox 2370 3535 2590 3601; x_wconf 90' lang='lat' dir='ltr'><strong>Deum</strong></span> <span class='ocrx_word' id='word_1_265' title='bbox 2640 3546 2774 3600; x_wconf 88' lang='lat' dir='ltr'><strong>tam</strong></span> 
     </span>
     <span class='ocr_line' id='line_1_38' title="bbox 835 3621 2775 3704; baseline -0.002 -16"><span class='ocrx_word' id='word_1_266' title='bbox 835 3623 1050 3690; x_wconf 89' lang='lat' dir='ltr'><strong>subita</strong></span> <span class='ocrx_word' id='word_1_267' title='bbox 1093 3623 1216 3687; x_wconf 90' lang='lat' dir='ltr'><strong>hac</strong></span> <span class='ocrx_word' id='word_1_268' title='bbox 1261 3632 1643 3703; x_wconf 85' lang='lat' dir='ltr'><strong>tempestate</strong></span> <span class='ocrx_word' id='word_1_269' title='bbox 1690 3621 2056 3686; x_wconf 88' lang='lat' dir='ltr'><strong>helluantes</strong></span> <span class='ocrx_word' id='word_1_270' title='bbox 2103 3625 2517 3704; x_wconf 87' lang='lat' dir='ltr'><strong>oppressisse.</strong></span> <span class='ocrx_word' id='word_1_271' title='bbox 2597 3622 2775 3686; x_wconf 89' lang='lat' dir='ltr'><strong>Hinc</strong></span> 
     </span>
     <span class='ocr_line' id='line_1_39' title="bbox 837 3706 2776 3790; baseline -0.002 -16"><span class='ocrx_word' id='word_1_272' title='bbox 837 3709 1148 3774; x_wconf 87' lang='lat' dir='ltr'><strong>docemur</strong></span> <span class='ocrx_word' id='word_1_273' title='bbox 1192 3709 1425 3771; x_wconf 89' lang='lat' dir='ltr'><strong>alienis</strong></span> <span class='ocrx_word' id='word_1_274' title='bbox 1470 3706 1726 3771; x_wconf 90' lang='lat' dir='ltr'><strong>damnis</strong></span> <span class='ocrx_word' id='word_1_275' title='bbox 1773 3719 1839 3772; x_wconf 89' lang='lat' dir='ltr'><strong>et</strong></span> <span class='ocrx_word' id='word_1_276' title='bbox 1880 3707 2314 3774; x_wconf 88' lang='lat' dir='ltr'><strong>incommodis</strong></span> <span class='ocrx_word' id='word_1_277' title='bbox 2352 3730 2479 3773; x_wconf 91' lang='lat' dir='ltr'><strong>nou</strong></span> <span class='ocrx_word' id='word_1_278' title='bbox 2528 3709 2776 3790; x_wconf 81' lang='lat' dir='ltr'><strong>laetari,</strong></span> 
     </span>
     <span class='ocr_line' id='line_1_40' title="bbox 837 3793 2776 3877; baseline -0.003 -17"><span class='ocrx_word' id='word_1_279' title='bbox 837 3815 1051 3877; x_wconf 88' lang='lat' dir='ltr'><strong>neque</strong></span> <span class='ocrx_word' id='word_1_280' title='bbox 1097 3804 1359 3876; x_wconf 87' lang='lat' dir='ltr'><strong>propter</strong></span> <span class='ocrx_word' id='word_1_281' title='bbox 1418 3793 1802 3857; x_wconf 84' lang='lat' dir='ltr'><strong>afflictorum</strong></span> <span class='ocrx_word' id='word_1_282' title='bbox 1855 3804 1918 3859; x_wconf 86' lang='lat' dir='ltr'><strong>et</strong></span> <span class='ocrx_word' id='word_1_283' title='bbox 1962 3794 2407 3859; x_wconf 91' lang='lat' dir='ltr'><strong>innocentium</strong></span> <span class='ocrx_word' id='word_1_284' title='bbox 2454 3796 2776 3877; x_wconf 83' lang='lat' dir='ltr'><strong>gemitum</strong></span> 
     </span>
     <span class='ocr_line' id='line_1_41' title="bbox 837 3877 2774 3960; baseline -0.001 -15"><span class='ocrx_word' id='word_1_285' title='bbox 837 3882 907 3945; x_wconf 91' lang='lat' dir='ltr'><strong>in</strong></span> <span class='ocrx_word' id='word_1_286' title='bbox 955 3881 1160 3944; x_wconf 90' lang='lat' dir='ltr'><strong>risum</strong></span> <span class='ocrx_word' id='word_1_287' title='bbox 1208 3877 1476 3943; x_wconf 84' lang='lat' dir='ltr'><strong>effundi.</strong></span> <span class='ocrx_word' id='word_1_288' title='bbox 1524 3877 1849 3960; x_wconf 82' lang='lat' dir='ltr'><strong>Equidem</strong></span> <span class='ocrx_word' id='word_1_289' title='bbox 1897 3880 2103 3944; x_wconf 82' lang='lat' dir='ltr'><strong>fateor</strong></span> <span class='ocrx_word' id='word_1_290' title='bbox 2124 3879 2340 3944; x_wconf 90' lang='lat' dir='ltr'><strong>Deum</strong></span> <span class='ocrx_word' id='word_1_291' title='bbox 2379 3881 2547 3944; x_wconf 86' lang='lat' dir='ltr'><strong>risus</strong></span> <span class='ocrx_word' id='word_1_292' title='bbox 2593 3899 2774 3945; x_wconf 84' lang='lat' dir='ltr'><strong>occa·</strong></span> 
     </span>
     <span class='ocr_line' id='line_1_42' title="bbox 839 3964 2775 4048; baseline -0.002 -16"><span class='ocrx_word' id='word_1_293' title='bbox 839 3968 1091 4032; x_wconf 91' lang='lat' dir='ltr'><strong>sionem</strong></span> <span class='ocrx_word' id='word_1_294' title='bbox 1157 3964 1344 4029; x_wconf 89' lang='lat' dir='ltr'><strong>nobis</strong></span> <span class='ocrx_word' id='word_1_295' title='bbox 1410 3982 1493 4028; x_wconf 88' lang='lat' dir='ltr'><strong>ex</strong></span> <span class='ocrx_word' id='word_1_296' title='bbox 1560 3965 1840 4029; x_wconf 88' lang='lat' dir='ltr'><strong>hostium</strong></span> <span class='ocrx_word' id='word_1_297' title='bbox 1923 3965 2231 4048; x_wconf 81' lang='lat' dir='ltr'><strong>lacrymis</strong></span> <span class='ocrx_word' id='word_1_298' title='bbox 2312 3986 2775 4048; x_wconf 80' lang='lat' dir='ltr'><strong>nonnunquam</strong></span> 
     </span>
     <span class='ocr_line' id='line_1_43' title="bbox 837 4049 2775 4136; baseline -0.001 -20"><span class='ocrx_word' id='word_1_299' title='bbox 837 4053 1150 4136; x_wconf 90' lang='lat' dir='ltr'><strong>praebere</strong></span> <span class='ocrx_word' id='word_1_300' title='bbox 1197 4049 1383 4113; x_wconf 85' lang='lat' dir='ltr'><strong>modo</strong></span> <span class='ocrx_word' id='word_1_301' title='bbox 1418 4069 1548 4112; x_wconf 89' lang='lat' dir='ltr'><strong>non</strong></span> <span class='ocrx_word' id='word_1_302' title='bbox 1594 4051 1680 4114; x_wconf 89' lang='lat' dir='ltr'><strong>sit</strong></span> <span class='ocrx_word' id='word_1_303' title='bbox 1714 4053 1908 4117; x_wconf 90' lang='lat' dir='ltr'><strong>nimis</strong></span> <span class='ocrx_word' id='word_1_304' title='bbox 1937 4053 2202 4134; x_wconf 86' lang='lat' dir='ltr'><strong>effusus,</strong></span> <span class='ocrx_word' id='word_1_305' title='bbox 2250 4051 2365 4115; x_wconf 91' lang='lat' dir='ltr'><strong>sed</strong></span> <span class='ocrx_word' id='word_1_306' title='bbox 2403 4051 2775 4116; x_wconf 89' lang='lat' dir='ltr'><strong>moderatus</strong></span> 
     </span>
     <span class='ocr_line' id='line_1_44' title="bbox 839 4136 2777 4219; baseline -0.001 -17"><span class='ocrx_word' id='word_1_307' title='bbox 839 4150 903 4203; x_wconf 91' lang='lat' dir='ltr'><strong>et</strong></span> <span class='ocrx_word' id='word_1_308' title='bbox 965 4146 1371 4218; x_wconf 86' lang='lat' dir='ltr'><strong>temperatus</strong></span> <span class='ocrx_word' id='word_1_309' title='bbox 1432 4136 1552 4207; x_wconf 86' lang='lat' dir='ltr'><strong>sit,</strong></span> <span class='ocrx_word' id='word_1_310' title='bbox 1608 4147 1676 4199; x_wconf 93' lang='lat' dir='ltr'><strong>et</strong></span> <span class='ocrx_word' id='word_1_311' title='bbox 1734 4157 1809 4199; x_wconf 88' lang='lat' dir='ltr'><strong>ea</strong></span> <span class='ocrx_word' id='word_1_312' title='bbox 1865 4139 2121 4202; x_wconf 88' lang='lat' dir='ltr'><strong>ratione</strong></span> <span class='ocrx_word' id='word_1_313' title='bbox 2176 4148 2443 4203; x_wconf 88' lang='lat' dir='ltr'><strong>sanctus</strong></span> <span class='ocrx_word' id='word_1_314' title='bbox 2504 4137 2777 4219; x_wconf 89' lang='lat' dir='ltr'><strong>Decque</strong></span> 
     </span>
     <span class='ocr_line' id='line_1_45' title="bbox 838 4220 2778 4305; baseline 0.001 -18"><span class='ocrx_word' id='word_1_315' title='bbox 838 4225 1265 4305; x_wconf 81' lang='lat' dir='ltr'><strong>approbatus:</strong></span> <span class='ocrx_word' id='word_1_316' title='bbox 1326 4231 1393 4285; x_wconf 80' lang='lat' dir='ltr'><strong>et</strong></span> <span class='ocrx_word' id='word_1_317' title='bbox 1435 4220 1531 4285; x_wconf 83' lang='lat' dir='ltr'><strong>ita</strong></span> <span class='ocrx_word' id='word_1_318' title='bbox 1572 4232 1646 4284; x_wconf 89' lang='lat' dir='ltr'><strong>ut</strong></span> <span class='ocrx_word' id='word_1_319' title='bbox 1691 4222 2075 4287; x_wconf 87' lang='lat' dir='ltr'><strong>miserorum</strong></span> <span class='ocrx_word' id='word_1_320' title='bbox 2132 4223 2473 4287; x_wconf 88' lang='lat' dir='ltr'><strong>hominum</strong></span> <span class='ocrx_word' id='word_1_321' title='bbox 2521 4224 2778 4288; x_wconf 85' lang='lat' dir='ltr'><strong>damnis</strong></span> 
     </span>
     <span class='ocr_line' id='line_1_46' title="bbox 839 4306 2774 4392; baseline -0.002 -18"><span class='ocrx_word' id='word_1_322' title='bbox 839 4328 971 4374; x_wconf 88' lang='lat' dir='ltr'><strong>non</strong></span> <span class='ocrx_word' id='word_1_323' title='bbox 1018 4329 1160 4373; x_wconf 89' lang='lat' dir='ltr'><strong>esse</strong></span> <span class='ocrx_word' id='word_1_324' title='bbox 1205 4306 1624 4392; x_wconf 84' lang='lat' dir='ltr'><strong>gaudendum</strong></span> <span class='ocrx_word' id='word_1_325' title='bbox 1668 4309 1963 4375; x_wconf 82' lang='lat' dir='ltr'><strong>sciamus.</strong></span> <span class='ocrx_word' id='word_1_326' title='bbox 2011 4309 2204 4389; x_wconf 81' lang='lat' dir='ltr'><strong>Quod</strong></span> <span class='ocrx_word' id='word_1_327' title='bbox 2242 4320 2459 4373; x_wconf 82' lang='lat' dir='ltr'><strong>tamen</strong></span> <span class='ocrx_word' id='word_1_328' title='bbox 2506 4312 2774 4372; x_wconf 90' lang='lat' dir='ltr'><strong>nimium</strong></span> 
     </span>
     <span class='ocr_line' id='line_1_47' title="bbox 839 4392 2775 4476; baseline -0.002 -16"><span class='ocrx_word' id='word_1_329' title='bbox 839 4416 1034 4476; x_wconf 87' lang='lat' dir='ltr'><strong>saepe</strong></span> <span class='ocrx_word' id='word_1_330' title='bbox 1079 4396 1218 4458; x_wconf 82' lang='lat' dir='ltr'><strong>fieri</strong></span> <span class='ocrx_word' id='word_1_331' title='bbox 1263 4392 1643 4475; x_wconf 82' lang='lat' dir='ltr'><strong>quotidiana</strong></span> <span class='ocrx_word' id='word_1_332' title='bbox 1685 4394 2091 4474; x_wconf 85' lang='lat' dir='ltr'><strong>experientia</strong></span> <span class='ocrx_word' id='word_1_333' title='bbox 2126 4394 2330 4461; x_wconf 86' lang='lat' dir='ltr'><strong>docet.</strong></span> <span class='ocrx_word' id='word_1_334' title='bbox 2380 4393 2492 4460; x_wconf 84' lang='lat' dir='ltr'><strong>Sic</strong></span> <span class='ocrx_word' id='word_1_335' title='bbox 2530 4415 2775 4459; x_wconf 88' lang='lat' dir='ltr'><strong>merca-</strong></span> 
     </span>
     <span class='ocr_line' id='line_1_48' title="bbox 840 4477 2776 4560; baseline -0.001 -16"><span class='ocrx_word' id='word_1_336' title='bbox 840 4490 1015 4545; x_wconf 85' lang='lat' dir='ltr'><strong>tores</strong></span> <span class='ocrx_word' id='word_1_337' title='bbox 1060 4479 1180 4543; x_wconf 90' lang='lat' dir='ltr'><strong>sibi</strong></span> <span class='ocrx_word' id='word_1_338' title='bbox 1230 4479 1386 4560; x_wconf 88' lang='lat' dir='ltr'><strong>ipsis</strong></span> <span class='ocrx_word' id='word_1_339' title='bbox 1450 4477 1712 4543; x_wconf 89' lang='lat' dir='ltr'><strong>delitias</strong></span> <span class='ocrx_word' id='word_1_340' title='bbox 1770 4483 1997 4557; x_wconf 85' lang='lat' dir='ltr'><strong>facere,</strong></span> <span class='ocrx_word' id='word_1_341' title='bbox 2060 4481 2485 4546; x_wconf 87' lang='lat' dir='ltr'><strong>vehementer</strong></span> <span class='ocrx_word' id='word_1_342' title='bbox 2531 4482 2776 4558; x_wconf 78' lang='lat' dir='ltr'><strong>laetari,</strong></span> 
     </span>
     <span class='ocr_line' id='line_1_49' title="bbox 841 4564 2779 4649; baseline 0 -18"><span class='ocrx_word' id='word_1_343' title='bbox 841 4567 1116 4647; x_wconf 88' lang='lat' dir='ltr'><strong>Decque</strong></span> <span class='ocrx_word' id='word_1_344' title='bbox 1150 4564 1349 4627; x_wconf 85' lang='lat' dir='ltr'><strong>etiam</strong></span> <span class='ocrx_word' id='word_1_345' title='bbox 1384 4565 1627 4646; x_wconf 78' lang='lat' dir='ltr'><strong>gratias</strong></span> <span class='ocrx_word' id='word_1_346' title='bbox 1664 4584 1857 4647; x_wconf 86' lang='lat' dir='ltr'><strong>agere</strong></span> <span class='ocrx_word' id='word_1_347' title='bbox 1892 4565 2212 4646; x_wconf 85' lang='lat' dir='ltr'><strong>videmus,</strong></span> <span class='ocrx_word' id='word_1_348' title='bbox 2256 4586 2451 4649; x_wconf 87' lang='lat' dir='ltr'><strong>quum</strong></span> <span class='ocrx_word' id='word_1_349' title='bbox 2493 4566 2779 4648; x_wconf 88' lang='lat' dir='ltr'><strong>undique</strong></span> 
     </span>
     <span class='ocr_line' id='line_1_50' title="bbox 841 4649 2781 4732; baseline -0.001 -15"><span class='ocrx_word' id='word_1_350' title='bbox 841 4652 1118 4718; x_wconf 87' lang='lat' dir='ltr'><strong>corrasis</strong></span> <span class='ocrx_word' id='word_1_351' title='bbox 1162 4649 1391 4732; x_wconf 88' lang='lat' dir='ltr'><strong>opibus</strong></span> <span class='ocrx_word' id='word_1_352' title='bbox 1435 4649 1624 4714; x_wconf 86' lang='lat' dir='ltr'><strong>ditati</strong></span> <span class='ocrx_word' id='word_1_353' title='bbox 1668 4664 1856 4714; x_wconf 90' lang='lat' dir='ltr'><strong>sunt:</strong></span> <span class='ocrx_word' id='word_1_354' title='bbox 1904 4651 2016 4714; x_wconf 85' lang='lat' dir='ltr'><strong>sed</strong></span> <span class='ocrx_word' id='word_1_355' title='bbox 2064 4674 2195 4717; x_wconf 89' lang='lat' dir='ltr'><strong>non</strong></span> <span class='ocrx_word' id='word_1_356' title='bbox 2241 4652 2781 4718; x_wconf 82' lang='lat' dir='ltr'><strong>animadvertunt</strong></span> 
     </span>
     <span class='ocr_line' id='line_1_51' title="bbox 841 4735 2776 4820; baseline 0.001 -18"><span class='ocrx_word' id='word_1_357' title='bbox 841 4756 913 4802; x_wconf 84' lang='lat' dir='ltr'><strong>se</strong></span> <span class='ocrx_word' id='word_1_358' title='bbox 971 4736 1210 4801; x_wconf 89' lang='lat' dir='ltr'><strong>multos</strong></span> <span class='ocrx_word' id='word_1_359' title='bbox 1272 4737 1538 4801; x_wconf 84' lang='lat' dir='ltr'><strong>miseros</strong></span> <span class='ocrx_word' id='word_1_360' title='bbox 1594 4735 1890 4801; x_wconf 83' lang='lat' dir='ltr'><strong>homines</strong></span> <span class='ocrx_word' id='word_1_361' title='bbox 1949 4737 2031 4800; x_wconf 88' lang='lat' dir='ltr'><strong>ad</strong></span> <span class='ocrx_word' id='word_1_362' title='bbox 2097 4758 2420 4802; x_wconf 90' lang='lat' dir='ltr'><strong>summam</strong></span> <span class='ocrx_word' id='word_1_363' title='bbox 2488 4741 2776 4820; x_wconf 89' lang='lat' dir='ltr'><strong>inopiam</strong></span> 
     </span>
     <span class='ocr_line' id='line_1_52' title="bbox 840 4821 2776 4906; baseline 0 -18"><span class='ocrx_word' id='word_1_364' title='bbox 840 4822 1189 4906; x_wconf 83' lang='lat' dir='ltr'><strong>redegisse.</strong></span> <span class='ocrx_word' id='word_1_365' title='bbox 1239 4835 1305 4886; x_wconf 90' lang='lat' dir='ltr'><strong>et</strong></span> <span class='ocrx_word' id='word_1_366' title='bbox 1350 4838 1573 4885; x_wconf 85' lang='lat' dir='ltr'><strong>eorum</strong></span> <span class='ocrx_word' id='word_1_367' title='bbox 1600 4822 1825 4887; x_wconf 83' lang='lat' dir='ltr'><strong>domos</strong></span> <span class='ocrx_word' id='word_1_368' title='bbox 1872 4821 2287 4904; x_wconf 85' lang='lat' dir='ltr'><strong>depeculatos</strong></span> <span class='ocrx_word' id='word_1_369' title='bbox 2330 4846 2488 4903; x_wconf 88' lang='lat' dir='ltr'><strong>esse,</strong></span> <span class='ocrx_word' id='word_1_370' title='bbox 2534 4825 2776 4888; x_wconf 85' lang='lat' dir='ltr'><strong>multas</strong></span> 
     </span>
     <span class='ocr_line' id='line_1_53' title="bbox 843 4906 2778 4992; baseline 0 -19"><span class='ocrx_word' id='word_1_371' title='bbox 843 4909 1091 4986; x_wconf 86' lang='lat' dir='ltr'><strong>viduas,</strong></span> <span class='ocrx_word' id='word_1_372' title='bbox 1141 4906 1377 4971; x_wconf 85' lang='lat' dir='ltr'><strong>multos</strong></span> <span class='ocrx_word' id='word_1_373' title='bbox 1399 4909 1724 4988; x_wconf 78' lang='lat' dir='ltr'><strong>orphanos</strong></span> <span class='ocrx_word' id='word_1_374' title='bbox 1761 4909 1843 4972; x_wconf 84' lang='lat' dir='ltr'><strong>ad</strong></span> <span class='ocrx_word' id='word_1_375' title='bbox 1888 4929 2178 4974; x_wconf 86' lang='lat' dir='ltr'><strong>summas</strong></span> <span class='ocrx_word' id='word_1_376' title='bbox 2215 4912 2571 4992; x_wconf 82' lang='lat' dir='ltr'><strong>angustias,</strong></span> <span class='ocrx_word' id='word_1_377' title='bbox 2620 4922 2778 4991; x_wconf 87' lang='lat' dir='ltr'><strong>puta</strong></span> 
     </span>
     <span class='ocr_line' id='line_1_54' title="bbox 842 4993 2776 5072; baseline -0.001 -13"><span class='ocrx_word' id='word_1_378' title='bbox 842 4995 1102 5072; x_wconf 84' lang='lat' dir='ltr'><strong>famem,</strong></span> <span class='ocrx_word' id='word_1_379' title='bbox 1166 4994 1362 5069; x_wconf 77' lang='lat' dir='ltr'><strong>sitim,</strong></span> <span class='ocrx_word' id='word_1_380' title='bbox 1421 5007 1488 5057; x_wconf 91' lang='lat' dir='ltr'><strong>et</strong></span> <span class='ocrx_word' id='word_1_381' title='bbox 1542 4993 1672 5059; x_wconf 86' lang='lat' dir='ltr'><strong>alia</strong></span> <span class='ocrx_word' id='word_1_382' title='bbox 1718 4994 2077 5059; x_wconf 84' lang='lat' dir='ltr'><strong>istiusmodi</strong></span> <span class='ocrx_word' id='word_1_383' title='bbox 2136 4994 2548 5060; x_wconf 81' lang='lat' dir='ltr'><strong>incommoda</strong></span> <span class='ocrx_word' id='word_1_384' title='bbox 2595 4994 2776 5059; x_wconf 86' lang='lat' dir='ltr'><strong>rede-</strong></span> 
     </span>
     <span class='ocr_line' id='line_1_55' title="bbox 843 5078 2775 5164; baseline 0.001 -20"><span class='ocrx_word' id='word_1_385' title='bbox 843 5083 1032 5164; x_wconf 87' lang='lat' dir='ltr'><strong>gisse.</strong></span> <span class='ocrx_word' id='word_1_386' title='bbox 1123 5078 1236 5147; x_wconf 87' lang='lat' dir='ltr'><strong>Sic</strong></span> <span class='ocrx_word' id='word_1_387' title='bbox 1294 5079 1488 5142; x_wconf 87' lang='lat' dir='ltr'><strong>otiam</strong></span> <span class='ocrx_word' id='word_1_388' title='bbox 1549 5080 1710 5145; x_wconf 88' lang='lat' dir='ltr'><strong>alios</strong></span> <span class='ocrx_word' id='word_1_389' title='bbox 1767 5082 2006 5145; x_wconf 87' lang='lat' dir='ltr'><strong>multos</strong></span> <span class='ocrx_word' id='word_1_390' title='bbox 2069 5082 2435 5146; x_wconf 84' lang='lat' dir='ltr'><strong>istiusmodi</strong></span> <span class='ocrx_word' id='word_1_391' title='bbox 2499 5082 2775 5163; x_wconf 80' lang='lat' dir='ltr'><strong>praedae</strong></span> 
     </span>
     <span class='ocr_line' id='line_1_56' title="bbox 843 5166 2778 5250; baseline -0.001 -18"><span class='ocrx_word' id='word_1_392' title='bbox 843 5184 1099 5248; x_wconf 85' lang='lat' dir='ltr'><strong>semper</strong></span> <span class='ocrx_word' id='word_1_393' title='bbox 1141 5166 1492 5239; x_wconf 82' lang='lat' dir='ltr'><strong>inhiantes,</strong></span> <span class='ocrx_word' id='word_1_394' title='bbox 1548 5179 1616 5229; x_wconf 91' lang='lat' dir='ltr'><strong>et</strong></span> <span class='ocrx_word' id='word_1_395' title='bbox 1670 5167 2048 5248; x_wconf 83' lang='lat' dir='ltr'><strong>praesertim</strong></span> <span class='ocrx_word' id='word_1_396' title='bbox 2096 5167 2339 5233; x_wconf 80' lang='lat' dir='ltr'><strong>aulicos</strong></span> <span class='ocrx_word' id='word_1_397' title='bbox 2396 5168 2778 5250; x_wconf 83' lang='lat' dir='ltr'><strong>publicatio·</strong></span> 
     </span>
     <span class='ocr_line' id='line_1_57' title="bbox 841 5251 2776 5335; baseline -0.001 -17"><span class='ocrx_word' id='word_1_398' title='bbox 841 5270 993 5318; x_wconf 83' lang='lat' dir='ltr'><strong>nem</strong></span> <span class='ocrx_word' id='word_1_399' title='bbox 1050 5251 1370 5316; x_wconf 83' lang='lat' dir='ltr'><strong>bonorum</strong></span> <span class='ocrx_word' id='word_1_400' title='bbox 1426 5270 1683 5334; x_wconf 86' lang='lat' dir='ltr'><strong>semper</strong></span> <span class='ocrx_word' id='word_1_401' title='bbox 1739 5263 2134 5335; x_wconf 78' lang='lat' dir='ltr'><strong>expetentes,</strong></span> <span class='ocrx_word' id='word_1_402' title='bbox 2195 5266 2260 5318; x_wconf 87' lang='lat' dir='ltr'><strong>et</strong></span> <span class='ocrx_word' id='word_1_403' title='bbox 2303 5268 2576 5319; x_wconf 82' lang='lat' dir='ltr'><strong>mortem</strong></span> <span class='ocrx_word' id='word_1_404' title='bbox 2623 5253 2776 5317; x_wconf 83' lang='lat' dir='ltr'><strong>huic</strong></span> 
     </span>
    </p>
   </div>
   <div class='ocr_carea' id='block_1_5' title="bbox 2487 340 3123 409">
    <p class='ocr_par' dir='ltr' id='par_1_5' title="bbox 2487 340 3123 409">
     <span class='ocr_line' id='line_1_58' title="bbox 2487 340 3123 409; baseline 0.005 -3"><span class='ocrx_word' id='word_1_405' title='bbox 2487 340 2900 408; x_wconf 83' lang='lat' dir='ltr'><strong>HOMILIA</strong></span> <span class='ocrx_word' id='word_1_406' title='bbox 2943 341 3123 409; x_wconf 84' lang='lat' dir='ltr'><strong>clv.</strong></span> 
     </span>
    </p>
   </div>
   <div class='ocr_carea' id='block_1_6' title="bbox 4634 347 4724 415">
    <p class='ocr_par' dir='ltr' id='par_1_6' title="bbox 4634 347 4724 415">
     <span class='ocr_line' id='line_1_59' title="bbox 4634 347 4724 415; baseline 0 0"><span class='ocrx_word' id='word_1_407' title='bbox 4634 347 4724 415; x_wconf 60' lang='lat' dir='ltr'><strong>lm</strong></span> 
     </span>
    </p>
   </div>
   <div class='ocr_carea' id='block_1_7' title="bbox 2869 530 4795 5338">
    <p class='ocr_par' dir='ltr' id='par_1_7' title="bbox 2873 530 4728 611">
     <span class='ocr_line' id='line_1_60' title="bbox 2873 530 4728 611; baseline 0.002 -16"><span class='ocrx_word' id='word_1_408' title='bbox 2873 531 2978 597; x_wconf 89' lang='lat' dir='ltr'><strong>vel</strong></span> <span class='ocrx_word' id='word_1_409' title='bbox 3022 530 3121 594; x_wconf 89' lang='lat' dir='ltr'><strong>illi</strong></span> <span class='ocrx_word' id='word_1_410' title='bbox 3166 538 3516 611; x_wconf 78' lang='lat' dir='ltr'><strong>struentes,</strong></span> <span class='ocrx_word' id='word_1_411' title='bbox 3574 542 3649 593; x_wconf 82' lang='lat' dir='ltr'><strong>ut</strong></span> <span class='ocrx_word' id='word_1_412' title='bbox 3705 532 3775 593; x_wconf 87' lang='lat' dir='ltr'><strong>in</strong></span> <span class='ocrx_word' id='word_1_413' title='bbox 3832 531 4216 595; x_wconf 80' lang='lat' dir='ltr'><strong>miserorum</strong></span> <span class='ocrx_word' id='word_1_414' title='bbox 4276 531 4440 595; x_wconf 88' lang='lat' dir='ltr'><strong>bona</strong></span> <span class='ocrx_word' id='word_1_415' title='bbox 4487 532 4728 604; x_wconf 72' lang='lat' dir='ltr'><strong>involent.</strong></span> 
     </span>
    </p>

    <p class='ocr_par' dir='ltr' id='par_1_8' title="bbox 2873 614 4730 697">
     <span class='ocr_line' id='line_1_61' title="bbox 2873 614 4730 697; baseline 0.004 -16"><span class='ocrx_word' id='word_1_416' title='bbox 2873 616 3183 682; x_wconf 80' lang='lat' dir='ltr'><strong>Facessat</strong></span> <span class='ocrx_word' id='word_1_417' title='bbox 3228 637 3268 680; x_wconf 87' lang='lat' dir='ltr'><strong>a</strong></span> <span class='ocrx_word' id='word_1_418' title='bbox 3311 614 3499 679; x_wconf 87' lang='lat' dir='ltr'><strong>nobis</strong></span> <span class='ocrx_word' id='word_1_419' title='bbox 3542 615 3915 680; x_wconf 78' lang='lat' dir='ltr'><strong>istiusmodi</strong></span> <span class='ocrx_word' id='word_1_420' title='bbox 3949 614 4218 691; x_wconf 81' lang='lat' dir='ltr'><strong>laetitia,</strong></span> <span class='ocrx_word' id='word_1_421' title='bbox 4258 636 4422 697; x_wconf 77' lang='lat' dir='ltr'><strong>quae</strong></span> <span class='ocrx_word' id='word_1_422' title='bbox 4455 620 4662 685; x_wconf 79' lang='lat' dir='ltr'><strong>miseris</strong></span> <span class='ocrx_word' id='word_1_423' title='bbox 4685 642 4730 689; x_wconf 80' lang='lat' dir='ltr'><strong>et</strong></span> 
     </span>
    </p>

    <p class='ocr_par' dir='ltr' id='par_1_9' title="bbox 2871 701 4730 783">
     <span class='ocr_line' id='line_1_62' title="bbox 2871 701 4730 783; baseline 0.003 -17"><span class='ocrx_word' id='word_1_424' title='bbox 2871 702 3328 767; x_wconf 76' lang='lat' dir='ltr'><strong>innocentibus</strong></span> <span class='ocrx_word' id='word_1_425' title='bbox 3375 701 3659 783; x_wconf 84' lang='lat' dir='ltr'><strong>gemitus</strong></span> <span class='ocrx_word' id='word_1_426' title='bbox 3694 713 3762 765; x_wconf 92' lang='lat' dir='ltr'><strong>et</strong></span> <span class='ocrx_word' id='word_1_427' title='bbox 3795 702 4124 783; x_wconf 78' lang='lat' dir='ltr'><strong>lacrymas</strong></span> <span class='ocrx_word' id='word_1_428' title='bbox 4148 701 4381 777; x_wconf 85' lang='lat' dir='ltr'><strong>eliciat,</strong></span> <span class='ocrx_word' id='word_1_429' title='bbox 4428 704 4601 768; x_wconf 87' lang='lat' dir='ltr'><strong>aDeo</strong></span> <span class='ocrx_word' id='word_1_430' title='bbox 4628 724 4730 771; x_wconf 80' lang='lat' dir='ltr'><strong>tau·</strong></span> 
     </span>
    </p>

    <p class='ocr_par' dir='ltr' id='par_1_10' title="bbox 2872 784 4734 874">
     <span class='ocr_line' id='line_1_63' title="bbox 2872 784 4734 874; baseline 0.001 -23"><span class='ocrx_word' id='word_1_431' title='bbox 2872 787 3018 852; x_wconf 92' lang='lat' dir='ltr'><strong>dem</strong></span> <span class='ocrx_word' id='word_1_432' title='bbox 3066 784 3538 853; x_wconf 87' lang='lat' dir='ltr'><strong>exaudiendos:</strong></span> <span class='ocrx_word' id='word_1_433' title='bbox 3578 800 3828 852; x_wconf 77' lang='lat' dir='ltr'><strong>certum</strong></span> <span class='ocrx_word' id='word_1_434' title='bbox 3875 787 4054 851; x_wconf 87' lang='lat' dir='ltr'><strong>enim</strong></span> <span class='ocrx_word' id='word_1_435' title='bbox 4101 800 4202 851; x_wconf 76' lang='lat' dir='ltr'><strong>eet</strong></span> <span class='ocrx_word' id='word_1_436' title='bbox 4242 788 4572 853; x_wconf 87' lang='lat' dir='ltr'><strong>clamorem</strong></span> <span class='ocrx_word' id='word_1_437' title='bbox 4609 794 4734 874; x_wconf 75' lang='lat' dir='ltr'><strong>ipss·</strong></span> 
     </span>
    </p>

    <p class='ocr_par' dir='ltr' id='par_1_11' title="bbox 2870 873 4735 959">
     <span class='ocr_line' id='line_1_64' title="bbox 2870 873 4735 959; baseline 0 -21"><span class='ocrx_word' id='word_1_438' title='bbox 2870 894 3018 938; x_wconf 89' lang='lat' dir='ltr'><strong>rum</strong></span> <span class='ocrx_word' id='word_1_439' title='bbox 3063 874 3278 940; x_wconf 85' lang='lat' dir='ltr'><strong>coelos</strong></span> <span class='ocrx_word' id='word_1_440' title='bbox 3321 874 3496 955; x_wconf 87' lang='lat' dir='ltr'><strong>ipsos</strong></span> <span class='ocrx_word' id='word_1_441' title='bbox 3540 883 4066 954; x_wconf 85' lang='lat' dir='ltr'><strong>penetraturum:</strong></span> <span class='ocrx_word' id='word_1_442' title='bbox 4120 873 4460 956; x_wconf 88' lang='lat' dir='ltr'><strong>Deumque</strong></span> <span class='ocrx_word' id='word_1_443' title='bbox 4491 894 4599 938; x_wconf 90' lang='lat' dir='ltr'><strong>uon</strong></span> <span class='ocrx_word' id='word_1_444' title='bbox 4628 898 4735 959; x_wconf 71' lang='lat' dir='ltr'><strong>pns-</strong></span> 
     </span>
    </p>

    <p class='ocr_par' dir='ltr' id='par_1_12' title="bbox 2871 956 4738 1041">
     <span class='ocr_line' id='line_1_65' title="bbox 2871 956 4738 1041; baseline 0.001 -17"><span class='ocrx_word' id='word_1_445' title='bbox 2871 980 3097 1024; x_wconf 89' lang='lat' dir='ltr'><strong>surum</strong></span> <span class='ocrx_word' id='word_1_446' title='bbox 3158 972 3230 1023; x_wconf 87' lang='lat' dir='ltr'><strong>ut</strong></span> <span class='ocrx_word' id='word_1_447' title='bbox 3290 957 3600 1040; x_wconf 88' lang='lat' dir='ltr'><strong>quamdiu</strong></span> <span class='ocrx_word' id='word_1_448' title='bbox 3661 960 3853 1041; x_wconf 87' lang='lat' dir='ltr'><strong>genio</strong></span> <span class='ocrx_word' id='word_1_449' title='bbox 3915 956 4373 1041; x_wconf 85' lang='lat' dir='ltr'><strong>indulgemus,</strong></span> <span class='ocrx_word' id='word_1_450' title='bbox 4429 974 4493 1024; x_wconf 87' lang='lat' dir='ltr'><strong>et</strong></span> <span class='ocrx_word' id='word_1_451' title='bbox 4543 960 4738 1031; x_wconf 65' lang='lat' dir='ltr'><strong>delitioe</strong></span> 
     </span>
    </p>

    <p class='ocr_par' dir='ltr' id='par_1_13' title="bbox 2870 1043 4740 1130">
     <span class='ocr_line' id='line_1_66' title="bbox 2870 1043 4740 1130; baseline 0.001 -21"><span class='ocrx_word' id='word_1_452' title='bbox 2870 1046 3060 1110; x_wconf 87' lang='lat' dir='ltr'><strong>nobis</strong></span> <span class='ocrx_word' id='word_1_453' title='bbox 3103 1043 3383 1111; x_wconf 86' lang='lat' dir='ltr'><strong>facimus</strong></span> <span class='ocrx_word' id='word_1_454' title='bbox 3428 1056 3742 1125; x_wconf 81' lang='lat' dir='ltr'><strong>perpetuo</strong></span> <span class='ocrx_word' id='word_1_455' title='bbox 3787 1044 4148 1126; x_wconf 80' lang='lat' dir='ltr'><strong>langueant</strong></span> <span class='ocrx_word' id='word_1_456' title='bbox 4183 1045 4255 1108; x_wconf 81' lang='lat' dir='ltr'><strong>in</strong></span> <span class='ocrx_word' id='word_1_457' title='bbox 4291 1045 4448 1109; x_wconf 83' lang='lat' dir='ltr'><strong>istas</strong></span> <span class='ocrx_word' id='word_1_458' title='bbox 4471 1050 4740 1130; x_wconf 69' lang='lat' dir='ltr'><strong>angustias</strong></span> 
     </span>
    </p>

    <p class='ocr_par' dir='ltr' id='par_1_14' title="bbox 2869 1128 4783 3173">
     <span class='ocr_line' id='line_1_67' title="bbox 2873 1128 4744 1214; baseline 0.003 -18"><span class='ocrx_word' id='word_1_459' title='bbox 2873 1130 3140 1214; x_wconf 86' lang='lat' dir='ltr'><strong>redacti,</strong></span> <span class='ocrx_word' id='word_1_460' title='bbox 3187 1131 3343 1213; x_wconf 90' lang='lat' dir='ltr'><strong>quin</strong></span> <span class='ocrx_word' id='word_1_461' title='bbox 3381 1150 3452 1193; x_wconf 91' lang='lat' dir='ltr'><strong>se</strong></span> <span class='ocrx_word' id='word_1_462' title='bbox 3489 1130 3750 1194; x_wconf 84' lang='lat' dir='ltr'><strong>tandem</strong></span> <span class='ocrx_word' id='word_1_463' title='bbox 3795 1132 4042 1195; x_wconf 82' lang='lat' dir='ltr'><strong>iustum</strong></span> <span class='ocrx_word' id='word_1_464' title='bbox 4074 1128 4360 1195; x_wconf 77' lang='lat' dir='ltr'><strong>iudicem</strong></span> <span class='ocrx_word' id='word_1_465' title='bbox 4383 1144 4449 1195; x_wconf 83' lang='lat' dir='ltr'><strong>et</strong></span> <span class='ocrx_word' id='word_1_466' title='bbox 4482 1132 4744 1201; x_wconf 72' lang='lat' dir='ltr'><strong>vindicem</strong></span> 
     </span>
     <span class='ocr_line' id='line_1_68' title="bbox 2872 1213 4746 1299; baseline 0.003 -19"><span class='ocrx_word' id='word_1_467' title='bbox 2872 1217 3276 1299; x_wconf 86' lang='lat' dir='ltr'><strong>profiteatur.</strong></span> <span class='ocrx_word' id='word_1_468' title='bbox 3364 1213 3603 1279; x_wconf 87' lang='lat' dir='ltr'><strong>Danda</strong></span> <span class='ocrx_word' id='word_1_469' title='bbox 3663 1216 3863 1298; x_wconf 89' lang='lat' dir='ltr'><strong>igitur</strong></span> <span class='ocrx_word' id='word_1_470' title='bbox 3918 1235 4118 1298; x_wconf 87' lang='lat' dir='ltr'><strong>opera</strong></span> <span class='ocrx_word' id='word_1_471' title='bbox 4163 1229 4239 1280; x_wconf 86' lang='lat' dir='ltr'><strong>ut</strong></span> <span class='ocrx_word' id='word_1_472' title='bbox 4297 1217 4539 1281; x_wconf 83' lang='lat' dir='ltr'><strong>laetitia</strong></span> <span class='ocrx_word' id='word_1_473' title='bbox 4575 1234 4746 1287; x_wconf 80' lang='lat' dir='ltr'><strong>nostra</strong></span> 
     </span>
     <span class='ocr_line' id='line_1_69' title="bbox 2872 1299 4750 1385; baseline 0.003 -19"><span class='ocrx_word' id='word_1_474' title='bbox 2872 1302 3051 1367; x_wconf 87' lang='lat' dir='ltr'><strong>licita</strong></span> <span class='ocrx_word' id='word_1_475' title='bbox 3095 1304 3202 1381; x_wconf 87' lang='lat' dir='ltr'><strong>sit,</strong></span> <span class='ocrx_word' id='word_1_476' title='bbox 3247 1301 3311 1365; x_wconf 88' lang='lat' dir='ltr'><strong>id</strong></span> <span class='ocrx_word' id='word_1_477' title='bbox 3357 1311 3458 1365; x_wconf 86' lang='lat' dir='ltr'><strong>eet</strong></span> <span class='ocrx_word' id='word_1_478' title='bbox 3500 1321 3540 1364; x_wconf 87' lang='lat' dir='ltr'><strong>a</strong></span> <span class='ocrx_word' id='word_1_479' title='bbox 3584 1299 3754 1365; x_wconf 80' lang='lat' dir='ltr'><strong>bona</strong></span> <span class='ocrx_word' id='word_1_480' title='bbox 3796 1312 3861 1366; x_wconf 82' lang='lat' dir='ltr'><strong>et</strong></span> <span class='ocrx_word' id='word_1_481' title='bbox 3905 1303 4076 1365; x_wconf 87' lang='lat' dir='ltr'><strong>iusta</strong></span> <span class='ocrx_word' id='word_1_482' title='bbox 4106 1321 4301 1366; x_wconf 83' lang='lat' dir='ltr'><strong>causa</strong></span> <span class='ocrx_word' id='word_1_483' title='bbox 4347 1302 4750 1385; x_wconf 59' lang='lat' dir='ltr'><strong>proficiscunt,</strong></span> 
     </span>
     <span class='ocr_line' id='line_1_70' title="bbox 2870 1385 4744 1475; baseline 0.003 -24"><span class='ocrx_word' id='word_1_484' title='bbox 2870 1400 2938 1452; x_wconf 90' lang='lat' dir='ltr'><strong>et</strong></span> <span class='ocrx_word' id='word_1_485' title='bbox 2981 1408 3132 1452; x_wconf 90' lang='lat' dir='ltr'><strong>vere</strong></span> <span class='ocrx_word' id='word_1_486' title='bbox 3177 1398 3242 1450; x_wconf 91' lang='lat' dir='ltr'><strong>et</strong></span> <span class='ocrx_word' id='word_1_487' title='bbox 3283 1387 3425 1452; x_wconf 89' lang='lat' dir='ltr'><strong>siue</strong></span> <span class='ocrx_word' id='word_1_488' title='bbox 3479 1385 3626 1452; x_wconf 79' lang='lat' dir='ltr'><strong>fuco</strong></span> <span class='ocrx_word' id='word_1_489' title='bbox 3679 1399 3749 1451; x_wconf 92' lang='lat' dir='ltr'><strong>et</strong></span> <span class='ocrx_word' id='word_1_490' title='bbox 3791 1388 4200 1475; x_wconf 82' lang='lat' dir='ltr'><strong>simulatione</strong></span> <span class='ocrx_word' id='word_1_491' title='bbox 4244 1386 4377 1453; x_wconf 90' lang='lat' dir='ltr'><strong>Dei</strong></span> <span class='ocrx_word' id='word_1_492' title='bbox 4424 1411 4634 1454; x_wconf 79' lang='lat' dir='ltr'><strong>nomes</strong></span> <span class='ocrx_word' id='word_1_493' title='bbox 4673 1394 4744 1457; x_wconf 78' lang='lat' dir='ltr'><strong>be·</strong></span> 
     </span>
     <span class='ocr_line' id='line_1_71' title="bbox 2870 1472 4749 1555; baseline 0.004 -18"><span class='ocrx_word' id='word_1_494' title='bbox 2870 1472 3269 1547; x_wconf 83' lang='lat' dir='ltr'><strong>nedicamus,</strong></span> <span class='ocrx_word' id='word_1_495' title='bbox 3328 1473 3578 1553; x_wconf 87' lang='lat' dir='ltr'><strong>quoties</strong></span> <span class='ocrx_word' id='word_1_496' title='bbox 3621 1472 3702 1535; x_wconf 91' lang='lat' dir='ltr'><strong>de</strong></span> <span class='ocrx_word' id='word_1_497' title='bbox 3750 1472 4082 1537; x_wconf 85' lang='lat' dir='ltr'><strong>beneficiis</strong></span> <span class='ocrx_word' id='word_1_498' title='bbox 4126 1473 4338 1555; x_wconf 85' lang='lat' dir='ltr'><strong>ipsius</strong></span> <span class='ocrx_word' id='word_1_499' title='bbox 4399 1474 4749 1544; x_wconf 73' lang='lat' dir='ltr'><strong>laetabimur.</strong></span> 
     </span>
     <span class='ocr_line' id='line_1_72' title="bbox 2869 1559 4752 1640; baseline 0.003 -16"><span class='ocrx_word' id='word_1_500' title='bbox 2869 1559 3112 1624; x_wconf 88' lang='lat' dir='ltr'><strong>Addite</strong></span> <span class='ocrx_word' id='word_1_501' title='bbox 3157 1559 3237 1622; x_wconf 90' lang='lat' dir='ltr'><strong>ad</strong></span> <span class='ocrx_word' id='word_1_502' title='bbox 3283 1559 3516 1622; x_wconf 87' lang='lat' dir='ltr'><strong>iustam</strong></span> <span class='ocrx_word' id='word_1_503' title='bbox 3563 1578 3826 1623; x_wconf 87' lang='lat' dir='ltr'><strong>causam</strong></span> <span class='ocrx_word' id='word_1_504' title='bbox 3873 1561 4069 1623; x_wconf 83' lang='lat' dir='ltr'><strong>etiam</strong></span> <span class='ocrx_word' id='word_1_505' title='bbox 4131 1559 4646 1640; x_wconf 82' lang='lat' dir='ltr'><strong>moderationem,</strong></span> <span class='ocrx_word' id='word_1_506' title='bbox 4692 1587 4752 1629; x_wconf 78' lang='lat' dir='ltr'><strong>nu</strong></span> 
     </span>
     <span class='ocr_line' id='line_1_73' title="bbox 2871 1643 4756 1727; baseline 0.003 -18"><span class='ocrx_word' id='word_1_507' title='bbox 2871 1658 2946 1709; x_wconf 89' lang='lat' dir='ltr'><strong>ut</strong></span> <span class='ocrx_word' id='word_1_508' title='bbox 2990 1645 3224 1709; x_wconf 90' lang='lat' dir='ltr'><strong>ebriosi</strong></span> <span class='ocrx_word' id='word_1_509' title='bbox 3268 1644 3482 1709; x_wconf 86' lang='lat' dir='ltr'><strong>solent</strong></span> <span class='ocrx_word' id='word_1_510' title='bbox 3524 1643 3700 1708; x_wconf 83' lang='lat' dir='ltr'><strong>inter</strong></span> <span class='ocrx_word' id='word_1_511' title='bbox 3745 1644 3979 1727; x_wconf 85' lang='lat' dir='ltr'><strong>pocula</strong></span> <span class='ocrx_word' id='word_1_512' title='bbox 4020 1643 4505 1726; x_wconf 84' lang='lat' dir='ltr'><strong>insolescamus,</strong></span> <span class='ocrx_word' id='word_1_513' title='bbox 4557 1649 4654 1713; x_wconf 81' lang='lat' dir='ltr'><strong>sed</strong></span> <span class='ocrx_word' id='word_1_514' title='bbox 4689 1652 4756 1715; x_wconf 75' lang='lat' dir='ltr'><strong>its</strong></span> 
     </span>
     <span class='ocr_line' id='line_1_74' title="bbox 2870 1730 4759 1815; baseline 0.003 -19"><span class='ocrx_word' id='word_1_515' title='bbox 2870 1731 3084 1796; x_wconf 90' lang='lat' dir='ltr'><strong>sobrie</strong></span> <span class='ocrx_word' id='word_1_516' title='bbox 3095 1743 3161 1795; x_wconf 87' lang='lat' dir='ltr'><strong>et</strong></span> <span class='ocrx_word' id='word_1_517' title='bbox 3178 1740 3618 1811; x_wconf 88' lang='lat' dir='ltr'><strong>temperanter</strong></span> <span class='ocrx_word' id='word_1_518' title='bbox 3635 1730 3955 1813; x_wconf 84' lang='lat' dir='ltr'><strong>vivamus,</strong></span> <span class='ocrx_word' id='word_1_519' title='bbox 3971 1731 4262 1795; x_wconf 90' lang='lat' dir='ltr'><strong>utDeum</strong></span> <span class='ocrx_word' id='word_1_520' title='bbox 4275 1753 4536 1815; x_wconf 85' lang='lat' dir='ltr'><strong>semper</strong></span> <span class='ocrx_word' id='word_1_521' title='bbox 4551 1734 4759 1801; x_wconf 71' lang='lat' dir='ltr'><strong>laudate</strong></span> 
     </span>
     <span class='ocr_line' id='line_1_75' title="bbox 2872 1816 4759 1903; baseline 0.002 -22"><span class='ocrx_word' id='word_1_522' title='bbox 2872 1816 3218 1899; x_wconf 83' lang='lat' dir='ltr'><strong>possimus,</strong></span> <span class='ocrx_word' id='word_1_523' title='bbox 3268 1830 3338 1882; x_wconf 91' lang='lat' dir='ltr'><strong>et</strong></span> <span class='ocrx_word' id='word_1_524' title='bbox 3380 1816 3447 1878; x_wconf 91' lang='lat' dir='ltr'><strong>in</strong></span> <span class='ocrx_word' id='word_1_525' title='bbox 3495 1816 3700 1897; x_wconf 89' lang='lat' dir='ltr'><strong>ipsius</strong></span> <span class='ocrx_word' id='word_1_526' title='bbox 3745 1835 4033 1881; x_wconf 87' lang='lat' dir='ltr'><strong>amorem</strong></span> <span class='ocrx_word' id='word_1_527' title='bbox 4079 1818 4293 1899; x_wconf 82' lang='lat' dir='ltr'><strong>magis</strong></span> <span class='ocrx_word' id='word_1_528' title='bbox 4340 1839 4416 1884; x_wconf 91' lang='lat' dir='ltr'><strong>ac</strong></span> <span class='ocrx_word' id='word_1_529' title='bbox 4461 1822 4651 1903; x_wconf 81' lang='lat' dir='ltr'><strong>magis</strong></span> <span class='ocrx_word' id='word_1_530' title='bbox 4684 1823 4759 1885; x_wconf 83' lang='lat' dir='ltr'><strong>iu·-</strong></span> 
     </span>
     <span class='ocr_line' id='line_1_76' title="bbox 2872 1900 4762 1989; baseline 0.002 -22"><span class='ocrx_word' id='word_1_531' title='bbox 2872 1902 3081 1978; x_wconf 87' lang='lat' dir='ltr'><strong>citari,</strong></span> <span class='ocrx_word' id='word_1_532' title='bbox 3127 1904 3563 1983; x_wconf 82' lang='lat' dir='ltr'><strong>maioremque</strong></span> <span class='ocrx_word' id='word_1_533' title='bbox 3610 1900 4013 1985; x_wconf 86' lang='lat' dir='ltr'><strong>diligentiam</strong></span> <span class='ocrx_word' id='word_1_534' title='bbox 4049 1902 4118 1966; x_wconf 91' lang='lat' dir='ltr'><strong>in</strong></span> <span class='ocrx_word' id='word_1_535' title='bbox 4151 1904 4373 1968; x_wconf 88' lang='lat' dir='ltr'><strong>officio</strong></span> <span class='ocrx_word' id='word_1_536' title='bbox 4398 1926 4555 1988; x_wconf 85' lang='lat' dir='ltr'><strong>erga</strong></span> <span class='ocrx_word' id='word_1_537' title='bbox 4588 1908 4762 1989; x_wconf 71' lang='lat' dir='ltr'><strong>proxi·</strong></span> 
     </span>
     <span class='ocr_line' id='line_1_77' title="bbox 2873 1987 4764 2065; baseline 0.003 -13"><span class='ocrx_word' id='word_1_538' title='bbox 2873 2008 3017 2053; x_wconf 88' lang='lat' dir='ltr'><strong>mos</strong></span> <span class='ocrx_word' id='word_1_539' title='bbox 3062 1987 3378 2065; x_wconf 86' lang='lat' dir='ltr'><strong>faciendo,</strong></span> <span class='ocrx_word' id='word_1_540' title='bbox 3438 2000 3504 2051; x_wconf 81' lang='lat' dir='ltr'><strong>et</strong></span> <span class='ocrx_word' id='word_1_541' title='bbox 3556 1988 3624 2051; x_wconf 92' lang='lat' dir='ltr'><strong>in</strong></span> <span class='ocrx_word' id='word_1_542' title='bbox 3673 1990 4005 2053; x_wconf 85' lang='lat' dir='ltr'><strong>vocatione</strong></span> <span class='ocrx_word' id='word_1_543' title='bbox 4060 1988 4451 2055; x_wconf 81' lang='lat' dir='ltr'><strong>fidelitatem</strong></span> <span class='ocrx_word' id='word_1_544' title='bbox 4509 1993 4764 2058; x_wconf 69' lang='lat' dir='ltr'><strong>adhibeo·</strong></span> 
     </span>
     <span class='ocr_line' id='line_1_78' title="bbox 2875 2073 4768 2158; baseline 0.002 -20"><span class='ocrx_word' id='word_1_545' title='bbox 2875 2095 3040 2139; x_wconf 91' lang='lat' dir='ltr'><strong>mus.</strong></span> <span class='ocrx_word' id='word_1_546' title='bbox 3087 2073 3248 2137; x_wconf 81' lang='lat' dir='ltr'><strong>Tale</strong></span> <span class='ocrx_word' id='word_1_547' title='bbox 3290 2073 3493 2155; x_wconf 89' lang='lat' dir='ltr'><strong>igitur</strong></span> <span class='ocrx_word' id='word_1_548' title='bbox 3527 2093 3668 2138; x_wconf 87' lang='lat' dir='ltr'><strong>esse</strong></span> <span class='ocrx_word' id='word_1_549' title='bbox 3694 2074 4226 2139; x_wconf 77' lang='lat' dir='ltr'><strong>Christianorum</strong></span> <span class='ocrx_word' id='word_1_550' title='bbox 4264 2075 4768 2158; x_wconf 76' lang='lat' dir='ltr'><strong>gaudinmdebet,</strong></span> 
     </span>
     <span class='ocr_line' id='line_1_79' title="bbox 2877 2160 4766 2244; baseline 0.003 -20"><span class='ocrx_word' id='word_1_551' title='bbox 2877 2181 3008 2242; x_wconf 92' lang='lat' dir='ltr'><strong>quo</strong></span> <span class='ocrx_word' id='word_1_552' title='bbox 3048 2160 3257 2244; x_wconf 84' lang='lat' dir='ltr'><strong>magis</strong></span> <span class='ocrx_word' id='word_1_553' title='bbox 3301 2179 3378 2223; x_wconf 89' lang='lat' dir='ltr'><strong>ac</strong></span> <span class='ocrx_word' id='word_1_554' title='bbox 3411 2163 3623 2241; x_wconf 87' lang='lat' dir='ltr'><strong>magis</strong></span> <span class='ocrx_word' id='word_1_555' title='bbox 3655 2181 3811 2243; x_wconf 79' lang='lat' dir='ltr'><strong>erga</strong></span> <span class='ocrx_word' id='word_1_556' title='bbox 3856 2161 4226 2243; x_wconf 82' lang='lat' dir='ltr'><strong>proximum</strong></span> <span class='ocrx_word' id='word_1_557' title='bbox 4263 2174 4334 2225; x_wconf 90' lang='lat' dir='ltr'><strong>et</strong></span> <span class='ocrx_word' id='word_1_558' title='bbox 4363 2161 4496 2227; x_wconf 91' lang='lat' dir='ltr'><strong>Dei</strong></span> <span class='ocrx_word' id='word_1_559' title='bbox 4533 2185 4766 2228; x_wconf 74' lang='lat' dir='ltr'><strong>amorem</strong></span> 
     </span>
     <span class='ocr_line' id='line_1_80' title="bbox 2875 2244 4769 2324; baseline 0.003 -15"><span class='ocrx_word' id='word_1_560' title='bbox 2875 2248 3262 2310; x_wconf 88' lang='lat' dir='ltr'><strong>excitentur.</strong></span> <span class='ocrx_word' id='word_1_561' title='bbox 3328 2244 3579 2310; x_wconf 85' lang='lat' dir='ltr'><strong>Oontra</strong></span> <span class='ocrx_word' id='word_1_562' title='bbox 3639 2266 3793 2310; x_wconf 90' lang='lat' dir='ltr'><strong>vero</strong></span> <span class='ocrx_word' id='word_1_563' title='bbox 3851 2246 4278 2310; x_wconf 82' lang='lat' dir='ltr'><strong>metuendum</strong></span> <span class='ocrx_word' id='word_1_564' title='bbox 4325 2263 4448 2324; x_wconf 87' lang='lat' dir='ltr'><strong>est,</strong></span> <span class='ocrx_word' id='word_1_565' title='bbox 4509 2271 4591 2313; x_wconf 89' lang='lat' dir='ltr'><strong>ne</strong></span> <span class='ocrx_word' id='word_1_566' title='bbox 4628 2251 4676 2314; x_wconf 84' lang='lat' dir='ltr'><strong>si</strong></span> <span class='ocrx_word' id='word_1_567' title='bbox 4708 2251 4769 2313; x_wconf 77' lang='lat' dir='ltr'><strong>sit</strong></span> 
     </span>
     <span class='ocr_line' id='line_1_81' title="bbox 2875 2330 4770 2414; baseline 0.003 -19"><span class='ocrx_word' id='word_1_568' title='bbox 2875 2332 3305 2396; x_wconf 86' lang='lat' dir='ltr'><strong>immoderata</strong></span> <span class='ocrx_word' id='word_1_569' title='bbox 3345 2330 3614 2410; x_wconf 88' lang='lat' dir='ltr'><strong>laetitia,</strong></span> <span class='ocrx_word' id='word_1_570' title='bbox 3660 2351 3822 2413; x_wconf 84' lang='lat' dir='ltr'><strong>quas</strong></span> <span class='ocrx_word' id='word_1_571' title='bbox 3868 2350 4109 2414; x_wconf 82' lang='lat' dir='ltr'><strong>poenas</strong></span> <span class='ocrx_word' id='word_1_572' title='bbox 4140 2333 4327 2398; x_wconf 92' lang='lat' dir='ltr'><strong>Deus</strong></span> <span class='ocrx_word' id='word_1_573' title='bbox 4376 2335 4651 2399; x_wconf 84' lang='lat' dir='ltr'><strong>minatur</strong></span> <span class='ocrx_word' id='word_1_574' title='bbox 4684 2336 4770 2399; x_wconf 79' lang='lat' dir='ltr'><strong>im·</strong></span> 
     </span>
     <span class='ocr_line' id='line_1_82' title="bbox 2878 2417 4767 2501; baseline 0.001 -19"><span class='ocrx_word' id='word_1_575' title='bbox 2878 2417 3228 2483; x_wconf 86' lang='lat' dir='ltr'><strong>moderatis</strong></span> <span class='ocrx_word' id='word_1_576' title='bbox 3273 2428 3342 2481; x_wconf 88' lang='lat' dir='ltr'><strong>et</strong></span> <span class='ocrx_word' id='word_1_577' title='bbox 3382 2418 3985 2498; x_wconf 85' lang='lat' dir='ltr'><strong>intemperantibus,</strong></span> <span class='ocrx_word' id='word_1_578' title='bbox 4030 2433 4098 2481; x_wconf 91' lang='lat' dir='ltr'><strong>et</strong></span> <span class='ocrx_word' id='word_1_579' title='bbox 4141 2421 4592 2501; x_wconf 87' lang='lat' dir='ltr'><strong>proximorum</strong></span> <span class='ocrx_word' id='word_1_580' title='bbox 4633 2422 4767 2484; x_wconf 72' lang='lat' dir='ltr'><strong>dan-</strong></span> 
     </span>
     <span class='ocr_line' id='line_1_83' title="bbox 2877 2503 4772 2586; baseline 0.001 -17"><span class='ocrx_word' id='word_1_581' title='bbox 2877 2506 2981 2569; x_wconf 92' lang='lat' dir='ltr'><strong>nis</strong></span> <span class='ocrx_word' id='word_1_582' title='bbox 3024 2526 3092 2568; x_wconf 91' lang='lat' dir='ltr'><strong>se</strong></span> <span class='ocrx_word' id='word_1_583' title='bbox 3137 2503 3560 2568; x_wconf 83' lang='lat' dir='ltr'><strong>efferentibus</strong></span> <span class='ocrx_word' id='word_1_584' title='bbox 3602 2504 3674 2567; x_wconf 92' lang='lat' dir='ltr'><strong>in</strong></span> <span class='ocrx_word' id='word_1_585' title='bbox 3709 2504 3922 2586; x_wconf 85' lang='lat' dir='ltr'><strong>capita</strong></span> <span class='ocrx_word' id='word_1_586' title='bbox 3947 2515 4172 2569; x_wconf 87' lang='lat' dir='ltr'><strong>nostra</strong></span> <span class='ocrx_word' id='word_1_587' title='bbox 4207 2503 4607 2572; x_wconf 81' lang='lat' dir='ltr'><strong>derivemus.</strong></span> <span class='ocrx_word' id='word_1_588' title='bbox 4640 2506 4772 2586; x_wconf 70' lang='lat' dir='ltr'><strong>Quid</strong></span> 
     </span>
     <span class='ocr_line' id='line_1_84' title="bbox 2876 2587 4773 2674; baseline -0.001 -19"><span class='ocrx_word' id='word_1_589' title='bbox 2876 2592 2972 2655; x_wconf 87' lang='lat' dir='ltr'><strong>ita</strong></span> <span class='ocrx_word' id='word_1_590' title='bbox 3016 2587 3217 2654; x_wconf 82' lang='lat' dir='ltr'><strong>vero?</strong></span> <span class='ocrx_word' id='word_1_591' title='bbox 3284 2588 3538 2670; x_wconf 85' lang='lat' dir='ltr'><strong>Nempe</strong></span> <span class='ocrx_word' id='word_1_592' title='bbox 3597 2589 3779 2654; x_wconf 76' lang='lat' dir='ltr'><strong>Deus</strong></span> <span class='ocrx_word' id='word_1_593' title='bbox 3841 2589 3987 2654; x_wconf 88' lang='lat' dir='ltr'><strong>vult</strong></span> <span class='ocrx_word' id='word_1_594' title='bbox 4031 2611 4145 2655; x_wconf 82' lang='lat' dir='ltr'><strong>nos</strong></span> <span class='ocrx_word' id='word_1_595' title='bbox 4204 2612 4412 2674; x_wconf 87' lang='lat' dir='ltr'><strong>quam</strong></span> <span class='ocrx_word' id='word_1_596' title='bbox 4454 2593 4543 2657; x_wconf 89' lang='lat' dir='ltr'><strong>sit</strong></span> <span class='ocrx_word' id='word_1_597' title='bbox 4581 2593 4773 2657; x_wconf 63' lang='lat' dir='ltr'><strong>emam</strong></span> 
     </span>
     <span class='ocr_line' id='line_1_85' title="bbox 2877 2673 4777 2758; baseline 0 -17"><span class='ocrx_word' id='word_1_598' title='bbox 2877 2687 2943 2741; x_wconf 95' lang='lat' dir='ltr'><strong>et</strong></span> <span class='ocrx_word' id='word_1_599' title='bbox 2964 2675 3216 2758; x_wconf 89' lang='lat' dir='ltr'><strong>fragilis</strong></span> <span class='ocrx_word' id='word_1_600' title='bbox 3240 2676 3392 2752; x_wconf 86' lang='lat' dir='ltr'><strong>vita,</strong></span> <span class='ocrx_word' id='word_1_601' title='bbox 3437 2673 3742 2757; x_wconf 86' lang='lat' dir='ltr'><strong>quodque</strong></span> <span class='ocrx_word' id='word_1_602' title='bbox 3766 2675 4048 2740; x_wconf 86' lang='lat' dir='ltr'><strong>miseriis</strong></span> <span class='ocrx_word' id='word_1_603' title='bbox 4084 2676 4370 2743; x_wconf 87' lang='lat' dir='ltr'><strong>obnoxia</strong></span> <span class='ocrx_word' id='word_1_604' title='bbox 4392 2678 4777 2754; x_wconf 80' lang='lat' dir='ltr'><strong>considerare,</strong></span> 
     </span>
     <span class='ocr_line' id='line_1_86' title="bbox 2877 2761 4776 2843; baseline 0 -16"><span class='ocrx_word' id='word_1_605' title='bbox 2877 2774 2954 2828; x_wconf 90' lang='lat' dir='ltr'><strong>ut</strong></span> <span class='ocrx_word' id='word_1_606' title='bbox 3030 2761 3151 2827; x_wconf 91' lang='lat' dir='ltr'><strong>sub</strong></span> <span class='ocrx_word' id='word_1_607' title='bbox 3228 2762 3482 2825; x_wconf 89' lang='lat' dir='ltr'><strong>alarum</strong></span> <span class='ocrx_word' id='word_1_608' title='bbox 3562 2762 3770 2843; x_wconf 88' lang='lat' dir='ltr'><strong>ipsius</strong></span> <span class='ocrx_word' id='word_1_609' title='bbox 3848 2761 4080 2826; x_wconf 89' lang='lat' dir='ltr'><strong>umbra</strong></span> <span class='ocrx_word' id='word_1_610' title='bbox 4148 2783 4264 2827; x_wconf 88' lang='lat' dir='ltr'><strong>nos</strong></span> <span class='ocrx_word' id='word_1_611' title='bbox 4347 2765 4776 2835; x_wconf 78' lang='lat' dir='ltr'><strong>contineamus,</strong></span> 
     </span>
     <span class='ocr_line' id='line_1_87' title="bbox 2879 2846 4782 2931; baseline 0.001 -18"><span class='ocrx_word' id='word_1_612' title='bbox 2879 2870 3091 2931; x_wconf 88' lang='lat' dir='ltr'><strong>neque</strong></span> <span class='ocrx_word' id='word_1_613' title='bbox 3137 2846 3393 2911; x_wconf 87' lang='lat' dir='ltr'><strong>delitias</strong></span> <span class='ocrx_word' id='word_1_614' title='bbox 3440 2848 3623 2912; x_wconf 87' lang='lat' dir='ltr'><strong>nobis</strong></span> <span class='ocrx_word' id='word_1_615' title='bbox 3668 2847 4001 2922; x_wconf 81' lang='lat' dir='ltr'><strong>faciamus,</strong></span> <span class='ocrx_word' id='word_1_616' title='bbox 4061 2859 4127 2911; x_wconf 86' lang='lat' dir='ltr'><strong>et</strong></span> <span class='ocrx_word' id='word_1_617' title='bbox 4183 2870 4528 2913; x_wconf 87' lang='lat' dir='ltr'><strong>summam</strong></span> <span class='ocrx_word' id='word_1_618' title='bbox 4571 2870 4639 2914; x_wconf 87' lang='lat' dir='ltr'><strong>ac</strong></span> <span class='ocrx_word' id='word_1_619' title='bbox 4676 2866 4782 2931; x_wconf 67' lang='lat' dir='ltr'><strong>per</strong></span> 
     </span>
     <span class='ocr_line' id='line_1_88' title="bbox 2879 2933 4779 3018; baseline 0 -22"><span class='ocrx_word' id='word_1_620' title='bbox 2879 2948 3142 3018; x_wconf 85' lang='lat' dir='ltr'><strong>petuam</strong></span> <span class='ocrx_word' id='word_1_621' title='bbox 3168 2934 3710 3014; x_wconf 83' lang='lat' dir='ltr'><strong>tranquillitatem</strong></span> <span class='ocrx_word' id='word_1_622' title='bbox 3737 2933 3924 2997; x_wconf 88' lang='lat' dir='ltr'><strong>nobis</strong></span> <span class='ocrx_word' id='word_1_623' title='bbox 3948 2935 4441 3016; x_wconf 80' lang='lat' dir='ltr'><strong>promittamus,</strong></span> <span class='ocrx_word' id='word_1_624' title='bbox 4487 2936 4662 3018; x_wconf 83' lang='lat' dir='ltr'><strong>quasi</strong></span> <span class='ocrx_word' id='word_1_625' title='bbox 4684 2954 4779 2997; x_wconf 76' lang='lat' dir='ltr'><strong>nos</strong></span> 
     </span>
     <span class='ocr_line' id='line_1_89' title="bbox 2879 3017 4783 3104; baseline -0.001 -19"><span class='ocrx_word' id='word_1_626' title='bbox 2879 3020 3160 3103; x_wconf 88' lang='lat' dir='ltr'><strong>amplius</strong></span> <span class='ocrx_word' id='word_1_627' title='bbox 3204 3020 3411 3101; x_wconf 84' lang='lat' dir='ltr'><strong>ipsius</strong></span> <span class='ocrx_word' id='word_1_628' title='bbox 3454 3040 3577 3100; x_wconf 90' lang='lat' dir='ltr'><strong>ope</strong></span> <span class='ocrx_word' id='word_1_629' title='bbox 3620 3017 4049 3102; x_wconf 87' lang='lat' dir='ltr'><strong>indigeamus,</strong></span> <span class='ocrx_word' id='word_1_630' title='bbox 4113 3023 4215 3084; x_wconf 82' lang='lat' dir='ltr'><strong>vel</strong></span> <span class='ocrx_word' id='word_1_631' title='bbox 4262 3021 4414 3104; x_wconf 82' lang='lat' dir='ltr'><strong>ipso</strong></span> <span class='ocrx_word' id='word_1_632' title='bbox 4461 3023 4783 3104; x_wconf 74' lang='lat' dir='ltr'><strong>superiores</strong></span> 
     </span>
     <span class='ocr_line' id='line_1_90' title="bbox 2879 3127 3101 3173; baseline -0.018 0"><span class='ocrx_word' id='word_1_633' title='bbox 2879 3127 3101 3173; x_wconf 84' lang='lat' dir='ltr'><strong>simus.</strong></span> 
     </span>
    </p>

    <p class='ocr_par' dir='ltr' id='par_1_15' title="bbox 2869 3189 4795 5338">
     <span class='ocr_line' id='line_1_91' title="bbox 3052 3189 4782 3276; baseline 0 -22"><span class='ocrx_word' id='word_1_634' title='bbox 3052 3190 3231 3256; x_wconf 84' lang='lat' dir='ltr'><strong>Hinc</strong></span> <span class='ocrx_word' id='word_1_635' title='bbox 3289 3206 3627 3274; x_wconf 86' lang='lat' dir='ltr'><strong>praeterea</strong></span> <span class='ocrx_word' id='word_1_636' title='bbox 3691 3189 4056 3255; x_wconf 88' lang='lat' dir='ltr'><strong>notandum</strong></span> <span class='ocrx_word' id='word_1_637' title='bbox 4118 3202 4240 3276; x_wconf 86' lang='lat' dir='ltr'><strong>est,</strong></span> <span class='ocrx_word' id='word_1_638' title='bbox 4319 3194 4554 3259; x_wconf 90' lang='lat' dir='ltr'><strong>Deum</strong></span> <span class='ocrx_word' id='word_1_639' title='bbox 4616 3191 4782 3257; x_wconf 84' lang='lat' dir='ltr'><strong>inimi·</strong></span> 
     </span>
     <span class='ocr_line' id='line_1_92' title="bbox 2879 3277 4784 3359; baseline -0.003 -14"><span class='ocrx_word' id='word_1_640' title='bbox 2879 3300 2988 3345; x_wconf 89' lang='lat' dir='ltr'><strong>cos</strong></span> <span class='ocrx_word' id='word_1_641' title='bbox 3049 3292 3306 3342; x_wconf 88' lang='lat' dir='ltr'><strong>nostros</strong></span> <span class='ocrx_word' id='word_1_642' title='bbox 3364 3277 3775 3359; x_wconf 88' lang='lat' dir='ltr'><strong>perditurum</strong></span> <span class='ocrx_word' id='word_1_643' title='bbox 3849 3277 4005 3358; x_wconf 87' lang='lat' dir='ltr'><strong>ipsis</strong></span> <span class='ocrx_word' id='word_1_644' title='bbox 4068 3292 4338 3343; x_wconf 86' lang='lat' dir='ltr'><strong>sensum</strong></span> <span class='ocrx_word' id='word_1_645' title='bbox 4415 3294 4486 3344; x_wconf 85' lang='lat' dir='ltr'><strong>et</strong></span> <span class='ocrx_word' id='word_1_646' title='bbox 4551 3292 4784 3342; x_wconf 76' lang='lat' dir='ltr'><strong>mentem</strong></span> 
     </span>
     <span class='ocr_line' id='line_1_93' title="bbox 2880 3361 4786 3447; baseline -0.002 -16"><span class='ocrx_word' id='word_1_647' title='bbox 2880 3370 3150 3447; x_wconf 87' lang='lat' dir='ltr'><strong>eripere.</strong></span> <span class='ocrx_word' id='word_1_648' title='bbox 3197 3364 3501 3445; x_wconf 82' lang='lat' dir='ltr'><strong>Exempli</strong></span> <span class='ocrx_word' id='word_1_649' title='bbox 3545 3362 3776 3446; x_wconf 84' lang='lat' dir='ltr'><strong>gratia,</strong></span> <span class='ocrx_word' id='word_1_650' title='bbox 3826 3382 4057 3427; x_wconf 87' lang='lat' dir='ltr'><strong>verum</strong></span> <span class='ocrx_word' id='word_1_651' title='bbox 4101 3376 4202 3428; x_wconf 88' lang='lat' dir='ltr'><strong>est</strong></span> <span class='ocrx_word' id='word_1_652' title='bbox 4245 3366 4534 3447; x_wconf 84' lang='lat' dir='ltr'><strong>quidem</strong></span> <span class='ocrx_word' id='word_1_653' title='bbox 4577 3361 4786 3429; x_wconf 74' lang='lat' dir='ltr'><strong>Amale-</strong></span> 
     </span>
     <span class='ocr_line' id='line_1_94' title="bbox 2880 3447 4790 3532; baseline -0.004 -14"><span class='ocrx_word' id='word_1_654' title='bbox 2880 3452 3040 3518; x_wconf 89' lang='lat' dir='ltr'><strong>citas</strong></span> <span class='ocrx_word' id='word_1_655' title='bbox 3077 3447 3426 3532; x_wconf 86' lang='lat' dir='ltr'><strong>prudentia</strong></span> <span class='ocrx_word' id='word_1_656' title='bbox 3448 3448 3729 3531; x_wconf 88' lang='lat' dir='ltr'><strong>quadam</strong></span> <span class='ocrx_word' id='word_1_657' title='bbox 3752 3449 4106 3514; x_wconf 87' lang='lat' dir='ltr'><strong>coniecisse</strong></span> <span class='ocrx_word' id='word_1_658' title='bbox 4131 3448 4477 3516; x_wconf 79' lang='lat' dir='ltr'><strong>Davidem</strong></span> <span class='ocrx_word' id='word_1_659' title='bbox 4503 3452 4572 3516; x_wconf 91' lang='lat' dir='ltr'><strong>in</strong></span> <span class='ocrx_word' id='word_1_660' title='bbox 4597 3450 4790 3514; x_wconf 78' lang='lat' dir='ltr'><strong>bellun</strong></span> 
     </span>
     <span class='ocr_line' id='line_1_95' title="bbox 2879 3533 4789 3618; baseline -0.002 -15"><span class='ocrx_word' id='word_1_661' title='bbox 2879 3558 3031 3603; x_wconf 90' lang='lat' dir='ltr'><strong>cum</strong></span> <span class='ocrx_word' id='word_1_662' title='bbox 3075 3533 3453 3600; x_wconf 86' lang='lat' dir='ltr'><strong>Philistaeis</strong></span> <span class='ocrx_word' id='word_1_663' title='bbox 3511 3534 3893 3617; x_wconf 79' lang='lat' dir='ltr'><strong>profectum,</strong></span> <span class='ocrx_word' id='word_1_664' title='bbox 3953 3555 4083 3598; x_wconf 89' lang='lat' dir='ltr'><strong>non</strong></span> <span class='ocrx_word' id='word_1_665' title='bbox 4142 3534 4494 3601; x_wconf 77' lang='lat' dir='ltr'><strong>facturum</strong></span> <span class='ocrx_word' id='word_1_666' title='bbox 4555 3538 4620 3601; x_wconf 89' lang='lat' dir='ltr'><strong>in</strong></span> <span class='ocrx_word' id='word_1_667' title='bbox 4658 3542 4789 3618; x_wconf 69' lang='lat' dir='ltr'><strong>ipone</strong></span> 
     </span>
     <span class='ocr_line' id='line_1_96' title="bbox 2881 3620 4792 3706; baseline -0.002 -19"><span class='ocrx_word' id='word_1_668' title='bbox 2881 3625 3217 3706; x_wconf 88' lang='lat' dir='ltr'><strong>impetum,</strong></span> <span class='ocrx_word' id='word_1_669' title='bbox 3273 3635 3339 3685; x_wconf 92' lang='lat' dir='ltr'><strong>et</strong></span> <span class='ocrx_word' id='word_1_670' title='bbox 3383 3623 3783 3685; x_wconf 83' lang='lat' dir='ltr'><strong>occasionem</strong></span> <span class='ocrx_word' id='word_1_671' title='bbox 3843 3622 4194 3703; x_wconf 88' lang='lat' dir='ltr'><strong>arripuisse</strong></span> <span class='ocrx_word' id='word_1_672' title='bbox 4253 3643 4345 3687; x_wconf 82' lang='lat' dir='ltr'><strong>ex</strong></span> <span class='ocrx_word' id='word_1_673' title='bbox 4395 3622 4675 3688; x_wconf 81' lang='lat' dir='ltr'><strong>Davidis</strong></span> <span class='ocrx_word' id='word_1_674' title='bbox 4711 3620 4792 3684; x_wconf 62' lang='lat' dir='ltr'><strong>alr</strong></span> 
     </span>
     <span class='ocr_line' id='line_1_97' title="bbox 2883 3705 4790 3789; baseline -0.004 -15"><span class='ocrx_word' id='word_1_675' title='bbox 2883 3711 3094 3775; x_wconf 89' lang='lat' dir='ltr'><strong>sentia</strong></span> <span class='ocrx_word' id='word_1_676' title='bbox 3139 3709 3205 3771; x_wconf 91' lang='lat' dir='ltr'><strong>in</strong></span> <span class='ocrx_word' id='word_1_677' title='bbox 3242 3707 3448 3789; x_wconf 86' lang='lat' dir='ltr'><strong>ipsius</strong></span> <span class='ocrx_word' id='word_1_678' title='bbox 3489 3707 3657 3771; x_wconf 84' lang='lat' dir='ltr'><strong>bona</strong></span> <span class='ocrx_word' id='word_1_679' title='bbox 3691 3705 4046 3781; x_wconf 84' lang='lat' dir='ltr'><strong>involandi‚</strong></span> <span class='ocrx_word' id='word_1_680' title='bbox 4090 3723 4450 3789; x_wconf 85' lang='lat' dir='ltr'><strong>sperantes</strong></span> <span class='ocrx_word' id='word_1_681' title='bbox 4480 3730 4556 3773; x_wconf 86' lang='lat' dir='ltr'><strong>se</strong></span> <span class='ocrx_word' id='word_1_682' title='bbox 4573 3709 4790 3772; x_wconf 73' lang='lat' dir='ltr'><strong>absente</strong></span> 
     </span>
     <span class='ocr_line' id='line_1_98' title="bbox 2879 3790 4792 3878; baseline -0.002 -20"><span class='ocrx_word' id='word_1_683' title='bbox 2879 3794 3139 3859; x_wconf 83' lang='lat' dir='ltr'><strong>Davide</strong></span> <span class='ocrx_word' id='word_1_684' title='bbox 3199 3806 3261 3857; x_wconf 89' lang='lat' dir='ltr'><strong>et</strong></span> <span class='ocrx_word' id='word_1_685' title='bbox 3321 3793 3528 3875; x_wconf 91' lang='lat' dir='ltr'><strong>ipsius</strong></span> <span class='ocrx_word' id='word_1_686' title='bbox 3585 3790 3898 3856; x_wconf 87' lang='lat' dir='ltr'><strong>militibus</strong></span> <span class='ocrx_word' id='word_1_687' title='bbox 3952 3792 4179 3857; x_wconf 87' lang='lat' dir='ltr'><strong>urbem</strong></span> <span class='ocrx_word' id='word_1_688' title='bbox 4243 3815 4704 3878; x_wconf 78' lang='lat' dir='ltr'><strong>aggressuros,</strong></span> <span class='ocrx_word' id='word_1_689' title='bbox 4748 3802 4792 3854; x_wconf 80' lang='lat' dir='ltr'><strong>et</strong></span> 
     </span>
     <span class='ocr_line' id='line_1_99' title="bbox 2883 3877 4793 3964; baseline -0.003 -20"><span class='ocrx_word' id='word_1_690' title='bbox 2883 3881 3108 3964; x_wconf 88' lang='lat' dir='ltr'><strong>plenas</strong></span> <span class='ocrx_word' id='word_1_691' title='bbox 3149 3879 3379 3962; x_wconf 77' lang='lat' dir='ltr'><strong>opibus</strong></span> <span class='ocrx_word' id='word_1_692' title='bbox 3416 3877 3643 3942; x_wconf 90' lang='lat' dir='ltr'><strong>domos</strong></span> <span class='ocrx_word' id='word_1_693' title='bbox 3680 3877 4125 3959; x_wconf 84' lang='lat' dir='ltr'><strong>praedaturos,</strong></span> <span class='ocrx_word' id='word_1_694' title='bbox 4171 3889 4238 3942; x_wconf 86' lang='lat' dir='ltr'><strong>et</strong></span> <span class='ocrx_word' id='word_1_695' title='bbox 4275 3881 4508 3945; x_wconf 80' lang='lat' dir='ltr'><strong>multa</strong></span> <span class='ocrx_word' id='word_1_696' title='bbox 4548 3888 4793 3944; x_wconf 70' lang='lat' dir='ltr'><strong>arment·</strong></span> 
     </span>
     <span class='ocr_line' id='line_1_100' title="bbox 2883 3962 4794 4047; baseline -0.001 -16"><span class='ocrx_word' id='word_1_697' title='bbox 2883 3966 3251 4047; x_wconf 88' lang='lat' dir='ltr'><strong>multosque</strong></span> <span class='ocrx_word' id='word_1_698' title='bbox 3310 3984 3546 4047; x_wconf 85' lang='lat' dir='ltr'><strong>greges</strong></span> <span class='ocrx_word' id='word_1_699' title='bbox 3598 3962 3977 4028; x_wconf 84' lang='lat' dir='ltr'><strong>abacturos:</strong></span> <span class='ocrx_word' id='word_1_700' title='bbox 4040 3963 4327 4047; x_wconf 73' lang='lat' dir='ltr'><strong>denique</strong></span> <span class='ocrx_word' id='word_1_701' title='bbox 4393 3967 4550 4032; x_wconf 88' lang='lat' dir='ltr'><strong>sine</strong></span> <span class='ocrx_word' id='word_1_702' title='bbox 4605 3981 4794 4047; x_wconf 70' lang='lat' dir='ltr'><strong>magn</strong></span> 
     </span>
     <span class='ocr_line' id='line_1_101' title="bbox 2882 4050 4790 4134; baseline -0.003 -17"><span class='ocrx_word' id='word_1_703' title='bbox 2882 4054 2948 4118; x_wconf 90' lang='lat' dir='ltr'><strong>vi</strong></span> <span class='ocrx_word' id='word_1_704' title='bbox 2995 4050 3300 4134; x_wconf 76' lang='lat' dir='ltr'><strong>praedam</strong></span> <span class='ocrx_word' id='word_1_705' title='bbox 3341 4050 3670 4133; x_wconf 81' lang='lat' dir='ltr'><strong>insignem</strong></span> <span class='ocrx_word' id='word_1_706' title='bbox 3733 4050 4035 4124; x_wconf 78' lang='lat' dir='ltr'><strong>facturos,</strong></span> <span class='ocrx_word' id='word_1_707' title='bbox 4096 4053 4422 4132; x_wconf 80' lang='lat' dir='ltr'><strong>profectis</strong></span> <span class='ocrx_word' id='word_1_708' title='bbox 4485 4054 4554 4117; x_wconf 87' lang='lat' dir='ltr'><strong>in</strong></span> <span class='ocrx_word' id='word_1_709' title='bbox 4602 4052 4790 4115; x_wconf 83' lang='lat' dir='ltr'><strong>bellum</strong></span> 
     </span>
     <span class='ocr_line' id='line_1_102' title="bbox 2880 4136 4792 4217; baseline -0.002 -13"><span class='ocrx_word' id='word_1_710' title='bbox 2880 4160 3031 4205; x_wconf 91' lang='lat' dir='ltr'><strong>cum</strong></span> <span class='ocrx_word' id='word_1_711' title='bbox 3071 4136 3328 4201; x_wconf 88' lang='lat' dir='ltr'><strong>Davide</strong></span> <span class='ocrx_word' id='word_1_712' title='bbox 3363 4136 3732 4200; x_wconf 84' lang='lat' dir='ltr'><strong>fortissimis</strong></span> <span class='ocrx_word' id='word_1_713' title='bbox 3769 4137 4147 4217; x_wconf 82' lang='lat' dir='ltr'><strong>quibusque.</strong></span> <span class='ocrx_word' id='word_1_714' title='bbox 4193 4137 4400 4202; x_wconf 76' lang='lat' dir='ltr'><strong>Talia</strong></span> <span class='ocrx_word' id='word_1_715' title='bbox 4447 4137 4654 4204; x_wconf 79' lang='lat' dir='ltr'><strong>fuisse</strong></span> <span class='ocrx_word' id='word_1_716' title='bbox 4677 4138 4792 4200; x_wconf 75' lang='lat' dir='ltr'><strong>istn-</strong></span> 
     </span>
     <span class='ocr_line' id='line_1_103' title="bbox 2883 4216 4791 4308; baseline 0.002 -19"><span class='ocrx_word' id='word_1_717' title='bbox 2883 4246 3027 4289; x_wconf 91' lang='lat' dir='ltr'><strong>rum</strong></span> <span class='ocrx_word' id='word_1_718' title='bbox 3072 4222 3345 4289; x_wconf 83' lang='lat' dir='ltr'><strong>consilia</strong></span> <span class='ocrx_word' id='word_1_719' title='bbox 3401 4216 3784 4288; x_wconf 76' lang='lat' dir='ltr'><strong>verisimile&#39;</strong></span> <span class='ocrx_word' id='word_1_720' title='bbox 3812 4236 3943 4287; x_wconf 82' lang='lat' dir='ltr'><strong>est:</strong></span> <span class='ocrx_word' id='word_1_721' title='bbox 4005 4221 4279 4304; x_wconf 89' lang='lat' dir='ltr'><strong>ideoque</strong></span> <span class='ocrx_word' id='word_1_722' title='bbox 4347 4238 4557 4308; x_wconf 80' lang='lat' dir='ltr'><strong>parta</strong></span> <span class='ocrx_word' id='word_1_723' title='bbox 4589 4221 4791 4306; x_wconf 54' lang='lat' dir='ltr'><strong>prada</strong></span> 
     </span>
     <span class='ocr_line' id='line_1_104' title="bbox 2880 4307 4792 4393; baseline 0.001 -18"><span class='ocrx_word' id='word_1_724' title='bbox 2880 4320 2949 4375; x_wconf 90' lang='lat' dir='ltr'><strong>et</strong></span> <span class='ocrx_word' id='word_1_725' title='bbox 2989 4322 3060 4373; x_wconf 88' lang='lat' dir='ltr'><strong>ut</strong></span> <span class='ocrx_word' id='word_1_726' title='bbox 3105 4308 3614 4384; x_wconf 75' lang='lat' dir='ltr'><strong>arbitrabantur,</strong></span> <span class='ocrx_word' id='word_1_727' title='bbox 3659 4307 3821 4372; x_wconf 86' lang='lat' dir='ltr'><strong>duce</strong></span> <span class='ocrx_word' id='word_1_728' title='bbox 3865 4309 4128 4373; x_wconf 72' lang='lat' dir='ltr'><strong>fortuna</strong></span> <span class='ocrx_word' id='word_1_729' title='bbox 4162 4321 4230 4371; x_wconf 89' lang='lat' dir='ltr'><strong>et</strong></span> <span class='ocrx_word' id='word_1_730' title='bbox 4273 4309 4454 4393; x_wconf 80' lang='lat' dir='ltr'><strong>ipsis</strong></span> <span class='ocrx_word' id='word_1_731' title='bbox 4493 4318 4792 4377; x_wconf 50' lang='lat' dir='ltr'><strong>annuenti&amp;</strong></span> 
     </span>
     <span class='ocr_line' id='line_1_105' title="bbox 2880 4394 4795 4475; baseline -0.001 -15"><span class='ocrx_word' id='word_1_732' title='bbox 2880 4397 3342 4460; x_wconf 83' lang='lat' dir='ltr'><strong>existimarunt</strong></span> <span class='ocrx_word' id='word_1_733' title='bbox 3383 4414 3460 4457; x_wconf 87' lang='lat' dir='ltr'><strong>se</strong></span> <span class='ocrx_word' id='word_1_734' title='bbox 3499 4394 3626 4457; x_wconf 87' lang='lat' dir='ltr'><strong>iam</strong></span> <span class='ocrx_word' id='word_1_735' title='bbox 3675 4406 3867 4458; x_wconf 85' lang='lat' dir='ltr'><strong>extra</strong></span> <span class='ocrx_word' id='word_1_736' title='bbox 3908 4414 4172 4458; x_wconf 85' lang='lat' dir='ltr'><strong>omnem</strong></span> <span class='ocrx_word' id='word_1_737' title='bbox 4205 4395 4404 4460; x_wconf 86' lang='lat' dir='ltr'><strong>aleae</strong></span> <span class='ocrx_word' id='word_1_738' title='bbox 4448 4402 4686 4462; x_wconf 83' lang='lat' dir='ltr'><strong>iactum</strong></span> <span class='ocrx_word' id='word_1_739' title='bbox 4715 4414 4795 4475; x_wconf 78' lang='lat' dir='ltr'><strong>po·</strong></span> 
     </span>
     <span class='ocr_line' id='line_1_106' title="bbox 2869 4480 4792 4563; baseline -0.004 -16"><span class='ocrx_word' id='word_1_740' title='bbox 2869 4483 3056 4560; x_wconf 81' lang='lat' dir='ltr'><strong>sites,</strong></span> <span class='ocrx_word' id='word_1_741' title='bbox 3115 4500 3304 4563; x_wconf 86' lang='lat' dir='ltr'><strong>posse</strong></span> <span class='ocrx_word' id='word_1_742' title='bbox 3361 4481 3617 4543; x_wconf 83' lang='lat' dir='ltr'><strong>animos</strong></span> <span class='ocrx_word' id='word_1_743' title='bbox 3673 4481 3985 4557; x_wconf 83' lang='lat' dir='ltr'><strong>relaxare,</strong></span> <span class='ocrx_word' id='word_1_744' title='bbox 4047 4492 4117 4544; x_wconf 88' lang='lat' dir='ltr'><strong>et</strong></span> <span class='ocrx_word' id='word_1_745' title='bbox 4171 4480 4464 4546; x_wconf 85' lang='lat' dir='ltr'><strong>liberius</strong></span> <span class='ocrx_word' id='word_1_746' title='bbox 4524 4482 4704 4547; x_wconf 83' lang='lat' dir='ltr'><strong>edere</strong></span> <span class='ocrx_word' id='word_1_747' title='bbox 4743 4498 4792 4540; x_wconf 74' lang='lat' dir='ltr'><strong>ar</strong></span> 
     </span>
     <span class='ocr_line' id='line_1_107' title="bbox 2884 4561 4792 4633; baseline -0.003 -1"><span class='ocrx_word' id='word_1_748' title='bbox 2884 4568 3120 4633; x_wconf 88' lang='lat' dir='ltr'><strong>bibere.</strong></span> <span class='ocrx_word' id='word_1_749' title='bbox 3212 4566 3300 4630; x_wconf 76' lang='lat' dir='ltr'><strong>Et</strong></span> <span class='ocrx_word' id='word_1_750' title='bbox 3344 4566 3508 4628; x_wconf 87' lang='lat' dir='ltr'><strong>haec</strong></span> <span class='ocrx_word' id='word_1_751' title='bbox 3544 4565 3818 4630; x_wconf 84' lang='lat' dir='ltr'><strong>consilia</strong></span> <span class='ocrx_word' id='word_1_752' title='bbox 3862 4565 4063 4631; x_wconf 86' lang='lat' dir='ltr'><strong>dietat</strong></span> <span class='ocrx_word' id='word_1_753' title='bbox 4108 4565 4419 4631; x_wconf 78' lang='lat' dir='ltr'><strong>humana</strong></span> <span class='ocrx_word' id='word_1_754' title='bbox 4473 4569 4670 4632; x_wconf 84' lang='lat' dir='ltr'><strong>ratio:</strong></span> <span class='ocrx_word' id='word_1_755' title='bbox 4716 4561 4792 4627; x_wconf 68' lang='lat' dir='ltr'><strong>md</strong></span> 
     </span>
     <span class='ocr_line' id='line_1_108' title="bbox 2885 4650 4792 4732; baseline -0.002 -15"><span class='ocrx_word' id='word_1_756' title='bbox 2885 4665 3104 4717; x_wconf 80' lang='lat' dir='ltr'><strong>tamen</strong></span> <span class='ocrx_word' id='word_1_757' title='bbox 3148 4653 3440 4732; x_wconf 71' lang='lat' dir='ltr'><strong>ipserum</strong></span> <span class='ocrx_word' id='word_1_758' title='bbox 3474 4650 3677 4715; x_wconf 86' lang='lat' dir='ltr'><strong>oculis</strong></span> <span class='ocrx_word' id='word_1_759' title='bbox 3712 4654 3938 4717; x_wconf 79' lang='lat' dir='ltr'><strong>velum</strong></span> <span class='ocrx_word' id='word_1_760' title='bbox 3972 4651 4283 4717; x_wconf 86' lang='lat' dir='ltr'><strong>obiecisse</strong></span> <span class='ocrx_word' id='word_1_761' title='bbox 4313 4652 4556 4718; x_wconf 84' lang='lat' dir='ltr'><strong>Deum</strong></span> <span class='ocrx_word' id='word_1_762' title='bbox 4596 4668 4792 4717; x_wconf 73' lang='lat' dir='ltr'><strong>cem</strong></span> 
     </span>
     <span class='ocr_line' id='line_1_109' title="bbox 2881 4737 4792 4822; baseline 0.002 -18"><span class='ocrx_word' id='word_1_763' title='bbox 2881 4751 2999 4819; x_wconf 86' lang='lat' dir='ltr'><strong>est,</strong></span> <span class='ocrx_word' id='word_1_764' title='bbox 3045 4750 3119 4802; x_wconf 89' lang='lat' dir='ltr'><strong>ut</strong></span> <span class='ocrx_word' id='word_1_765' title='bbox 3161 4737 3254 4800; x_wconf 59' lang='lat' dir='ltr'><strong>de*</strong></span> <span class='ocrx_word' id='word_1_766' title='bbox 3281 4758 3437 4802; x_wconf 84' lang='lat' dir='ltr'><strong>casu</strong></span> <span class='ocrx_word' id='word_1_767' title='bbox 3483 4737 3606 4801; x_wconf 84' lang='lat' dir='ltr'><strong>iste</strong></span> <span class='ocrx_word' id='word_1_768' title='bbox 3653 4758 3779 4802; x_wconf 83' lang='lat' dir='ltr'><strong>uon</strong></span> <span class='ocrx_word' id='word_1_769' title='bbox 3804 4739 4243 4821; x_wconf 77' lang='lat' dir='ltr'><strong>cogitaverint</strong></span> <span class='ocrx_word' id='word_1_770' title='bbox 4280 4754 4438 4804; x_wconf 76' lang='lat' dir='ltr'><strong>tam</strong></span> <span class='ocrx_word' id='word_1_771' title='bbox 4477 4738 4792 4822; x_wconf 67' lang='lat' dir='ltr'><strong>repentino,</strong></span> 
     </span>
     <span class='ocr_line' id='line_1_110' title="bbox 2881 4821 4792 4908; baseline -0.003 -19"><span class='ocrx_word' id='word_1_772' title='bbox 2881 4825 3156 4906; x_wconf 84' lang='lat' dir='ltr'><strong>ideoque</strong></span> <span class='ocrx_word' id='word_1_773' title='bbox 3199 4824 3320 4888; x_wconf 75' lang='lat' dir='ltr'><strong>sibi</strong></span> <span class='ocrx_word' id='word_1_774' title='bbox 3366 4821 3652 4887; x_wconf 76' lang='lat' dir='ltr'><strong>seeumia</strong></span> <span class='ocrx_word' id='word_1_775' title='bbox 3685 4825 3902 4887; x_wconf 79' lang='lat' dir='ltr'><strong>omnia</strong></span> <span class='ocrx_word' id='word_1_776' title='bbox 3938 4823 4226 4905; x_wconf 65' lang='lat' dir='ltr'><strong>polliciti,</strong></span> <span class='ocrx_word' id='word_1_777' title='bbox 4275 4828 4491 4908; x_wconf 79' lang='lat' dir='ltr'><strong>quasi</strong></span> <span class='ocrx_word' id='word_1_778' title='bbox 4537 4824 4718 4889; x_wconf 78' lang='lat' dir='ltr'><strong>rebus</strong></span> <span class='ocrx_word' id='word_1_779' title='bbox 4744 4823 4792 4883; x_wconf 76' lang='lat' dir='ltr'><strong>is</strong></span> 
     </span>
     <span class='ocr_line' id='line_1_111' title="bbox 2883 4909 4793 4991; baseline -0.001 -17"><span class='ocrx_word' id='word_1_780' title='bbox 2883 4923 3028 4975; x_wconf 88' lang='lat' dir='ltr'><strong>tuto</strong></span> <span class='ocrx_word' id='word_1_781' title='bbox 3069 4909 3295 4991; x_wconf 85' lang='lat' dir='ltr'><strong>positis</strong></span> <span class='ocrx_word' id='word_1_782' title='bbox 3343 4910 3598 4973; x_wconf 84' lang='lat' dir='ltr'><strong>animos</strong></span> <span class='ocrx_word' id='word_1_783' title='bbox 3641 4910 4016 4976; x_wconf 78' lang='lat' dir='ltr'><strong>relaxarint.</strong></span> <span class='ocrx_word' id='word_1_784' title='bbox 4107 4910 4248 4975; x_wconf 85' lang='lat' dir='ltr'><strong>Nos</strong></span> <span class='ocrx_word' id='word_1_785' title='bbox 4299 4913 4474 4978; x_wconf 80' lang='lat' dir='ltr'><strong>hinc</strong></span> <span class='ocrx_word' id='word_1_786' title='bbox 4517 4910 4793 4977; x_wconf 73' lang='lat' dir='ltr'><strong>disemus</strong></span> 
     </span>
     <span class='ocr_line' id='line_1_112' title="bbox 2882 4994 4790 5078; baseline -0.001 -19"><span class='ocrx_word' id='word_1_787' title='bbox 2882 4995 3407 5078; x_wconf 82' lang='lat' dir='ltr'><strong>praevalentibus</strong></span> <span class='ocrx_word' id='word_1_788' title='bbox 3451 4994 3866 5060; x_wconf 80' lang='lat' dir='ltr'><strong>multitudine</strong></span> <span class='ocrx_word' id='word_1_789' title='bbox 3901 5009 3970 5059; x_wconf 91' lang='lat' dir='ltr'><strong>et</strong></span> <span class='ocrx_word' id='word_1_790' title='bbox 4002 4996 4408 5061; x_wconf 83' lang='lat' dir='ltr'><strong>fortitudine</strong></span> <span class='ocrx_word' id='word_1_791' title='bbox 4449 5000 4790 5063; x_wconf 72' lang='lat' dir='ltr'><strong>hostibusa</strong></span> 
     </span>
     <span class='ocr_line' id='line_1_113' title="bbox 2880 5079 4792 5168; baseline 0.001 -22"><span class='ocrx_word' id='word_1_792' title='bbox 2880 5081 3025 5146; x_wconf 91' lang='lat' dir='ltr'><strong>Deo</strong></span> <span class='ocrx_word' id='word_1_793' title='bbox 3069 5102 3199 5145; x_wconf 90' lang='lat' dir='ltr'><strong>uno</strong></span> <span class='ocrx_word' id='word_1_794' title='bbox 3241 5079 3550 5144; x_wconf 84' lang='lat' dir='ltr'><strong>fiduciam</strong></span> <span class='ocrx_word' id='word_1_795' title='bbox 3595 5094 3883 5146; x_wconf 83' lang='lat' dir='ltr'><strong>nostram</strong></span> <span class='ocrx_word' id='word_1_796' title='bbox 3919 5081 4258 5158; x_wconf 76' lang='lat' dir='ltr'><strong>collocare,</strong></span> <span class='ocrx_word' id='word_1_797' title='bbox 4311 5096 4509 5150; x_wconf 83' lang='lat' dir='ltr'><strong>certo</strong></span> <span class='ocrx_word' id='word_1_798' title='bbox 4551 5099 4792 5168; x_wconf 63' lang='lat' dir='ltr'><strong>peram</strong></span> 
     </span>
     <span class='ocr_line' id='line_1_114' title="bbox 2879 5166 4790 5254; baseline 0.001 -24"><span class='ocrx_word' id='word_1_799' title='bbox 2879 5168 3089 5250; x_wconf 81' lang='lat' dir='ltr'><strong>ipsum</strong></span> <span class='ocrx_word' id='word_1_800' title='bbox 3130 5167 3346 5231; x_wconf 77' lang='lat' dir='ltr'><strong>varias</strong></span> <span class='ocrx_word' id='word_1_801' title='bbox 3386 5166 3626 5229; x_wconf 76' lang='lat' dir='ltr'><strong>babere</strong></span> <span class='ocrx_word' id='word_1_802' title='bbox 3663 5171 3963 5244; x_wconf 79' lang='lat' dir='ltr'><strong>rationes,</strong></span> <span class='ocrx_word' id='word_1_803' title='bbox 4011 5184 4076 5231; x_wconf 82' lang='lat' dir='ltr'><strong>et</strong></span> <span class='ocrx_word' id='word_1_804' title='bbox 4101 5169 4296 5234; x_wconf 84' lang='lat' dir='ltr'><strong>nobis</strong></span> <span class='ocrx_word' id='word_1_805' title='bbox 4337 5167 4790 5254; x_wconf 68' lang='lat' dir='ltr'><strong>impu-elien</strong></span> 
     </span>
     <span class='ocr_line' id='line_1_115' title="bbox 2877 5252 4790 5338; baseline 0 -19"><span class='ocrx_word' id='word_1_806' title='bbox 2877 5254 3102 5319; x_wconf 82' lang='lat' dir='ltr'><strong>sibiles</strong></span> <span class='ocrx_word' id='word_1_807' title='bbox 3145 5252 3228 5317; x_wconf 89' lang='lat' dir='ltr'><strong>ad</strong></span> <span class='ocrx_word' id='word_1_808' title='bbox 3270 5253 3448 5335; x_wconf 82' lang='lat' dir='ltr'><strong>ipsos</strong></span> <span class='ocrx_word' id='word_1_809' title='bbox 3488 5253 3950 5338; x_wconf 75' lang='lat' dir='ltr'><strong>profligandos,</strong></span> <span class='ocrx_word' id='word_1_810' title='bbox 4006 5264 4074 5319; x_wconf 78' lang='lat' dir='ltr'><strong>st</strong></span> <span class='ocrx_word' id='word_1_811' title='bbox 4116 5255 4406 5338; x_wconf 87' lang='lat' dir='ltr'><strong>quidem</strong></span> <span class='ocrx_word' id='word_1_812' title='bbox 4455 5258 4554 5324; x_wconf 79' lang='lat' dir='ltr'><strong>sie</strong></span> <span class='ocrx_word' id='word_1_813' title='bbox 4594 5272 4662 5323; x_wconf 73' lang='lat' dir='ltr'><strong>ut</strong></span> <span class='ocrx_word' id='word_1_814' title='bbox 4693 5270 4790 5319; x_wconf 63' lang='lat' dir='ltr'><strong>n·</strong></span> 
     </span>
    </p>
   </div>
   <div class='ocr_carea' id='block_1_8' title="bbox 4915 741 4937 3512">
    <p class='ocr_par' dir='ltr' id='par_1_16' title="bbox 4915 741 4937 3512">
     <span class='ocr_line' id='line_1_116' title="bbox 4915 741 4937 3512; baseline 0 0"><span class='ocrx_word' id='word_1_815' title='bbox 4915 741 4937 3512; x_wconf 95' lang='lat' dir='ltr'><strong> </strong></span> 
     </span>
    </p>
   </div>
  </div>
 </body>
</html>
