5059 6059
260 303 368 371 289

253 492 473 576 arripit,
528 489 765 573 quibus
807 489 1136 572 improbos
1178 488 1247 554 in
1289 486 1742 555 confusionem
1789 500 1855 554 et
1898 489 2157 554 ruinam
2262 494 2470 556 andan
2510 489 2882 573 effossionis
2920 508 3135 556 esrum

1483 298 1580 365 IN
1626 299 1681 366 Ι.
1728 300 1908 366 LIB.
1956 298 2359 368 SAMUEL.
2405 299 2601 367 GAP.
2649 300 2915 368 XVIII.

3160 488 3545 571 prudentius
3584 510 3651 556 se
3685 489 3935 575 yorobat
3965 491 4211 569 David,

252 580 347 644 det
377 576 773 661 praccipites,
807 585 873 641 et
907 576 1147 642 inscios
1180 573 1406 640 fideles
1440 587 1662 638 servet
1696 583 1764 639 et
1798 595 1883 639 ex
1918 576 2157 657 impro-
2259 595 2453 658 quam
2508 594 2717 643 onmes
2756 575 2926 641 semi
2970 573 3149 656 Saul,
3204 579 3262 640 et
3302 573 3525 641 celebre
3563 575 3801 658 factum
3857 582 3950 643 est
3989 597 4211 645 nomen

252 665 453 729 borum
505 663 797 728 faucibus
855 659 1128 745 eripiat?
1197 659 1305 724 Illi
1350 658 1626 760 ‘quidem
1669 660 1740 724 in
1787 659 1932 725 Deo
1975 681 2157 745 spem
2259 662 2400 727 eius
2442 661 2659 727 nimis.

249 769 414 815 suam
466 747 799 827 collocant,
853 757 921 813 et
976 749 1046 812 in
1105 759 1404 831 angustis
1462 745 1658 810 rebus
1714 746 2037 811 auxilium
2078 745 2161 812 ab

251 839 373 919 ipso
431 843 715 917 sperant,
782 830 896 898 sed
960 833 1246 899 rationes
1310 831 1545 915 quibus
1614 831 1795 897 Deus
1859 831 2155 915 ipsorum

2430 831 2764 897 Hesterna
2807 831 3116 898 concione
3158 831 3489 915 coepimus
3533 831 3864 899 declarare
3905 852 4201 900 amorem

249 923 326 986 sit
365 920 742 986 miserturus
786 920 1114 1004 ignorant,
1173 936 1335 1002 quas
1379 926 1640 1000 praeter
1683 918 1971 1001 ipsorum
2018 918 2157 1000 opi·
2256 917 2446 983 illum
2504 938 2634 1000 quo
2690 917 2938 985 Michol
2996 918 3132 983 filia
3188 915 3410 985 Saulis
3468 916 3791 984 Davidem
3850 938 4202 1003 proseque-

251 1009 486 1071 nionem
529 1005 845 1088 producit,
891 1014 957 1068 et
1002 1005 1252 1070 fructus
1286 1003 1547 1068 illarum
1593 1003 1945 1152 {grtieipss
1982 1001 2156 1069 facit.

251 1094 319 1157 In
374 1093 509 1157 istis
567 1092 762 1167 igitur
821 1103 1130 1174 tanquam
1191 1089 1261 1154 in
1305 1088 1567 1172 speculo
1680 1090 1740 1153 ei
1801 1089 2157 1154 bonitatem

247 1192 304 1243 et
357 1175 859 1242 misericordiam
926 1196 1084 1260 erga
1149 1194 1300 1241 snos
1366 1174 1518 1239 licet
1579 1175 2027 1258 contemplari,
2094 1185 2159 1240 et

247 1263 602 1328 nominatim
641 1264 708 1328 in
754 1263 875 1328 hoc
908 1262 1211 1345 exemplo
1250 1258 1486 1339 Saulis,
1532 1260 1646 1343 qui
1689 1260 1844 1324 licet
1888 1263 2157 1325 frustra·

248 1363 339 1414 tus
377 1346 695 1413 Davidem
753 1358 926 1414 esset
970 1348 1213 1412 maiore
1275 1356 1433 1411 natu
1482 1345 1632 1423 filia,
1691 1347 2015 1411 minorem
2061 1345 2157 1410 illi

247 1434 588 1517 despondit,
653 1454 925 1517 remque
984 1442 1238 1518 gratam
1282 1431 1525 1497 habuit.
1615 1430 1785 1496 Nam
1829 1452 2034 1515 quum
2080 1453 2159 1496 ea

245 1523 478 1585 ratione
512 1520 752 1585 Davidi
797 1519 974 1584 dolos
1011 1527 1319 1597 necteret,
1354 1517 1478 1585 sibi
1514 1518 1639 1602 ipsi
1674 1516 1923 1582 malum
1961 1538 2157 1602 quae-

242 1607 400 1683 sivit,
443 1605 616 1689 quod
674 1616 893 1670 tamen
945 1605 1128 1670 nulla
1173 1615 1425 1688 poterat
1466 1605 1723 1688 assequi
1766 1604 2062 1671 coniectu

241 1692 623 1756 contrarium
700 1712 967 1774 prorsus
1032 1702 1347 1755 eventum
1413 1691 1534 1755 sibi
1602 1690 1961 1774 pollicitus:
2042 1711 2114 1755 se

241 1775 405 1842 Deus
467 1799 589 1843 sua
654 1775 1063 1861 providentia
1126 1778 1300 1841 rexit
1361 1776 1488 1841 ista
1541 1778 1763 1841 omnia
1819 1776 1888 1840 in
1949 1774 2158 1842 fidelis

242 1864 329 1927 sui
384 1865 555 1928 servi
614 1862 1025 1928 commodum
1090 1871 1158 1927 et
1222 1861 1591 1927 utilitatem.
1696 1861 1872 1927 Hinc
1939 1863 2190 1946 itaque,

241 1948 550 2015 discamus
593 1948 777 2013 nulla
822 1949 1156 2013 hominum
1201 1946 1490 2026 consilia,
1549 1947 1766 2013 nullas
1822 1947 2157 2015 hominum

241 2035 402 2100 viros
441 2055 634 2117 posse
669 2034 797 2099 Dei
842 2033 1320 2117 providentiam
1358 2034 1668 2099 remorari
1707 2046 1771 2097 et
1806 2031 2152 2117 impediret

240 2141 306 2185 ac
348 2120 496 2186 licet
540 2119 695 2187 hinc
738 2119 890 2186 inde
933 2121 1278 2204 agitemur,
1323 2130 1389 2183 et
1431 2119 1592 2184 diris
1635 2118 2159 2185 comminationi-

241 2208 348 2270 bus
389 2216 774 2287 terreamur,
835 2206 1145 2289 quamdiu
1204 2215 1424 2269 tamen
1483 2206 1763 2287 nosipsi
1811 2204 2158 2270 subieceri-

240 2312 391 2369 mus,
435 2303 499 2356 et
537 2306 770 2375 sponte
805 2291 887 2357 ad
921 2293 1125 2375 ipsius
1161 2290 1536 2373 obsequium
1571 2292 2160 2374 composuerimus:

239 2399 311 2442 ne
366 2377 741 2443 dubitemus
798 2379 956 2460 quin
1019 2377 1356 2443 brachium
1399 2397 1594 2442 suum
1640 2376 1722 2442 ad
1767 2396 1889 2442 nos
1934 2375 2160 2442 defen·

238 2462 470 2529 dandos
490 2475 774 2543 exserat,
816 2473 884 2527 et
912 2463 1099 2528 donis
1143 2465 1277 2528 suis
1320 2462 1577 2528 abunde
1611 2464 1978 2528 cumulatos
2016 2482 2159 2545 pro·

237 2559 422 2632 tegat,
463 2558 538 2615 et
583 2548 665 2613 ab
706 2549 1008 2615 omnibus
1053 2548 1347 2614 hostibus
1391 2547 1643 2614 liberet.

393 2635 536 2700 Iam
581 2656 739 2700 vero
783 2636 976 2720 agite,
1020 2640 1124 2701 eto.

776 3030 1270 3113 HOMILIA
1321 3028 1622 3112 LXIX.

392 3235 498 3301 22.
591 3232 682 3298 Et
733 3234 1059 3299 mandavit
1106 3232 1267 3300 Saul
1322 3235 1523 3299 servis
1565 3235 1736 3299 suis:
1801 3235 2166 3318 Loqmmini

231 3319 311 3383 ad
331 3319 556 3385 David
587 3320 748 3385 clam
781 3339 894 3398 me,
932 3319 1231 3387 dicentes.-
1264 3320 1422 3385 Ecce
1448 3319 1660 3399 places
1696 3322 1846 3405 reqi,
1881 3326 2165 3385 domnas

231 3406 388 3470 servi
443 3406 589 3471 eius
653 3405 926 3487 diliqunt
979 3411 1073 3470 te.-
1140 3426 1306 3471 nunc
1359 3425 1499 3489 erqo
1557 3410 1682 3471 esto
1737 3427 1928 3491 qenor
1978 3407 2162 3489 reqis.

233 3490 327 3556 23.
415 3491 506 3557 Et
566 3491 805 3573 loquuti
858 3495 1003 3556 sum
1058 3493 1225 3556 servi
1283 3490 1442 3558 Saul
1499 3492 1570 3556 in
1622 3493 1892 3557 auribus
1946 3490 2166 3557 David

232 3579 436 3643 omnia
476 3576 670 3642 verba
710 3575 893 3643 haec:
932 3581 991 3641 et
1029 3577 1124 3641 ait
1160 3576 1406 3643 David.-
1455 3576 1629 3641 Num
1660 3599 1891 3659 parum
1923 3578 2166 3643 videtur

229 3663 396 3728 vobis
430 3682 730 3748 qenerum
769 3682 902 3726 esse
942 3662 1159 3744 reyis?
1200 3660 1339 3747 qu
1370 3668 1582 3728 autem
1614 3684 1754 3729 sum
1790 3664 1892 3728 vir
1916 3684 2165 3746 pauper

232 3753 285 3811 et
322 3751 550 3814 tenuis.
623 3747 728 3812 24.
772 3745 861 3813 Et
899 3749 1408 3814 renuntiaverunt
1447 3750 1617 3813 servi
1665 3748 1826 3814 Saul
1867 3750 2163 3815 dieentes.-

236 3832 684 3900 Huiuscemodi
740 3833 926 3898 verba
976 3834 1269 3914 loquutus
1330 3839 1417 3899 est
1484 3833 1721 3899 David.
1811 3832 1913 3900 25.
1974 3835 2187 3900 Dixit·

232 3924 434 3984 autem
486 3919 677 3985 Saul:
720 3918 829 3984 Sic
867 3918 1194 4001 loquimini
1235 3919 1320 3984 ad
1361 3919 1612 3985 David:
1660 3920 1805 3985 Non
1840 3919 2019 3984 habet
2051 3940 2163 3985 rex

226 4005 552 4085 sponsalia
593 4025 852 4082 necesse,
897 4007 1027 4069 nisi
1069 4010 1311 4069 tantum
1352 4011 1589 4070 centum
1625 4007 1966 4088 praeputia
2001 4003 2157 4070 Phi·

224 4089 603 4169 listinorum,
644 4096 714 4155 ut
752 4091 866 4172 fiat
906 4091 1064 4156 ultio
1090 4091 1167 4155 de
1209 4091 1487 4157 inimicis
1519 4093 1709 4174 reqis.
1757 4090 1960 4157 Porro
2000 4092 2163 4157 Saul

227 4177 529 4257 coquebat
605 4177 853 4241 tradere
936 4176 1146 4241 David
1221 4177 1292 4242 in
1369 4197 1596 4242 manus·
1659 4176 2159 4242 Philistinorum.

227 4260 324 4327 26.
390 4263 723 4345 Quumque
775 4264 1244 4328 renunciassent
1304 4264 1472 4327 servi
1527 4264 1664 4327 eius
1707 4262 1923 4328 David
1978 4263 2163 4328 verba

227 4368 378 4428 quae
443 4349 701 4415 dixerat
767 4347 942 4423 Saul,
1000 4348 1243 4429 placuit
1296 4367 1496 4413 sermo
1552 4349 1623 4412 in
1677 4348 1872 4414 oculis
1924 4347 2159 4429 David,

227 4438 294 4498 ut
342 4433 522 4514 fieret
576 4454 763 4516 yener
819 4434 1006 4516 repis.
1097 4433 1203 4498 27.
1261 4433 1353 4499 Et
1385 4439 1527 4515 post
1561 4454 1803 4516 paucos
1843 4435 1980 4499 dies
2021 4454 2160 4500 sur·

227 4538 378 4600 qens
427 4520 669 4599 David,
712 4518 870 4584 abiit
910 4539 1050 4584 cum
1087 4519 1248 4584 viris
1288 4520 1400 4600 qui
1433 4520 1550 4585 sub
1583 4540 1651 4584 eo
1693 4525 1890 4603 eram,
1934 4525 1990 4584 et
2016 4540 2164 4601 per·

229 4607 422 4670 cussit
465 4626 548 4670 ex
595 4604 963 4670 Philistaeis
1019 4606 1306 4672 ducentos
1359 4606 1544 4685 circe,
1602 4611 1658 4670 et
1699 4606 1911 4670 attulit
1952 4626 2162 4671 eorum

221 4692 584 4773 praeputia,
647 4695 703 4756 et
762 4692 1202 4756 annumeravit
1267 4711 1341 4755 ea
1403 4693 1563 4774 re9i‚
1628 4696 1698 4756 nt
1753 4697 1912 4756 esset
1977 4711 2163 4775 ρεπεν

229 4777 380 4843 eius.
430 4777 628 4844 Dedit
659 4778 870 4858 itaque
906 4775 1069 4841 Saul
1098 4777 1159 4842 ei
1187 4775 1421 4843 Michol
1442 4776 1648 4859 tiliam
1680 4797 1866 4842 suam
1885 4797 2160 4844 uxorem.

231 4861 332 4927 28.
422 4862 518 4928 Et
557 4863 718 4928 vidit
760 4860 940 4937 Saul,
999 4867 1057 4926 et
1097 4863 1395 4929 intellexit
1435 4864 1596 4945 quod
1642 4862 1957 4928 Dominus
2009 4869 2163 4928 esset

230 4966 365 5011 cum
409 4948 669 5013 David.-
727 4946 964 5014 Michol
1005 4953 1213 5013 autem
1251 4948 1392 5030 filia
1439 4949 1596 5014 Saea
1650 4948 1949 5032 diliqebat
2001 4968 2159 5015 ωηο.

229 5031 329 5098 29.
426 5033 520 5099 Et
566 5033 726 5099 Saul
778 5035 983 5117 maqis
1035 5035 1226 5115 coepit
1278 5036 1492 5099 timere
1546 5034 1783 5112 David,
1838 5035 2163 5117 factusque

229 5125 318 5182 est
385 5118 555 5184 Saul
611 5120 910 5185 inimicus
976 5118 1192 5184 David
1264 5121 1501 5187 cunctis
1576 5121 1808 5186 diebus.
1906 5120 2007 5185 30.
2075 5120 2165 5186 Et

231 5206 470 5287 eyn-essi
541 5210 688 5271 cavit
744 5205 1068 5289 principes
1139 5204 1660 5273 Philistinoeum:
1735 5226 1778 5270 a
1843 5207 2163 5289 principio

448 5304 672 5362 Calc-ini
694 5320 877 5374 opera.
925 5307 1050 5363 Vol.
1073 5307 1268 5366 XXX.

2260 1004 2473 1081 batur,
2519 1003 2602 1069 ab
2645 1022 2884 1068 arcano
2928 1001 3056 1068 Dei
3099 1003 3367 1070 consilio
3403 1003 3781 1086 profectum,
3826 1005 3941 1088 qui
3978 1025 4201 1073 rerum

2259 1101 2627 1155 creatarum
2664 1087 2864 1155 corda
2905 1090 2998 1154 sie
3042 1088 3227 1154 novit
3268 1089 3624 1169 inflectere,
3668 1097 3746 1154 ut
3786 1109 3959 1174 opus
4004 1111 4202 1156 sunm

2259 1172 2341 1239 ad
2385 1196 2536 1243 eum
2582 1176 2780 1240 finem
2825 1195 3017 1259 quem
3063 1174 3353 1242 decrevit
3396 1174 3728 1260 perducat.
3774 1175 3965 1242 Sauli
4005 1194 4200 1257 porro

2261 1260 2578 1344 placuisse
2647 1260 2884 1325 dicitur
2948 1280 3134 1325 amor
3195 1260 3308 1326 ille
3371 1280 3498 1344 quo
3566 1259 3891 1327 Davidem
3950 1261 4202 1329 Michol

2259 1347 2394 1412 filia
2457 1347 2664 1429 ipsius
2731 1346 3273 1430 prosequebatur:
3357 1347 3628 1413 minime
3698 1347 3963 1430 quidem
4032 1346 4201 1431 quod

2259 1434 2473 1517 ipsum
2535 1432 2895 1531 poeniteret
2948 1432 3099 1497 facti
3164 1439 3233 1498 et
3276 1432 3455 1515 ,elusi
3511 1431 3808 1514 Davidis‚
3878 1433 4206 1517 velletque

2259 1519 2381 1601 ipsi
2438 1517 2836 1584 satisfacere:
2895 1516 3010 1584 sed
3072 1517 3245 1601 quod
3298 1519 3424 1585 hac
3466 1518 3722 1584 ratione
3758 1519 3959 1585 semel
3999 1520 4220 1586 animo

2258 1615 2643 1686 conceptum
2708 1603 2931 1669 odium
2992 1614 3062 1668 et
3134 1623 3359 1669 necem
3426 1603 3706 1670 Davidis
3772 1615 4072 1690 speraret
4137 1625 4209 1671 se

2259 1710 2448 1775 posse
2491 1689 2574 1753 ad
2618 1709 2810 1754 suum
2856 1690 3056 1754 finem
3094 1689 3465 1774 perducere,
3514 1688 3833 1755 tradendo
3870 1691 4089 1774 ipsum
4136 1692 4206 1756 in

2260 1794 2500 1841 manus
2545 1773 3071 1841 Philistaeorum.
3160 1772 3413 1842 Idcirco
3470 1775 3712 1842 dieitur
3770 1795 3997 1843 servos
4056 1797 4208 1842 suos

2260 1861 2630 1940 adornasse,
2678 1862 2787 1944 qui
2832 1859 3156 1926 Davidem
3200 1860 3286 1926 ad
3332 1857 3682 1944 petendam
3726 1861 3933 1927 filiam
3979 1860 4208 1928 Saulis

2267 1946 2621 2013 Micholam
2657 1946 3102 2012 sollicitarent.
3151 1947 3258 2011 Ex
3300 1946 3535 2030 quibus
3573 1957 3844 2029 apparet
3882 1948 4007 2013 Dei
4054 1969 4216 2014 con·

2263 2043 2619 2116 temptores
2675 2052 2932 2114 semper
2978 2031 3310 2099 fraudibus
3368 2044 3433 2097 et
3487 2031 3653 2097 dolis
3697 2053 3771 2098 ao
3818 2034 4007 2099 malis
4053 2033 4219 2099 arti·

2262 2121 2381 2186 bus
2424 2118 2731 2198 intentos,
2798 2118 3080 2201 obliquis
3148 2120 3289 2195 viis,
3366 2130 3440 2183 ut
3504 2118 3833 2201 scriptura
3906 2118 4222 2202 loquitur,

2265 2205 2635 2271 ambulare:
2694 2224 2895 2288 quare
2955 2225 3076 2269 nos
3131 2214 3362 2271 contra
3408 2204 3691 2269 Paulum
3749 2203 4215 2271 exhortantem

2264 2290 2608 2355 audiamus
2653 2309 2881 2354 omnes
2936 2289 3177 2367 fideles,
3236 2301 3313 2354 ut
3354 2291 3420 2354 in
3465 2288 3887 2373 simplicitate
3932 2303 3998 2356 et
4041 2292 4217 2355 inte·

2266 2378 2504 2460 gritate
2571 2374 2924 2463 ambulent,
2996 2385 3062 2439 et
3131 2396 3281 2441 cum
3348 2377 3665 2458 proximis
3704 2375 4006 2453 candide,
4079 2396 4215 2441 non

2266 2472 2487 2528 autem
2547 2462 2804 2544 oblique
2857 2472 2922 2526 et
2965 2470 3255 2527 tortuose
3300 2472 3659 2527 versentur.
3753 2461 3842 2525 Et
3887 2462 3941 2527 si
3990 2460 4221 2529 Saulis

2268 2546 2651 2631 perfidiosus
2715 2547 2979 2613 animus
3050 2568 3089 2611 a
3157 2547 3342 2612 nobis
3409 2548 3643 2612 merito
3709 2547 4216 2631 condemnatur,

2266 2635 2548 2700 sciamus
2607 2654 2723 2698 nos
2784 2631 2908 2696 Dei
2971 2633 3174 2698 verbo
3241 2633 3468 2714 teneri,
3535 2653 3664 2697 non
3726 2641 3992 2697 tantum
4062 2654 4214 2699 cum
4348 2690 4353 2694 .

2267 2717 2700 2784 familiaribus
2760 2728 2831 2781 et
2885 2719 3198 2801 cognatis,
3261 2719 3377 2783 sed
3434 2740 3582 2784 cum
3643 2718 3952 2784 omnibus
4010 2719 4216 2784 etiam

2270 2826 2463 2889 agere
2519 2803 2796 2869 candide
2839 2812 2906 2869 et
2947 2802 3345 2885 simpliciter.
3430 2804 3645 2869 Porro
3692 2805 3761 2868 in
3814 2802 4015 2870 Saule
4062 2804 4219 2870 licet

2271 2891 2460 2956 nobis
2503 2910 2729 2957 eorum
2764 2889 3006 2954 intueri
3043 2904 3272 2969 mores,
3360 2890 3427 2954 ui
3465 2889 3803 2955 fraudibus
3839 2889 4218 2974 indulgent,

2270 2995 2346 3041 ac
2389 2976 2773 3059 praesertim
2821 2974 3182 3041 aulicorum
3226 2984 3328 3041 tec
3380 2995 3518 3056 nas,
3564 2995 3769 3059 quum
3818 2974 3979 3041 Saul
4028 2973 4221 3041 ador·

2272 3072 2388 3128 nat
2442 3072 2652 3127 certos
2708 3061 2818 3144 qui
2880 3059 3207 3125 Davidem
3267 3060 3590 3126 amicitiae
3651 3073 4007 3144 praetextu
4055 3057 4220 3125 deli-

2271 3149 2477 3229 niant,
2522 3157 2589 3212 et
2624 3147 2694 3210 in
2738 3147 3032 3211 animum
3066 3144 3398 3223 inducant,
3447 3157 3521 3210 ut
3556 3148 3730 3229 regis
3768 3146 3977 3213 filiam
4018 3152 4215 3229 petat,

2272 3248 2585 3315 tanquam
2628 3233 2754 3316 ipsi
2799 3232 3276 3315 gratificantes:
3324 3229 3594 3299 Saulem
3633 3230 4059 3298 dissimulent
4091 3233 4225 3298 ista

2268 3319 2434 3384 scire
2479 3330 2594 3384 aut
2640 3318 2832 3383 velle:
2879 3319 3078 3382 immo
3116 3317 3380 3402 fingant
3424 3338 3495 3383 se
3529 3321 3760 3383 timere
3805 3337 3886 3383 ne
3925 3316 4010 3383 ad
4048 3319 4226 3403 regis

2268 3424 2458 3470 aures
2516 3405 2862 3487 perveniat
2904 3403 3095 3469 istius
3137 3424 3209 3469 se
3253 3405 3345 3469 rei
3388 3413 3650 3470 autores
3697 3401 3949 3468 Davidi
3996 3405 4220 3470 fuisse.

2271 3490 2452 3558 Haec
2510 3502 2646 3555 tota
2703 3486 3032 3555 simulatio
3077 3488 3292 3572 prodit
3332 3487 3558 3555 Saulis
3600 3488 3852 3554 malum
3900 3488 4222 3567 animum,

2263 3581 2450 3643 cuius
2502 3577 2771 3642 consilia
2831 3576 3097 3641 fuerunt
3154 3585 3232 3641 ut
3290 3574 3618 3641 Davidem
3677 3574 4218 3642 circumveniret.

2267 3662 2400 3729 Sed
2460 3683 2666 3745 quum
2724 3662 2944 3727 omnia
2996 3660 3160 3726 bene
3217 3659 3537 3743 disposita
3594 3681 3717 3725 sua
3776 3660 4055 3725 consilia
4099 3661 4228 3728 sibi

2268 3748 2632 3832 persuadet,
2689 3759 2756 3812 et
2798 3746 3013 3831 laquei
3060 3744 3249 3823 tensi,
3294 3748 3529 3830 quibus
3571 3744 3897 3811 Davidem
3945 3747 4221 3825 irretiat,

2268 3834 2593 3913 videntur,
2651 3835 2710 3898 ei
2754 3833 3029 3916 contigit
3085 3833 3253 3916 quod
3300 3852 3484 3898 sacra
3542 3834 3870 3914 scriptura
3916 3840 4218 3912 testetur,

2271 3920 2477 3985 Deum
2525 3918 3011 4002 deprehendere
3047 3918 3372 4001 sapientes
3407 3918 3474 3983 in
3514 3918 3651 3982 suis
3687 3917 3971 3983 astutiis.
4019 3916 4215 4001 Quod

2266 4026 2420 4071 vero
2478 4006 2801 4088 scriptura
2841 4007 3167 4087 sapientes
3224 4005 3534 4083 nominat,
3592 4023 3726 4068 non
3770 4004 3849 4068 fit
3895 4003 4065 4088 quod
4112 4025 4217 4070 re-

2264 4111 2423 4156 vera
2480 4093 2757 4174 sapiant,
2817 4090 2932 4155 sed
2991 4111 3072 4153 ex
3135 4088 3475 4155 hominum
3532 4090 3841 4173 opinione
3904 4097 3974 4154 et
4014 4110 4213 4157 sensu

2263 4177 2578 4260 loquitur:
2639 4176 2749 4260 qui
2810 4196 3044 4258 pravos
3104 4174 3403 4241 homines
3456 4185 3522 4241 et
3578 4177 3868 4240 maxime
3911 4184 4216 4242 versutos

2268 4282 2506 4347 magno
2569 4261 2836 4346 ingenio
2903 4271 2969 4325 et
3036 4269 3226 4325 acuto
3285 4281 3429 4327 esse
3492 4261 3895 4327 existimant.
3987 4258 4215 4343 Quare

2262 4350 2589 4432 scriptura
2652 4346 2784 4412 illis
2842 4346 3104 4430 quidem
3166 4347 3429 4412 titulum
3475 4346 3780 4412 attribuit
3824 4347 4209 4427 sapientiae,

2262 4434 2375 4499 sed
2435 4433 2701 4499 interim
2761 4431 3050 4499 ostendit
3106 4434 3495 4515 sapientiam
3561 4432 3740 4497 illam
3805 4431 3970 4496 nihil
4032 4433 4209 4498 aliud

2263 4541 2402 4584 esse
2452 4540 2649 4603 quam
2709 4518 2972 4585 fraudes
3036 4528 3105 4582 et
3154 4518 3362 4585 dolos.
3462 4518 3698 4601 Itaque
3756 4516 4078 4600 propheta
4138 4520 4208 4584 in

2263 4604 2546 4671 Psalmis
2583 4604 2736 4670 dicit
2772 4605 2917 4670 illos
2954 4626 2993 4669 a
3028 4603 3171 4668 Deo
3209 4604 3605 4688 deprehendi
3642 4602 3960 4679 incautos,
4006 4623 4207 4685 quum

2263 4692 2344 4756 ad
2406 4692 2656 4755 exitum
2715 4711 2832 4755 sua
2891 4689 3161 4754 consilia
3219 4690 3601 4775 perduxisse
3682 4684 3804 4751 sibi
3875 4688 4205 4755 videntur.

2261 4776 2408 4843 Hoc
2468 4778 2535 4841 in
2583 4774 2784 4842 Saule
2826 4775 3278 4858 conspicuum:
3344 4796 3544 4859 quare
3599 4773 4061 4857 coniungenda
4105 4786 4208 4841 est

2262 4862 2424 4928 haec
2492 4863 2766 4928 historia
2829 4878 2979 4926 cum
3046 4860 3358 4941 doctrina,
3433 4868 3500 4926 et
3567 4880 3699 4923 non
3768 4856 4202 4926 dubitandum

2260 4949 2438 5033 quin,
2483 4969 2685 5032 quum
2734 4948 2953 5013 hostes
2997 4945 3284 5030 quotidie
3328 4947 3535 5011 multa
3580 4944 3957 5022 moliantur,
4003 4955 4068 5010 et
4113 4945 4201 5011 la·

2262 5055 2463 5118 queos
2508 5033 2751 5100 multos
2789 5044 3054 5117 ponant,
3100 5034 3170 5097 in
3209 5052 3369 5114 quos
3403 5030 3791 5114 praecipites
3827 5029 3981 5095 ferri
4023 5031 4203 5097 vide·

2264 5131 2459 5185 antur
2506 5119 2746 5200 fideles,
2801 5118 2985 5184 Deus
3029 5128 3247 5182 tamen
3293 5119 3427 5182 suis
3470 5114 3832 5200 provideat,
3880 5136 4011 5180 non
4055 5126 4200 5183 tan-

2265 5217 2408 5270 tum
2467 5206 2730 5291 laqueos
2788 5202 3164 5287 frangendo,
3224 5202 3335 5267 sed
3392 5203 3591 5268 etiam
3652 5201 3723 5265 in
3779 5200 4035 5267 eosdem
4095 5224 4207 5270 eos

3729 5304 3798 5359 19

4082 303 4215 369 ,Μ
4336 300 4341 307 ,
