<?xml version="1.0" encoding="UTF-8"?>
<!DOCTYPE html PUBLIC "-//W3C//DTD XHTML 1.0 Transitional//EN"
    "http://www.w3.org/TR/xhtml1/DTD/xhtml1-transitional.dtd">
<html xmlns="http://www.w3.org/1999/xhtml" xml:lang="en" lang="en">
 <head>
  <title>
</title>
<meta http-equiv="Content-Type" content="text/html;charset=utf-8" />
  <meta name='ocr-system' content='tesseract 3.04.00' />
  <meta name='ocr-capabilities' content='ocr_page ocr_carea ocr_par ocr_line ocrx_word'/>
</head>
<body>
  <div class='ocr_page' id='page_1' title='image "./ioanniscalvinio07unkngoog_0498.png"; bbox 0 0 5059 6059; ppageno 0'>
   <div class='ocr_carea' id='block_1_1' title="bbox 837 327 972 394">
    <p class='ocr_par' dir='ltr' id='par_1_1' title="bbox 837 327 972 394">
     <span class='ocr_line' id='line_1_1' title="bbox 837 327 972 394; baseline 0.022 -3"><span class='ocrx_word' id='word_1_1' title='bbox 837 327 972 394; x_wconf 80' lang='lat'><strong>123</strong></span> 
     </span>
    </p>
   </div>
   <div class='ocr_carea' id='block_1_2' title="bbox 838 505 2795 2395">
    <p class='ocr_par' dir='ltr' id='par_1_2' title="bbox 838 505 2795 2395">
     <span class='ocr_line' id='line_1_2' title="bbox 839 505 2785 591; baseline -0.005 -12"><span class='ocrx_word' id='word_1_2' title='bbox 839 557 842 562; x_wconf 86' lang='lat'><em>-</em></span> <span class='ocrx_word' id='word_1_3' title='bbox 892 515 1016 579; x_wconf 90' lang='lat' dir='ltr'><strong>uod</strong></span> <span class='ocrx_word' id='word_1_4' title='bbox 1060 511 1429 591; x_wconf 87' lang='lat' dir='ltr'><strong>ariolorum,</strong></span> <span class='ocrx_word' id='word_1_5' title='bbox 1478 512 1941 583; x_wconf 85' lang='lat' dir='ltr'><strong>veneficorum,</strong></span> <span class='ocrx_word' id='word_1_6' title='bbox 1988 509 2474 574; x_wconf 76' lang='lat' dir='ltr'><strong>incantatorum</strong></span> <span class='ocrx_word' id='word_1_7' title='bbox 2522 505 2785 570; x_wconf 88' lang='lat' dir='ltr'><strong>nomine</strong></span> 
     </span>
     <span class='ocr_line' id='line_1_3' title="bbox 893 590 2786 680; baseline -0.005 -14"><span class='ocrx_word' id='word_1_8' title='bbox 893 609 1258 666; x_wconf 78' lang='lat' dir='ltr'><strong>amnentur.</strong></span> <span class='ocrx_word' id='word_1_9' title='bbox 1373 595 1506 662; x_wconf 91' lang='lat' dir='ltr'><strong>Sed</strong></span> <span class='ocrx_word' id='word_1_10' title='bbox 1571 597 1712 680; x_wconf 85' lang='lat' dir='ltr'><strong>ipse</strong></span> <span class='ocrx_word' id='word_1_11' title='bbox 1783 596 1967 659; x_wconf 91' lang='lat' dir='ltr'><strong>Deus</strong></span> <span class='ocrx_word' id='word_1_12' title='bbox 2033 594 2425 659; x_wconf 82' lang='lat' dir='ltr'><strong>sententiam</strong></span> <span class='ocrx_word' id='word_1_13' title='bbox 2508 591 2588 656; x_wconf 93' lang='lat' dir='ltr'><strong>de</strong></span> <span class='ocrx_word' id='word_1_14' title='bbox 2652 590 2786 656; x_wconf 89' lang='lat' dir='ltr'><strong>illis</strong></span> 
     </span>
     <span class='ocr_line' id='line_1_4' title="bbox 846 673 2784 768; baseline -0.005 -19"><span class='ocrx_word' id='word_1_15' title='bbox 846 686 1029 762; x_wconf 86' lang='lat' dir='ltr'><strong>tulit,</strong></span> <span class='ocrx_word' id='word_1_16' title='bbox 1097 682 1248 768; x_wconf 90' lang='lat' dir='ltr'><strong>quid</strong></span> <span class='ocrx_word' id='word_1_17' title='bbox 1317 703 1471 767; x_wconf 90' lang='lat' dir='ltr'><strong>ergo</strong></span> <span class='ocrx_word' id='word_1_18' title='bbox 1540 681 1854 748; x_wconf 88' lang='lat' dir='ltr'><strong>adversus</strong></span> <span class='ocrx_word' id='word_1_19' title='bbox 1908 679 2270 744; x_wconf 90' lang='lat' dir='ltr'><strong>Dominum</strong></span> <span class='ocrx_word' id='word_1_20' title='bbox 2338 673 2784 765; x_wconf 78' lang='lat' dir='ltr'><strong>obgannient?</strong></span> 
     </span>
     <span class='ocr_line' id='line_1_5' title="bbox 846 763 2787 836; baseline -0.006 0"><span class='ocrx_word' id='word_1_21' title='bbox 846 770 984 836; x_wconf 88' lang='lat' dir='ltr'><strong>Nos</strong></span> <span class='ocrx_word' id='word_1_22' title='bbox 1040 767 1209 835; x_wconf 88' lang='lat' dir='ltr'><strong>hanc</strong></span> <span class='ocrx_word' id='word_1_23' title='bbox 1266 769 1618 834; x_wconf 79' lang='lat' dir='ltr'><strong>amentiam</strong></span> <span class='ocrx_word' id='word_1_24' title='bbox 1680 770 2015 832; x_wconf 89' lang='lat' dir='ltr'><strong>intuentes</strong></span> <span class='ocrx_word' id='word_1_25' title='bbox 2073 763 2397 832; x_wconf 87' lang='lat' dir='ltr'><strong>discamus</strong></span> <span class='ocrx_word' id='word_1_26' title='bbox 2460 782 2787 828; x_wconf 89' lang='lat' dir='ltr'><strong>summam</strong></span> 
     </span>
     <span class='ocr_line' id='line_1_6' title="bbox 838 847 2786 938; baseline -0.006 -16"><span class='ocrx_word' id='word_1_27' title='bbox 838 856 1251 938; x_wconf 80' lang='lat' dir='ltr'><strong>impietatem</strong></span> <span class='ocrx_word' id='word_1_28' title='bbox 1311 874 1452 919; x_wconf 88' lang='lat' dir='ltr'><strong>esse</strong></span> <span class='ocrx_word' id='word_1_29' title='bbox 1507 874 1547 918; x_wconf 90' lang='lat' dir='ltr'><strong>a</strong></span> <span class='ocrx_word' id='word_1_30' title='bbox 1605 853 1746 919; x_wconf 90' lang='lat' dir='ltr'><strong>Deo</strong></span> <span class='ocrx_word' id='word_1_31' title='bbox 1802 852 2090 916; x_wconf 89' lang='lat' dir='ltr'><strong>alienari.</strong></span> <span class='ocrx_word' id='word_1_32' title='bbox 2183 849 2350 915; x_wconf 90' lang='lat' dir='ltr'><strong>Nam</strong></span> <span class='ocrx_word' id='word_1_33' title='bbox 2420 847 2786 914; x_wconf 74' lang='lat' dir='ltr'><strong>istiusmodi</strong></span> 
     </span>
     <span class='ocr_line' id='line_1_7' title="bbox 845 934 2785 1018; baseline -0.005 -11"><span class='ocrx_word' id='word_1_34' title='bbox 845 941 1150 1008; x_wconf 86' lang='lat' dir='ltr'><strong>homines</strong></span> <span class='ocrx_word' id='word_1_35' title='bbox 1210 961 1377 1005; x_wconf 90' lang='lat' dir='ltr'><strong>vana</strong></span> <span class='ocrx_word' id='word_1_36' title='bbox 1433 960 1551 1006; x_wconf 90' lang='lat' dir='ltr'><strong>sua</strong></span> <span class='ocrx_word' id='word_1_37' title='bbox 1606 938 1858 1004; x_wconf 88' lang='lat' dir='ltr'><strong>somnia</strong></span> <span class='ocrx_word' id='word_1_38' title='bbox 1916 947 1984 1002; x_wconf 92' lang='lat' dir='ltr'><strong>et</strong></span> <span class='ocrx_word' id='word_1_39' title='bbox 2025 934 2365 1001; x_wconf 89' lang='lat' dir='ltr'><strong>mendacia</strong></span> <span class='ocrx_word' id='word_1_40' title='bbox 2419 945 2785 1018; x_wconf 74' lang='lat' dir='ltr'><strong>aequamen,</strong></span> 
     </span>
     <span class='ocr_line' id='line_1_8' title="bbox 846 1018 2787 1094; baseline -0.004 -3"><span class='ocrx_word' id='word_1_41' title='bbox 846 1024 1030 1094; x_wconf 89' lang='lat' dir='ltr'><strong>Deus</strong></span> <span class='ocrx_word' id='word_1_42' title='bbox 1110 1047 1230 1090; x_wconf 92' lang='lat' dir='ltr'><strong>suo</strong></span> <span class='ocrx_word' id='word_1_43' title='bbox 1296 1027 1465 1090; x_wconf 85' lang='lat' dir='ltr'><strong>iusto</strong></span> <span class='ocrx_word' id='word_1_44' title='bbox 1533 1024 1767 1091; x_wconf 90' lang='lat' dir='ltr'><strong>iudicio</strong></span> <span class='ocrx_word' id='word_1_45' title='bbox 1835 1022 2080 1088; x_wconf 88' lang='lat' dir='ltr'><strong>deserit</strong></span> <span class='ocrx_word' id='word_1_46' title='bbox 2145 1031 2212 1086; x_wconf 88' lang='lat' dir='ltr'><strong>et</strong></span> <span class='ocrx_word' id='word_1_47' title='bbox 2271 1020 2505 1087; x_wconf 89' lang='lat' dir='ltr'><strong>reiicit.</strong></span> <span class='ocrx_word' id='word_1_48' title='bbox 2614 1018 2787 1085; x_wconf 90' lang='lat' dir='ltr'><strong>Nam</strong></span> 
     </span>
     <span class='ocr_line' id='line_1_9' title="bbox 842 1104 2786 1197; baseline -0.005 -19"><span class='ocrx_word' id='word_1_49' title='bbox 842 1112 1356 1197; x_wconf 78' lang='lat' dir='ltr'><strong>quotiescunque</strong></span> <span class='ocrx_word' id='word_1_50' title='bbox 1399 1110 1719 1177; x_wconf 90' lang='lat' dir='ltr'><strong>increduli</strong></span> <span class='ocrx_word' id='word_1_51' title='bbox 1778 1112 1916 1175; x_wconf 90' lang='lat' dir='ltr'><strong>suis</strong></span> <span class='ocrx_word' id='word_1_52' title='bbox 1960 1106 2534 1190; x_wconf 83' lang='lat' dir='ltr'><strong>superstitionibus</strong></span> <span class='ocrx_word' id='word_1_53' title='bbox 2577 1104 2786 1170; x_wconf 83' lang='lat' dir='ltr'><strong>invol-</strong></span> 
     </span>
     <span class='ocr_line' id='line_1_10' title="bbox 846 1193 2787 1280; baseline -0.004 -17"><span class='ocrx_word' id='word_1_54' title='bbox 846 1209 1111 1276; x_wconf 80' lang='lat' dir='ltr'><strong>vuntur,</strong></span> <span class='ocrx_word' id='word_1_55' title='bbox 1159 1197 1373 1262; x_wconf 87' lang='lat' dir='ltr'><strong>Deum</strong></span> <span class='ocrx_word' id='word_1_56' title='bbox 1420 1196 1705 1280; x_wconf 84' lang='lat' dir='ltr'><strong>fugiunt,</strong></span> <span class='ocrx_word' id='word_1_57' title='bbox 1751 1207 1817 1261; x_wconf 89' lang='lat' dir='ltr'><strong>et</strong></span> <span class='ocrx_word' id='word_1_58' title='bbox 1854 1215 2025 1259; x_wconf 86' lang='lat' dir='ltr'><strong>vana</strong></span> <span class='ocrx_word' id='word_1_59' title='bbox 2059 1193 2302 1277; x_wconf 86' lang='lat' dir='ltr'><strong>effugia</strong></span> <span class='ocrx_word' id='word_1_60' title='bbox 2338 1203 2670 1275; x_wconf 87' lang='lat' dir='ltr'><strong>quaerunt</strong></span> <span class='ocrx_word' id='word_1_61' title='bbox 2707 1210 2787 1256; x_wconf 88' lang='lat' dir='ltr'><strong>ne</strong></span> 
     </span>
     <span class='ocr_line' id='line_1_11' title="bbox 841 1277 2787 1366; baseline -0.005 -17"><span class='ocrx_word' id='word_1_62' title='bbox 841 1302 1065 1349; x_wconf 87' lang='lat' dir='ltr'><strong>coram</strong></span> <span class='ocrx_word' id='word_1_63' title='bbox 1126 1283 1264 1366; x_wconf 87' lang='lat' dir='ltr'><strong>ipso</strong></span> <span class='ocrx_word' id='word_1_64' title='bbox 1330 1292 1767 1366; x_wconf 76' lang='lat' dir='ltr'><strong>compareant.</strong></span> <span class='ocrx_word' id='word_1_65' title='bbox 1872 1278 2022 1362; x_wconf 78' lang='lat' dir='ltr'><strong>Quo</strong></span> <span class='ocrx_word' id='word_1_66' title='bbox 2087 1300 2291 1362; x_wconf 91' lang='lat' dir='ltr'><strong>quum</strong></span> <span class='ocrx_word' id='word_1_67' title='bbox 2358 1277 2787 1361; x_wconf 79' lang='lat' dir='ltr'><strong>devenerunt,</strong></span> 
     </span>
     <span class='ocr_line' id='line_1_12' title="bbox 847 1360 2786 1450; baseline -0.004 -16"><span class='ocrx_word' id='word_1_68' title='bbox 847 1389 1114 1436; x_wconf 86' lang='lat' dir='ltr'><strong>necesse</strong></span> <span class='ocrx_word' id='word_1_69' title='bbox 1178 1380 1277 1432; x_wconf 85' lang='lat' dir='ltr'><strong>est</strong></span> <span class='ocrx_word' id='word_1_70' title='bbox 1340 1379 1413 1432; x_wconf 92' lang='lat' dir='ltr'><strong>ut</strong></span> <span class='ocrx_word' id='word_1_71' title='bbox 1480 1386 1738 1432; x_wconf 89' lang='lat' dir='ltr'><strong>summo</strong></span> <span class='ocrx_word' id='word_1_72' title='bbox 1804 1366 2052 1450; x_wconf 87' lang='lat' dir='ltr'><strong>impetu</strong></span> <span class='ocrx_word' id='word_1_73' title='bbox 2116 1364 2186 1428; x_wconf 91' lang='lat' dir='ltr'><strong>in</strong></span> <span class='ocrx_word' id='word_1_74' title='bbox 2255 1366 2536 1429; x_wconf 83' lang='lat' dir='ltr'><strong>furorem</strong></span> <span class='ocrx_word' id='word_1_75' title='bbox 2596 1360 2786 1427; x_wconf 89' lang='lat' dir='ltr'><strong>illum</strong></span> 
     </span>
     <span class='ocr_line' id='line_1_13' title="bbox 845 1448 2788 1522; baseline -0.004 -4"><span class='ocrx_word' id='word_1_76' title='bbox 845 1452 1237 1522; x_wconf 88' lang='lat' dir='ltr'><strong>diabolicum</strong></span> <span class='ocrx_word' id='word_1_77' title='bbox 1304 1465 1368 1517; x_wconf 88' lang='lat' dir='ltr'><strong>et</strong></span> <span class='ocrx_word' id='word_1_78' title='bbox 1429 1452 1843 1518; x_wconf 87' lang='lat' dir='ltr'><strong>rebellionem</strong></span> <span class='ocrx_word' id='word_1_79' title='bbox 1912 1460 2128 1515; x_wconf 84' lang='lat' dir='ltr'><strong>ruant.</strong></span> <span class='ocrx_word' id='word_1_80' title='bbox 2230 1449 2364 1514; x_wconf 90' lang='lat' dir='ltr'><strong>Nos</strong></span> <span class='ocrx_word' id='word_1_81' title='bbox 2431 1469 2591 1514; x_wconf 84' lang='lat' dir='ltr'><strong>vero</strong></span> <span class='ocrx_word' id='word_1_82' title='bbox 2648 1448 2788 1512; x_wconf 91' lang='lat' dir='ltr'><strong>Deo</strong></span> 
     </span>
     <span class='ocr_line' id='line_1_14' title="bbox 842 1533 2787 1625; baseline -0.003 -20"><span class='ocrx_word' id='word_1_83' title='bbox 842 1541 1089 1625; x_wconf 83' lang='lat' dir='ltr'><strong>gratias</strong></span> <span class='ocrx_word' id='word_1_84' title='bbox 1136 1560 1407 1623; x_wconf 83' lang='lat' dir='ltr'><strong>agamus</strong></span> <span class='ocrx_word' id='word_1_85' title='bbox 1452 1536 1861 1603; x_wconf 84' lang='lat' dir='ltr'><strong>immortales</strong></span> <span class='ocrx_word' id='word_1_86' title='bbox 1907 1534 1986 1599; x_wconf 91' lang='lat' dir='ltr'><strong>de</strong></span> <span class='ocrx_word' id='word_1_87' title='bbox 2031 1534 2334 1600; x_wconf 90' lang='lat' dir='ltr'><strong>omnibus</strong></span> <span class='ocrx_word' id='word_1_88' title='bbox 2378 1534 2661 1616; x_wconf 88' lang='lat' dir='ltr'><strong>acceptis</strong></span> <span class='ocrx_word' id='word_1_89' title='bbox 2706 1533 2787 1599; x_wconf 89' lang='lat' dir='ltr'><strong>ab</strong></span> 
     </span>
     <span class='ocr_line' id='line_1_15' title="bbox 846 1620 2787 1709; baseline -0.004 -20"><span class='ocrx_word' id='word_1_90' title='bbox 846 1629 990 1709; x_wconf 91' lang='lat' dir='ltr'><strong>ipso</strong></span> <span class='ocrx_word' id='word_1_91' title='bbox 1051 1623 1398 1701; x_wconf 86' lang='lat' dir='ltr'><strong>beneficiis,</strong></span> <span class='ocrx_word' id='word_1_92' title='bbox 1462 1633 1527 1687; x_wconf 92' lang='lat' dir='ltr'><strong>et</strong></span> <span class='ocrx_word' id='word_1_93' title='bbox 1586 1622 1974 1688; x_wconf 85' lang='lat' dir='ltr'><strong>nominatim</strong></span> <span class='ocrx_word' id='word_1_94' title='bbox 2036 1621 2204 1704; x_wconf 90' lang='lat' dir='ltr'><strong>quod</strong></span> <span class='ocrx_word' id='word_1_95' title='bbox 2252 1642 2337 1685; x_wconf 84' lang='lat' dir='ltr'><strong>ex</strong></span> <span class='ocrx_word' id='word_1_96' title='bbox 2380 1620 2787 1705; x_wconf 90' lang='lat' dir='ltr'><strong>superstitio-</strong></span> 
     </span>
     <span class='ocr_line' id='line_1_16' title="bbox 850 1704 2789 1795; baseline -0.004 -20"><span class='ocrx_word' id='word_1_97' title='bbox 850 1732 1013 1776; x_wconf 89' lang='lat' dir='ltr'><strong>num</strong></span> <span class='ocrx_word' id='word_1_98' title='bbox 1053 1710 1314 1795; x_wconf 85' lang='lat' dir='ltr'><strong>gurgite</strong></span> <span class='ocrx_word' id='word_1_99' title='bbox 1360 1720 1578 1775; x_wconf 88' lang='lat' dir='ltr'><strong>erutos</strong></span> <span class='ocrx_word' id='word_1_100' title='bbox 1639 1731 1755 1774; x_wconf 92' lang='lat' dir='ltr'><strong>nos</strong></span> <span class='ocrx_word' id='word_1_101' title='bbox 1812 1705 1895 1772; x_wconf 93' lang='lat' dir='ltr'><strong>ad</strong></span> <span class='ocrx_word' id='word_1_102' title='bbox 1940 1728 2097 1772; x_wconf 90' lang='lat' dir='ltr'><strong>suae</strong></span> <span class='ocrx_word' id='word_1_103' title='bbox 2160 1706 2328 1773; x_wconf 87' lang='lat' dir='ltr'><strong>lucis</strong></span> <span class='ocrx_word' id='word_1_104' title='bbox 2372 1704 2789 1789; x_wconf 89' lang='lat' dir='ltr'><strong>splendorem</strong></span> 
     </span>
     <span class='ocr_line' id='line_1_17' title="bbox 845 1791 2789 1880; baseline -0.003 -21"><span class='ocrx_word' id='word_1_105' title='bbox 845 1796 1093 1880; x_wconf 84' lang='lat' dir='ltr'><strong>apertis</strong></span> <span class='ocrx_word' id='word_1_106' title='bbox 1149 1796 1351 1862; x_wconf 86' lang='lat' dir='ltr'><strong>oculis</strong></span> <span class='ocrx_word' id='word_1_107' title='bbox 1407 1793 1778 1874; x_wconf 88' lang='lat' dir='ltr'><strong>adduxerit,</strong></span> <span class='ocrx_word' id='word_1_108' title='bbox 1844 1793 2256 1877; x_wconf 80' lang='lat' dir='ltr'><strong>fructumque</strong></span> <span class='ocrx_word' id='word_1_109' title='bbox 2314 1800 2380 1856; x_wconf 90' lang='lat' dir='ltr'><strong>et</strong></span> <span class='ocrx_word' id='word_1_110' title='bbox 2436 1791 2789 1856; x_wconf 85' lang='lat' dir='ltr'><strong>utilitatem</strong></span> 
     </span>
     <span class='ocr_line' id='line_1_18' title="bbox 843 1875 2791 1967; baseline -0.004 -20"><span class='ocrx_word' id='word_1_111' title='bbox 843 1902 1011 1967; x_wconf 90' lang='lat' dir='ltr'><strong>quae</strong></span> <span class='ocrx_word' id='word_1_112' title='bbox 1057 1904 1138 1947; x_wconf 90' lang='lat' dir='ltr'><strong>ex</strong></span> <span class='ocrx_word' id='word_1_113' title='bbox 1182 1880 1555 1946; x_wconf 87' lang='lat' dir='ltr'><strong>obedientia</strong></span> <span class='ocrx_word' id='word_1_114' title='bbox 1601 1880 1900 1964; x_wconf 83' lang='lat' dir='ltr'><strong>provenit</strong></span> <span class='ocrx_word' id='word_1_115' title='bbox 1942 1876 2024 1943; x_wconf 90' lang='lat' dir='ltr'><strong>ad</strong></span> <span class='ocrx_word' id='word_1_116' title='bbox 2070 1878 2276 1962; x_wconf 91' lang='lat' dir='ltr'><strong>ipsius</strong></span> <span class='ocrx_word' id='word_1_117' title='bbox 2319 1875 2594 1942; x_wconf 80' lang='lat' dir='ltr'><strong>verbum</strong></span> <span class='ocrx_word' id='word_1_118' title='bbox 2640 1897 2791 1942; x_wconf 85' lang='lat' dir='ltr'><strong>con-</strong></span> 
     </span>
     <span class='ocr_line' id='line_1_19' title="bbox 846 1962 2792 2047; baseline -0.003 -14"><span class='ocrx_word' id='word_1_119' title='bbox 846 1969 1128 2036; x_wconf 76' lang='lat' dir='ltr'><strong>formata</strong></span> <span class='ocrx_word' id='word_1_120' title='bbox 1172 1967 1419 2033; x_wconf 90' lang='lat' dir='ltr'><strong>sentire</strong></span> <span class='ocrx_word' id='word_1_121' title='bbox 1463 1966 1764 2044; x_wconf 80' lang='lat' dir='ltr'><strong>voluerit,</strong></span> <span class='ocrx_word' id='word_1_122' title='bbox 1826 1987 1909 2030; x_wconf 90' lang='lat' dir='ltr'><strong>ne</strong></span> <span class='ocrx_word' id='word_1_123' title='bbox 1966 1983 2263 2047; x_wconf 89' lang='lat' dir='ltr'><strong>unquam</strong></span> <span class='ocrx_word' id='word_1_124' title='bbox 2305 1962 2458 2028; x_wconf 89' lang='lat' dir='ltr'><strong>ullis</strong></span> <span class='ocrx_word' id='word_1_125' title='bbox 2501 1962 2792 2027; x_wconf 86' lang='lat' dir='ltr'><strong>Satanae</strong></span> 
     </span>
     <span class='ocr_line' id='line_1_20' title="bbox 847 2049 2795 2137; baseline -0.003 -19"><span class='ocrx_word' id='word_1_126' title='bbox 847 2053 1223 2137; x_wconf 83' lang='lat' dir='ltr'><strong>imposturis</strong></span> <span class='ocrx_word' id='word_1_127' title='bbox 1264 2051 1688 2136; x_wconf 85' lang='lat' dir='ltr'><strong>decipiamur,</strong></span> <span class='ocrx_word' id='word_1_128' title='bbox 1734 2051 1845 2116; x_wconf 90' lang='lat' dir='ltr'><strong>sed</strong></span> <span class='ocrx_word' id='word_1_129' title='bbox 1891 2050 1959 2113; x_wconf 87' lang='lat' dir='ltr'><strong>in</strong></span> <span class='ocrx_word' id='word_1_130' title='bbox 2007 2049 2217 2133; x_wconf 89' lang='lat' dir='ltr'><strong>ipsius</strong></span> <span class='ocrx_word' id='word_1_131' title='bbox 2262 2049 2493 2113; x_wconf 91' lang='lat' dir='ltr'><strong>timore</strong></span> <span class='ocrx_word' id='word_1_132' title='bbox 2538 2049 2795 2114; x_wconf 86' lang='lat' dir='ltr'><strong>sincere</strong></span> 
     </span>
     <span class='ocr_line' id='line_1_21' title="bbox 846 2133 2794 2223; baseline -0.003 -19"><span class='ocrx_word' id='word_1_133' title='bbox 846 2159 1060 2223; x_wconf 87' lang='lat' dir='ltr'><strong>neque</strong></span> <span class='ocrx_word' id='word_1_134' title='bbox 1120 2137 1202 2204; x_wconf 92' lang='lat' dir='ltr'><strong>ad</strong></span> <span class='ocrx_word' id='word_1_135' title='bbox 1263 2138 1583 2218; x_wconf 85' lang='lat' dir='ltr'><strong>dextram,</strong></span> <span class='ocrx_word' id='word_1_136' title='bbox 1648 2157 1858 2220; x_wconf 88' lang='lat' dir='ltr'><strong>neque</strong></span> <span class='ocrx_word' id='word_1_137' title='bbox 1923 2134 2004 2199; x_wconf 89' lang='lat' dir='ltr'><strong>ad</strong></span> <span class='ocrx_word' id='word_1_138' title='bbox 2075 2135 2333 2200; x_wconf 86' lang='lat' dir='ltr'><strong>laevam</strong></span> <span class='ocrx_word' id='word_1_139' title='bbox 2393 2133 2794 2200; x_wconf 85' lang='lat' dir='ltr'><strong>declinantes</strong></span> 
     </span>
     <span class='ocr_line' id='line_1_22' title="bbox 847 2222 1855 2310; baseline -0.003 -20"><span class='ocrx_word' id='word_1_140' title='bbox 847 2223 1170 2291; x_wconf 82' lang='lat' dir='ltr'><strong>indefesso</strong></span> <span class='ocrx_word' id='word_1_141' title='bbox 1214 2224 1380 2310; x_wconf 89' lang='lat' dir='ltr'><strong>pede</strong></span> <span class='ocrx_word' id='word_1_142' title='bbox 1424 2222 1855 2290; x_wconf 89' lang='lat' dir='ltr'><strong>ambulemus.</strong></span> 
     </span>
     <span class='ocr_line' id='line_1_23' title="bbox 1013 2308 1750 2395; baseline -0.004 -19"><span class='ocrx_word' id='word_1_143' title='bbox 1013 2308 1159 2376; x_wconf 88' lang='lat' dir='ltr'><strong>Iam</strong></span> <span class='ocrx_word' id='word_1_144' title='bbox 1210 2331 1359 2376; x_wconf 81' lang='lat' dir='ltr'><strong>vero</strong></span> <span class='ocrx_word' id='word_1_145' title='bbox 1403 2309 1596 2395; x_wconf 87' lang='lat' dir='ltr'><strong>agite,</strong></span> <span class='ocrx_word' id='word_1_146' title='bbox 1643 2312 1750 2374; x_wconf 78' lang='lat' dir='ltr'><strong>etc.</strong></span> 
     </span>
    </p>
   </div>
   <div class='ocr_carea' id='block_1_3' title="bbox 1462 2650 2191 2735">
    <p class='ocr_par' dir='ltr' id='par_1_3' title="bbox 1462 2650 2191 2735">
     <span class='ocr_line' id='line_1_24' title="bbox 1462 2650 2191 2735; baseline -0.001 -2"><span class='ocrx_word' id='word_1_147' title='bbox 1462 2651 1978 2735; x_wconf 78' lang='lat' dir='ltr'><strong>HOMtLIA</strong></span> <span class='ocrx_word' id='word_1_148' title='bbox 2026 2650 2191 2734; x_wconf 91' lang='lat' dir='ltr'><strong>LV.</strong></span> 
     </span>
    </p>
   </div>
   <div class='ocr_carea' id='block_1_4' title="bbox 837 2818 2797 4020">
    <p class='ocr_par' dir='ltr' id='par_1_4' title="bbox 837 2818 2797 4020">
     <span class='ocr_line' id='line_1_25' title="bbox 1027 2818 2797 2906; baseline -0.001 -17"><span class='ocrx_word' id='word_1_149' title='bbox 1027 2822 1131 2888; x_wconf 82' lang='lat'><strong>24.</strong></span> <span class='ocrx_word' id='word_1_150' title='bbox 1176 2821 1488 2906; x_wconf 64' lang='grc' dir='ltr'><strong><em>Μᾶρκε</em></strong></span> <span class='ocrx_word' id='word_1_151' title='bbox 1536 2818 1698 2887; x_wconf 77' lang='lat' dir='ltr'><strong>Saul</strong></span> <span class='ocrx_word' id='word_1_152' title='bbox 1739 2820 1825 2887; x_wconf 79' lang='lat' dir='ltr'><strong>ad</strong></span> <span class='ocrx_word' id='word_1_153' title='bbox 1869 2819 2259 2887; x_wconf 78' lang='lat' dir='ltr'><strong>Samuelem.-</strong></span> <span class='ocrx_word' id='word_1_154' title='bbox 2321 2819 2596 2900; x_wconf 79' lang='lat' dir='ltr'><strong>Peccavi,</strong></span> <span class='ocrx_word' id='word_1_155' title='bbox 2640 2821 2797 2904; x_wconf 73' lang='lat' dir='ltr'><strong>quia</strong></span> 
     </span>
     <span class='ocr_line' id='line_1_26' title="bbox 837 2904 2793 2995; baseline -0.002 -19"><span class='ocrx_word' id='word_1_156' title='bbox 837 2910 1325 2995; x_wconf 68' lang='lat' dir='ltr'><strong>praevaricatus</strong></span> <span class='ocrx_word' id='word_1_157' title='bbox 1377 2926 1521 2973; x_wconf 78' lang='lat' dir='ltr'><strong>sum</strong></span> <span class='ocrx_word' id='word_1_158' title='bbox 1572 2926 1914 2974; x_wconf 70' lang='lat' dir='ltr'><strong>sennonem</strong></span> <span class='ocrx_word' id='word_1_159' title='bbox 1955 2906 2240 2986; x_wconf 80' lang='lat' dir='ltr'><strong>Domini,</strong></span> <span class='ocrx_word' id='word_1_160' title='bbox 2302 2911 2357 2972; x_wconf 83' lang='lat' dir='ltr'><strong>et</strong></span> <span class='ocrx_word' id='word_1_161' title='bbox 2419 2904 2607 2973; x_wconf 78' lang='lat' dir='ltr'><strong>verba</strong></span> <span class='ocrx_word' id='word_1_162' title='bbox 2662 2911 2793 2988; x_wconf 76' lang='lat' dir='ltr'><strong>tua,</strong></span> 
     </span>
     <span class='ocr_line' id='line_1_27' title="bbox 850 2989 2796 3162; baseline -0.002 -16"><span class='ocrx_word' id='word_1_163' title='bbox 850 2998 1077 3063; x_wconf 59' lang='lat' dir='ltr'><strong>‘m</strong></span> <span class='ocrx_word' id='word_1_164' title='bbox 1103 2991 2116 3162; x_wconf 52' lang='lat' dir='ltr'><strong>osst‘sszfflsssstsodmmfflmmffss‘</strong></span> <span class='ocrx_word' id='word_1_165' title='bbox 2138 2991 2730 3145; x_wconf 44' lang='lat' dir='ltr'><strong>mmm·</strong></span> <span class='ocrx_word' id='word_1_166' title='bbox 2670 2989 2796 3143; x_wconf 66' lang='lat'><strong>³53</strong></span> 
     </span>
     <span class='ocr_line' id='line_1_28' title="bbox 846 3099 2793 3265; baseline -0.003 -31"><span class='ocrx_word' id='word_1_167' title='bbox 846 3101 1218 3234; x_wconf 49' lang='lat' dir='ltr'><strong>aengdgrem</strong></span> <span class='ocrx_word' id='word_1_168' title='bbox 1241 3099 1616 3232; x_wconf 59' lang='lat' dir='ltr'><strong>’qumina’m</strong></span> <span class='ocrx_word' id='word_1_169' title='bbox 1701 3164 1811 3264; x_wconf 59' lang='lat'><strong>26.</strong></span> <span class='ocrx_word' id='word_1_170' title='bbox 1871 3163 1962 3265; x_wconf 62' lang='lat' dir='ltr'><strong>Et</strong></span> <span class='ocrx_word' id='word_1_171' title='bbox 2010 3131 2113 3265; x_wconf 63' lang='grc' dir='ltr'><em>ρι’ἰξ</em></span> <span class='ocrx_word' id='word_1_172' title='bbox 2156 3163 2413 3230; x_wconf 77' lang='lat' dir='ltr'><strong>Samuel</strong></span> <span class='ocrx_word' id='word_1_173' title='bbox 2469 3163 2556 3230; x_wconf 79' lang='lat' dir='ltr'><strong>ad</strong></span> <span class='ocrx_word' id='word_1_174' title='bbox 2600 3161 2793 3230; x_wconf 82' lang='lat' dir='ltr'><strong>Saul:</strong></span> 
     </span>
     <span class='ocr_line' id='line_1_29' title="bbox 853 3247 2792 3334; baseline -0.002 -14"><span class='ocrx_word' id='word_1_175' title='bbox 853 3252 999 3320; x_wconf 82' lang='lat' dir='ltr'><strong>Non</strong></span> <span class='ocrx_word' id='word_1_176' title='bbox 1037 3256 1319 3319; x_wconf 81' lang='lat' dir='ltr'><strong>revertar</strong></span> <span class='ocrx_word' id='word_1_177' title='bbox 1351 3256 1565 3329; x_wconf 78' lang='lat' dir='ltr'><strong>tecam,</strong></span> <span class='ocrx_word' id='word_1_178' title='bbox 1602 3271 1759 3334; x_wconf 77' lang='lat' dir='ltr'><strong>qma</strong></span> <span class='ocrx_word' id='word_1_179' title='bbox 1778 3254 2112 3333; x_wconf 65' lang='lat' dir='ltr'><strong>protect-§tt</strong></span> <span class='ocrx_word' id='word_1_180' title='bbox 2148 3269 2487 3317; x_wconf 80' lang='lat' dir='ltr'><strong>sermonem</strong></span> <span class='ocrx_word' id='word_1_181' title='bbox 2507 3247 2792 3330; x_wconf 61' lang='lat' dir='ltr'><strong>Domum,</strong></span> 
     </span>
     <span class='ocr_line' id='line_1_30' title="bbox 851 3334 2797 3422; baseline -0.003 -16"><span class='ocrx_word' id='word_1_182' title='bbox 851 3344 909 3406; x_wconf 81' lang='lat' dir='ltr'><strong>et</strong></span> <span class='ocrx_word' id='word_1_183' title='bbox 940 3337 1209 3422; x_wconf 77' lang='lat' dir='ltr'><strong>proiecit</strong></span> <span class='ocrx_word' id='word_1_184' title='bbox 1249 3341 1306 3401; x_wconf 83' lang='lat' dir='ltr'><strong>te</strong></span> <span class='ocrx_word' id='word_1_185' title='bbox 1325 3334 1645 3402; x_wconf 77' lang='lat' dir='ltr'><strong>Dominus</strong></span> <span class='ocrx_word' id='word_1_186' title='bbox 1686 3357 1763 3403; x_wconf 79' lang='lat' dir='ltr'><strong>nc</strong></span> <span class='ocrx_word' id='word_1_187' title='bbox 1803 3336 1899 3403; x_wconf 73' lang='lat' dir='ltr'><strong>sis</strong></span> <span class='ocrx_word' id='word_1_188' title='bbox 1939 3356 2053 3402; x_wconf 72' lang='lat' dir='ltr'><strong>rex</strong></span> <span class='ocrx_word' id='word_1_189' title='bbox 2084 3356 2278 3417; x_wconf 79' lang='lat' dir='ltr'><strong>super</strong></span> <span class='ocrx_word' id='word_1_190' title='bbox 2300 3335 2530 3402; x_wconf 63' lang='lat' dir='ltr'><strong>Israel.</strong></span> <span class='ocrx_word' id='word_1_191' title='bbox 2576 3335 2683 3402; x_wconf 81' lang='lat'><strong>27.</strong></span> <span class='ocrx_word' id='word_1_192' title='bbox 2706 3334 2797 3401; x_wconf 76' lang='lat' dir='ltr'><strong>Et</strong></span> 
     </span>
     <span class='ocr_line' id='line_1_31' title="bbox 845 3419 2796 3607; baseline -0.002 -31"><span class='ocrx_word' id='word_1_193' title='bbox 845 3419 1949 3607; x_wconf 51' lang='lat' dir='ltr'><strong>ffissfffflffsszffassffffi·</strong></span> <span class='ocrx_word' id='word_1_194' title='bbox 1994 3420 2796 3607; x_wconf 35' lang='lat' dir='ltr'><strong>&amp;mamm</strong></span> 
     </span>
     <span class='ocr_line' id='line_1_32' title="bbox 848 3589 2794 3692; baseline 0 -32"><span class='ocrx_word' id='word_1_195' title='bbox 848 3595 945 3661; x_wconf 77' lang='lat' dir='ltr'><strong>ait</strong></span> <span class='ocrx_word' id='word_1_196' title='bbox 986 3594 1073 3659; x_wconf 80' lang='lat' dir='ltr'><strong>ad</strong></span> <span class='ocrx_word' id='word_1_197' title='bbox 1127 3612 1268 3691; x_wconf 62' lang='lat' dir='ltr'><strong>eam</strong></span> <span class='ocrx_word' id='word_1_198' title='bbox 1317 3591 1602 3692; x_wconf 54' lang='lat' dir='ltr'><strong>Samuel.-</strong></span> <span class='ocrx_word' id='word_1_199' title='bbox 1630 3679 1644 3692; x_wconf 37' lang='grc' dir='ltr'><strong>ο</strong></span> <span class='ocrx_word' id='word_1_200' title='bbox 1662 3589 1864 3661; x_wconf 60' lang='lat' dir='ltr'><strong>Scidit</strong></span> <span class='ocrx_word' id='word_1_201' title='bbox 1905 3590 2221 3659; x_wconf 77' lang='lat' dir='ltr'><strong>Dommus</strong></span> <span class='ocrx_word' id='word_1_202' title='bbox 2277 3612 2544 3676; x_wconf 70' lang='lat' dir='ltr'><strong>requam</strong></span> <span class='ocrx_word' id='word_1_203' title='bbox 2560 3592 2794 3692; x_wconf 37' lang='lat' dir='ltr'><strong>‚Israel</strong></span> 
     </span>
     <span class='ocr_line' id='line_1_33' title="bbox 850 3677 2790 3761; baseline -0.002 -15"><span class='ocrx_word' id='word_1_204' title='bbox 850 3700 897 3746; x_wconf 87' lang='lat' dir='ltr'><strong>a</strong></span> <span class='ocrx_word' id='word_1_205' title='bbox 938 3684 994 3744; x_wconf 80' lang='lat' dir='ltr'><strong>te</strong></span> <span class='ocrx_word' id='word_1_206' title='bbox 1035 3678 1234 3758; x_wconf 63' lang='lat' dir='ltr'><strong>hodae,</strong></span> <span class='ocrx_word' id='word_1_207' title='bbox 1290 3681 1346 3742; x_wconf 69' lang='lat' dir='ltr'><strong>a</strong></span> <span class='ocrx_word' id='word_1_208' title='bbox 1402 3677 1667 3745; x_wconf 57' lang='lat' dir='ltr'><strong>traduat</strong></span> <span class='ocrx_word' id='word_1_209' title='bbox 1723 3679 1887 3745; x_wconf 75' lang='lat' dir='ltr'><strong>alud</strong></span> <span class='ocrx_word' id='word_1_210' title='bbox 1929 3680 2230 3761; x_wconf 76' lang='lat' dir='ltr'><strong>proximo</strong></span> <span class='ocrx_word' id='word_1_211' title='bbox 2275 3682 2380 3744; x_wconf 76' lang='lat' dir='ltr'><strong>tao</strong></span> <span class='ocrx_word' id='word_1_212' title='bbox 2425 3677 2675 3748; x_wconf 65' lang='lat' dir='ltr'><strong>meloori</strong></span> <span class='ocrx_word' id='word_1_213' title='bbox 2716 3684 2790 3744; x_wconf 79' lang='lat' dir='ltr'><strong>te.</strong></span> 
     </span>
     <span class='ocr_line' id='line_1_34' title="bbox 852 3762 2790 3848; baseline 0 -18"><span class='ocrx_word' id='word_1_214' title='bbox 852 3765 960 3830; x_wconf 82' lang='lat'><strong>29.</strong></span> <span class='ocrx_word' id='word_1_215' title='bbox 1002 3763 1205 3830; x_wconf 79' lang='lat' dir='ltr'><strong>Porro</strong></span> <span class='ocrx_word' id='word_1_216' title='bbox 1248 3762 1665 3845; x_wconf 59' lang='lat' dir='ltr'><strong>triumphator</strong></span> <span class='ocrx_word' id='word_1_217' title='bbox 1707 3766 1780 3831; x_wconf 78' lang='lat' dir='ltr'><strong>in</strong></span> <span class='ocrx_word' id='word_1_218' title='bbox 1801 3764 2011 3832; x_wconf 58' lang='lat' dir='ltr'><strong>Israel</strong></span> <span class='ocrx_word' id='word_1_219' title='bbox 2052 3786 2176 3831; x_wconf 77' lang='lat' dir='ltr'><strong>non</strong></span> <span class='ocrx_word' id='word_1_220' title='bbox 2191 3833 2200 3846; x_wconf 61' lang='grc'><strong>,</strong></span> <span class='ocrx_word' id='word_1_221' title='bbox 2208 3769 2440 3848; x_wconf 75' lang='lat' dir='ltr'><strong>parcet,</strong></span> <span class='ocrx_word' id='word_1_222' title='bbox 2485 3768 2542 3830; x_wconf 81' lang='lat' dir='ltr'><strong>et</strong></span> <span class='ocrx_word' id='word_1_223' title='bbox 2570 3764 2790 3846; x_wconf 75' lang='lat' dir='ltr'><strong>poeni-</strong></span> 
     </span>
     <span class='ocr_line' id='line_1_35' title="bbox 839 3850 2795 4020; baseline -0.001 -104"><span class='ocrx_word' id='word_1_224' title='bbox 839 3850 1614 4020; x_wconf 28' lang='lat' dir='ltr'><strong>mageima-flectetur.-</strong></span> <span class='ocrx_word' id='word_1_225' title='bbox 1678 3871 1868 3936; x_wconf 73' lang='lat' dir='ltr'><strong>neque</strong></span> <span class='ocrx_word' id='word_1_226' title='bbox 1923 3851 2090 3918; x_wconf 77' lang='lat' dir='ltr'><strong>enim</strong></span> <span class='ocrx_word' id='word_1_227' title='bbox 2145 3850 2324 3917; x_wconf 81' lang='lat' dir='ltr'><strong>homo</strong></span> <span class='ocrx_word' id='word_1_228' title='bbox 2381 3854 2471 3916; x_wconf 74' lang='lat' dir='ltr'><strong>est</strong></span> <span class='ocrx_word' id='word_1_229' title='bbox 2522 3856 2592 3916; x_wconf 77' lang='lat' dir='ltr'><strong>at</strong></span> <span class='ocrx_word' id='word_1_230' title='bbox 2647 3856 2795 3935; x_wconf 74' lang='lat' dir='ltr'><strong>ayat</strong></span> 
     </span>
    </p>
   </div>
   <div class='ocr_carea' id='block_1_5' title="bbox 850 4105 2801 5308">
    <p class='ocr_par' dir='ltr' id='par_1_5' title="bbox 850 4105 2801 5308">
     <span class='ocr_line' id='line_1_36' title="bbox 1023 4105 2792 4188; baseline 0.001 -17"><span class='ocrx_word' id='word_1_231' title='bbox 1023 4105 1157 4171; x_wconf 90' lang='lat' dir='ltr'><strong>Hic</strong></span> <span class='ocrx_word' id='word_1_232' title='bbox 1216 4107 1497 4188; x_wconf 90' lang='lat' dir='ltr'><strong>primum</strong></span> <span class='ocrx_word' id='word_1_233' title='bbox 1558 4107 1864 4174; x_wconf 88' lang='lat' dir='ltr'><strong>docemur</strong></span> <span class='ocrx_word' id='word_1_234' title='bbox 1919 4106 2191 4174; x_wconf 84' lang='lat' dir='ltr'><strong>Saulem</strong></span> <span class='ocrx_word' id='word_1_235' title='bbox 2260 4109 2390 4174; x_wconf 86' lang='lat' dir='ltr'><strong>acri</strong></span> <span class='ocrx_word' id='word_1_236' title='bbox 2460 4107 2792 4174; x_wconf 81' lang='lat' dir='ltr'><strong>Samuelis</strong></span> 
     </span>
     <span class='ocr_line' id='line_1_37' title="bbox 850 4190 2792 4279; baseline 0 -20"><span class='ocrx_word' id='word_1_237' title='bbox 850 4190 1364 4276; x_wconf 85' lang='lat' dir='ltr'><strong>reprehensione</strong></span> <span class='ocrx_word' id='word_1_238' title='bbox 1408 4193 1672 4258; x_wconf 90' lang='lat' dir='ltr'><strong>tandem</strong></span> <span class='ocrx_word' id='word_1_239' title='bbox 1717 4193 2088 4279; x_wconf 88' lang='lat' dir='ltr'><strong>perculsum</strong></span> <span class='ocrx_word' id='word_1_240' title='bbox 2126 4204 2194 4258; x_wconf 92' lang='lat' dir='ltr'><strong>et</strong></span> <span class='ocrx_word' id='word_1_241' title='bbox 2217 4192 2552 4260; x_wconf 90' lang='lat' dir='ltr'><strong>domitum.</strong></span> <span class='ocrx_word' id='word_1_242' title='bbox 2620 4191 2792 4260; x_wconf 91' lang='lat' dir='ltr'><strong>Nam</strong></span> 
     </span>
     <span class='ocr_line' id='line_1_38' title="bbox 852 4276 2789 4364; baseline 0 -21"><span class='ocrx_word' id='word_1_243' title='bbox 852 4278 1044 4344; x_wconf 90' lang='lat' dir='ltr'><strong>initio</strong></span> <span class='ocrx_word' id='word_1_244' title='bbox 1133 4276 1395 4362; x_wconf 90' lang='lat' dir='ltr'><strong>quidem</strong></span> <span class='ocrx_word' id='word_1_245' title='bbox 1473 4281 1993 4364; x_wconf 89' lang='lat' dir='ltr'><strong>reprehensionis</strong></span> <span class='ocrx_word' id='word_1_246' title='bbox 2080 4300 2265 4345; x_wconf 89' lang='lat' dir='ltr'><strong>suam</strong></span> <span class='ocrx_word' id='word_1_247' title='bbox 2348 4280 2789 4344; x_wconf 86' lang='lat' dir='ltr'><strong>innocentiam</strong></span> 
     </span>
     <span class='ocr_line' id='line_1_39' title="bbox 851 4362 2792 4448; baseline 0 -18"><span class='ocrx_word' id='word_1_248' title='bbox 851 4366 1029 4430; x_wconf 86' lang='lat' dir='ltr'><strong>tueri</strong></span> <span class='ocrx_word' id='word_1_249' title='bbox 1091 4362 1260 4430; x_wconf 85' lang='lat' dir='ltr'><strong>velle</strong></span> <span class='ocrx_word' id='word_1_250' title='bbox 1317 4363 1501 4430; x_wconf 81' lang='lat' dir='ltr'><strong>visus</strong></span> <span class='ocrx_word' id='word_1_251' title='bbox 1556 4375 1674 4447; x_wconf 90' lang='lat' dir='ltr'><strong>est,</strong></span> <span class='ocrx_word' id='word_1_252' title='bbox 1736 4375 1802 4431; x_wconf 92' lang='lat' dir='ltr'><strong>et</strong></span> <span class='ocrx_word' id='word_1_253' title='bbox 1857 4367 2310 4433; x_wconf 86' lang='lat' dir='ltr'><strong>excusationes</strong></span> <span class='ocrx_word' id='word_1_254' title='bbox 2371 4364 2607 4448; x_wconf 91' lang='lat' dir='ltr'><strong>quibus</strong></span> <span class='ocrx_word' id='word_1_255' title='bbox 2649 4385 2792 4430; x_wconf 91' lang='lat' dir='ltr'><strong>sese</strong></span> 
     </span>
     <span class='ocr_line' id='line_1_40' title="bbox 851 4449 2794 4535; baseline -0.001 -19"><span class='ocrx_word' id='word_1_256' title='bbox 851 4458 1152 4516; x_wconf 86' lang='lat' dir='ltr'><strong>tueretur</strong></span> <span class='ocrx_word' id='word_1_257' title='bbox 1194 4449 1262 4513; x_wconf 92' lang='lat' dir='ltr'><strong>in</strong></span> <span class='ocrx_word' id='word_1_258' title='bbox 1308 4449 1598 4515; x_wconf 91' lang='lat' dir='ltr'><strong>medium</strong></span> <span class='ocrx_word' id='word_1_259' title='bbox 1642 4452 1952 4535; x_wconf 85' lang='lat' dir='ltr'><strong>protulit:</strong></span> <span class='ocrx_word' id='word_1_260' title='bbox 2000 4451 2114 4517; x_wconf 87' lang='lat' dir='ltr'><strong>sed</strong></span> <span class='ocrx_word' id='word_1_261' title='bbox 2158 4450 2269 4518; x_wconf 93' lang='lat' dir='ltr'><strong>ubi</strong></span> <span class='ocrx_word' id='word_1_262' title='bbox 2315 4450 2585 4517; x_wconf 84' lang='lat' dir='ltr'><strong>Samuel</strong></span> <span class='ocrx_word' id='word_1_263' title='bbox 2623 4450 2794 4516; x_wconf 89' lang='lat' dir='ltr'><strong>hanc</strong></span> 
     </span>
     <span class='ocr_line' id='line_1_41' title="bbox 853 4534 2794 4616; baseline -0.001 -15"><span class='ocrx_word' id='word_1_264' title='bbox 853 4535 1256 4601; x_wconf 86' lang='lat' dir='ltr'><strong>sententiam</strong></span> <span class='ocrx_word' id='word_1_265' title='bbox 1321 4534 1653 4616; x_wconf 86' lang='lat' dir='ltr'><strong>detonuit,</strong></span> <span class='ocrx_word' id='word_1_266' title='bbox 1718 4539 1866 4603; x_wconf 81' lang='lat' dir='ltr'><strong>voci</strong></span> <span class='ocrx_word' id='word_1_267' title='bbox 1930 4536 2061 4603; x_wconf 90' lang='lat' dir='ltr'><strong>Dei</strong></span> <span class='ocrx_word' id='word_1_268' title='bbox 2127 4559 2258 4602; x_wconf 92' lang='lat' dir='ltr'><strong>non</strong></span> <span class='ocrx_word' id='word_1_269' title='bbox 2326 4536 2588 4603; x_wconf 87' lang='lat' dir='ltr'><strong>obedire</strong></span> <span class='ocrx_word' id='word_1_270' title='bbox 2652 4556 2794 4602; x_wconf 90' lang='lat' dir='ltr'><strong>esse</strong></span> 
     </span>
     <span class='ocr_line' id='line_1_42' title="bbox 854 4620 2797 4707; baseline 0 -20"><span class='ocrx_word' id='word_1_271' title='bbox 854 4622 1040 4705; x_wconf 91' lang='lat' dir='ltr'><strong>quasi</strong></span> <span class='ocrx_word' id='word_1_272' title='bbox 1066 4630 1399 4705; x_wconf 90' lang='lat' dir='ltr'><strong>peccatum</strong></span> <span class='ocrx_word' id='word_1_273' title='bbox 1438 4622 1791 4688; x_wconf 85' lang='lat' dir='ltr'><strong>ariolandi:</strong></span> <span class='ocrx_word' id='word_1_274' title='bbox 1835 4633 1902 4689; x_wconf 90' lang='lat' dir='ltr'><strong>et</strong></span> <span class='ocrx_word' id='word_1_275' title='bbox 1936 4624 2123 4707; x_wconf 92' lang='lat' dir='ltr'><strong>quasi</strong></span> <span class='ocrx_word' id='word_1_276' title='bbox 2160 4620 2370 4688; x_wconf 90' lang='lat' dir='ltr'><strong>scelus</strong></span> <span class='ocrx_word' id='word_1_277' title='bbox 2392 4621 2797 4688; x_wconf 88' lang='lat' dir='ltr'><strong>idololatriae</strong></span> 
     </span>
     <span class='ocr_line' id='line_1_43' title="bbox 855 4705 2793 4791; baseline 0.001 -19"><span class='ocrx_word' id='word_1_278' title='bbox 855 4708 1033 4772; x_wconf 85' lang='lat' dir='ltr'><strong>nolle</strong></span> <span class='ocrx_word' id='word_1_279' title='bbox 1091 4705 1521 4790; x_wconf 88' lang='lat' dir='ltr'><strong>acquiescere,</strong></span> <span class='ocrx_word' id='word_1_280' title='bbox 1579 4710 1791 4775; x_wconf 88' lang='lat' dir='ltr'><strong>victus</strong></span> <span class='ocrx_word' id='word_1_281' title='bbox 1847 4709 2084 4787; x_wconf 87' lang='lat' dir='ltr'><strong>tacuit,</strong></span> <span class='ocrx_word' id='word_1_282' title='bbox 2150 4717 2217 4772; x_wconf 93' lang='lat' dir='ltr'><strong>et</strong></span> <span class='ocrx_word' id='word_1_283' title='bbox 2274 4727 2477 4791; x_wconf 92' lang='lat' dir='ltr'><strong>quum</strong></span> <span class='ocrx_word' id='word_1_284' title='bbox 2541 4707 2793 4773; x_wconf 89' lang='lat' dir='ltr'><strong>nullum</strong></span> 
     </span>
     <span class='ocr_line' id='line_1_44' title="bbox 853 4791 2796 4873; baseline 0.001 -14"><span class='ocrx_word' id='word_1_285' title='bbox 853 4791 1262 4859; x_wconf 85' lang='lat' dir='ltr'><strong>excusationi</strong></span> <span class='ocrx_word' id='word_1_286' title='bbox 1306 4791 1522 4859; x_wconf 89' lang='lat' dir='ltr'><strong>locum</strong></span> <span class='ocrx_word' id='word_1_287' title='bbox 1567 4792 1705 4859; x_wconf 87' lang='lat' dir='ltr'><strong>dari</strong></span> <span class='ocrx_word' id='word_1_288' title='bbox 1747 4793 1935 4873; x_wconf 78' lang='lat' dir='ltr'><strong>vidit,</strong></span> <span class='ocrx_word' id='word_1_289' title='bbox 1972 4793 2215 4859; x_wconf 89' lang='lat' dir='ltr'><strong>crimen</strong></span> <span class='ocrx_word' id='word_1_290' title='bbox 2251 4792 2469 4859; x_wconf 86' lang='lat' dir='ltr'><strong>fassus</strong></span> <span class='ocrx_word' id='word_1_291' title='bbox 2505 4804 2621 4859; x_wconf 88' lang='lat' dir='ltr'><strong>est.</strong></span> <span class='ocrx_word' id='word_1_292' title='bbox 2692 4794 2796 4860; x_wconf 84' lang='lat' dir='ltr'><strong>Ex</strong></span> 
     </span>
     <span class='ocr_line' id='line_1_45' title="bbox 856 4876 2796 4962; baseline 0.002 -20"><span class='ocrx_word' id='word_1_293' title='bbox 856 4876 1091 4962; x_wconf 90' lang='lat' dir='ltr'><strong>quibus</strong></span> <span class='ocrx_word' id='word_1_294' title='bbox 1150 4898 1232 4961; x_wconf 90' lang='lat' dir='ltr'><strong>ap</strong></span> <span class='ocrx_word' id='word_1_295' title='bbox 1281 4888 1424 4944; x_wconf 89' lang='lat' dir='ltr'><strong>aret</strong></span> <span class='ocrx_word' id='word_1_296' title='bbox 1477 4880 1681 4947; x_wconf 90' lang='lat' dir='ltr'><strong>solam</strong></span> <span class='ocrx_word' id='word_1_297' title='bbox 1742 4879 2098 4946; x_wconf 86' lang='lat' dir='ltr'><strong>doctrinam</strong></span> <span class='ocrx_word' id='word_1_298' title='bbox 2159 4900 2289 4944; x_wconf 89' lang='lat' dir='ltr'><strong>non</strong></span> <span class='ocrx_word' id='word_1_299' title='bbox 2349 4879 2647 4945; x_wconf 85' lang='lat' dir='ltr'><strong>sufficere</strong></span> <span class='ocrx_word' id='word_1_300' title='bbox 2715 4879 2796 4945; x_wconf 87' lang='lat' dir='ltr'><strong>ad</strong></span> 
     </span>
     <span class='ocr_line' id='line_1_46' title="bbox 855 4962 2798 5048; baseline 0.002 -20"><span class='ocrx_word' id='word_1_301' title='bbox 855 4962 1156 5028; x_wconf 89' lang='lat' dir='ltr'><strong>homines</strong></span> <span class='ocrx_word' id='word_1_302' title='bbox 1192 4981 1230 5025; x_wconf 89' lang='lat' dir='ltr'><strong>a</strong></span> <span class='ocrx_word' id='word_1_303' title='bbox 1300 4963 1519 5030; x_wconf 91' lang='lat' dir='ltr'><strong>Deum</strong></span> <span class='ocrx_word' id='word_1_304' title='bbox 1556 4964 2000 5032; x_wconf 85' lang='lat' dir='ltr'><strong>adducendos:</strong></span> <span class='ocrx_word' id='word_1_305' title='bbox 2038 4964 2153 5031; x_wconf 89' lang='lat' dir='ltr'><strong>sed</strong></span> <span class='ocrx_word' id='word_1_306' title='bbox 2190 4964 2271 5030; x_wconf 88' lang='lat' dir='ltr'><strong>ad</strong></span> <span class='ocrx_word' id='word_1_307' title='bbox 2309 4985 2452 5030; x_wconf 88' lang='lat' dir='ltr'><strong>eam</strong></span> <span class='ocrx_word' id='word_1_308' title='bbox 2497 4972 2798 5048; x_wconf 89' lang='lat' dir='ltr'><strong>oportere</strong></span> 
     </span>
     <span class='ocr_line' id='line_1_47' title="bbox 855 5046 2799 5131; baseline 0.003 -18"><span class='ocrx_word' id='word_1_309' title='bbox 855 5046 1395 5131; x_wconf 86' lang='lat' dir='ltr'><strong>reprehensiones</strong></span> <span class='ocrx_word' id='word_1_310' title='bbox 1438 5060 1507 5116; x_wconf 89' lang='lat' dir='ltr'><strong>et</strong></span> <span class='ocrx_word' id='word_1_311' title='bbox 1540 5052 2079 5118; x_wconf 88' lang='lat' dir='ltr'><strong>comminationes</strong></span> <span class='ocrx_word' id='word_1_312' title='bbox 2115 5050 2436 5117; x_wconf 88' lang='lat' dir='ltr'><strong>accedere.</strong></span> <span class='ocrx_word' id='word_1_313' title='bbox 2508 5053 2606 5118; x_wconf 87' lang='lat' dir='ltr'><strong>Ac</strong></span> <span class='ocrx_word' id='word_1_314' title='bbox 2642 5072 2799 5118; x_wconf 88' lang='lat' dir='ltr'><strong>sane</strong></span> 
     </span>
     <span class='ocr_line' id='line_1_48' title="bbox 856 5131 2801 5221; baseline 0.003 -23"><span class='ocrx_word' id='word_1_315' title='bbox 856 5131 1110 5198; x_wconf 88' lang='lat' dir='ltr'><strong>Paulus</strong></span> <span class='ocrx_word' id='word_1_316' title='bbox 1174 5136 1504 5218; x_wconf 89' lang='lat' dir='ltr'><strong>apostolus</strong></span> <span class='ocrx_word' id='word_1_317' title='bbox 1571 5137 1838 5217; x_wconf 89' lang='lat' dir='ltr'><strong>docens,</strong></span> <span class='ocrx_word' id='word_1_318' title='bbox 1919 5135 2240 5221; x_wconf 91' lang='lat' dir='ltr'><strong>quomodo</strong></span> <span class='ocrx_word' id='word_1_319' title='bbox 2305 5136 2634 5221; x_wconf 86' lang='lat' dir='ltr'><strong>scriptura</strong></span> <span class='ocrx_word' id='word_1_320' title='bbox 2711 5138 2801 5204; x_wconf 91' lang='lat' dir='ltr'><strong>sit</strong></span> 
     </span>
     <span class='ocr_line' id='line_1_49' title="bbox 856 5216 2799 5308; baseline 0.004 -25"><span class='ocrx_word' id='word_1_321' title='bbox 856 5216 1060 5299; x_wconf 88' lang='lat' dir='ltr'><strong>utilis,</strong></span> <span class='ocrx_word' id='word_1_322' title='bbox 1101 5240 1236 5283; x_wconf 89' lang='lat' dir='ltr'><strong>non</strong></span> <span class='ocrx_word' id='word_1_323' title='bbox 1283 5229 1548 5289; x_wconf 88' lang='lat' dir='ltr'><strong>tantum</strong></span> <span class='ocrx_word' id='word_1_324' title='bbox 1595 5223 1675 5288; x_wconf 91' lang='lat' dir='ltr'><strong>ad</strong></span> <span class='ocrx_word' id='word_1_325' title='bbox 1722 5222 2107 5308; x_wconf 89' lang='lat' dir='ltr'><strong>docendum,</strong></span> <span class='ocrx_word' id='word_1_326' title='bbox 2151 5221 2264 5288; x_wconf 91' lang='lat' dir='ltr'><strong>sed</strong></span> <span class='ocrx_word' id='word_1_327' title='bbox 2309 5221 2509 5288; x_wconf 89' lang='lat' dir='ltr'><strong>etiam</strong></span> <span class='ocrx_word' id='word_1_328' title='bbox 2555 5223 2635 5289; x_wconf 92' lang='lat' dir='ltr'><strong>ad</strong></span> <span class='ocrx_word' id='word_1_329' title='bbox 2684 5245 2799 5290; x_wconf 86' lang='lat' dir='ltr'><strong>ex-</strong></span> 
     </span>
    </p>
   </div>
   <div class='ocr_carea' id='block_1_6' title="bbox 2548 311 4741 410">
    <p class='ocr_par' dir='ltr' id='par_1_6' title="bbox 2548 311 4741 410">
     <span class='ocr_line' id='line_1_50' title="bbox 2548 311 4741 410; baseline 0.003 -31"><span class='ocrx_word' id='word_1_330' title='bbox 2548 311 2948 384; x_wconf 74' lang='lat' dir='ltr'><strong>HoMILIA</strong></span> <span class='ocrx_word' id='word_1_331' title='bbox 2994 317 3137 384; x_wconf 87' lang='lat' dir='ltr'><strong>LV.</strong></span> <span class='ocrx_word' id='word_1_332' title='bbox 3488 397 3501 410; x_wconf 46' lang='lat'>‚</span> <span class='ocrx_word' id='word_1_333' title='bbox 4656 319 4741 386; x_wconf 77' lang='lat'><strong>124</strong></span> 
     </span>
    </p>
   </div>
   <div class='ocr_carea' id='block_1_7' title="bbox 2891 504 4889 1108">
    <p class='ocr_par' dir='ltr' id='par_1_7' title="bbox 2891 504 4889 1108">
     <span class='ocr_line' id='line_1_51' title="bbox 2897 504 4752 592; baseline 0.003 -20"><span class='ocrx_word' id='word_1_334' title='bbox 2897 506 3297 573; x_wconf 91' lang='lat' dir='ltr'><strong>hortandum</strong></span> <span class='ocrx_word' id='word_1_335' title='bbox 3335 517 3401 573; x_wconf 91' lang='lat' dir='ltr'><strong>et</strong></span> <span class='ocrx_word' id='word_1_336' title='bbox 3427 504 4033 592; x_wconf 81' lang='lat' dir='ltr'><strong>reprehendendum</strong></span> <span class='ocrx_word' id='word_1_337' title='bbox 4058 505 4288 574; x_wconf 92' lang='lat' dir='ltr'><strong>utilem</strong></span> <span class='ocrx_word' id='word_1_338' title='bbox 4326 527 4468 572; x_wconf 87' lang='lat' dir='ltr'><strong>esse</strong></span> <span class='ocrx_word' id='word_1_339' title='bbox 4499 507 4752 578; x_wconf 73' lang='lat' dir='ltr'><strong>admonet</strong></span> 
     </span>
     <span class='ocr_line' id='line_1_52' title="bbox 2894 589 4755 678; baseline 0.001 -17"><span class='ocrx_word' id='word_1_340' title='bbox 2894 593 3083 661; x_wconf 84' lang='lat' dir='ltr'><strong>Unde</strong></span> <span class='ocrx_word' id='word_1_341' title='bbox 3129 593 3513 678; x_wconf 85' lang='lat' dir='ltr'><strong>colligimus,</strong></span> <span class='ocrx_word' id='word_1_342' title='bbox 3559 589 3928 676; x_wconf 88' lang='lat' dir='ltr'><strong>legentibus</strong></span> <span class='ocrx_word' id='word_1_343' title='bbox 3971 613 4215 658; x_wconf 86' lang='lat' dir='ltr'><strong>sacram</strong></span> <span class='ocrx_word' id='word_1_344' title='bbox 4264 592 4635 676; x_wconf 87' lang='lat' dir='ltr'><strong>scripturam</strong></span> <span class='ocrx_word' id='word_1_345' title='bbox 4661 618 4755 663; x_wconf 85' lang='lat' dir='ltr'><strong>nou</strong></span> 
     </span>
     <span class='ocr_line' id='line_1_53' title="bbox 2895 677 4755 765; baseline 0.002 -20"><span class='ocrx_word' id='word_1_346' title='bbox 2895 681 3053 745; x_wconf 83' lang='lat' dir='ltr'><strong>satis</strong></span> <span class='ocrx_word' id='word_1_347' title='bbox 3097 700 3238 744; x_wconf 87' lang='lat' dir='ltr'><strong>esse</strong></span> <span class='ocrx_word' id='word_1_348' title='bbox 3284 680 3338 745; x_wconf 96' lang='lat' dir='ltr'><strong>si</strong></span> <span class='ocrx_word' id='word_1_349' title='bbox 3382 678 3513 742; x_wconf 91' lang='lat' dir='ltr'><strong>Dei</strong></span> <span class='ocrx_word' id='word_1_350' title='bbox 3571 678 3973 743; x_wconf 86' lang='lat' dir='ltr'><strong>voluntatem</strong></span> <span class='ocrx_word' id='word_1_351' title='bbox 4034 677 4427 764; x_wconf 84' lang='lat' dir='ltr'><strong>intelligant,</strong></span> <span class='ocrx_word' id='word_1_352' title='bbox 4483 690 4588 745; x_wconf 90' lang='lat' dir='ltr'><strong>aut</strong></span> <span class='ocrx_word' id='word_1_353' title='bbox 4633 702 4755 765; x_wconf 67' lang='lat' dir='ltr'><strong>quae</strong></span> 
     </span>
     <span class='ocr_line' id='line_1_54' title="bbox 2897 762 4757 849; baseline 0.003 -20"><span class='ocrx_word' id='word_1_354' title='bbox 2897 765 2999 830; x_wconf 86' lang='lat' dir='ltr'><strong>vel</strong></span> <span class='ocrx_word' id='word_1_355' title='bbox 3061 765 3184 848; x_wconf 89' lang='lat' dir='ltr'><strong>ipsi</strong></span> <span class='ocrx_word' id='word_1_356' title='bbox 3239 764 3548 849; x_wconf 87' lang='lat' dir='ltr'><strong>legerint,</strong></span> <span class='ocrx_word' id='word_1_357' title='bbox 3619 763 3721 829; x_wconf 78' lang='lat' dir='ltr'><strong>vel</strong></span> <span class='ocrx_word' id='word_1_358' title='bbox 3775 784 3940 847; x_wconf 89' lang='lat' dir='ltr'><strong>quae</strong></span> <span class='ocrx_word' id='word_1_359' title='bbox 3998 783 4079 828; x_wconf 85' lang='lat' dir='ltr'><strong>ex</strong></span> <span class='ocrx_word' id='word_1_360' title='bbox 4138 762 4512 832; x_wconf 87' lang='lat' dir='ltr'><strong>docentibus</strong></span> <span class='ocrx_word' id='word_1_361' title='bbox 4564 779 4619 830; x_wconf 90' lang='lat' dir='ltr'><strong>et</strong></span> <span class='ocrx_word' id='word_1_362' title='bbox 4666 767 4757 834; x_wconf 79' lang='lat' dir='ltr'><strong>Dei</strong></span> 
     </span>
     <span class='ocr_line' id='line_1_55' title="bbox 2893 847 4761 935; baseline 0.003 -23"><span class='ocrx_word' id='word_1_363' title='bbox 2893 850 3164 916; x_wconf 84' lang='lat' dir='ltr'><strong>verbum</strong></span> <span class='ocrx_word' id='word_1_364' title='bbox 3214 848 3739 933; x_wconf 86' lang='lat' dir='ltr'><strong>praedicantibus</strong></span> <span class='ocrx_word' id='word_1_365' title='bbox 3783 847 4170 929; x_wconf 84' lang='lat' dir='ltr'><strong>audiverint,</strong></span> <span class='ocrx_word' id='word_1_366' title='bbox 4206 858 4429 917; x_wconf 89' lang='lat' dir='ltr'><strong>mente</strong></span> <span class='ocrx_word' id='word_1_367' title='bbox 4462 851 4761 935; x_wconf 83' lang='lat' dir='ltr'><strong>percipiant</strong></span> 
     </span>
     <span class='ocr_line' id='line_1_56' title="bbox 2891 934 4889 1020; baseline 0.001 -19"><span class='ocrx_word' id='word_1_368' title='bbox 2891 947 2957 1001; x_wconf 87' lang='lat' dir='ltr'><strong>et</strong></span> <span class='ocrx_word' id='word_1_369' title='bbox 3001 934 3589 1020; x_wconf 82' lang='lat' dir='ltr'><strong>comprehendant:</strong></span> <span class='ocrx_word' id='word_1_370' title='bbox 3648 955 3895 1010; x_wconf 82' lang='lat' dir='ltr'><strong>verum,</strong></span> <span class='ocrx_word' id='word_1_371' title='bbox 3956 937 4259 1018; x_wconf 87' lang='lat' dir='ltr'><strong>quoniam</strong></span> <span class='ocrx_word' id='word_1_372' title='bbox 4321 945 4552 1002; x_wconf 87' lang='lat' dir='ltr'><strong>natura</strong></span> <span class='ocrx_word' id='word_1_373' title='bbox 4592 949 4763 1002; x_wconf 64' lang='lat' dir='ltr'><strong>nostis</strong></span> <span class='ocrx_word' id='word_1_374' title='bbox 4888 981 4889 984; x_wconf 56' lang='lat'><em>=</em></span> 
     </span>
     <span class='ocr_line' id='line_1_57' title="bbox 2894 1020 4766 1108; baseline 0.002 -23"><span class='ocrx_word' id='word_1_375' title='bbox 2894 1022 3068 1106; x_wconf 90' lang='lat' dir='ltr'><strong>pleni</strong></span> <span class='ocrx_word' id='word_1_376' title='bbox 3149 1043 3377 1086; x_wconf 90' lang='lat' dir='ltr'><strong>sumus</strong></span> <span class='ocrx_word' id='word_1_377' title='bbox 3454 1020 3818 1107; x_wconf 79' lang='lat' dir='ltr'><strong>hypocrisi,</strong></span> <span class='ocrx_word' id='word_1_378' title='bbox 3900 1031 3967 1085; x_wconf 92' lang='lat' dir='ltr'><strong>et</strong></span> <span class='ocrx_word' id='word_1_379' title='bbox 4030 1042 4287 1106; x_wconf 85' lang='lat' dir='ltr'><strong>semper</strong></span> <span class='ocrx_word' id='word_1_380' title='bbox 4352 1043 4521 1087; x_wconf 84' lang='lat' dir='ltr'><strong>vana</strong></span> <span class='ocrx_word' id='word_1_381' title='bbox 4576 1022 4766 1108; x_wconf 64' lang='lat' dir='ltr'><strong>effugis</strong></span> 
     </span>
    </p>
   </div>
   <div class='ocr_carea' id='block_1_8' title="bbox 2892 1106 4889 1279">
    <p class='ocr_par' dir='ltr' id='par_1_8' title="bbox 2892 1106 4889 1279">
     <span class='ocr_line' id='line_1_58' title="bbox 2892 1106 4889 1192; baseline 0.002 -19"><span class='ocrx_word' id='word_1_382' title='bbox 2892 1107 3293 1191; x_wconf 90' lang='lat' dir='ltr'><strong>quaerimus,</strong></span> <span class='ocrx_word' id='word_1_383' title='bbox 3351 1116 3464 1171; x_wconf 88' lang='lat' dir='ltr'><strong>aut</strong></span> <span class='ocrx_word' id='word_1_384' title='bbox 3508 1106 3702 1172; x_wconf 84' lang='lat' dir='ltr'><strong>etiam</strong></span> <span class='ocrx_word' id='word_1_385' title='bbox 3751 1106 3941 1190; x_wconf 88' lang='lat' dir='ltr'><strong>plane</strong></span> <span class='ocrx_word' id='word_1_386' title='bbox 3985 1129 4210 1173; x_wconf 89' lang='lat' dir='ltr'><strong>sumus</strong></span> <span class='ocrx_word' id='word_1_387' title='bbox 4254 1107 4517 1192; x_wconf 89' lang='lat' dir='ltr'><strong>stupidi,</strong></span> <span class='ocrx_word' id='word_1_388' title='bbox 4560 1130 4764 1176; x_wconf 75' lang='lat' dir='ltr'><strong>necesse</strong></span> <span class='ocrx_word' id='word_1_389' title='bbox 4888 1131 4889 1134; x_wconf 69' lang='grc'>’</span> 
     </span>
     <span class='ocr_line' id='line_1_59' title="bbox 4135 1193 4889 1279; baseline 0.001 -20"><span class='ocrx_word' id='word_1_390' title='bbox 4135 1193 4356 1276; x_wconf 81' lang='lat' dir='ltr'><strong>Quare</strong></span> <span class='ocrx_word' id='word_1_391' title='bbox 4392 1195 4444 1260; x_wconf 89' lang='lat' dir='ltr'><strong>si</strong></span> <span class='ocrx_word' id='word_1_392' title='bbox 4489 1209 4625 1278; x_wconf 84' lang='lat' dir='ltr'><strong>post</strong></span> <span class='ocrx_word' id='word_1_393' title='bbox 4660 1215 4767 1279; x_wconf 87' lang='lat' dir='ltr'><strong>pro-</strong></span> <span class='ocrx_word' id='word_1_394' title='bbox 4888 1259 4889 1270; x_wconf 66' lang='grc'>,</span> 
     </span>
    </p>
   </div>
   <div class='ocr_carea' id='block_1_9' title="bbox 2891 1191 4795 4019">
    <p class='ocr_par' dir='ltr' id='par_1_9' title="bbox 2891 1191 4791 3851">
     <span class='ocr_line' id='line_1_60' title="bbox 2892 1191 4067 1278; baseline -0.003 -18"><span class='ocrx_word' id='word_1_395' title='bbox 2892 1203 2992 1260; x_wconf 88' lang='lat' dir='ltr'><strong>est</strong></span> <span class='ocrx_word' id='word_1_396' title='bbox 3036 1213 3157 1259; x_wconf 91' lang='lat' dir='ltr'><strong>nos</strong></span> <span class='ocrx_word' id='word_1_397' title='bbox 3201 1191 3282 1258; x_wconf 90' lang='lat' dir='ltr'><strong>ad</strong></span> <span class='ocrx_word' id='word_1_398' title='bbox 3328 1194 3549 1259; x_wconf 87' lang='lat' dir='ltr'><strong>vivum</strong></span> <span class='ocrx_word' id='word_1_399' title='bbox 3598 1212 3801 1277; x_wconf 89' lang='lat' dir='ltr'><strong>usque</strong></span> <span class='ocrx_word' id='word_1_400' title='bbox 3846 1194 4067 1278; x_wconf 86' lang='lat' dir='ltr'><strong>pungi.</strong></span> 
     </span>
     <span class='ocr_line' id='line_1_61' title="bbox 2891 1278 4770 1364; baseline 0.002 -20"><span class='ocrx_word' id='word_1_401' title='bbox 2891 1280 3171 1362; x_wconf 88' lang='lat' dir='ltr'><strong>positam</strong></span> <span class='ocrx_word' id='word_1_402' title='bbox 3237 1278 3599 1344; x_wconf 89' lang='lat' dir='ltr'><strong>doctrinam</strong></span> <span class='ocrx_word' id='word_1_403' title='bbox 3618 1329 3632 1354; x_wconf 90' lang='lat'><strong>,</strong></span> <span class='ocrx_word' id='word_1_404' title='bbox 3716 1278 4016 1345; x_wconf 89' lang='lat' dir='ltr'><strong>audimus</strong></span> <span class='ocrx_word' id='word_1_405' title='bbox 4080 1279 4394 1346; x_wconf 88' lang='lat' dir='ltr'><strong>adversus</strong></span> <span class='ocrx_word' id='word_1_406' title='bbox 4460 1293 4770 1364; x_wconf 71' lang='lat' dir='ltr'><strong>peccatores</strong></span> 
     </span>
     <span class='ocr_line' id='line_1_62' title="bbox 2892 1362 4771 1443; baseline 0.002 -13"><span class='ocrx_word' id='word_1_407' title='bbox 2892 1364 3205 1443; x_wconf 86' lang='lat' dir='ltr'><strong>detonari,</strong></span> <span class='ocrx_word' id='word_1_408' title='bbox 3251 1377 3316 1429; x_wconf 86' lang='lat' dir='ltr'><strong>et</strong></span> <span class='ocrx_word' id='word_1_409' title='bbox 3338 1362 3468 1430; x_wconf 90' lang='lat' dir='ltr'><strong>Dei</strong></span> <span class='ocrx_word' id='word_1_410' title='bbox 3504 1362 3743 1430; x_wconf 89' lang='lat' dir='ltr'><strong>iudicia</strong></span> <span class='ocrx_word' id='word_1_411' title='bbox 3777 1375 3846 1432; x_wconf 90' lang='lat' dir='ltr'><strong>et</strong></span> <span class='ocrx_word' id='word_1_412' title='bbox 3887 1365 4423 1431; x_wconf 85' lang='lat' dir='ltr'><strong>comminationes</strong></span> <span class='ocrx_word' id='word_1_413' title='bbox 4445 1368 4512 1431; x_wconf 92' lang='lat' dir='ltr'><strong>in</strong></span> <span class='ocrx_word' id='word_1_414' title='bbox 4537 1365 4771 1433; x_wconf 87' lang='lat' dir='ltr'><strong>medium</strong></span> 
     </span>
     <span class='ocr_line' id='line_1_63' title="bbox 2893 1447 4772 1536; baseline 0.002 -21"><span class='ocrx_word' id='word_1_415' title='bbox 2893 1450 3135 1516; x_wconf 88' lang='lat' dir='ltr'><strong>adferri</strong></span> <span class='ocrx_word' id='word_1_416' title='bbox 3178 1447 3491 1517; x_wconf 86' lang='lat' dir='ltr'><strong>adversus</strong></span> <span class='ocrx_word' id='word_1_417' title='bbox 3533 1449 3867 1516; x_wconf 88' lang='lat' dir='ltr'><strong>hominum</strong></span> <span class='ocrx_word' id='word_1_418' title='bbox 3915 1463 4195 1536; x_wconf 82' lang='lat' dir='ltr'><strong>peccata,</strong></span> <span class='ocrx_word' id='word_1_419' title='bbox 4255 1473 4386 1518; x_wconf 90' lang='lat' dir='ltr'><strong>non</strong></span> <span class='ocrx_word' id='word_1_420' title='bbox 4434 1451 4617 1517; x_wconf 89' lang='lat' dir='ltr'><strong>debet</strong></span> <span class='ocrx_word' id='word_1_421' title='bbox 4651 1452 4772 1518; x_wconf 82' lang='lat' dir='ltr'><strong>illud</strong></span> 
     </span>
     <span class='ocr_line' id='line_1_64' title="bbox 2894 1535 4771 1621; baseline 0.002 -21"><span class='ocrx_word' id='word_1_422' title='bbox 2894 1536 3082 1602; x_wconf 89' lang='lat' dir='ltr'><strong>nobis</strong></span> <span class='ocrx_word' id='word_1_423' title='bbox 3126 1537 3364 1601; x_wconf 83' lang='lat' dir='ltr'><strong>mirum</strong></span> <span class='ocrx_word' id='word_1_424' title='bbox 3411 1545 3476 1601; x_wconf 89' lang='lat' dir='ltr'><strong>et</strong></span> <span class='ocrx_word' id='word_1_425' title='bbox 3509 1535 3803 1601; x_wconf 90' lang='lat' dir='ltr'><strong>insolens</strong></span> <span class='ocrx_word' id='word_1_426' title='bbox 3841 1536 4078 1601; x_wconf 84' lang='lat' dir='ltr'><strong>videri:</strong></span> <span class='ocrx_word' id='word_1_427' title='bbox 4127 1536 4637 1621; x_wconf 86' lang='lat' dir='ltr'><strong>quandoquidem</strong></span> <span class='ocrx_word' id='word_1_428' title='bbox 4668 1537 4771 1603; x_wconf 75' lang='lat' dir='ltr'><strong>illis</strong></span> 
     </span>
     <span class='ocr_line' id='line_1_65' title="bbox 2896 1620 4776 1707; baseline 0.001 -19"><span class='ocrx_word' id='word_1_429' title='bbox 2896 1620 3308 1688; x_wconf 89' lang='lat' dir='ltr'><strong>adminiculis</strong></span> <span class='ocrx_word' id='word_1_430' title='bbox 3395 1642 3558 1707; x_wconf 91' lang='lat' dir='ltr'><strong>opus</strong></span> <span class='ocrx_word' id='word_1_431' title='bbox 3650 1622 3983 1688; x_wconf 83' lang='lat' dir='ltr'><strong>habemus.</strong></span> <span class='ocrx_word' id='word_1_432' title='bbox 4105 1621 4525 1706; x_wconf 79' lang='lat' dir='ltr'><strong>Quapropter</strong></span> <span class='ocrx_word' id='word_1_433' title='bbox 4608 1622 4776 1690; x_wconf 65' lang='lat' dir='ltr'><strong>dama</strong></span> 
     </span>
     <span class='ocr_line' id='line_1_66' title="bbox 2898 1707 4775 1808; baseline 0.001 -35"><span class='ocrx_word' id='word_1_434' title='bbox 2898 1707 3083 1774; x_wconf 91' lang='lat' dir='ltr'><strong>nobis</strong></span> <span class='ocrx_word' id='word_1_435' title='bbox 3139 1708 3351 1773; x_wconf 90' lang='lat' dir='ltr'><strong>omnis</strong></span> <span class='ocrx_word' id='word_1_436' title='bbox 3418 1728 3634 1792; x_wconf 85' lang='lat' dir='ltr'><strong>opera,</strong></span> <span class='ocrx_word' id='word_1_437' title='bbox 3694 1717 3767 1772; x_wconf 90' lang='lat' dir='ltr'><strong>ut</strong></span> <span class='ocrx_word' id='word_1_438' title='bbox 3825 1711 3893 1772; x_wconf 89' lang='lat' dir='ltr'><strong>in</strong></span> <span class='ocrx_word' id='word_1_439' title='bbox 3959 1708 4088 1773; x_wconf 89' lang='lat' dir='ltr'><strong>illis</strong></span> <span class='ocrx_word' id='word_1_440' title='bbox 4132 1709 4568 1808; x_wconf 82' lang='lat' dir='ltr'><strong>proficiamus.</strong></span> <span class='ocrx_word' id='word_1_441' title='bbox 4647 1708 4775 1774; x_wconf 73' lang='lat' dir='ltr'><strong>Nm</strong></span> 
     </span>
     <span class='ocr_line' id='line_1_67' title="bbox 2894 1793 4777 1880; baseline 0.002 -22"><span class='ocrx_word' id='word_1_442' title='bbox 2894 1814 3061 1877; x_wconf 88' lang='lat' dir='ltr'><strong>quae</strong></span> <span class='ocrx_word' id='word_1_443' title='bbox 3105 1793 3582 1874; x_wconf 90' lang='lat' dir='ltr'><strong>condemnatio,</strong></span> <span class='ocrx_word' id='word_1_444' title='bbox 3626 1793 3896 1876; x_wconf 87' lang='lat' dir='ltr'><strong>qualeve</strong></span> <span class='ocrx_word' id='word_1_445' title='bbox 3933 1814 4054 1880; x_wconf 88' lang='lat' dir='ltr'><strong>sup</strong></span> <span class='ocrx_word' id='word_1_446' title='bbox 4102 1793 4325 1860; x_wconf 82' lang='lat' dir='ltr'><strong>licium</strong></span> <span class='ocrx_word' id='word_1_447' title='bbox 4363 1794 4670 1862; x_wconf 82' lang='lat' dir='ltr'><strong>adversus</strong></span> <span class='ocrx_word' id='word_1_448' title='bbox 4697 1816 4777 1861; x_wconf 76' lang='lat' dir='ltr'><strong>eos</strong></span> 
     </span>
     <span class='ocr_line' id='line_1_68' title="bbox 2895 1876 4777 1964; baseline -0.001 -18"><span class='ocrx_word' id='word_1_449' title='bbox 2895 1879 3009 1964; x_wconf 89' lang='lat' dir='ltr'><strong>qui</strong></span> <span class='ocrx_word' id='word_1_450' title='bbox 3069 1876 3152 1945; x_wconf 91' lang='lat' dir='ltr'><strong>ad</strong></span> <span class='ocrx_word' id='word_1_451' title='bbox 3198 1879 3325 1945; x_wconf 91' lang='lat' dir='ltr'><strong>Dei</strong></span> <span class='ocrx_word' id='word_1_452' title='bbox 3380 1901 3451 1944; x_wconf 87' lang='lat' dir='ltr'><strong>re</strong></span> <span class='ocrx_word' id='word_1_453' title='bbox 3498 1878 3920 1946; x_wconf 88' lang='lat' dir='ltr'><strong>rehensiones</strong></span> <span class='ocrx_word' id='word_1_454' title='bbox 3978 1880 4049 1946; x_wconf 89' lang='lat' dir='ltr'><strong>in</strong></span> <span class='ocrx_word' id='word_1_455' title='bbox 4098 1881 4468 1947; x_wconf 88' lang='lat' dir='ltr'><strong>urabuntur</strong></span> <span class='ocrx_word' id='word_1_456' title='bbox 4529 1891 4777 1964; x_wconf 85' lang='lat' dir='ltr'><strong>paratum</strong></span> 
     </span>
     <span class='ocr_line' id='line_1_69' title="bbox 2895 1963 4781 2050; baseline 0.001 -19"><span class='ocrx_word' id='word_1_457' title='bbox 2895 1973 3029 2031; x_wconf 85' lang='lat' dir='ltr'><strong>est:</strong></span> <span class='ocrx_word' id='word_1_458' title='bbox 3074 1986 3274 2049; x_wconf 91' lang='lat' dir='ltr'><strong>quum</strong></span> <span class='ocrx_word' id='word_1_459' title='bbox 3321 1963 3458 2030; x_wconf 89' lang='lat' dir='ltr'><strong>Sau</strong></span> <span class='ocrx_word' id='word_1_460' title='bbox 3485 1986 3589 2032; x_wconf 90' lang='lat' dir='ltr'><strong>em</strong></span> <span class='ocrx_word' id='word_1_461' title='bbox 3636 1963 3979 2031; x_wconf 85' lang='lat' dir='ltr'><strong>videamus</strong></span> <span class='ocrx_word' id='word_1_462' title='bbox 4020 1963 4351 2032; x_wconf 88' lang='lat' dir='ltr'><strong>hominem</strong></span> <span class='ocrx_word' id='word_1_463' title='bbox 4393 1966 4631 2050; x_wconf 82' lang='lat' dir='ltr'><strong>alioqui</strong></span> <span class='ocrx_word' id='word_1_464' title='bbox 4664 1967 4781 2032; x_wconf 77' lang='lat' dir='ltr'><strong>satis</strong></span> 
     </span>
     <span class='ocr_line' id='line_1_70' title="bbox 2897 2050 4782 2136; baseline 0.001 -20"><span class='ocrx_word' id='word_1_465' title='bbox 2897 2060 3313 2135; x_wconf 83' lang='lat' dir='ltr'><strong>arrogantem</strong></span> <span class='ocrx_word' id='word_1_466' title='bbox 3359 2058 3424 2116; x_wconf 91' lang='lat' dir='ltr'><strong>et</strong></span> <span class='ocrx_word' id='word_1_467' title='bbox 3468 2050 3808 2135; x_wconf 83' lang='lat' dir='ltr'><strong>profanum</strong></span> <span class='ocrx_word' id='word_1_468' title='bbox 3855 2061 4072 2117; x_wconf 85' lang='lat' dir='ltr'><strong>tamen</strong></span> <span class='ocrx_word' id='word_1_469' title='bbox 4113 2051 4442 2119; x_wconf 88' lang='lat' dir='ltr'><strong>Samuelis</strong></span> <span class='ocrx_word' id='word_1_470' title='bbox 4486 2051 4782 2136; x_wconf 84' lang='lat' dir='ltr'><strong>reprehen-</strong></span> 
     </span>
     <span class='ocr_line' id='line_1_71' title="bbox 2897 2135 4785 2222; baseline 0 -20"><span class='ocrx_word' id='word_1_471' title='bbox 2897 2137 3079 2202; x_wconf 87' lang='lat' dir='ltr'><strong>sione</strong></span> <span class='ocrx_word' id='word_1_472' title='bbox 3124 2136 3610 2203; x_wconf 79' lang='lat' dir='ltr'><strong>vehementiore</strong></span> <span class='ocrx_word' id='word_1_473' title='bbox 3653 2148 4042 2202; x_wconf 87' lang='lat' dir='ltr'><strong>commotum</strong></span> <span class='ocrx_word' id='word_1_474' title='bbox 4089 2150 4157 2203; x_wconf 90' lang='lat' dir='ltr'><strong>et</strong></span> <span class='ocrx_word' id='word_1_475' title='bbox 4199 2135 4668 2222; x_wconf 83' lang='lat' dir='ltr'><strong>quodammodo</strong></span> <span class='ocrx_word' id='word_1_476' title='bbox 4703 2136 4785 2202; x_wconf 81' lang='lat' dir='ltr'><strong>do·</strong></span> 
     </span>
     <span class='ocr_line' id='line_1_72' title="bbox 2899 2218 4785 2308; baseline 0 -22"><span class='ocrx_word' id='word_1_477' title='bbox 2899 2220 3177 2287; x_wconf 86' lang='lat' dir='ltr'><strong>mitum?</strong></span> <span class='ocrx_word' id='word_1_478' title='bbox 3253 2219 3329 2288; x_wconf 88' lang='lat' dir='ltr'><strong>Si</strong></span> <span class='ocrx_word' id='word_1_479' title='bbox 3372 2220 3431 2287; x_wconf 92' lang='lat' dir='ltr'><strong>is</strong></span> <span class='ocrx_word' id='word_1_480' title='bbox 3475 2221 3587 2305; x_wconf 92' lang='lat' dir='ltr'><strong>qui</strong></span> <span class='ocrx_word' id='word_1_481' title='bbox 3633 2218 3761 2287; x_wconf 91' lang='lat' dir='ltr'><strong>Dei</strong></span> <span class='ocrx_word' id='word_1_482' title='bbox 3806 2222 4077 2306; x_wconf 88' lang='lat' dir='ltr'><strong>spiritus</strong></span> <span class='ocrx_word' id='word_1_483' title='bbox 4140 2225 4356 2308; x_wconf 90' lang='lat' dir='ltr'><strong>gratia</strong></span> <span class='ocrx_word' id='word_1_484' title='bbox 4401 2243 4645 2289; x_wconf 85' lang='lat' dir='ltr'><strong>vacuus</strong></span> <span class='ocrx_word' id='word_1_485' title='bbox 4682 2231 4785 2288; x_wconf 74' lang='lat' dir='ltr'><strong>erat</strong></span> 
     </span>
     <span class='ocr_line' id='line_1_73' title="bbox 2899 2306 4785 2390; baseline -0.001 -17"><span class='ocrx_word' id='word_1_486' title='bbox 2899 2319 3117 2374; x_wconf 89' lang='lat' dir='ltr'><strong>tamen</strong></span> <span class='ocrx_word' id='word_1_487' title='bbox 3165 2308 3559 2373; x_wconf 90' lang='lat' dir='ltr'><strong>contremuit</strong></span> <span class='ocrx_word' id='word_1_488' title='bbox 3600 2316 3668 2372; x_wconf 91' lang='lat' dir='ltr'><strong>et</strong></span> <span class='ocrx_word' id='word_1_489' title='bbox 3710 2306 4105 2390; x_wconf 88' lang='lat' dir='ltr'><strong>poenitentia</strong></span> <span class='ocrx_word' id='word_1_490' title='bbox 4141 2319 4354 2376; x_wconf 88' lang='lat' dir='ltr'><strong>tactus</strong></span> <span class='ocrx_word' id='word_1_491' title='bbox 4394 2319 4519 2388; x_wconf 86' lang='lat' dir='ltr'><strong>est,</strong></span> <span class='ocrx_word' id='word_1_492' title='bbox 4605 2308 4701 2373; x_wconf 87' lang='lat' dir='ltr'><strong>uid</strong></span> <span class='ocrx_word' id='word_1_493' title='bbox 4728 2308 4785 2372; x_wconf 70' lang='lat' dir='ltr'><strong>iis</strong></span> 
     </span>
     <span class='ocr_line' id='line_1_74' title="bbox 2899 2391 4784 2477; baseline -0.001 -18"><span class='ocrx_word' id='word_1_494' title='bbox 2899 2392 3197 2460; x_wconf 84' lang='lat' dir='ltr'><strong>futurum</strong></span> <span class='ocrx_word' id='word_1_495' title='bbox 3240 2402 3343 2460; x_wconf 91' lang='lat' dir='ltr'><strong>est</strong></span> <span class='ocrx_word' id='word_1_496' title='bbox 3385 2394 3496 2477; x_wconf 90' lang='lat' dir='ltr'><strong>qui</strong></span> <span class='ocrx_word' id='word_1_497' title='bbox 3552 2391 3623 2458; x_wconf 88' lang='lat' dir='ltr'><strong>in</strong></span> <span class='ocrx_word' id='word_1_498' title='bbox 3668 2393 4026 2476; x_wconf 85' lang='lat' dir='ltr'><strong>pertinacia</strong></span> <span class='ocrx_word' id='word_1_499' title='bbox 4081 2395 4569 2477; x_wconf 86' lang='lat' dir='ltr'><strong>permanserint</strong></span> <span class='ocrx_word' id='word_1_500' title='bbox 4684 2394 4784 2459; x_wconf 78' lang='lat' dir='ltr'><strong>Noe</strong></span> 
     </span>
     <span class='ocr_line' id='line_1_75' title="bbox 2899 2476 4783 2565; baseline 0.001 -22"><span class='ocrx_word' id='word_1_501' title='bbox 2899 2479 3104 2565; x_wconf 89' lang='lat' dir='ltr'><strong>igitur</strong></span> <span class='ocrx_word' id='word_1_502' title='bbox 3147 2479 3219 2543; x_wconf 91' lang='lat' dir='ltr'><strong>in</strong></span> <span class='ocrx_word' id='word_1_503' title='bbox 3262 2478 3491 2563; x_wconf 88' lang='lat' dir='ltr'><strong>primis</strong></span> <span class='ocrx_word' id='word_1_504' title='bbox 3531 2479 3688 2544; x_wconf 89' lang='lat' dir='ltr'><strong>hinc</strong></span> <span class='ocrx_word' id='word_1_505' title='bbox 3733 2476 4076 2556; x_wconf 89' lang='lat' dir='ltr'><strong>discamus,</strong></span> <span class='ocrx_word' id='word_1_506' title='bbox 4123 2481 4178 2544; x_wconf 90' lang='lat' dir='ltr'><strong>si</strong></span> <span class='ocrx_word' id='word_1_507' title='bbox 4222 2489 4372 2562; x_wconf 85' lang='lat' dir='ltr'><strong>post</strong></span> <span class='ocrx_word' id='word_1_508' title='bbox 4418 2479 4665 2564; x_wconf 88' lang='lat' dir='ltr'><strong>lapsum</strong></span> <span class='ocrx_word' id='word_1_509' title='bbox 4704 2477 4783 2544; x_wconf 78' lang='lat' dir='ltr'><strong>ad·</strong></span> 
     </span>
     <span class='ocr_line' id='line_1_76' title="bbox 2900 2564 4788 2646; baseline -0.001 -16"><span class='ocrx_word' id='word_1_510' title='bbox 2900 2585 3300 2646; x_wconf 89' lang='lat' dir='ltr'><strong>moneamur,</strong></span> <span class='ocrx_word' id='word_1_511' title='bbox 3357 2573 3424 2630; x_wconf 89' lang='lat' dir='ltr'><strong>et</strong></span> <span class='ocrx_word' id='word_1_512' title='bbox 3479 2573 3722 2630; x_wconf 89' lang='lat' dir='ltr'><strong>rectam</strong></span> <span class='ocrx_word' id='word_1_513' title='bbox 3785 2564 3960 2630; x_wconf 85' lang='lat' dir='ltr'><strong>viam</strong></span> <span class='ocrx_word' id='word_1_514' title='bbox 4017 2564 4400 2646; x_wconf 82' lang='lat' dir='ltr'><strong>doceamur,</strong></span> <span class='ocrx_word' id='word_1_515' title='bbox 4468 2577 4537 2631; x_wconf 87' lang='lat' dir='ltr'><strong>et</strong></span> <span class='ocrx_word' id='word_1_516' title='bbox 4592 2565 4788 2631; x_wconf 77' lang='lat' dir='ltr'><strong>acriore</strong></span> 
     </span>
     <span class='ocr_line' id='line_1_77' title="bbox 2901 2649 4787 2736; baseline -0.001 -20"><span class='ocrx_word' id='word_1_517' title='bbox 2901 2650 3121 2733; x_wconf 88' lang='lat' dir='ltr'><strong>aliqua</strong></span> <span class='ocrx_word' id='word_1_518' title='bbox 3162 2649 3668 2736; x_wconf 85' lang='lat' dir='ltr'><strong>reprehensione</strong></span> <span class='ocrx_word' id='word_1_519' title='bbox 3732 2649 4163 2730; x_wconf 83' lang='lat' dir='ltr'><strong>stimulemur,</strong></span> <span class='ocrx_word' id='word_1_520' title='bbox 4225 2663 4586 2735; x_wconf 89' lang='lat' dir='ltr'><strong>nostraque</strong></span> <span class='ocrx_word' id='word_1_521' title='bbox 4627 2649 4787 2732; x_wconf 82' lang='lat' dir='ltr'><strong>turpi·</strong></span> 
     </span>
     <span class='ocr_line' id='line_1_78' title="bbox 2900 2733 4789 2824; baseline -0.001 -23"><span class='ocrx_word' id='word_1_522' title='bbox 2900 2736 3081 2815; x_wconf 91' lang='lat' dir='ltr'><strong>tudo,</strong></span> <span class='ocrx_word' id='word_1_523' title='bbox 3126 2733 3525 2821; x_wconf 87' lang='lat' dir='ltr'><strong>ingratitudo</strong></span> <span class='ocrx_word' id='word_1_524' title='bbox 3568 2746 3635 2801; x_wconf 90' lang='lat' dir='ltr'><strong>et</strong></span> <span class='ocrx_word' id='word_1_525' title='bbox 3678 2735 3926 2800; x_wconf 90' lang='lat' dir='ltr'><strong>malitia</strong></span> <span class='ocrx_word' id='word_1_526' title='bbox 3972 2735 4315 2824; x_wconf 88' lang='lat' dir='ltr'><strong>detegatur</strong></span> <span class='ocrx_word' id='word_1_527' title='bbox 4359 2745 4431 2802; x_wconf 89' lang='lat' dir='ltr'><strong>et</strong></span> <span class='ocrx_word' id='word_1_528' title='bbox 4474 2736 4789 2814; x_wconf 79' lang='lat' dir='ltr'><strong>obiiciatur,</strong></span> 
     </span>
     <span class='ocr_line' id='line_1_79' title="bbox 2900 2820 4785 2906; baseline -0.001 -19"><span class='ocrx_word' id='word_1_529' title='bbox 2900 2821 3183 2905; x_wconf 90' lang='lat' dir='ltr'><strong>denique</strong></span> <span class='ocrx_word' id='word_1_530' title='bbox 3240 2820 3299 2896; x_wconf 82' lang='lat' dir='ltr'><strong>si</strong></span> <span class='ocrx_word' id='word_1_531' title='bbox 3355 2821 3569 2887; x_wconf 88' lang='lat' dir='ltr'><strong>acrius</strong></span> <span class='ocrx_word' id='word_1_532' title='bbox 3623 2830 3690 2886; x_wconf 89' lang='lat' dir='ltr'><strong>et</strong></span> <span class='ocrx_word' id='word_1_533' title='bbox 3737 2821 4190 2888; x_wconf 86' lang='lat' dir='ltr'><strong>vehementius</strong></span> <span class='ocrx_word' id='word_1_534' title='bbox 4245 2821 4785 2906; x_wconf 82' lang='lat' dir='ltr'><strong>reprehendamur.</strong></span> 
     </span>
     <span class='ocr_line' id='line_1_80' title="bbox 2899 2906 4788 2993; baseline 0 -20"><span class='ocrx_word' id='word_1_535' title='bbox 2899 2929 3017 2978; x_wconf 88' lang='lat' dir='ltr'><strong>nos</strong></span> <span class='ocrx_word' id='word_1_536' title='bbox 3060 2907 3236 2992; x_wconf 89' lang='lat' dir='ltr'><strong>ipsos</strong></span> <span class='ocrx_word' id='word_1_537' title='bbox 3279 2906 3636 2986; x_wconf 89' lang='lat' dir='ltr'><strong>continere,</strong></span> <span class='ocrx_word' id='word_1_538' title='bbox 3680 2916 3744 2972; x_wconf 85' lang='lat' dir='ltr'><strong>et</strong></span> <span class='ocrx_word' id='word_1_539' title='bbox 3787 2906 3856 2971; x_wconf 89' lang='lat' dir='ltr'><strong>in</strong></span> <span class='ocrx_word' id='word_1_540' title='bbox 3901 2908 4183 2990; x_wconf 87' lang='lat' dir='ltr'><strong>peccatis</strong></span> <span class='ocrx_word' id='word_1_541' title='bbox 4217 2927 4348 2973; x_wconf 89' lang='lat' dir='ltr'><strong>non</strong></span> <span class='ocrx_word' id='word_1_542' title='bbox 4391 2926 4788 2993; x_wconf 70' lang='lat' dir='ltr'><strong>perseverare,</strong></span> 
     </span>
     <span class='ocr_line' id='line_1_81' title="bbox 2898 2991 4788 3061; baseline -0.001 -2"><span class='ocrx_word' id='word_1_543' title='bbox 2898 2993 3011 3060; x_wconf 87' lang='lat' dir='ltr'><strong>sed</strong></span> <span class='ocrx_word' id='word_1_544' title='bbox 3159 2993 3291 3059; x_wconf 86' lang='lat' dir='ltr'><strong>tius</strong></span> <span class='ocrx_word' id='word_1_545' title='bbox 3345 2991 3427 3058; x_wconf 88' lang='lat' dir='ltr'><strong>ad</strong></span> <span class='ocrx_word' id='word_1_546' title='bbox 3477 2993 3715 3058; x_wconf 90' lang='lat' dir='ltr'><strong>bonam</strong></span> <span class='ocrx_word' id='word_1_547' title='bbox 3780 3001 4063 3058; x_wconf 91' lang='lat' dir='ltr'><strong>mentem</strong></span> <span class='ocrx_word' id='word_1_548' title='bbox 4130 2993 4391 3060; x_wconf 87' lang='lat' dir='ltr'><strong>reverti.</strong></span> <span class='ocrx_word' id='word_1_549' title='bbox 4485 2993 4788 3061; x_wconf 69' lang='lat' dir='ltr'><strong>caeterum</strong></span> 
     </span>
     <span class='ocr_line' id='line_1_82' title="bbox 2899 3077 4791 3164; baseline -0.002 -19"><span class='ocrx_word' id='word_1_550' title='bbox 2899 3080 3021 3147; x_wconf 87' lang='lat' dir='ltr'><strong>etsi</strong></span> <span class='ocrx_word' id='word_1_551' title='bbox 3099 3078 3205 3144; x_wconf 88' lang='lat' dir='ltr'><strong>aul</strong></span> <span class='ocrx_word' id='word_1_552' title='bbox 3242 3086 3577 3163; x_wconf 89' lang='lat' dir='ltr'><strong>peccatum</strong></span> <span class='ocrx_word' id='word_1_553' title='bbox 3624 3077 3935 3164; x_wconf 80' lang='lat' dir='ltr'><strong>agnoscit,</strong></span> <span class='ocrx_word' id='word_1_554' title='bbox 3979 3100 4107 3144; x_wconf 90' lang='lat' dir='ltr'><strong>non</strong></span> <span class='ocrx_word' id='word_1_555' title='bbox 4153 3089 4371 3146; x_wconf 86' lang='lat' dir='ltr'><strong>tamen</strong></span> <span class='ocrx_word' id='word_1_556' title='bbox 4420 3078 4569 3145; x_wconf 90' lang='lat' dir='ltr'><strong>sine</strong></span> <span class='ocrx_word' id='word_1_557' title='bbox 4611 3097 4791 3162; x_wconf 81' lang='lat' dir='ltr'><strong>excep·</strong></span> 
     </span>
     <span class='ocr_line' id='line_1_83' title="bbox 2898 3162 4789 3249; baseline -0.001 -18"><span class='ocrx_word' id='word_1_558' title='bbox 2898 3167 3105 3231; x_wconf 85' lang='lat' dir='ltr'><strong>tione:</strong></span> <span class='ocrx_word' id='word_1_559' title='bbox 3152 3165 3409 3248; x_wconf 83' lang='lat' dir='ltr'><strong>quaerit</strong></span> <span class='ocrx_word' id='word_1_560' title='bbox 3450 3164 3626 3229; x_wconf 87' lang='lat' dir='ltr'><strong>enim</strong></span> <span class='ocrx_word' id='word_1_561' title='bbox 3671 3162 3888 3230; x_wconf 88' lang='lat' dir='ltr'><strong>adhuc</strong></span> <span class='ocrx_word' id='word_1_562' title='bbox 3928 3163 4187 3249; x_wconf 87' lang='lat' dir='ltr'><strong>aliquod</strong></span> <span class='ocrx_word' id='word_1_563' title='bbox 4223 3165 4571 3249; x_wconf 84' lang='lat' dir='ltr'><strong>effugium,</strong></span> <span class='ocrx_word' id='word_1_564' title='bbox 4614 3164 4789 3230; x_wconf 74' lang='lat' dir='ltr'><strong>dicem</strong></span> 
     </span>
     <span class='ocr_line' id='line_1_84' title="bbox 2899 3247 4787 3334; baseline -0.002 -17"><span class='ocrx_word' id='word_1_565' title='bbox 2899 3273 2968 3317; x_wconf 90' lang='lat' dir='ltr'><strong>se</strong></span> <span class='ocrx_word' id='word_1_566' title='bbox 3013 3251 3326 3318; x_wconf 88' lang='lat' dir='ltr'><strong>metuisse</strong></span> <span class='ocrx_word' id='word_1_567' title='bbox 3367 3249 3716 3334; x_wconf 86' lang='lat' dir='ltr'><strong>populum:</strong></span> <span class='ocrx_word' id='word_1_568' title='bbox 3761 3247 3967 3331; x_wconf 78' lang='lat' dir='ltr'><strong>Quasi</strong></span> <span class='ocrx_word' id='word_1_569' title='bbox 4013 3249 4269 3333; x_wconf 88' lang='lat' dir='ltr'><strong>culpam</strong></span> <span class='ocrx_word' id='word_1_570' title='bbox 4312 3272 4580 3316; x_wconf 89' lang='lat' dir='ltr'><strong>omnem</strong></span> <span class='ocrx_word' id='word_1_571' title='bbox 4616 3251 4677 3315; x_wconf 90' lang='lat' dir='ltr'><strong>in</strong></span> <span class='ocrx_word' id='word_1_572' title='bbox 4713 3268 4787 3313; x_wconf 72' lang='lat' dir='ltr'><strong>eon</strong></span> 
     </span>
     <span class='ocr_line' id='line_1_85' title="bbox 2899 3334 4789 3420; baseline -0.003 -17"><span class='ocrx_word' id='word_1_573' title='bbox 2899 3337 3203 3403; x_wconf 90' lang='lat' dir='ltr'><strong>coniiciat</strong></span> <span class='ocrx_word' id='word_1_574' title='bbox 3259 3335 3372 3420; x_wconf 92' lang='lat' dir='ltr'><strong>qui</strong></span> <span class='ocrx_word' id='word_1_575' title='bbox 3430 3334 3556 3401; x_wconf 90' lang='lat' dir='ltr'><strong>sibi</strong></span> <span class='ocrx_word' id='word_1_576' title='bbox 3609 3341 3869 3401; x_wconf 88' lang='lat' dir='ltr'><strong>autores</strong></span> <span class='ocrx_word' id='word_1_577' title='bbox 3931 3336 4191 3402; x_wconf 82' lang='lat' dir='ltr'><strong>fuerant</strong></span> <span class='ocrx_word' id='word_1_578' title='bbox 4254 3336 4649 3403; x_wconf 85' lang='lat' dir='ltr'><strong>reservandi</strong></span> <span class='ocrx_word' id='word_1_579' title='bbox 4692 3345 4789 3399; x_wconf 74' lang='lat' dir='ltr'><strong>tam</strong></span> 
     </span>
     <span class='ocr_line' id='line_1_86' title="bbox 2895 3417 4789 3509; baseline -0.003 -20"><span class='ocrx_word' id='word_1_580' title='bbox 2895 3422 3203 3509; x_wconf 88' lang='lat' dir='ltr'><strong>Agagum</strong></span> <span class='ocrx_word' id='word_1_581' title='bbox 3227 3420 3738 3488; x_wconf 83' lang='lat' dir='ltr'><strong>Amalecitarum</strong></span> <span class='ocrx_word' id='word_1_582' title='bbox 3775 3441 4017 3505; x_wconf 88' lang='lat' dir='ltr'><strong>regem,</strong></span> <span class='ocrx_word' id='word_1_583' title='bbox 4053 3444 4249 3506; x_wconf 89' lang='lat' dir='ltr'><strong>quam</strong></span> <span class='ocrx_word' id='word_1_584' title='bbox 4273 3422 4537 3507; x_wconf 86' lang='lat' dir='ltr'><strong>opimas</strong></span> <span class='ocrx_word' id='word_1_585' title='bbox 4562 3417 4789 3508; x_wconf 75' lang='lat' dir='ltr'><strong>pecudes</strong></span> 
     </span>
     <span class='ocr_line' id='line_1_87' title="bbox 2894 3504 4791 3593; baseline -0.002 -19"><span class='ocrx_word' id='word_1_586' title='bbox 2894 3508 2964 3574; x_wconf 89' lang='lat' dir='ltr'><strong>in</strong></span> <span class='ocrx_word' id='word_1_587' title='bbox 3028 3508 3327 3574; x_wconf 85' lang='lat' dir='ltr'><strong>victimas</strong></span> <span class='ocrx_word' id='word_1_588' title='bbox 3391 3514 3455 3572; x_wconf 90' lang='lat' dir='ltr'><strong>et</strong></span> <span class='ocrx_word' id='word_1_589' title='bbox 3519 3506 3916 3573; x_wconf 86' lang='lat' dir='ltr'><strong>holocausta.</strong></span> <span class='ocrx_word' id='word_1_590' title='bbox 4023 3505 4201 3574; x_wconf 90' lang='lat' dir='ltr'><strong>Sane</strong></span> <span class='ocrx_word' id='word_1_591' title='bbox 4272 3509 4499 3593; x_wconf 88' lang='lat' dir='ltr'><strong>potuit</strong></span> <span class='ocrx_word' id='word_1_592' title='bbox 4563 3504 4791 3593; x_wconf 72' lang='lat' dir='ltr'><strong>populus</strong></span> 
     </span>
     <span class='ocr_line' id='line_1_88' title="bbox 2896 3591 4789 3680; baseline 0.001 -21"><span class='ocrx_word' id='word_1_593' title='bbox 2896 3615 3117 3680; x_wconf 89' lang='lat' dir='ltr'><strong>regem</strong></span> <span class='ocrx_word' id='word_1_594' title='bbox 3164 3592 3527 3671; x_wconf 90' lang='lat' dir='ltr'><strong>sollicitare,</strong></span> <span class='ocrx_word' id='word_1_595' title='bbox 3572 3600 3638 3658; x_wconf 91' lang='lat' dir='ltr'><strong>et</strong></span> <span class='ocrx_word' id='word_1_596' title='bbox 3682 3592 3963 3662; x_wconf 89' lang='lat' dir='ltr'><strong>suboriri</strong></span> <span class='ocrx_word' id='word_1_597' title='bbox 3997 3595 4066 3660; x_wconf 90' lang='lat' dir='ltr'><strong>in</strong></span> <span class='ocrx_word' id='word_1_598' title='bbox 4103 3592 4288 3676; x_wconf 91' lang='lat' dir='ltr'><strong>plebe</strong></span> <span class='ocrx_word' id='word_1_599' title='bbox 4309 3615 4637 3660; x_wconf 89' lang='lat' dir='ltr'><strong>murmur.</strong></span> <span class='ocrx_word' id='word_1_600' title='bbox 4694 3591 4789 3655; x_wconf 78' lang='lat' dir='ltr'><strong>Ve-</strong></span> 
     </span>
     <span class='ocr_line' id='line_1_89' title="bbox 2897 3677 4791 3763; baseline -0.002 -17"><span class='ocrx_word' id='word_1_601' title='bbox 2897 3700 3046 3746; x_wconf 89' lang='lat' dir='ltr'><strong>rum</strong></span> <span class='ocrx_word' id='word_1_602' title='bbox 3085 3691 3303 3745; x_wconf 89' lang='lat' dir='ltr'><strong>tamen</strong></span> <span class='ocrx_word' id='word_1_603' title='bbox 3349 3679 3416 3744; x_wconf 90' lang='lat' dir='ltr'><strong>in</strong></span> <span class='ocrx_word' id='word_1_604' title='bbox 3453 3677 3576 3745; x_wconf 88' lang='lat' dir='ltr'><strong>hoe</strong></span> <span class='ocrx_word' id='word_1_605' title='bbox 3598 3677 3846 3744; x_wconf 89' lang='lat' dir='ltr'><strong>malum</strong></span> <span class='ocrx_word' id='word_1_606' title='bbox 3878 3680 4228 3759; x_wconf 77' lang='lat' dir='ltr'><strong>consensit,</strong></span> <span class='ocrx_word' id='word_1_607' title='bbox 4270 3678 4454 3763; x_wconf 89' lang='lat' dir='ltr'><strong>qnod</strong></span> <span class='ocrx_word' id='word_1_608' title='bbox 4499 3679 4791 3746; x_wconf 71' lang='lat' dir='ltr'><strong>autoritate</strong></span> 
     </span>
     <span class='ocr_line' id='line_1_90' title="bbox 2943 3762 4724 3851; baseline -0.001 -19"><span class='ocrx_word' id='word_1_609' title='bbox 2943 3787 3030 3832; x_wconf 91' lang='lat' dir='ltr'><strong>ua</strong></span> <span class='ocrx_word' id='word_1_610' title='bbox 3075 3765 3332 3831; x_wconf 86' lang='lat' dir='ltr'><strong>valebat</strong></span> <span class='ocrx_word' id='word_1_611' title='bbox 3377 3763 3549 3848; x_wconf 92' lang='lat' dir='ltr'><strong>apud</strong></span> <span class='ocrx_word' id='word_1_612' title='bbox 3596 3762 3912 3849; x_wconf 85' lang='lat' dir='ltr'><strong>populum</strong></span> <span class='ocrx_word' id='word_1_613' title='bbox 3956 3772 4212 3851; x_wconf 87' lang='lat' dir='ltr'><strong>poterat</strong></span> <span class='ocrx_word' id='word_1_614' title='bbox 4266 3764 4440 3832; x_wconf 91' lang='lat' dir='ltr'><strong>illud</strong></span> <span class='ocrx_word' id='word_1_615' title='bbox 4503 3765 4597 3831; x_wconf 91' lang='lat' dir='ltr'><strong>im</strong></span> <span class='ocrx_word' id='word_1_616' title='bbox 4712 3763 4724 3777; x_wconf 88' lang='lat'>&#39;</span> 
     </span>
    </p>

    <p class='ocr_par' dir='ltr' id='par_1_10' title="bbox 2898 3848 4795 4019">
     <span class='ocr_line' id='line_1_91' title="bbox 2953 3848 4795 3936; baseline -0.002 -20"><span class='ocrx_word' id='word_1_617' title='bbox 2953 3850 3032 3916; x_wconf 89' lang='lat' dir='ltr'><strong>ed</strong></span> <span class='ocrx_word' id='word_1_618' title='bbox 3076 3850 3229 3934; x_wconf 92' lang='lat' dir='ltr'><strong>quid</strong></span> <span class='ocrx_word' id='word_1_619' title='bbox 3275 3850 3589 3935; x_wconf 89' lang='lat' dir='ltr'><strong>populum</strong></span> <span class='ocrx_word' id='word_1_620' title='bbox 3648 3860 3971 3930; x_wconf 88' lang='lat' dir='ltr'><strong>causatur,</strong></span> <span class='ocrx_word' id='word_1_621' title='bbox 4039 3851 4149 3935; x_wconf 93' lang='lat' dir='ltr'><strong>qui</strong></span> <span class='ocrx_word' id='word_1_622' title='bbox 4208 3849 4351 3935; x_wconf 88' lang='lat' dir='ltr'><strong>ipse</strong></span> <span class='ocrx_word' id='word_1_623' title='bbox 4417 3872 4599 3936; x_wconf 86' lang='lat' dir='ltr'><strong>popu</strong></span> <span class='ocrx_word' id='word_1_624' title='bbox 4622 3871 4658 3915; x_wconf 89' lang='lat' dir='ltr'><strong>o</strong></span> <span class='ocrx_word' id='word_1_625' title='bbox 4697 3848 4795 3913; x_wconf 80' lang='lat' dir='ltr'><strong>dux</strong></span> 
     </span>
     <span class='ocr_line' id='line_1_92' title="bbox 2898 3934 4793 4019; baseline -0.003 -16"><span class='ocrx_word' id='word_1_626' title='bbox 2898 3946 2964 4003; x_wconf 88' lang='lat' dir='ltr'><strong>et</strong></span> <span class='ocrx_word' id='word_1_627' title='bbox 3009 3947 3197 4003; x_wconf 90' lang='lat' dir='ltr'><strong>autor</strong></span> <span class='ocrx_word' id='word_1_628' title='bbox 3240 3937 3383 4017; x_wconf 88' lang='lat' dir='ltr'><strong>fuit,</strong></span> <span class='ocrx_word' id='word_1_629' title='bbox 3428 3945 3496 4001; x_wconf 90' lang='lat' dir='ltr'><strong>et</strong></span> <span class='ocrx_word' id='word_1_630' title='bbox 3540 3956 3670 4001; x_wconf 90' lang='lat' dir='ltr'><strong>non</strong></span> <span class='ocrx_word' id='word_1_631' title='bbox 3716 3934 3995 4019; x_wconf 87' lang='lat' dir='ltr'><strong>simplici</strong></span> <span class='ocrx_word' id='word_1_632' title='bbox 4040 3936 4257 4002; x_wconf 88' lang='lat' dir='ltr'><strong>studio</strong></span> <span class='ocrx_word' id='word_1_633' title='bbox 4302 3936 4715 4004; x_wconf 82' lang='lat' dir='ltr'><strong>victimarum</strong></span> <span class='ocrx_word' id='word_1_634' title='bbox 4748 3941 4793 3997; x_wconf 78' lang='lat' dir='ltr'><strong>st</strong></span> 
     </span>
    </p>
   </div>
   <div class='ocr_carea' id='block_1_10' title="bbox 2900 4020 4889 4106">
    <p class='ocr_par' dir='ltr' id='par_1_11' title="bbox 2900 4020 4889 4106">
     <span class='ocr_line' id='line_1_93' title="bbox 2900 4020 4889 4106; baseline -0.003 -18"><span class='ocrx_word' id='word_1_635' title='bbox 2900 4022 3418 4089; x_wconf 90' lang='lat' dir='ltr'><strong>holocaustorum</strong></span> <span class='ocrx_word' id='word_1_636' title='bbox 3465 4020 3749 4105; x_wconf 87' lang='lat' dir='ltr'><strong>pecudes</strong></span> <span class='ocrx_word' id='word_1_637' title='bbox 3782 4022 4165 4099; x_wconf 84' lang='lat' dir='ltr'><strong>reservavit,</strong></span> <span class='ocrx_word' id='word_1_638' title='bbox 4203 4020 4316 4088; x_wconf 91' lang='lat' dir='ltr'><strong>sed</strong></span> <span class='ocrx_word' id='word_1_639' title='bbox 4353 4044 4569 4106; x_wconf 84' lang='lat' dir='ltr'><strong>pravo</strong></span> <span class='ocrx_word' id='word_1_640' title='bbox 4602 4021 4791 4087; x_wconf 78' lang='lat' dir='ltr'><strong>affectu</strong></span> <span class='ocrx_word' id='word_1_641' title='bbox 4888 4101 4889 4104; x_wconf 8' lang='grc' dir='ltr'><strong>Ἴ</strong></span> 
     </span>
    </p>
   </div>
   <div class='ocr_carea' id='block_1_11' title="bbox 2897 4106 4790 4536">
    <p class='ocr_par' dir='ltr' id='par_1_12' title="bbox 2897 4106 4790 4536">
     <span class='ocr_line' id='line_1_94' title="bbox 2898 4106 4789 4194; baseline -0.004 -19"><span class='ocrx_word' id='word_1_642' title='bbox 2898 4109 3104 4194; x_wconf 86' lang='lat' dir='ltr'><strong>spolia</strong></span> <span class='ocrx_word' id='word_1_643' title='bbox 3148 4109 3390 4174; x_wconf 86' lang='lat' dir='ltr'><strong>referre</strong></span> <span class='ocrx_word' id='word_1_644' title='bbox 3438 4106 3662 4188; x_wconf 89' lang='lat' dir='ltr'><strong>voluit,</strong></span> <span class='ocrx_word' id='word_1_645' title='bbox 3707 4116 3782 4171; x_wconf 90' lang='lat' dir='ltr'><strong>ut</strong></span> <span class='ocrx_word' id='word_1_646' title='bbox 3825 4111 3979 4175; x_wconf 89' lang='lat' dir='ltr'><strong>ante</strong></span> <span class='ocrx_word' id='word_1_647' title='bbox 4023 4107 4412 4174; x_wconf 81' lang='lat' dir='ltr'><strong>docuimus?</strong></span> <span class='ocrx_word' id='word_1_648' title='bbox 4462 4107 4599 4176; x_wconf 84' lang='lat' dir='ltr'><strong>Sed</strong></span> <span class='ocrx_word' id='word_1_649' title='bbox 4642 4106 4789 4190; x_wconf 72' lang='lat' dir='ltr'><strong>agite,</strong></span> 
     </span>
     <span class='ocr_line' id='line_1_95' title="bbox 2897 4192 4789 4279; baseline -0.001 -18"><span class='ocrx_word' id='word_1_650' title='bbox 2897 4215 3161 4262; x_wconf 90' lang='lat' dir='ltr'><strong>causam</strong></span> <span class='ocrx_word' id='word_1_651' title='bbox 3207 4196 3394 4259; x_wconf 86' lang='lat' dir='ltr'><strong>istius</strong></span> <span class='ocrx_word' id='word_1_652' title='bbox 3438 4201 3652 4260; x_wconf 91' lang='lat' dir='ltr'><strong>metus</strong></span> <span class='ocrx_word' id='word_1_653' title='bbox 3697 4214 3824 4278; x_wconf 90' lang='lat' dir='ltr'><strong>quo</strong></span> <span class='ocrx_word' id='word_1_654' title='bbox 3866 4215 3938 4259; x_wconf 92' lang='lat' dir='ltr'><strong>se</strong></span> <span class='ocrx_word' id='word_1_655' title='bbox 3981 4203 4297 4278; x_wconf 87' lang='lat' dir='ltr'><strong>tanquam</strong></span> <span class='ocrx_word' id='word_1_656' title='bbox 4339 4192 4580 4279; x_wconf 81' lang='lat' dir='ltr'><strong>clypeo</strong></span> <span class='ocrx_word' id='word_1_657' title='bbox 4621 4206 4789 4276; x_wconf 72' lang='lat' dir='ltr'><strong>tegam</strong></span> 
     </span>
     <span class='ocr_line' id='line_1_96' title="bbox 2900 4278 4790 4364; baseline -0.003 -20"><span class='ocrx_word' id='word_1_658' title='bbox 2900 4280 3135 4346; x_wconf 86' lang='lat' dir='ltr'><strong>nititur</strong></span> <span class='ocrx_word' id='word_1_659' title='bbox 3180 4281 3606 4364; x_wconf 89' lang='lat' dir='ltr'><strong>inquiramus.</strong></span> <span class='ocrx_word' id='word_1_660' title='bbox 3671 4279 3775 4344; x_wconf 84' lang='lat' dir='ltr'><strong>Ea</strong></span> <span class='ocrx_word' id='word_1_661' title='bbox 3819 4288 3919 4344; x_wconf 89' lang='lat' dir='ltr'><strong>est</strong></span> <span class='ocrx_word' id='word_1_662' title='bbox 3961 4278 4333 4346; x_wconf 86' lang='lat' dir='ltr'><strong>infidelitas.</strong></span> <span class='ocrx_word' id='word_1_663' title='bbox 4401 4283 4647 4346; x_wconf 87' lang='lat' dir='ltr'><strong>Annon</strong></span> <span class='ocrx_word' id='word_1_664' title='bbox 4676 4294 4790 4341; x_wconf 78' lang='lat' dir='ltr'><strong>vem</strong></span> 
     </span>
     <span class='ocr_line' id='line_1_97' title="bbox 2899 4363 4787 4448; baseline -0.004 -17"><span class='ocrx_word' id='word_1_665' title='bbox 2899 4366 3085 4432; x_wconf 89' lang='lat' dir='ltr'><strong>Deus</strong></span> <span class='ocrx_word' id='word_1_666' title='bbox 3144 4365 3328 4432; x_wconf 90' lang='lat' dir='ltr'><strong>illum</strong></span> <span class='ocrx_word' id='word_1_667' title='bbox 3386 4365 3457 4429; x_wconf 90' lang='lat' dir='ltr'><strong>in</strong></span> <span class='ocrx_word' id='word_1_668' title='bbox 3523 4384 3747 4448; x_wconf 88' lang='lat' dir='ltr'><strong>regem</strong></span> <span class='ocrx_word' id='word_1_669' title='bbox 3812 4363 3871 4429; x_wconf 92' lang='lat' dir='ltr'><strong>el</strong></span> <span class='ocrx_word' id='word_1_670' title='bbox 3956 4364 4143 4431; x_wconf 87' lang='lat' dir='ltr'><strong>erat?</strong></span> <span class='ocrx_word' id='word_1_671' title='bbox 4230 4365 4315 4430; x_wconf 88' lang='lat' dir='ltr'><strong>In</strong></span> <span class='ocrx_word' id='word_1_672' title='bbox 4383 4367 4578 4431; x_wconf 91' lang='lat' dir='ltr'><strong>cuius</strong></span> <span class='ocrx_word' id='word_1_673' title='bbox 4639 4364 4787 4448; x_wconf 79' lang='lat' dir='ltr'><strong>igitur</strong></span> 
     </span>
     <span class='ocr_line' id='line_1_98' title="bbox 2901 4447 4784 4536; baseline -0.003 -20"><span class='ocrx_word' id='word_1_674' title='bbox 2901 4452 3304 4536; x_wconf 90' lang='lat' dir='ltr'><strong>protectione</strong></span> <span class='ocrx_word' id='word_1_675' title='bbox 3371 4461 3438 4516; x_wconf 90' lang='lat' dir='ltr'><strong>et</strong></span> <span class='ocrx_word' id='word_1_676' title='bbox 3503 4449 3713 4515; x_wconf 87' lang='lat' dir='ltr'><strong>tutela</strong></span> <span class='ocrx_word' id='word_1_677' title='bbox 3769 4459 3911 4515; x_wconf 89' lang='lat' dir='ltr'><strong>erat</strong></span> <span class='ocrx_word' id='word_1_678' title='bbox 4047 4449 4224 4518; x_wconf 89' lang='lat' dir='ltr'><strong>Sane</strong></span> <span class='ocrx_word' id='word_1_679' title='bbox 4287 4449 4450 4516; x_wconf 91' lang='lat' dir='ltr'><strong>dum</strong></span> <span class='ocrx_word' id='word_1_680' title='bbox 4522 4447 4784 4536; x_wconf 84' lang='lat' dir='ltr'><strong>populum</strong></span> 
     </span>
    </p>
   </div>
   <div class='ocr_carea' id='block_1_12' title="bbox 2899 4532 4889 4622">
    <p class='ocr_par' dir='ltr' id='par_1_13' title="bbox 2899 4532 4889 4622">
     <span class='ocr_line' id='line_1_99' title="bbox 2899 4532 4889 4622; baseline -0.005 -19"><span class='ocrx_word' id='word_1_681' title='bbox 2899 4538 3153 4615; x_wconf 88' lang='lat' dir='ltr'><strong>metuit,</strong></span> <span class='ocrx_word' id='word_1_682' title='bbox 3209 4536 3337 4602; x_wconf 90' lang='lat' dir='ltr'><strong>Dei</strong></span> <span class='ocrx_word' id='word_1_683' title='bbox 3393 4534 3651 4600; x_wconf 88' lang='lat' dir='ltr'><strong>videtur</strong></span> <span class='ocrx_word' id='word_1_684' title='bbox 3707 4534 3965 4616; x_wconf 88' lang='lat' dir='ltr'><strong>oblitus,</strong></span> <span class='ocrx_word' id='word_1_685' title='bbox 4034 4557 4074 4602; x_wconf 91' lang='lat' dir='ltr'><strong>a</strong></span> <span class='ocrx_word' id='word_1_686' title='bbox 4117 4555 4244 4620; x_wconf 92' lang='lat' dir='ltr'><strong>quo</strong></span> <span class='ocrx_word' id='word_1_687' title='bbox 4286 4536 4548 4622; x_wconf 77' lang='lat' dir='ltr'><strong>regiam</strong></span> <span class='ocrx_word' id='word_1_688' title='bbox 4592 4532 4784 4601; x_wconf 76' lang='lat' dir='ltr'><strong>autori·</strong></span> <span class='ocrx_word' id='word_1_689' title='bbox 4888 4545 4889 4554; x_wconf 58' lang='lat'>¹</span> 
     </span>
    </p>
   </div>
   <div class='ocr_carea' id='block_1_13' title="bbox 2901 4621 4785 5311">
    <p class='ocr_par' dir='ltr' id='par_1_14' title="bbox 2901 4621 4785 5311">
     <span class='ocr_line' id='line_1_100' title="bbox 2901 4621 4785 4708; baseline -0.003 -20"><span class='ocrx_word' id='word_1_690' title='bbox 2901 4634 3104 4689; x_wconf 89' lang='lat' dir='ltr'><strong>tatem</strong></span> <span class='ocrx_word' id='word_1_691' title='bbox 3150 4631 3507 4706; x_wconf 86' lang='lat' dir='ltr'><strong>acceperat,</strong></span> <span class='ocrx_word' id='word_1_692' title='bbox 3563 4631 3629 4686; x_wconf 92' lang='lat' dir='ltr'><strong>et</strong></span> <span class='ocrx_word' id='word_1_693' title='bbox 3672 4643 3711 4687; x_wconf 93' lang='lat' dir='ltr'><strong>a</strong></span> <span class='ocrx_word' id='word_1_694' title='bbox 3755 4642 3902 4706; x_wconf 87' lang='lat' dir='ltr'><strong>quc,</strong></span> <span class='ocrx_word' id='word_1_695' title='bbox 3957 4624 4197 4707; x_wconf 90' lang='lat' dir='ltr'><strong>populo</strong></span> <span class='ocrx_word' id='word_1_696' title='bbox 4241 4621 4322 4687; x_wconf 91' lang='lat' dir='ltr'><strong>de</strong></span> <span class='ocrx_word' id='word_1_697' title='bbox 4366 4624 4517 4708; x_wconf 86' lang='lat' dir='ltr'><strong>ipso</strong></span> <span class='ocrx_word' id='word_1_698' title='bbox 4559 4641 4678 4688; x_wconf 89' lang='lat' dir='ltr'><strong>non</strong></span> <span class='ocrx_word' id='word_1_699' title='bbox 4712 4637 4785 4683; x_wconf 79' lang='lat' dir='ltr'><strong>co-</strong></span> 
     </span>
     <span class='ocr_line' id='line_1_101' title="bbox 2949 4703 4783 4794; baseline -0.001 -23"><span class='ocrx_word' id='word_1_700' title='bbox 2949 4709 3172 4790; x_wconf 82' lang='lat' dir='ltr'><strong>&#39;tante,</strong></span> <span class='ocrx_word' id='word_1_701' title='bbox 3232 4728 3574 4792; x_wconf 86' lang='lat' dir='ltr'><strong>prosperos</strong></span> <span class='ocrx_word' id='word_1_702' title='bbox 3630 4706 3701 4772; x_wconf 90' lang='lat' dir='ltr'><strong>in</strong></span> <span class='ocrx_word' id='word_1_703' title='bbox 3758 4706 3876 4773; x_wconf 90' lang='lat' dir='ltr'><strong>illa</strong></span> <span class='ocrx_word' id='word_1_704' title='bbox 3930 4706 4252 4794; x_wconf 85' lang='lat' dir='ltr'><strong>dignitate</strong></span> <span class='ocrx_word' id='word_1_705' title='bbox 4312 4729 4649 4775; x_wconf 82' lang='lat' dir='ltr'><strong>successus</strong></span> <span class='ocrx_word' id='word_1_706' title='bbox 4704 4703 4783 4769; x_wconf 77' lang='lat' dir='ltr'><strong>lu·</strong></span> 
     </span>
     <span class='ocr_line' id='line_1_102' title="bbox 2901 4731 4783 4877; baseline -0.004 -16"><span class='ocrx_word' id='word_1_707' title='bbox 2901 4731 3154 4861; x_wconf 51' lang='lat' dir='ltr'><strong>ffuerat.</strong></span> <span class='ocrx_word' id='word_1_708' title='bbox 3239 4792 3476 4859; x_wconf 88' lang='lat' dir='ltr'><strong>Nonne</strong></span> <span class='ocrx_word' id='word_1_709' title='bbox 3542 4813 3697 4877; x_wconf 90' lang='lat' dir='ltr'><strong>ergo</strong></span> <span class='ocrx_word' id='word_1_710' title='bbox 3757 4791 3854 4858; x_wconf 87' lang='lat' dir='ltr'><strong>bis</strong></span> <span class='ocrx_word' id='word_1_711' title='bbox 3908 4814 4059 4860; x_wconf 88' lang='lat' dir='ltr'><strong>reus</strong></span> <span class='ocrx_word' id='word_1_712' title='bbox 4119 4803 4217 4860; x_wconf 90' lang='lat' dir='ltr'><strong>est</strong></span> <span class='ocrx_word' id='word_1_713' title='bbox 4258 4813 4487 4860; x_wconf 89' lang='lat' dir='ltr'><strong>coram</strong></span> <span class='ocrx_word' id='word_1_714' title='bbox 4534 4793 4683 4872; x_wconf 90' lang='lat' dir='ltr'><strong>Deo,</strong></span> <span class='ocrx_word' id='word_1_715' title='bbox 4716 4795 4783 4853; x_wconf 78' lang='lat' dir='ltr'><strong>tot</strong></span> 
     </span>
     <span class='ocr_line' id='line_1_103' title="bbox 2902 4875 4781 4963; baseline 0.001 -15"><span class='ocrx_word' id='word_1_716' title='bbox 2902 4881 3218 4948; x_wconf 90' lang='lat' dir='ltr'><strong>beneficia</strong></span> <span class='ocrx_word' id='word_1_717' title='bbox 3251 4879 3564 4945; x_wconf 85' lang='lat' dir='ltr'><strong>oblivioni</strong></span> <span class='ocrx_word' id='word_1_718' title='bbox 3602 4877 3908 4945; x_wconf 86' lang='lat' dir='ltr'><strong>tradens?</strong></span> <span class='ocrx_word' id='word_1_719' title='bbox 3986 4879 4402 4963; x_wconf 88' lang='lat' dir='ltr'><strong>Populumne</strong></span> <span class='ocrx_word' id='word_1_720' title='bbox 4437 4879 4553 4945; x_wconf 90' lang='lat' dir='ltr'><strong>ille</strong></span> <span class='ocrx_word' id='word_1_721' title='bbox 4587 4875 4781 4949; x_wconf 74' lang='lat' dir='ltr'><strong>metuit.</strong></span> 
     </span>
     <span class='ocr_line' id='line_1_104' title="bbox 2903 4961 4781 5050; baseline -0.005 -16"><span class='ocrx_word' id='word_1_722' title='bbox 2903 4968 3087 5050; x_wconf 89' lang='lat' dir='ltr'><strong>quasi</strong></span> <span class='ocrx_word' id='word_1_723' title='bbox 3133 4987 3265 5032; x_wconf 90' lang='lat' dir='ltr'><strong>non</strong></span> <span class='ocrx_word' id='word_1_724' title='bbox 3311 4966 3468 5032; x_wconf 90' lang='lat' dir='ltr'><strong>satis</strong></span> <span class='ocrx_word' id='word_1_725' title='bbox 3514 4961 3639 5030; x_wconf 87' lang='lat' dir='ltr'><strong>Dei</strong></span> <span class='ocrx_word' id='word_1_726' title='bbox 3687 4964 4006 5049; x_wconf 89' lang='lat' dir='ltr'><strong>praesidio</strong></span> <span class='ocrx_word' id='word_1_727' title='bbox 4051 4963 4280 5032; x_wconf 81' lang='lat' dir='ltr'><strong>tutus?</strong></span> <span class='ocrx_word' id='word_1_728' title='bbox 4339 4963 4527 5031; x_wconf 87' lang='lat' dir='ltr'><strong>Hinc</strong></span> <span class='ocrx_word' id='word_1_729' title='bbox 4568 4967 4781 5047; x_wconf 70' lang='lat' dir='ltr'><strong>apparet</strong></span> 
     </span>
     <span class='ocr_line' id='line_1_105' title="bbox 2905 5050 4783 5139; baseline 0 -23"><span class='ocrx_word' id='word_1_730' title='bbox 2905 5053 3146 5139; x_wconf 87' lang='lat' dir='ltr'><strong>effugia</strong></span> <span class='ocrx_word' id='word_1_731' title='bbox 3209 5059 3648 5136; x_wconf 87' lang='lat' dir='ltr'><strong>quaerentem,</strong></span> <span class='ocrx_word' id='word_1_732' title='bbox 3717 5051 3988 5134; x_wconf 90' lang='lat' dir='ltr'><strong>prodere</strong></span> <span class='ocrx_word' id='word_1_733' title='bbox 4045 5072 4234 5118; x_wconf 89' lang='lat' dir='ltr'><strong>suam</strong></span> <span class='ocrx_word' id='word_1_734' title='bbox 4293 5050 4783 5117; x_wconf 75' lang='lat' dir='ltr'><strong>incredulitatem.</strong></span> 
     </span>
     <span class='ocr_line' id='line_1_106' title="bbox 2905 5134 4781 5222; baseline -0.004 -18"><span class='ocrx_word' id='word_1_735' title='bbox 2905 5139 3090 5222; x_wconf 89' lang='lat' dir='ltr'><strong>quasi</strong></span> <span class='ocrx_word' id='word_1_736' title='bbox 3138 5139 3396 5218; x_wconf 84' lang='lat' dir='ltr'><strong>diceret,</strong></span> <span class='ocrx_word' id='word_1_737' title='bbox 3447 5134 3591 5203; x_wconf 91' lang='lat' dir='ltr'><strong>Deo</strong></span> <span class='ocrx_word' id='word_1_738' title='bbox 3636 5157 3768 5202; x_wconf 90' lang='lat' dir='ltr'><strong>non</strong></span> <span class='ocrx_word' id='word_1_739' title='bbox 3814 5159 3957 5203; x_wconf 91' lang='lat' dir='ltr'><strong>sum</strong></span> <span class='ocrx_word' id='word_1_740' title='bbox 4002 5138 4314 5204; x_wconf 84' lang='lat' dir='ltr'><strong>confisus:</strong></span> <span class='ocrx_word' id='word_1_741' title='bbox 4372 5134 4781 5221; x_wconf 63' lang='lat' dir='ltr'><strong>promissione</strong></span> 
     </span>
     <span class='ocr_line' id='line_1_107' title="bbox 2904 5213 4780 5311; baseline -0.005 -20"><span class='ocrx_word' id='word_1_742' title='bbox 2904 5225 3112 5311; x_wconf 89' lang='lat' dir='ltr'><strong>ipsius</strong></span> <span class='ocrx_word' id='word_1_743' title='bbox 3157 5224 3443 5311; x_wconf 86' lang='lat' dir='ltr'><strong>neglexi,</strong></span> <span class='ocrx_word' id='word_1_744' title='bbox 3488 5223 3794 5307; x_wconf 88' lang='lat' dir='ltr'><strong>quoniam</strong></span> <span class='ocrx_word' id='word_1_745' title='bbox 3840 5221 3918 5288; x_wconf 91' lang='lat' dir='ltr'><strong>de</strong></span> <span class='ocrx_word' id='word_1_746' title='bbox 3962 5221 4044 5289; x_wconf 87' lang='lat' dir='ltr'><strong>iis</strong></span> <span class='ocrx_word' id='word_1_747' title='bbox 4078 5221 4403 5289; x_wconf 86' lang='lat' dir='ltr'><strong>dubitavi:</strong></span> <span class='ocrx_word' id='word_1_748' title='bbox 4450 5221 4592 5290; x_wconf 89' lang='lat' dir='ltr'><strong>eius</strong></span> <span class='ocrx_word' id='word_1_749' title='bbox 4623 5213 4780 5286; x_wconf 74' lang='lat' dir='ltr'><strong>tuteh</strong></span> 
     </span>
    </p>
   </div>
   <div class='ocr_carea' id='block_1_14' title="bbox 4890 658 4894 1271">
    <p class='ocr_par' dir='ltr' id='par_1_15' title="bbox 4890 658 4894 1271">
     <span class='ocr_line' id='line_1_108' title="bbox 4890 658 4894 1271; baseline 0 0"><span class='ocrx_word' id='word_1_750' title='bbox 4890 658 4894 1271; x_wconf 95' lang='lat' dir='ltr'><strong> </strong></span> 
     </span>
    </p>
   </div>
   <div class='ocr_carea' id='block_1_15' title="bbox 4890 658 4894 1271">
    <p class='ocr_par' dir='ltr' id='par_1_16' title="bbox 4890 658 4894 1271">
     <span class='ocr_line' id='line_1_109' title="bbox 4890 658 4894 1271; baseline 0 0"><span class='ocrx_word' id='word_1_751' title='bbox 4890 658 4894 1271; x_wconf 95' lang='lat' dir='ltr'><strong> </strong></span> 
     </span>
    </p>
   </div>
   <div class='ocr_carea' id='block_1_16' title="bbox 4890 658 4894 1271">
    <p class='ocr_par' dir='ltr' id='par_1_17' title="bbox 4890 658 4894 1271">
     <span class='ocr_line' id='line_1_110' title="bbox 4890 658 4894 1271; baseline 0 0"><span class='ocrx_word' id='word_1_752' title='bbox 4890 658 4894 1271; x_wconf 95' lang='lat' dir='ltr'><strong> </strong></span> 
     </span>
    </p>
   </div>
  </div>
 </body>
</html>
