5059 6059
288 290 399 358 501

281 493 578 581 tanquam
638 477 940 579 lethargo
1003 478 1201 563 sopiti
1264 478 1476 580 magis
1538 477 1957 580 indurantur.
2069 476 2203 545 Sed

283 568 385 634 ubi
444 564 631 632 Deus
693 564 1053 632 aonnnbus
1117 573 1313 649 urget
1354 564 1659 646 stimulis,
1723 573 1909 631 tanto
1951 573 2205 630 terrore

282 650 726 754 corripiuntur,
784 659 863 716 ut
913 650 1081 716 nihil
1132 649 1262 717 nisi
1302 649 1525 735 ignem
1567 660 1638 718 et
1678 650 1902 735 fulgur
1943 651 2012 715 in
2057 648 2204 716 Deo

280 743 1578 923 inimiaeezdeziitaatigui’ncgosgdzmgmi’
1592 735 1814 889 magog
1854 734 2205 905 ἱῗιξοῡιξίἳιιίἳ

280 909 600 989 subnatat,
678 927 839 991 qum
905 908 1136 1008 ‚potius
1200 908 1429 1008 omnia
1482 908 1791 1008 funditus.
1840 906 2209 1007 deleantur.

282 993 405 1063 Sed
502 993 777 1077 ropheta
830 1012 1106 1061 miseros
1162 992 1313 1060 illos
1374 992 1567 1071 ridet,
1625 1002 1692 1060 et
1732 1002 1859 1060 ait:
1919 992 2054 1059 Eos
2094 1013 2209 1076 qm

278 1014 589 1147 anebsan&
623 1079 994 1160 itastis-sime,
1047 1085 1105 1146 et
1142 1080 1259 1163 qui
1295 1079 1636 1164 loquum
1676 1078 2053 1146 rectissime:
2096 1079 2210 1161 φά

279 1170 571 1250 opernm
623 1165 872 1231 Interam
926 1185 1006 1232 ex
1057 1164 1418 1248 fraudibus,
1474 1167 1589 1249 qui
1628 1165 1943 1232 excutiant
1979 1183 2213 1232 manue

272 1272 415 1320 suae
472 1256 1155 1331 mmmmm,
1218 1251 1710 1334 quiooemamt
1764 1269 2212 1318 auremsaam

274 1336 639 1406 maudiant
680 1337 914 1418 caedes,
958 1336 1366 1420 etobetipant
1405 1336 2214 1412 oerdoseuosnevideant

277 1425 533 1491 malum:
598 1422 713 1490 hos
775 1421 1093 1490 altissiaena
1153 1422 1292 1491 loca
1363 1422 1771 1504 habitaturae,
1835 1426 2215 1505 etpropuy-

276 1508 492 1577 naeula
2102 1514 2210 1576 etr„

278 1595 521 1678 Quibus
572 1593 794 1661 verbis
851 1593 1038 1660 docet
1092 1593 1239 1660 Deo
1293 1615 1425 1660 non
1469 1593 1930 1679 imputandum
1972 1594 2030 1659 si
2073 1613 2213 1658 ma-

275 1683 459 1749 iestas
511 1679 726 1764 ipsius
796 1680 986 1747 nobis
1042 1679 1373 1746 horrenda
1427 1689 1564 1761 est,
1639 1679 1811 1764 quod
1882 1680 1956 1745 in
2029 1677 2214 1745 nobis

278 1768 424 1853 ipsis
477 1785 681 1834 causa
735 1766 840 1834 sit.
928 1765 1100 1831 Nam
1159 1767 1216 1832 si
1259 1766 1424 1833 tales
1466 1786 1761 1832 essemus
1801 1764 2027 1850 quales
2068 1784 2213 1832 esse

280 1874 388 1920 nos
427 1859 778 1937 oporteret,
820 1862 1071 1918 certum
1114 1859 1217 1918 est
1249 1872 1371 1920 nos
1403 1871 1540 1918 non
1573 1857 1959 1936 experturos
1989 1849 2210 1934 ipsum

281 1939 565 2018 iudicem,
645 1936 764 2003 sed
826 1947 1082 2021 patrem
1147 1935 1229 2004 de
1283 1938 1491 2022 ipsius
1542 1949 1820 2023 paterna
1876 1956 2036 2021 erga
2089 1955 2213 2003 nos

282 2023 731 2092 benevolentia
793 2043 1138 2106 persuasos
1194 2022 1371 2090 fore:
1439 2044 1514 2091 ac
1578 2024 1802 2108 virgas
1864 2033 1933 2089 et
1988 2021 2217 2107 plagas

280 2110 497 2195 quibus
540 2130 668 2176 nos
711 2108 910 2176 afficit
952 2129 1095 2175 esse
1137 2109 1354 2193 potius
1386 2109 1829 2177 instrumenta
1860 2107 2097 2192 quibus
2134 2107 2217 2173 ad

282 2197 477 2282 ipsum
520 2193 931 2262 adducamur
972 2204 1041 2260 et
1081 2204 1564 2263 convertamur.
1651 2195 1897 2262 Nostra
1933 2192 2217 2278 quidem,

284 2284 489 2361 fateor,
543 2280 804 2347 iustitia
853 2281 1009 2347 freti
1049 2279 1271 2347 Deum
1314 2280 1621 2349 accedere
1665 2302 1797 2348 non
1840 2299 2215 2364 possumus:

287 2389 494 2436 verum
573 2365 664 2434 ad
738 2365 1159 2433 mediatorem
1236 2366 1427 2434 illum
1507 2365 2019 2451 confugiendum
2098 2372 2216 2443 est,

284 2475 462 2540 quem
504 2453 874 2538 scripturae
910 2453 1097 2519 nobis
1132 2452 1480 2520 exhibent:
1524 2462 1601 2519 ut
1633 2453 1942 2537 quoniam
1979 2459 2214 2516 natura

284 2561 490 2607 sumus
597 2547 930 2606 escatores
994 2547 1061 2604 et
1123 2538 1247 2604 filii
1308 2539 1448 2605 irae
1506 2560 1582 2606 ac
1637 2536 2114 2605 maledictionis
2173 2555 2213 2601 a

283 2644 469 2712 regno
605 2626 670 2690 ei
734 2623 1132 2701 exsulantes,
1197 2644 1427 2709 pacem
1490 2632 1558 2691 et
1622 2620 2211 2691 reconciliationem

284 2731 389 2796 per
424 2710 789 2778 Dominum
833 2716 1131 2776 nostrum
1165 2709 1385 2777 Iesum
1419 2710 1760 2777 Christum
1796 2727 2209 2793 quaeramus,

285 2809 342 2863 et
391 2797 471 2863 ad
525 2794 753 2862 Deum
809 2795 1064 2863 sincera
1120 2802 1342 2863 mente
1393 2805 1461 2864 et
1501 2795 1899 2863 conscientia
1939 2813 2210 2862 conver-

285 2893 501 2951 tamur.
588 2883 785 2948 Tunc
847 2881 1023 2948 enim
1088 2894 1341 2949 certum
1404 2889 1507 2949 est
1568 2901 1691 2948 nos
1755 2900 1980 2965 pacem
2038 2878 2209 2963 apud

288 2990 421 3036 eum
472 2969 883 3045 inventuros,
949 2978 1018 3034 et
1071 2967 1327 3051 placide
1366 2977 1433 3034 et
1474 2975 1774 3035 amanter
1815 2966 1896 3033 ab
1938 2966 2080 3050 ipso
2126 2963 2211 3029 ad

288 3078 347 3123 se
414 3054 758 3122 vocandos.
847 3052 1073 3136 Quare
1135 3051 1461 3121 discamus
1523 3055 1617 3119 ita
1677 3074 1829 3121 oum
1893 3049 2212 3135 propheta

289 3141 674 3208 exclamare:
741 3138 902 3222 Quis
940 3158 1153 3205 coram
1191 3141 1593 3224 omnipotente
1633 3139 1775 3207 Deo
1807 3138 2036 3223 poterit
2070 3155 2210 3234 coa-

287 3226 527 3293 eistere?
565 3235 650 3293 ut
690 3226 978 3294 sciamus
1018 3245 1138 3291 nos
1179 3223 1262 3290 ad
1294 3226 1510 3309 ipsum
1544 3224 1925 3292 accedentes
1955 3222 2210 3289 iustitia

287 3312 537 3379 Domini
591 3311 813 3378 nostri
869 3311 1025 3378 Iesu
1067 3310 1318 3379 Christi
1357 3319 1582 3388 tectos,
1639 3330 1900 3395 semper
1942 3307 2025 3375 ab
2068 3310 2210 3392 ipso

288 3398 518 3548 {locide
571 3393 1021 3482 recipiendos:
1077 3405 1142 3462 et
1199 3395 1391 3463 modo
1444 3397 1616 3464 absit
1668 3416 1708 3462 a
1763 3394 1953 3463 nobis
1994 3392 2210 3459 omnis

328 3483 639 3569 ypocrisis
700 3492 770 3549 et
829 3482 1242 3550 contumacia
1304 3504 1436 3549 non
1501 3491 1874 3566 reperturos
1936 3481 2006 3546 in
2063 3478 2209 3544 Deo

291 3571 487 3653 ignem
544 3590 681 3654 qno
723 3568 1136 3648 devoremur,
1198 3567 1315 3636 sed
1357 3577 1583 3636 contra
1623 3568 1935 3634 virtutem
1980 3585 2056 3632 ac
2096 3584 2207 3648 po·

293 3657 559 3807 testing}
577 3655 793 3740 ipsius
825 3654 918 3805 gd
963 3654 1239 3805 εέἰωιὶιθιιι
1286 3651 2188 3808 Ἑιτὸαᾛᾶᾳωρνθῃᾶαέὲο

540 3762 770 3821 inceps
874 3760 972 3807 acu
1160 3760 1301 3806 mco
1712 3759 1907 3805 sarem
1947 3757 2064 3803 ven
2191 3785 2208 3816 ,

293 3831 339 3890 d
393 3847 600 3894 arcam
664 3825 935 3894 Domini
997 3826 1344 3906 reduxisse,
1407 3831 1463 3892 et
1513 3825 1800 3891 intulisse
1842 3826 1913 3890 in
1954 3824 2208 3890 donnum

292 3911 607 3980 Abinadab
683 3912 755 3979 in
838 3910 1082 3978 Gabaa.
1173 3911 1302 3978 Ubi
1377 3912 1663 3996 primum
1725 3908 2206 3977 observandum

290 3997 514 4064 cladem
571 3998 754 4064 illam
814 4017 982 4081 quae
1045 3997 1572 4065 Bethschemitas
1624 3997 1886 4077 invasit,
1946 4016 2080 4061 non
2124 4000 2207 4065 ab

292 4103 424 4150 arca
460 4084 571 4150 illa
613 4084 896 4151 foederis
939 4101 1257 4160 manasse,
1302 4094 1378 4149 ut
1419 4083 1546 4150 sibi
1588 4095 2052 4167 persuaserunt
2086 4083 2205 4164 illi,

289 4169 387 4235 sed
439 4192 477 4235 a
527 4191 651 4238 sua
700 4172 992 4254 ipsorum
1050 4168 1261 4253 culpa,
1318 4168 1489 4253 quod
1544 4190 1708 4248 eam,
1766 4178 1842 4234 nt
1882 4188 2005 4252 par
2045 4178 2204 4248 erat,

290 4275 403 4405 133)
470 4276 615 4323 rece
661 4256 887 4323 issent.
975 4254 1148 4320 Nam
1210 4255 1460 4322 incolae
1525 4255 1991 4322 Cariathiarim
2057 4276 2203 4322 eam

369 4341 541 4407 ‘citer
582 4362 621 4406 a

555 1512 892 1593 petrarum
953 1507 1095 1590 fore
1157 1509 1357 1576 heum
1415 1509 1650 1576 editum
1711 1509 2016 1589 ipsorum,

713 4350 937 4425 neunt,
982 4341 1169 4424 eique
1212 4340 1482 4407 domum
1526 4351 1770 4406 certam
1812 4339 2202 4422 attribuunt,

293 4432 356 4490 ut
400 4426 615 4496 nullus
655 4428 727 4493 in
772 4437 907 4491 tota
949 4427 1240 4511 ipsorum
1280 4428 1547 4512 regione
1590 4428 1923 4494 moriatur.
2013 4426 2205 4495 Unde

292 4530 325 4574 a
364 4522 539 4594 paret
599 4533 731 4579 non
795 4512 1148 4579 infaustam
1212 4513 1372 4596 ipsis
1435 4532 1653 4579 arcam
1716 4512 1929 4594 fuisse,
1996 4533 2205 4596 neque

292 4616 323 4660 e
342 4596 519 4663 adem
571 4598 775 4665 ullam
831 4599 1132 4664 intulisse
1187 4598 1717 4678 Bethschemitis,
1772 4619 1900 4681 qua
1943 4597 2037 4664 sic
2080 4609 2204 4666 ter·

296 4682 406 4746 reri
460 4683 818 4751 debuerint.
906 4683 1105 4766 Quod
1146 4684 1350 4768 igitur
1391 4683 1738 4752 discrimen
1783 4684 1956 4750 inter
1998 4684 2204 4752 Beth-

296 4767 624 4837 schemitas
681 4781 750 4836 et
789 4770 1037 4837 incolas
1083 4768 1551 4837 Oariathiarim
1590 4767 2013 4836 statuendum
2057 4770 2201 4839 est?

296 4850 525 4937 Nempe
578 4855 689 4921 isti
744 4855 961 4921 Deum
1023 4856 1332 4922 honorari
1386 4865 1456 4921 et
1508 4856 1634 4924 ooli
1695 4854 1864 4921 velle
1919 4876 2005 4922 ex
2047 4876 2204 4923 suae

294 4935 438 5019 legis
507 4942 903 5025 praescripto
981 4949 1447 5024 cognoverunt,
1526 4961 1601 5007 ae
1678 4940 1926 5008 cultum
2002 4941 2206 5024 ipsius

294 5025 464 5089 certis
504 5027 754 5111 legibus
796 5027 1134 5105 contineri,
1199 5029 1375 5093 intra
1416 5047 1596 5110 quas,
1640 5033 1949 5111 tanquam
1993 5038 2204 5094 certos

300 5110 609 5189 terminos,
670 5112 1157 5179 subsistendum
1221 5114 1325 5191 sit,
1393 5133 1468 5179 ac
1532 5113 1807 5198 proinde
1872 5133 2002 5179 non
2060 5135 2204 5180 esse

301 5211 495 5261 aream
543 5197 808 5264 Domini
854 5210 1039 5265 tanta
1082 5198 1355 5267 audacia
1395 5196 1927 5284 contingendam:
1994 5200 2201 5268 Deni-

1603 290 1703 357 IN
1747 289 1801 356 Ι.
1849 288 2030 357 LlB.
2075 287 2478 359 SAMUEL.
2524 289 2725 360 CAP.
2773 291 2928 359 VII.

4123 291 4252 361 502

2304 498 2435 563 que
2474 499 2550 546 re
2584 479 2729 564 ipsa
2776 499 3003 547 verum
3048 479 3113 546 id
3159 499 3302 547 esse
3340 478 3450 547 hic
3492 479 3889 564 experimur,
3955 480 4125 565 quod
4172 480 4253 549 de

2305 583 2377 630 se
2422 563 2753 633 Dominus
2794 565 3062 633 Psalmo
3109 565 3210 633 18.
3255 568 3599 649 profitetur
3641 564 3748 631 his
3788 565 4048 634 verbis:
4095 567 4254 634 Gum

2303 649 2561 735 benigno
2603 652 2931 737 beniynam
2970 671 3069 717 me
3108 650 3385 733 exhibeo,
3427 670 3570 718 ceu»
3610 652 3750 719 viro
3793 652 4054 736 intem-o,
4097 653 4254 720 inte-

2300 757 2489 822 pmm
2550 757 2648 803 nte
2712 735 2978 815 abibae,
3041 756 3184 805 cum
3218 738 4124 838 puropurummepraebeo:
4186 744 4255 838 at

2305 821 3851 992 fffflffidwsfflfflztffiss
3880 843 4256 977 inffinffi

2308 993 2847 1077 condemnantur,
2919 1005 2989 1060 et
3053 994 3125 1060 in
3182 996 3359 1079 ipsos
3415 1014 3612 1062 causa
3668 996 3987 1061 malornm
4047 1009 4257 1062 retor-

2308 1089 2567 1165 quetur.
2656 1079 2772 1148 Sic
2846 1078 3069 1148 videas
3150 1079 3530 1166 hypocritas
3605 1090 3919 1166 perpetuo
3984 1081 4064 1148 de
4128 1081 4258 1148 Dei

2311 1186 2472 1251 erga
2527 1185 2601 1234 se
2645 1169 3001 1234 severitate
3041 1166 3375 1251 conqueri,
3440 1186 3517 1233 ac
3560 1186 3632 1232 se
3674 1166 3948 1233 meritos
3990 1167 4257 1250 quibus·

2311 1272 2464 1320 cum
2523 1250 2738 1320 lenius
2792 1260 2860 1318 et
2915 1252 3142 1319 mitius
3199 1259 3451 1338 agatur.
3541 1252 3817 1319 Cultum
3877 1253 4055 1319 enim
4116 1253 4258 1319 Deo

2312 1338 2697 1422 praestitum
2751 1359 2792 1405 a
2844 1358 2916 1405 se
2970 1338 3329 1421 proferunt,
3394 1357 3523 1422 quo
3567 1336 3689 1404 sibi
3733 1338 3954 1404 Deum
3997 1338 4258 1406 devinc-

2312 1433 2455 1490 tum
2531 1444 2676 1491 esse
2753 1433 2820 1490 et
2882 1424 3224 1491 astrictum
3287 1436 3538 1490 rentur.
3624 1423 3720 1490 At
3783 1423 3968 1490 Deus
4031 1434 4261 1491 contra

2316 1509 2491 1589 dicit,
2550 1530 2622 1576 se
2678 1530 2827 1577 cum
2887 1510 3188 1594 benignis
3243 1508 3387 1577 fore
3448 1509 3598 1577 beni
3649 1529 3829 1587 num,
3887 1509 3957 1576 id
4014 1520 4134 1588 est,
4190 1532 4261 1577 se

2314 1616 2467 1696 cum
2521 1595 2896 1663 hominibus
2951 1604 3251 1696 acturum
3309 1605 3521 1696 prout·
3562 1595 3655 1660 il·
3716 1614 3861 1696 sese
3918 1595 4118 1662 etiam
4163 1598 4260 1662 vi·

2315 1688 3226 1851 ,θεωὶωιιῖῗῶξῗᾞ
3242 1680 3675 1851 οἷίοξῗέἓῗέ,
3692 1682 4264 1851 Ἢῗὲἷίἱέξωὲἓ

2315 1873 2577 1938 quoque
2630 1852 2984 1939 benignum
3039 1853 3199 1931 fore,
3265 1862 3334 1919 et
3374 1852 3603 1920 eodem
3648 1872 3779 1936 quo
3823 1861 4066 1919 matres
4110 1874 4261 1937 par-

2315 1938 2508 2006 vulos
2550 1957 2703 2006 suos
2746 1959 2971 2005 amore
3004 1948 3571 2024 prosequuturum,
3606 1948 3684 2004 ut
3715 1936 3882 2005 nihil
3916 1938 4263 2023 benignius

2317 2044 2595 2108 usquam
2652 2025 3000 2108 reperiant.
3087 2025 3182 2090 Et
3240 2023 3546 2104 vicissim,
3614 2025 3673 2090 si
3727 2031 4143 2092 contumaces
4198 2039 4265 2091 et

2317 2109 2593 2178 rebelles
2649 2111 2911 2188 fuerint,
2969 2117 3046 2176 ιιι
3100 2109 3440 2177 saevitiam
3496 2117 3564 2176 et
3621 2108 3930 2176 duritiem
3987 2111 4146 2186 eius,
4207 2113 4265 2177 si

2319 2196 2700 2277 rofi-actarii,
2740 2206 2810 2262 et
2848 2194 3140 2280 lapidum
3179 2195 3393 2263 instar
3434 2194 3603 2275 duri,
3647 2195 3834 2261 illum
3869 2196 4066 2262 etiam
4104 2215 4262 2280 quo-

2318 2282 2424 2349 vis
2489 2282 2664 2349 ferro
2727 2290 2795 2347 et
2855 2281 3133 2367 chalybe
3190 2281 3521 2347 duriorem
3575 2283 3883 2348 sentiant.
3968 2280 4049 2347 Id
4106 2303 4265 2348 sane

2318 2369 2741 2453 conspicuum
2798 2368 2869 2432 in
2929 2367 3053 2434 hac
3107 2366 3188 2434 de
3243 2366 3758 2434 Bethschemitis
3801 2366 4093 2446 historia,
4152 2369 4265 2450 qui

2318 2456 2630 2537 quoniam
2705 2453 2978 2519 Domini
3058 2453 3467 2521 maiestatem
3548 2471 3681 2519 non
3753 2462 3910 2520 sunt
3971 2453 4262 2533 reveriti,

2317 2561 2468 2607 eum
2510 2539 2712 2605 etiam
2755 2538 2994 2605 durum
3038 2547 3110 2604 et
3149 2537 3551 2605 horrendum
3594 2548 3752 2605 sunt
3792 2540 4066 2623 experti.
4154 2538 4264 2605 In-

2315 2626 2495 2693 colae
2554 2645 2708 2692 vero
2765 2623 3232 2691 cariathiarim
3274 2624 3549 2690 aliorum
3593 2625 3893 2708 exemplo
3933 2625 4264 2709 sapientes

2316 2709 2689 2779 didicerunt
2719 2713 2792 2776 in
2827 2711 3085 2791 timore,
3119 2711 3490 2778 reverentia
3527 2718 3596 2775 et
3641 2710 4015 2776 humilitate
4036 2711 4262 2778 ambu-

2313 2796 2470 2877 lare,
2514 2805 2713 2881 atque
2761 2797 2856 2862 ita
2899 2797 3085 2862 Deus
3125 2795 3287 2880 ipsis
3326 2794 3641 2879 pepercit.

2485 2881 2714 2965 Quum
2770 2902 2929 2949 vero
3000 2879 3309 2948 dicuntur
3377 2880 3767 2946 Eleazarum
3821 2881 4260 2963 sanctificasse,

2307 2968 2517 3051 filium
2572 2967 2927 3047 Abinadab,
2979 2972 3053 3033 ut
3105 2967 3442 3034 custodiret
3494 2985 3711 3033 arcam
3763 2966 4050 3048 Domini,
4122 2986 4253 3033 non

2311 3055 2721 3140 significatur
2761 3073 2875 3120 eos
2914 3052 3016 3119 illi
3056 3052 3342 3120 officinm
3377 3051 3652 3119 Levitae
3690 3052 4095 3118 attribuisse:
4142 3074 4258 3120 ne-

2310 3141 2666 3293 ῧῖῗιῗῗιῗ
2707 3138 3742 3293 3:2‘0t:”233.⁵1⁹⁸⁰f:;ff.2.¹’⁰
3745 3146 4253 3291 &tami-2:¹³⁰

2310 3312 2576 3394 quisset.
2756 3311 2770 3325 ”
2846 3329 2926 3377 us
3003 3310 3181 3377 enim
3260 3308 3479 3376 Deum
3555 3309 3921 3376 instituisse
3986 3309 4249 3376 domum

2310 3398 2478 3464 Levi
2535 3396 2892 3464 sanctuarii
2950 3395 3315 3462 custodem:
3375 3415 3577 3479 quare
3635 3394 3800 3460 nulli
3844 3393 3944 3460 fas
3987 3395 4111 3462 fuit
4155 3396 4251 3461 al-

2308 3484 2435 3550 teri
2490 3483 2617 3551 sibi
2658 3503 2899 3549 munus
2940 3480 3119 3548 istud
3161 3501 3489 3566 arrogare,
3547 3478 4074 3565 quandoquidem
4118 3502 4250 3548 non

2307 3570 2689 3655 ignoramus
2724 3567 2962 3650 Deum,
2997 3567 3081 3633 ad
3113 3587 3374 3634 omnem
3410 3565 3784 3631 evitandam
3806 3566 4249 3634 confusionem

2310 3667 2379 3721 et
2432 3654 2705 3736 ἀταξίαν,
2766 3654 2892 3722 sibi
2946 3654 3363 3719 autoritatem
3423 3671 3792 3718 reservasse
3835 3651 4110 3719 vocandi
4166 3653 4249 3720 ad

2308 3741 2747 3807 ministerium
2805 3758 3227 3824 quoscunque
3284 3738 3631 3821 placuerit:
3702 3738 4249 3821 quemadmodum

2309 3827 2646 3911 apostolus
2689 3825 2895 3906 docet,
2957 3826 3261 3890 nerninem
3300 3823 3426 3889 eibi
3459 3842 3780 3889 &sumere
3819 3823 4106 3890 bonorem
4148 3845 4251 3892 ree

2302 3932 2525 3979 sacras
2581 3911 3092 3994 administrandi,
3148 3911 3280 3976 nisi
3318 3909 3431 3991 qui
3470 3909 3557 3974 sit
3601 3930 3645 3974 a
3685 3907 3826 3976 Deo
3865 3911 4246 3976 constitutus.

2307 4000 2453 4065 Non
2511 3997 2697 4066 licuit
2750 3997 2956 4081 igitur
3011 3995 3242 4063 ineolis
3301 3994 3767 4062 cariathiarim
3824 3995 3892 4060 in
3939 3995 4246 4061 Levitam

2303 4094 2372 4153 et
2407 4083 2807 4150 sacerdotem
2842 4082 3101 4166 eligere,
3137 4081 3545 4149 sanctificare
3581 4090 3697 4146 aut
3730 4079 4030 4148 dedicare
4052 4081 4246 4146 Elea-

2303 4190 2550 4247 zarum,
2586 4170 2775 4237 cuius
2811 4169 2919 4235 hie
2950 4168 3028 4233 fit
3060 4166 3340 4233 mentio:
3384 4165 3501 4233 sed
3535 4165 3703 4231 nihil
3738 4166 3938 4232 etiam
3973 4165 4246 4249 impedit

2304 4256 2656 4341 quominus
2711 4254 2900 4321 illum
2956 4252 3291 4320 custodem
3335 4251 3654 4336 elegerint
3695 4272 3901 4328 arcae,
3969 4272 4053 4315 ne
4095 4251 4245 4334 quis

2302 4342 2618 4408 nimirum
2661 4340 2931 4424 propius
2973 4338 3056 4405 ad
3099 4338 3314 4406 locum
3357 4338 3427 4402 in
3471 4357 3597 4421 quo
3641 4339 3849 4422 posita
3883 4345 4027 4401 erat
4061 4355 4241 4403 acce-

2304 4428 2508 4509 deret,
2566 4434 2633 4492 et
2687 4447 2772 4492 ne
2829 4425 3100 4509 profana
3157 4422 3527 4503 haberetur,
3584 4443 3713 4488 non
3775 4432 3995 4487 autem
4043 4431 4117 4486 ut
4158 4421 4243 4487 ad

2305 4534 2449 4580 eam
2508 4510 2915 4578 tractamiam
2960 4509 3232 4596 propius
3273 4508 3624 4587 accederet,
3683 4505 3855 4591 quod
3898 4507 4101 4573 solius
4143 4527 4245 4573 sa-

2303 4598 2589 4667 cerdotis
2632 4607 2776 4664 erat
2822 4597 3130 4676 officium,
3172 4607 3249 4663 ut
3290 4595 3596 4661 diximus.
3686 4598 3779 4660 At
3819 4594 4125 4676 quoniam
4170 4593 4242 4659 in

2302 4685 2602 4770 privatas
2657 4682 2850 4748 aedes
2909 4693 3053 4749 erat
3108 4682 3411 4759 admissa,
3468 4688 3721 4763 poterat
3772 4677 3874 4744 ira
3929 4678 4056 4744 Dei
4102 4698 4243 4760 pro-

2306 4769 2550 4849 vocari,
2616 4783 2809 4851 atque
2866 4768 3081 4835 omnis
3132 4768 3344 4835 everti
3401 4765 3631 4849 religio
3690 4773 3758 4829 et
3798 4763 4132 4847 sanctitas,
4184 4766 4242 4830 si

2304 4876 2456 4924 arca
2498 4853 2629 4920 Dei
2666 4854 2940 4937 privatis
2975 4865 3043 4919 et
3078 4852 3446 4919 domesticis
3479 4852 3671 4917 rebus
3693 4849 3994 4914 immixta
4012 4850 4243 4916 fuisset

2303 4944 2445 5009 sine
2502 4938 2914 5006 discrimine:
3013 4960 3171 5005 nare
3225 4947 3302 5004 ut
3357 4937 3535 5002 locus
3592 4936 3703 5000 ille
3743 4936 3813 4999 in
3860 4955 3986 5019 quo
4030 4935 4242 5016 posita

2304 5028 2515 5094 fuerat
2568 5025 2856 5092 sanctior
2905 5024 2994 5090 ha
3075 5037 3278 5102 retur,
3335 5031 3530 5103 atque
3588 5021 3684 5085 illi
3729 5020 3988 5086 debitus
4033 5021 4241 5088 honor

2304 5113 2746 5190 exhiberetur,
2799 5110 3039 5176 dicitur
3087 5110 3335 5176 electus
3386 5106 3713 5172 communi
3772 5106 3974 5174 totius
4016 5107 4242 5191 populi

2303 5218 2627 5269 consensu
2686 5209 2756 5262 et
2811 5194 3146 5280 suffragiis
3218 5193 3493 5260 Eleazar
3548 5202 3766 5260 custos
3808 5193 3986 5260 illius
4028 5214 4237 5278 arcae,

3733 5293 3837 5350 32·
