5059 6059
275 319 368 386 341

273 511 516 598 primum
561 507 742 574 dedit
783 507 1127 593 proverbio
1160 507 1274 574 isti
1308 507 1723 588 occasionem,
1767 507 1938 590 quod
1979 508 2169 574 homo

270 597 516 664 rusticus
560 604 626 661 et
667 595 942 679 agrestis
986 616 1063 661 ae
1106 593 1378 679 ignobili
1420 593 1559 661 loco
1605 604 1802 659 natus
1838 593 2064 660 fnisset
2102 595 2168 659 in

270 681 696 769 prophetarum
772 690 959 746 coetu
1030 680 1267 763 spiritu
1336 679 1555 744 divino
1618 680 1896 762 afflatus,
1971 701 2170 763 quum

270 769 615 851 designatus
671 781 845 832 esset
910 787 1029 832 rex
1073 765 1543 831 Israelitarum.
1630 764 1889 830 Deinde
1932 766 2167 830 iterum

303 874 435 921 uum
493 854 564 917 in
617 853 964 934 reprobum
1009 872 1270 917 sensum
1317 852 1662 929 coniectus,
1719 852 1872 917 licet
1912 871 1953 915 a
1996 851 2168 917 malo

267 877 505 1006 Domini
547 938 782 1020 spiritu
829 948 1200 1020 vexaretur,
1269 947 1489 1001 tamen
1539 936 1661 1002 Dei
1708 938 2042 1002 voluntate
2087 937 2165 1001 ad

267 1025 551 1109 temporis
630 1035 1037 1089 momentum
1109 1043 1255 1088 cum
1339 1023 1674 1106 prophetis
1735 1024 2168 1107 prophetavit,

268 1132 376 1177 non
424 1111 568 1176 sine
626 1109 958 1187 miraculo,
1022 1107 1191 1192 quod
1236 1129 1429 1174 sensu
1472 1118 1541 1172 et
1584 1108 2018 1191 intelligentia
2060 1129 2168 1174 ca-

263 1204 426 1263 reret.
516 1195 817 1279 Denique
868 1193 1288 1277 proverbium
1333 1194 1500 1259 istud
1550 1195 1671 1258 fuit
1713 1195 1782 1259 in
1828 1215 1949 1260 nsu
1995 1194 2164 1278 apud

261 1283 492 1366 vulgus,
552 1281 635 1346 ad
682 1281 808 1347 Dei
852 1280 1133 1364 gratiam
1178 1280 1761 1363 magnifaciendam
1805 1290 1873 1345 et
1913 1279 2167 1363 praedi-

260 1368 532 1451 candam,
591 1366 978 1431 nominatim
1036 1366 1103 1430 in
1164 1366 1380 1448 aliquo
1425 1367 1859 1447 conspicuam,
1916 1365 1997 1431 de
2040 1385 2170 1447 quo

262 1454 420 1519 nulla
474 1452 745 1517 omnino
801 1473 950 1535 spes
993 1462 1166 1517 esset
1208 1452 1377 1535 frugi
1422 1451 1747 1515 futurum:
1811 1464 1924 1516 aut
1966 1473 2167 1535 quum

258 1540 462 1622 aliquis
507 1549 703 1604 antea
746 1540 921 1604 vitae
955 1535 1328 1619 deploratae
1362 1545 1431 1601 et
1464 1537 1775 1619 perditae,
1819 1537 1888 1601 in
1927 1550 2167 1603 rectam

259 1627 413 1690 viam
468 1622 743 1690 redibat.
833 1627 930 1690 Ac
983 1643 1142 1688 sane
1184 1622 1314 1687 Dei
1359 1622 1570 1688 virtus
1613 1623 1682 1686 in
1728 1622 1873 1688 istis
1915 1621 2170 1688 dnobus

257 1711 508 1787 insignis
568 1720 689 1775 est.
776 1709 1095 1785 Primum,
1154 1728 1355 1790 quum
1416 1706 1598 1772 Deus
1646 1707 1727 1773 ad
1772 1710 2168 1774 functionem

260 1797 523 1880 aliquam
582 1797 791 1861 utitur
849 1793 1083 1876 aliquo,
1141 1793 1254 1875 qui
1299 1792 1631 1860 videretur
1673 1806 1864 1858 antea
1904 1815 2171 1878 prorsus

257 1884 497 1965 ineptus
558 1891 626 1945 et
689 1903 819 1946 non
874 1880 1169 1945 idoneus.
1259 1880 1348 1943 Et
1405 1880 1525 1944 hoc
1581 1899 1773 1963 saepe
1830 1883 2165 1961 contingit,

254 1982 319 2033 ut
370 1966 614 2051 stupidi
670 1978 738 2032 et
792 1968 1036 2031 inertes
1094 1965 1288 2030 multi
1349 1963 1711 2043 videantur,
1766 1966 1875 2048 qui
1922 1965 2004 2031 ad
2051 1987 2167 2048 pu-

255 2055 439 2120 blicas
481 2053 848 2119 functiones
894 2050 1111 2117 vocati
1154 2051 1346 2134 longe
1390 2072 1460 2115 80
1502 2050 1663 2115 alios
1708 2071 1906 2134 qnam
1949 2071 2167 2134 spera·

251 2150 378 2205 tum
420 2148 594 2205 esset
638 2146 1001 2221 praestent:
1044 2157 1209 2220 quae
1244 2157 1402 2202 sane
1437 2156 1693 2202 summa
1733 2136 2073 2220 diligentia
2104 2149 2172 2202 et

250 2225 597 2291 attentione
650 2235 808 2289 sunt
863 2224 1050 2289 nobis
1104 2221 1590 2301 consideranda,
1657 2230 1732 2287 ut
1789 2224 1917 2287 Dei
1960 2225 2170 2306 gratia

250 2322 420 2376 tanto
477 2309 690 2394 magis
745 2318 1133 2394 agnoscatur
1191 2318 1257 2373 et
1302 2308 1738 2390 praedicetur:
1795 2321 1859 2373 et
1900 2329 2167 2393 persua-

247 2417 381 2461 sum
419 2394 776 2461 habeamus
809 2415 933 2459 nos
972 2414 1170 2476 quum
1208 2393 1291 2459 ab
1325 2393 1467 2477 ipso
1508 2392 1927 2477 pendeamus,
1971 2396 2168 2459 etiam

246 2493 614 2565 accepturos
692 2480 862 2546 dona
926 2481 1308 2555 necessaria,
1383 2488 1580 2562 prout
1643 2478 1770 2562 ipsi
1833 2479 2164 2564 placuerit,

244 2569 489 2634 etiamsi
560 2578 799 2633 natura
864 2568 1069 2631 simus
1113 2564 1432 2631 inhabiles
1495 2575 1561 2629 et
1605 2565 1834 2650 inepti.
1913 2565 2167 2631 Deinde

242 2673 434 2735 quum
481 2654 838 2736 flagitiosos
879 2651 1198 2731 homines,
1241 2650 1569 2735 reprobos,
1613 2662 1680 2715 et
1722 2671 1762 2715 a
1797 2650 1927 2717 Dei
1962 2651 2165 2717 eccle-

238 2742 328 2804 sia
369 2740 722 2804 reiectitios
765 2739 834 2803 in
878 2758 1144 2822 gregem
1189 2757 1378 2802 suum
1424 2744 1704 2818 revocat,
1765 2748 1832 2803 et
1874 2737 1942 2801 in
1992 2739 2165 2801 viam

239 2824 462 2890 salutis
518 2824 794 2890 reducit.
881 2824 958 2887 In
1015 2823 1248 2907 quibus
1300 2821 1431 2887 Dei
1475 2823 1725 2888 bonitas
1767 2834 1835 2887 et
1876 2822 2169 2906 potentia

233 2924 326 2975 est
378 2909 800 2993 agnoscenda
858 2921 924 2974 et
975 2908 1173 2975 simul
1228 2909 1423 2973 etiam
1480 2907 1932 2990 praedicanda.
2021 2908 2168 2974 Dis·

234 3015 450 3061 camns
491 2996 719 3078 itaque
762 2994 889 3060 Dei
934 3015 1131 3077 opera
1170 2994 1263 3060 sic
1307 2992 1618 3058 admirari
1652 3003 1726 3059 ut
1759 2994 2038 3074 insolita,
2079 3016 2166 3060 ne

227 3079 642 3157 irrideamus,
709 3079 826 3145 sed
888 3101 1040 3146 cum
1107 3080 1350 3145 honore
1413 3078 1884 3162 praedicemus.
1996 3080 2164 3146 Nam

230 3167 467 3233 multos
516 3166 762 3243 videas,
807 3167 920 3250 qui
965 3165 1133 3248 quod
1180 3164 1403 3229 divina
1446 3186 1645 3247 opera
1687 3167 1827 3231 suis
1871 3165 2165 3232 sensibus

227 3273 355 3316 non
401 3251 964 3337 comprehendant
1006 3251 1176 3333 quod
1221 3252 1355 3316 sint
1396 3251 1679 3331 insolita,
1747 3251 2054 3330 reiiciant,
2101 3260 2170 3316 et

224 3338 412 3404 velut
457 3360 659 3405 aures
698 3339 1005 3404 obturent
1051 3358 1133 3400 ne
1178 3335 1571 3420 intelligant.
1661 3337 1808 3402 Hoc
1848 3338 1926 3401 iis
1960 3338 2166 3402 conti-

224 3424 396 3508 gisse
453 3423 781 3500 videmus,
841 3444 880 3487 a
934 3421 1167 3507 quibus
1222 3421 1383 3487 illud
1438 3434 1652 3487 ortum
1712 3422 2164 3506 proverbium:

219 3508 443 3576 Etiam
503 3530 588 3575 ne
649 3508 808 3575 Saul
860 3510 1025 3575 inter
1067 3507 1456 3591 prophetas?
1513 3529 1711 3591 quum
1770 3508 1979 3592 primo
2022 3530 2168 3574 coe-

219 3597 423 3677 pisset
483 3594 902 3679 prophetare,
969 3614 1120 3659 nam
1177 3614 1327 3659 cum
1387 3592 1831 3676 indignatione
1889 3593 2166 3677 quadam

216 3679 465 3748 dietum
527 3680 697 3747 illud
741 3682 822 3746 ab
865 3681 1023 3764 ipsis
1066 3690 1353 3763 apparet.
1442 3676 1786 3762 Siquidem
1828 3680 1965 3745 solo
2009 3701 2168 3747 suae

213 3767 497 3839 rationis
561 3776 630 3831 et
686 3786 918 3833 sensus
974 3764 1213 3832 iudicio
1271 3763 1467 3843 ducti,
1527 3765 1815 3830 iudicant
1858 3787 1999 3832 esse
2040 3765 2166 3831 im-

207 3852 534 3934 possibile
606 3850 874 3918 Saulem
942 3851 1352 3935 prophetare,
1422 3870 1589 3934 quos
1655 3849 1783 3916 Dei
1852 3851 2164 3917 virtutem

209 3940 576 4020 oportebat
617 3938 836 4021 potius
879 3937 1230 4021 suspicere,
1271 3946 1339 4001 et
1380 3956 1731 4018 agnoscere
1775 3947 2163 4020 potestatem

205 4023 272 4087 in
333 4023 542 4090 donis
599 4024 735 4089 suis
781 4024 851 4088 in
897 4043 1006 4088 eos
1049 4042 1211 4106 quos
1254 4022 1380 4106 ipsi
1424 4022 1686 4087 videtur
1728 4021 2163 4089 conferendis.

206 4108 312 4174 Ex
357 4111 619 4194 quibus
660 4118 949 4193 apparet,
992 4106 1325 4173 nonnullis
1362 4122 1493 4173 tam
1529 4107 1916 4174 insolentem
1955 4107 2164 4174 videri

202 4192 542 4262 donorum
585 4192 712 4260 Dei
747 4195 1091 4274 rationem,
1129 4202 1203 4258 ut
1236 4193 1542 4277 quoniam
1575 4202 1839 4277 captum
1869 4195 2163 4276 ipsorum

197 4293 497 4364 superat,
577 4288 728 4344 eam'
796 4280 1096 4346 reiiciant
1159 4290 1225 4347 et
1281 4289 1728 4346 contemnant.
1811 4279 1950 4346 Nos
2007 4301 2164 4346 vero

197 4377 438 4433 contra
499 4365 839 4432 discamus
894 4365 1202 4431 admirari
1260 4364 1388 4429 Dei
1444 4385 1660 4449 opera,
1718 4374 1785 4430 et
1838 4367 1911 4430 in
1970 4387 2161 4432 usum

193 4460 514 4519 nostrum
565 4452 685 4517 illa
727 4462 1144 4518 convertere:
1191 4449 1450 4533 Deique
1495 4449 1850 4516 bonitatem
1888 4449 2162 4517 adorare

191 4539 445 4605 nostris
533 4537 844 4603 sensibus
920 4537 1115 4622 longe
1186 4536 1606 4620 superiorem.
1696 4537 1802 4602 En
1867 4539 2011 4619 quis
2076 4539 2164 4603 sit

186 4620 393 4691 huius
445 4624 797 4708 proverbii
841 4643 1018 4699 usus,
1067 4621 1229 4688 Saul
1272 4623 1433 4687 inter
1464 4623 1822 4706 prophetem.
1911 4622 2160 4704 Quam-

183 4709 417 4775 obrem
500 4709 568 4776 si
637 4708 833 4774 hodie
887 4707 1203 4792 quosdam
1262 4707 1555 4773 videmus
1611 4710 1682 4773 in
1740 4708 2008 4775 ecclesia
2066 4709 2157 4774 10-

182 4796 438 4876 quendi
506 4794 901 4860 facultatem
959 4794 1243 4877 adeptos,
1311 4793 1427 4876 qui
1486 4793 1875 4861 videbantur
1917 4793 2000 4859 ad
2043 4816 2156 4878 pu·

176 4879 427 4947 blicam
494 4881 918 4947 functionem
959 4880 1186 4963 inepti,
1244 4888 1312 4944 et
1353 4899 1393 4944 a
1442 4880 1578 4945 Deo
1624 4882 1827 4945 factos
1869 4879 2158 4962 idoneos,

177 4984 286 5032 res
357 4966 488 5032 illa
559 4975 756 5032 tanta
813 4975 1078 5049 tamque
1133 4966 1471 5048 inopinata
1526 4965 1802 5032 mutatio
1842 4986 1999 5033 sane
2043 4966 2161 5031 mi-

173 5052 397 5118 randa
446 5051 828 5132 videbitur,
895 5073 1086 5137 qnam
1131 5051 1429 5116 sensibus
1472 5051 1712 5119 nostris
1754 5072 1881 5117 non
1929 5073 2158 5136 appre-

171 5134 600 5204 hendimus:
675 5137 791 5204 sed
849 5148 986 5203 tam
1028 5134 1409 5201 admiranda
1454 5138 1733 5203 mutatio
1776 5158 1898 5203 nos
1940 5137 2009 5203 in
2054 5137 2163 5203 ad-

167 5224 641 5291 mirationem
700 5223 961 5291 divinae
1003 5221 1482 5288 misericordiae
1523 5232 1591 5288 et
1632 5223 1940 5290 bonitatis
1984 5223 2162 5291 exci-

1539 315 1641 384 IN
1681 317 1738 384 I.
1784 316 1961 384 LIB.
2008 315 2410 387 SAMUEL.
2471 318 2673 386 CAP.
2716 317 2879 384 XX.

4081 321 4215 388 342

2275 524 2411 573 tare
2454 506 2666 585 debet,
2710 527 2879 592 quae
2914 528 3020 574 res
3054 530 3208 575 suas
3244 525 3493 575 creatas
3528 508 3728 576 habet
3761 509 3831 575 in
3872 519 4217 594 potestate,

2274 601 2340 658 et
2397 592 2657 659 easdem
2717 614 2832 676 pro
2888 614 3011 660 sua
3067 594 3401 661 voluntate
3446 595 3618 680 regit
3662 606 3730 662 et
3774 595 4210 664 administrat.

2275 678 2527 744 Deinde
2606 678 2662 744 si
2741 678 3045 763 flagitiosi
3126 680 3428 746 homines
3500 693 3568 746 et
3628 682 3738 766 qui
3808 681 4214 765 deploratam

2274 764 2477 829 vitam
2522 774 2822 849 egerunt,
2862 773 2930 829 et
2973 766 3054 831 ad
3089 765 3365 849 quodvis
3400 767 3725 851 flagitium
3762 767 3887 834 sibi
3922 767 4216 836 habenas

2271 863 2466 916 antea
2526 849 2988 933 permiserunt,
3065 850 3148 916 ad
3216 852 3548 917 meliorem
3617 853 3892 937 frugem,
3957 865 4024 920 et
4091 854 4218 920 Dei

2271 935 2571 1001 timorem
2608 945 3019 1015 revocentur,
3067 936 3269 1004 veluti
3295 938 3348 1002 si
3375 939 3522 1020 quis
3559 953 3755 1003 antea
3792 939 3894 1004 vel
3934 939 4214 1020 adulter,

2274 1021 2376 1086 vel
2436 1020 2730 1087 ebriosus
2788 1023 2974 1087 verbi
3021 1021 3225 1088 divini
3270 1025 3448 1088 intus
3493 1034 3804 1108 operante
3853 1024 4098 1090 virtute
4143 1036 4213 1090 et

2270 1107 2557 1173 efficacia
2636 1121 2945 1186 mutetur,
3027 1117 3092 1173 et
3168 1130 3249 1173 ex
3323 1120 3673 1175 scortatore
3741 1109 3845 1175 vel
3912 1109 4212 1177 adultero

2269 1204 2486 1259 castus
2522 1190 2777 1271 evadat,
2822 1213 2905 1257 ex
2944 1192 3195 1260 ebrioso
3231 1195 3516 1260 sobrius:
3561 1196 3671 1278 qui
3707 1195 4213 1263 contumeliosus

2270 1288 2336 1344 et
2394 1279 2762 1359 iniuriosus,
2830 1280 3010 1343 omni
3070 1280 3390 1345 abstineat
3449 1279 3728 1346 iniuria:
3796 1280 4213 1364 blasphemus

2272 1376 2605 1431 anteactae
2640 1365 2814 1430 vitae
2848 1365 3072 1430 sordes
3109 1365 3494 1432 detestetur:
3537 1365 3814 1450 denique
3849 1367 3949 1431 illi
3985 1388 4214 1434 omnes

2273 1449 2396 1514 Dei
2443 1471 2677 1515 nomen
2720 1462 3162 1530 revereantur,
3220 1464 3286 1517 et
3330 1454 3598 1536 quisque
3642 1473 3758 1535 pro
3805 1452 3980 1518 virili
4024 1474 4213 1520 sanc·

2273 1535 2541 1613 tiflcent,
2602 1557 2822 1601 nonne
2881 1548 3019 1601 tum
3065 1537 3299 1603 merito
3344 1537 3663 1604 dicemus:
3729 1538 3905 1603 Num
3949 1546 4006 1604 et
4053 1537 4216 1606 Saul

2272 1622 2432 1687 inter
2461 1621 2822 1704 prophetas,
2866 1641 3005 1687 non
3050 1630 3308 1688 tantum
3351 1622 3652 1688 admirati
3692 1623 3987 1690 divinum
4025 1645 4211 1708 opus,

2270 1706 2384 1772 sed
2430 1707 2573 1771 eius
2618 1707 2974 1772 bonitatem
3021 1709 3216 1773 ctiam
3260 1709 3329 1773 in
3376 1708 3749 1775 hominibus
3792 1730 3925 1776 ase
3948 1710 4215 1775 alienis·

2270 1792 2452 1858 simis
2496 1792 2576 1856 ad
2626 1794 2883 1876 frugem
2929 1793 3332 1871 revocandis,
3392 1795 3840 1876 praedicantes
3882 1807 3951 1861 et
3993 1796 4214 1897 dignis

2271 1877 2570 1943 laudibus
2626 1878 3051 1959 celebrantes,
3121 1901 3367 1963 nosque
3427 1881 3507 1945 ad
3566 1881 3773 1966 ipsius
3830 1880 4208 1965 obsequium

2269 1962 2770 2047 componentes?

2439 2050 2878 2115 Transeamus
2914 2049 2998 2114 ad
3033 2062 3230 2133 caput
3266 2051 3670 2129 vicesimum,
3706 2052 3773 2118 in
3812 2073 3937 2136 quo
3970 2052 4216 2121 dicitur
4328 2088 4331 2089 ⁷

2267 2134 2488 2200 David
2538 2136 2780 2219 fuqissc
2832 2136 2910 2201 de
2957 2135 3214 2215 Naioth,
3268 2142 3324 2202 et
3363 2139 3603 2204 venisse
3644 2139 3728 2205 ad
3772 2136 4209 2221 Ionathanum,

2266 2225 2746 2303 conquestusque
2785 2221 2861 2286 de
2892 2223 3108 2302 patris
3144 2223 3408 2288 iniuriis
3439 2224 3551 2305 qui
3585 2223 3670 2289 ad
3703 2229 3962 2290 mortem
3997 2227 4207 2307 ipsum

2259 2310 2747 2388 persequeretur.
2850 2308 2955 2372 Ex
3021 2308 3251 2390 quibus
3316 2318 3589 2391 apparet
3651 2308 3869 2374 Deum
3932 2311 4209 2395 fregisse

2270 2391 2531 2475 quidem
2575 2391 2775 2457 istum
2820 2390 3043 2458 Saulis
3084 2393 3419 2476 impetum,
3465 2396 3880 2478 furoremque
3920 2396 4125 2479 ipsius
4169 2420 4210 2464 a

2273 2476 2526 2545 Davide
2569 2477 2902 2558 avertisse,
2961 2477 3076 2543 sed
3119 2478 3406 2544 nondum
3452 2490 3665 2545 tamen
3713 2481 3913 2546 otium
3965 2481 4212 2549 Davidi

2273 2563 2484 2630 facere
2538 2563 2854 2630 voluisse:
2915 2564 3027 2630 sed
3088 2585 3128 2630 a
3187 2566 3512 2647 praesenti
3556 2567 3874 2650 eripuisse
3916 2568 4207 2650 periculo

2270 2662 2336 2715 ct
2401 2656 2628 2729 morte,
2685 2648 2932 2717 diutius
2990 2651 3191 2716 variis
3238 2650 3708 2718 tentationibus
3752 2653 4208 2736 exercendum,

2272 2735 2503 2818 quibus
2557 2735 2978 2802 succumbere
3035 2750 3100 2800 et
3145 2737 3212 2800 in
3261 2735 3776 2819 desperationem
3823 2740 4050 2804 venire
4095 2761 4208 2823 po-

2273 2821 2472 2887 tuisse
2545 2820 2867 2888 Davidem
2926 2832 3069 2887 erat
3126 2821 3496 2901 verisimile,
3570 2824 3694 2888 nisi
3754 2823 4002 2890 viribus
4060 2826 4211 2908 plus

2271 2927 2469 2989 quam
2514 2906 2822 2973 humanis
2864 2906 3125 2973 fulcitus
3164 2909 3408 2973 fuisset.
3497 2907 3935 2989 Quamobrem
3973 2930 4208 2993 parum

2268 2992 2604 3058 videretur
2659 2991 2948 3059 humano
2990 2992 3228 3059 iudicio
3270 2991 3651 3059 sublevatus
3691 2993 3934 3079 David,
4000 3017 4202 3079 quum

2271 3079 2620 3144 imminens
2663 3077 2787 3143 sibi
2831 3077 2955 3144 hoc
3001 3078 3360 3161 periculum
3406 3085 3647 3144 evasit:
3695 3101 3844 3144 nam
3882 3082 4206 3163 quomodo

2272 3165 2625 3230 laetaretur
2681 3165 2791 3246 qui
2852 3184 2936 3228 ex
2994 3165 3224 3231 mortis
3282 3165 3653 3230 discrimine
3706 3166 3775 3229 in
3820 3164 3951 3231 alia
3994 3167 4207 3234 multa

2269 3249 2513 3327 incidit,
2560 3258 2627 3314 et
2670 3259 2746 3313 ut
2788 3248 3027 3316 dicitur
3069 3271 3153 3315 ex
3189 3249 3410 3332 Scylla
3446 3250 3514 3313 in
3555 3248 3957 3335 Charybdin.
4035 3253 4203 3319 Nam

2269 3335 2582 3401 adversus
2646 3336 2861 3417 ipsum
2929 3333 3091 3402 Saul
3158 3338 3399 3400 maiore
3464 3356 3657 3417 quam
3726 3346 3921 3402 antea
3986 3339 4204 3405 furore

2267 3432 2626 3502 exaestuat,
2673 3433 2737 3485 et
2780 3440 2913 3485 non
2961 3420 3199 3486 desunt
3240 3422 3367 3503 ipsi
3410 3440 3593 3486 arma
3636 3436 3701 3487 et
3744 3422 4019 3490 facultas
4062 3425 4203 3491 ani-

2269 3528 2449 3572 mum
2494 3506 2711 3574 caedis
2740 3506 3005 3573 avidum
3045 3506 3368 3589 explendi,
3415 3508 3538 3572 nisi
3583 3507 3795 3573 David
3825 3519 3956 3573 tam
3980 3512 4207 3594 procul

2267 3594 2473 3669 abeat,
2520 3605 2593 3658 ut
2638 3592 2746 3657 ubi
2796 3592 2881 3657 sit
2915 3594 3209 3677 gentium
3248 3591 3409 3659 Saul
3446 3594 3760 3674 suspicari
3799 3615 3930 3659 non
4013 3598 4201 3663 ossit:

2265 3678 2791 3763 qnandoquidem
2857 3699 3083 3744 omnes
3155 3678 3456 3743 inimicos
3519 3692 3585 3744 et
3641 3680 3910 3745 infestos
4016 3681 4208 3748 abeat

2267 3777 2542 3848 oportet,
2624 3784 2815 3847 quem
2897 3763 3044 3829 odio
3122 3786 3239 3830 rex
3305 3765 3733 3847 persequitur.
3824 3766 4004 3851 Ergo
4071 3787 4207 3833 non

2266 3849 2601 3916 videretur
2645 3869 2754 3914 ma
2802 3870 3040 3932 nopere
3077 3849 3513 3933 expetendum
3552 3851 3722 3932 quod
3760 3872 3800 3916 a
3833 3850 3978 3916 Deo
4020 3853 4207 3919 bene·

2268 3936 2484 4002 ficium
2551 3947 2709 4001 tunc
2845 3934 2995 4000 avid
3064 3936 3344 4019 accepit:
3424 3955 3617 4017 quem
3684 3936 3885 4002 semel
3949 3939 4209 4007 fortiter

2267 4024 2429 4087 mori
2475 4022 2677 4087 satius
2710 4020 3068 4097 videbatur,
3114 4041 3310 4103 quam
3348 4020 3541 4086 toties
3572 4020 3651 4085 de
3676 4023 3814 4088 vita
3835 4024 4207 4106 periclitari.

2268 4107 2399 4173 Sed
2461 4109 2528 4171 in
2596 4128 2671 4171 eo
2729 4126 2850 4170 nos
2893 4118 3150 4188 oportet
3191 4105 3320 4171 Dei
3364 4127 3519 4172 suos
3578 4109 3944 4174 exercentis
3988 4113 4206 4193 provi-

2268 4191 2557 4258 dentiam
2612 4192 2893 4258 intueri:
2953 4211 3226 4273 quorum
3287 4213 3356 4257 se
3415 4193 3614 4257 vitam
3677 4195 3852 4257 tueri
3895 4195 4201 4273 ostendit,

2269 4288 2340 4343 ut
2395 4277 2659 4344 interim
2718 4299 2829 4360 per
2873 4277 3054 4343 mille
3096 4277 3325 4347 mortis
3369 4277 3744 4343 discrimina
3786 4278 4080 4360 deducat,
4136 4293 4206 4350 et

2264 4365 2507 4430 multas
2573 4363 2856 4445 undique
2920 4364 3186 4446 pavoris
3251 4365 3618 4430 occasiones
3683 4365 3940 4444 excitet,
4003 4378 4076 4432 nt
4130 4370 4203 4435 in

2264 4451 2403 4534 ipso
2447 4448 2807 4516 invocando
2850 4449 3014 4514 fiant
3055 4447 3478 4529 ardentiores,
3523 4464 3589 4512 et
3630 4449 3917 4531 ipsorum
3962 4473 4042 4517 au
4093 4475 4201 4518 ea·

2265 4550 2373 4601 tur
2430 4535 2512 4600 ad
2570 4535 2786 4618 ipsum
2841 4535 3257 4618 confugiendi
3300 4534 3610 4610 studium,
3685 4544 3751 4598 et
3795 4556 3924 4600 non
3971 4535 4049 4602 de
4076 4541 4203 4605 ati-

2308 4636 2502 4687 entur
2584 4640 2785 4686 novas
2860 4619 3135 4685 subinde
3201 4621 3592 4686 tentationes
3657 4618 3942 4687 ferendo.
4029 4624 4199 4693 Nam

2331 4728 2449 4773 eus
2505 4707 2801 4790 ipsorum
2864 4705 2971 4771 his
3013 4704 3376 4772 rationibus
3418 4704 3769 4787 explorans
3812 4709 4200 4790 patientiam

2262 4805 2328 4859 et
2361 4793 2816 4869 obedientiam,
2853 4789 3041 4858 docet
3076 4813 3217 4858 esse
3250 4792 3322 4856 in
3362 4790 3482 4856 hoc
3516 4789 3762 4857 mundo
3797 4795 4198 4878 peregrinos,

2262 4899 2614 4961 eorumque
2673 4879 2872 4943 vitam
2931 4897 2972 4941 a
3028 4898 3098 4943 se
3157 4897 3287 4942 nno
3330 4874 3633 4959 pendere,
3698 4885 3765 4942 et
3806 4881 4198 4952 servitutem

2264 4986 2457 5049 quam
2503 4965 2576 5028 in
2620 4963 2745 5030 hoc
2788 4984 3056 5046 corpore
3100 4963 3443 5046 patiuntur
3486 4969 4010 5030 momentaneam
4054 4989 4198 5036 esse

2263 5052 2471 5130 docet,
2531 5060 2606 5115 ut
2662 5070 2884 5116 veram
2945 5049 3301 5113 libertatem
3345 5057 3415 5111 et
3455 5046 3864 5131 spiritualem
3909 5053 4194 5134 quietem

2262 5138 2331 5202 in
2365 5137 2506 5221 ipso
2544 5136 2701 5210 solo.
2747 5157 2864 5219 per
2899 5133 3258 5200 Dominum
3283 5141 3583 5198 nostrum
3605 5132 3827 5199 Iesum
3852 5135 4197 5208 Christum

2264 5242 2578 5306 quaerere
2650 5221 2920 5289 discant.
3010 5219 3312 5286 Profecto
3382 5217 3546 5284 dura
3601 5219 3861 5286 videtur
3916 5223 4032 5291 illa
4084 5246 4211 5294 na-

3687 5320 3792 5377 22·
