5059 6059
810 319 934 388 351

804 510 1040 576 merito
1096 507 1282 573 Deus
1337 505 1472 572 illis
1524 526 1711 571 suam
1778 504 2322 591 ingratitudinem
2388 505 2760 588 exprobret,

808 600 1069 680 quoties
1127 615 1373 677 poenas
1433 591 1516 656 ab
1558 592 1690 658 illis
1736 613 1774 658 a
1817 592 2053 675 quibus
2097 591 2388 656 offensus
2433 603 2532 657 est
2575 613 2759 673 repe·

810 692 947 748 tere
1013 690 1217 765 parat.
1305 678 1587 760 Reliqua
1643 681 1717 744 in
1773 678 2166 758 crastinum,
2237 688 2572 743 annuente
2626 676 2760 742 Do-

810 769 1008 848 mino,
1053 766 1457 832 differentur.

978 854 1161 938 Ergo
1202 850 1525 935 supplices
1567 850 1711 915 Deo
1754 848 1930 927 facti,
1980 853 2086 914 etc.

1432 1141 1932 1230 HOMILIA
1979 1141 2131 1225 XI.

1319 1280 1405 1344 V.
1456 1277 1741 1344 27-30.
1790 1275 1958 1363 (vide
1996 1276 2246 1364 supra).

986 1454 1312 1520 Hesterna
1373 1449 1682 1516 concione
1737 1467 1967 1514 causas
2010 1450 2342 1531 coepimus
2398 1451 2762 1530 ostendere,

811 1564 930 1611 eur
972 1561 1164 1622 saepe
1215 1539 1396 1603 Deus
1439 1533 1813 1600 homiuibus
1857 1555 1976 1599 sua
2017 1535 2087 1599 in
2132 1557 2241 1600 eos
2287 1534 2597 1601 beneficia
2639 1558 2754 1602 ex·

812 1626 1107 1712 probret:
1189 1624 1356 1706 quod
1435 1622 1749 1702 nimirum
1817 1621 2108 1686 maxima
2174 1641 2324 1705 pars
2392 1622 2756 1700 bominum,

812 1736 945 1781 non
1011 1709 1203 1777 modo
1263 1708 1512 1792 gratias
1568 1706 1666 1770 illi
1726 1705 1996 1770 reddere
2056 1705 2308 1771 debitas
2351 1718 2419 1772 et
2463 1708 2759 1773 datorem

812 1798 1082 1865 laudare
1126 1810 1191 1862 et
1234 1795 1447 1860 colere
1493 1791 1791 1884 negligit,
1834 1791 1947 1856 sed
1994 1792 2280 1857 maxime
2316 1793 2486 1876 quod
2524 1795 2756 1860 iisdem

810 1885 1124 1956 abutitur,
1167 1893 1233 1947 et
1276 1883 1345 1944 in
1391 1878 1529 1943 dies
1574 1899 1649 1942 ea
1696 1877 1992 1959 profanat
2035 1890 2226 1960 atque
2272 1878 2528 1962 polluit.
2620 1883 2760 1946 An·

809 1993 939 2037 non
997 1970 1174 2034 enim
1234 1977 1420 2030 tanta
1475 1964 1543 2028 in
1587 1963 1875 2028 'ratitudo
1925 1977 2228 2042 meretur,
2298 1977 2371 2029 ut
2412 1965 2599 2031 Deus
2643 1989 2749 2033 co-

809 2078 951 2124 ram
1007 2076 1127 2121 suo
1185 2049 1496 2117 tribunali
1587 2051 1716 2113 iem
1761 2048 1964 2113 veluti
2002 2049 2193 2123 dicat,
2262 2062 2330 2115 et
2373 2071 2520 2117 reos
2569 2073 2755 2135 pera-

809 2154 925 2229 gat
967 2149 1189 2206 tantae
1234 2135 1728 2216 ingratitudinis
1771 2133 2109 2200 conscios?
2170 2134 2354 2216 Quas
2400 2159 2555 2202 vero
2602 2159 2756 2220 poe·

813 2250 931 2294 nas
1011 2238 1235 2292 tantae
1299 2223 1428 2288 Dei
1496 2221 1903 2286 liberalitatis
1969 2232 2451 2306 contemptores
2519 2223 2754 2289 mereri

812 2308 1254 2380 arbitramur?
1324 2309 1630 2375 Iacobum
1675 2306 1938 2390 quidem
1985 2308 2191 2372 fateor
2236 2308 2471 2386 dicere,
2541 2310 2757 2374 Deum

813 2400 970 2465 dare
1045 2398 1355 2480 benigne,
1433 2415 1552 2460 nec
1624 2393 1926 2474 cuiquam
2006 2395 2436 2475 exprobrare:
2523 2416 2757 2477 nempe

811 2484 1187 2552 hominibus
1246 2482 1460 2563 longe
1495 2479 1899 2558 dissimilem,
1957 2480 2065 2559 qui
2118 2480 2172 2544 si
2233 2480 2436 2545 semel
2485 2479 2756 2546 benefici

815 2593 971 2655 erga
1027 2568 1194 2633 ullos
1255 2568 1539 2644 fuerunt,
1616 2566 1856 2630 iterum
1912 2566 2125 2647 rogati
2185 2566 2455 2631 moleste
2513 2567 2755 2646 ferunt,

815 2667 882 2722 et
926 2656 1139 2720 denuo
1183 2653 1567 2720 beneficium
1612 2652 1987 2734 flagitantes
2054 2671 2093 2715 a
2135 2672 2206 2716 se
2250 2650 2512 2733 durius,
2570 2656 2754 2734 quasi

813 2745 1220 2825 importunos
1263 2749 1331 2803 et
1375 2757 1605 2821 parum
1650 2751 1893 2821 gratos,
1939 2736 2287 2820 repellunt.
2356 2738 2451 2804 At
2497 2761 2625 2803 non
2665 2740 2759 2805 ita

814 2829 1019 2903 Deus,
1097 2826 1211 2910 qui
1273 2844 1607 2906 nunquam
1666 2821 2127 2889 benefaciendo
2186 2822 2616 2908 defatigatur:
2692 2836 2759 2891 et

812 2915 1002 2982 cuius
1066 2931 1402 2994 nunquam
1468 2928 1626 2992 opes
1690 2908 2081 2972 liberalitate
2147 2911 2562 2989 minuuntur,
2643 2924 2759 2976 aut

813 3000 1263 3065 munificentia
1348 2994 1846 3062 exhauriuntur.
1936 2994 2116 3059 Fons
2203 2996 2376 3060 enim
2459 2996 2753 3061 omnium

815 3088 1133 3151 bonorum
1201 3083 1508 3165 perennis
1565 3093 1631 3146 et
1689 3091 2043 3163 perpetuus
2102 3081 2303 3157 Deus,
2379 3083 2488 3165 qui
2561 3084 2755 3148 bene-

813 3173 985 3237 facta
1037 3169 1393 3235 liberaliter
1449 3169 1519 3232 in
1580 3166 1880 3231 homines
1934 3165 2357 3248 profundens,
2420 3189 2752 3251 nunquam

815 3279 895 3323 ea
931 3267 1170 3322 natura
1205 3254 1464 3336 quidem
1509 3273 1625 3318 sua
1662 3251 2049 3334 exprobrat:
2097 3251 2245 3318 licet
2282 3273 2756 3336 nonnunquam

814 3344 895 3409 ad
952 3343 1016 3406 id
1077 3341 1443 3407 faciendum
1491 3338 1833 3403 hominum
1879 3338 2349 3420 ingratitudine
2393 3353 2461 3403 et
2502 3340 2757 3404 malitia

813 3429 1196 3513 impellitur.
1284 3426 1477 3501 Nam,
1525 3436 1602 3489 ut
1644 3426 1778 3488 iam
1826 3425 2032 3507 attigi,
2075 3445 2203 3506 quo
2247 3428 2464 3490 animo
2514 3424 2638 3490 Dei
2683 3427 2755 3491 in

816 3535 938 3579 nos
985 3513 1319 3578 benefacta
1361 3511 1732 3593 recipimus,
1779 3511 2210 3591 agnoscimus.
2257 3510 2754 3593 praedicamus?

816 3600 958 3664 Nae
1024 3599 1408 3682 plerumque
1470 3598 1567 3661 ita
1633 3598 1847 3660 iacent
1904 3594 2075 3676 apud
2136 3617 2252 3662 nos
2309 3597 2589 3679 sepult-a,
2679 3609 2758 3662 ut

815 3706 1079 3769 operam
1125 3696 1191 3748 et
1235 3684 1448 3748 oleum
1488 3681 1845 3765 perdidisse
1882 3681 2197 3747 videatur.
2293 3680 2426 3749 Sed
2462 3696 2530 3749 et
2567 3683 2757 3768 longe

816 3770 1085 3855 gravius
1121 3791 1161 3833 a
1197 3770 1381 3833 nobis
1417 3769 1539 3834 hac
1568 3769 1635 3832 in
1664 3779 1849 3851 parte
1874 3779 2195 3849 peccatur,
2232 3767 2406 3848 quod
2427 3789 2747 3852 quaecun-

816 3878 942 3939 que
982 3877 1178 3920 mauu
1219 3855 1343 3919 Dei
1381 3857 1664 3935 benigna
1703 3853 2053 3935 recipimus
2076 3853 2406 3930 beneficia,
2435 3856 2755 3921 vertimus

815 3943 888 4007 in
928 3943 1348 4017 contrarium,
1404 3954 1479 4004 ut
1515 3961 1632 4023 pro
1672 3939 1793 4004 Dei
1830 3939 2060 4021 gloria.
2105 3951 2169 4002 et
2207 3941 2489 4021 proximi
2524 3942 2755 4021 salute,

816 4049 1090 4111 quorum
1119 4049 1234 4091 nos
1255 4026 1576 4092 studiosos
1600 4026 1664 4089 in
1686 4025 1913 4106 primis
1929 4045 2071 4089 esse
2086 4027 2446 4109 oportebat,
2469 4028 2624 4091 inde
2639 4049 2756 4092 nos

816 4113 1133 4179 efferendi
1177 4114 1469 4194 capimus
1514 4112 1941 4187 occasionem,
1984 4125 2051 4174 et
2071 4111 2388 4177 adversus
2415 4114 2629 4178 Deum
2653 4114 2754 4177 in-

816 4199 1155 4278 surgendi,
1223 4214 1291 4261 et
1345 4220 1455 4262 eos
1511 4197 1746 4279 quibus
1790 4194 2079 4262 devincti
2112 4219 2399 4262 eramus
2461 4210 2753 4264 contem-

817 4288 1037 4351 nendi.
1127 4285 1659 4364 Quotiescunque
1729 4283 1908 4347 Deus
1965 4283 2168 4366 igitur
2232 4305 2351 4348 sua
2417 4285 2757 4351 benefacta

816 4384 1190 4452 contempta
1255 4379 1324 4434 et
1385 4371 1628 4434 reiecta
1691 4372 2018 4450 queritur,
2086 4379 2149 4433 et
2216 4371 2753 4454 ingratitudinem

815 4459 1187 4540 exprobrat,
1260 4477 1419 4520 sane
1491 4465 1739 4518 tantam
1809 4475 1950 4518 esse
2021 4455 2363 4521 hominum
2437 4456 2754 4523 malitiam

815 4557 884 4609 et
939 4544 1424 4626 corruptionem
1467 4541 1677 4623 palam
1728 4551 2026 4624 testatur,
2073 4555 2149 4605 ut
2193 4543 2373 4627 digni
2419 4543 2552 4607 sint
2594 4564 2756 4625 quos

816 4634 947 4694 ima
1009 4643 1182 4693 terra
1238 4628 1581 4692 dehiscens
1639 4626 1993 4691 absorbeat.
2049 4640 2116 4700 et
2169 4629 2294 4692 nisi
2357 4630 2538 4694 Deus
2582 4631 2758 4710 ipsos

818 4717 1095 4796 benigue
1163 4737 1285 4779 sua
1354 4713 1553 4777 veluti
1642 4733 1839 4776 manu
1926 4712 2252 4792 sublevet,
2334 4727 2401 4779 et
2476 4717 2755 4789 gratiam

816 4802 1211 4880 agnoscendi
1271 4813 1533 4883 peccata
1595 4796 1927 4879 largiatur,
1987 4814 2202 4863 actum
2262 4820 2405 4865 esse
2451 4801 2529 4864 de
2575 4801 2755 4883 ipsis,

816 4889 982 4967 quod
1032 4906 1256 4952 contra
1311 4887 1426 4950 Dei
1476 4884 1881 4949 voluntatem
1929 4905 2188 4966 semper
2231 4888 2555 4953 nitantur.
2625 4886 2755 4951 Hic

817 4994 1009 5055 porro
1079 4971 1394 5055 propheta
1463 4970 1818 5050 exprobrat
1879 4971 2212 5053 singulare
2269 4973 2393 5036 Dei
2460 4974 2530 5037 in
2599 4971 2752 5038 Heli

818 5060 1122 5123 collatum
1185 5060 1591 5140 beneficium,
1646 5077 1878 5137 nempe
1924 5078 2164 5123 munus
2207 5057 2626 5130 sacerdotale.
2672 5056 2755 5123 ad

817 5142 984 5222 quod
1055 5145 1362 5225 peculiari
1436 5143 1555 5208 Dei
1624 5143 1846 5207 favore
1908 5143 2122 5207 fuerat
2188 5152 2472 5210 vocatus.
2563 5145 2754 5219 Nam,

815 5235 1099 5313 obsecro,
1162 5252 1285 5313 quo
1344 5243 1635 5312 tempore
1694 5229 1875 5294 Deus
1933 5231 2269 5306 Aaronem
2324 5231 2517 5296 fratri
2585 5230 2757 5296 Mosi

2492 313 2922 384 ‚HOMILIA
2967 313 3095 381 xl.

4649 317 4747 383 352

2867 503 3114 570 socium
3180 511 3250 569 et
3313 503 3630 589 collegam
3697 505 4021 581 adiunxit,
4094 515 4163 570 et
4227 505 4532 589 deinceps
4587 507 4754 575 eidem

2865 575 3195 673 praelulit,
3274 590 3485 673 qualis
3559 601 3701 656 erat
3766 592 3971 673 ipsius
4042 590 4377 659 conditio?
4458 592 4539 657 ln
4600 594 4752 664 domo

2868 674 3234 740 Pharaonis
3287 677 3587 759 captivus
3646 689 3807 758 erat,
3874 679 4117 743 misera
4174 680 4496 744 servitute
4546 700 4754 761 preme·

2865 761 3076 841 batur,
3121 763 3258 844 pari
3303 784 3452 828 cum
3490 764 3766 828 caeteris
3810 763 3970 846 lege,
4017 765 4126 847 qui
4165 785 4552 830 miserarum
4591 767 4755 834 instar

2866 848 3089 911 ovium
3135 849 3278 913 sine
3324 858 3584 930 pastore
3630 849 3925 930 palantes
3970 848 4280 914 errabant
4335 850 4619 930 desolati,
4658 855 4759 920 nisi

2869 934 3053 998 Deus
3111 936 3365 1015 paterni
3426 935 3526 999 sui
3593 933 3837 999 favoris
3902 937 4166 1020 signum
4223 935 4484 1018 aliquod
4544 936 4757 1021 insigne

2869 1018 3197 1085 edidisset.
3264 1019 3444 1083 Nihil
3490 1020 3712 1102 itaque
3732 1034 3888 1085 tunc
3934 1027 4261 1087 Aaronem
4291 1020 4434 1086 Deo
4478 1042 4759 1090 commen·

2870 1105 3085 1184 dabat,
3132 1104 3317 1169 nulla
3361 1107 3430 1169 in
3473 1126 3550 1169 eo
3596 1106 3881 1188 dignitas
3928 1129 4082 1189 prae
4139 1109 4417 1173 caeteris
4459 1111 4759 1177 eminebat.

2870 1192 2961 1256 Et
3002 1191 3127 1256 hoc
3169 1190 3500 1256 indicatur
3542 1211 3582 1255 a
3625 1192 3941 1274 propheta
4002 1194 4104 1259 his
4161 1194 4412 1260 verbis:
4471 1194 4760 1277 Numquid

2871 1298 3005 1342 non
3052 1286 3273 1359 aperte
3331 1277 3661 1342 revelatus
3716 1298 3862 1350 sum
3922 1281 4142 1345 domui
4203 1280 4409 1361 patris
4444 1279 4562 1357 tui,
4604 1301 4762 1362 quum

2867 1364 2936 1428 in
2988 1367 3289 1448 Aegypto
3347 1363 3413 1426 iu
3473 1361 3662 1428 domo
3713 1363 4098 1446 Pharaonis,
4157 1386 4291 1430 non
4352 1365 4611 1448 quidem
4660 1369 4765 1450 pri·

2871 1452 3144 1514 mariam
3212 1447 3492 1530 aliquam
3561 1448 3947 1532 dignitatem
4006 1466 4182 1517 esset
4239 1464 4641 1534 assequutus,
4677 1453 4764 1518 sed

2868 1535 3101 1600 duram
3172 1535 3556 1601 servitutem
3633 1535 4010 1617 pateretur?
4101 1536 4317 1617 Quam
4393 1537 4477 1602 ob
4541 1558 4763 1603 causam

2866 1623 3147 1687 carceris
3206 1621 3471 1685 nomine
3532 1632 3670 1684 tota
3727 1620 3841 1685 illa
3898 1643 4089 1705 quam
4133 1622 4480 1690 Israelitae
4536 1644 4765 1706 occupa-

2867 1708 3025 1772 bant
3067 1707 3248 1790 regio
3293 1719 3741 1789 nuncupatur:
3789 1729 3981 1790 quam
4026 1709 4176 1774 ideo
4210 1709 4431 1775 Moses
4474 1709 4765 1775 fornacem

2864 1793 3144 1857 ferream
3189 1792 3493 1875 appellat,
3540 1792 3710 1876 quod
3758 1792 3989 1859 duram
4036 1795 4105 1858 in
4151 1814 4228 1858 ea
4271 1797 4671 1872 servitutem,
4705 1815 4766 1859 ex

2864 1901 2992 1959 qua
3037 1878 3221 1943 nulla
3263 1898 3413 1961 spes
3456 1879 3675 1942 exitus
3721 1882 4093 1961 apparebat,
4139 1891 4548 1963 paterentur,
4595 1891 4656 1945 et
4693 1881 4767 1945 ni·

2867 1965 2959 2030 hil
3005 1966 3134 2030 nisi
3181 1966 3464 2046 undique
3521 1967 3867 2047 augustiae
3917 1966 4121 2031 oculis
4164 1966 4458 2048 ipsorum
4509 1965 4769 2031 obversa-

2864 2065 3111 2115 rentur.
3203 2051 3307 2114 En
3366 2070 3559 2132 quam
3627 2051 3878 2117 abiecta
3935 2063 4091 2116 tunc
4157 2051 4444 2117 Aaronis
4505 2053 4769 2126 conditio.

2862 2135 3031 2219 quod
3090 2156 3224 2200 non
3284 2137 3477 2200 modo
3539 2136 3780 2200 misera
3843 2139 4167 2203 servitute
4231 2149 4657 2221 premeretur,
4707 2137 4769 2202 ad

2863 2244 3058 2304 quam
3104 2224 3301 2286 etiam
3354 2222 3895 2288 contumeliarum
3943 2244 4137 2288 omne
4197 2245 4408 2307 genus
4453 2224 4769 2299 accederet,

2861 2309 2976 2373 sed
3023 2309 3147 2390 ipsi
3195 2308 3402 2396 morti·
3450 2307 3770 2385 addictus,
3830 2320 3897 2373 et
3941 2310 4308 2374 Pharaonis
4352 2310 4628 2374 arbitrio
4666 2323 4770 2374 trs·

2863 2396 3039 2459 ditus
3083 2393 3434 2471 videretur,
3480 2393 3561 2458 ab
3606 2413 3685 2458 eo
3730 2395 3989 2477 penitus
4033 2416 4184 2460 cum
4228 2407 4365 2460 toto
4409 2396 4658 2476 reliquo
4687 2415 4772 2477 po-

2866 2481 3020 2563 pulo
3078 2479 3574 2545 consumendus.
3665 2478 3907 2559 Quare,
3971 2479 4093 2547 hac
4150 2482 4467 2565 temporis
4527 2482 4690 2545 illius
4722 2489 4774 2544 et

2860 2566 3252 2632 conditionis
3295 2566 3803 2641 circumstantia,
3855 2566 3980 2632 Dei
4020 2568 4236 2649 gratia
4274 2576 4344 2632 et
4381 2566 4775 2632 beneficentia

2860 2654 2940 2718 fit
2993 2653 3333 2731 illustrior,
3387 2650 3557 2734 quod
3610 2656 3954 2728 Aaronem,
4015 2653 4097 2717 ab
4139 2652 4301 2735 ipsis
4351 2653 4544 2718 velut
4584 2653 4774 2716 inferis

2863 2751 3261 2815 revocatum,
3322 2739 3392 2802 in
3451 2749 3706 2801 tantum
3768 2737 4106 2821 dignitatis
4159 2738 4500 2820 fastigium
4547 2736 4773 2814 extulit,

2862 2834 2938 2890 ut
2995 2826 3172 2888 inter
3223 2825 3431 2889 Deum
3494 2834 3561 2887 et
3611 2821 3906 2890 homines
3951 2836 4126 2889 esset
4170 2824 4518 2904 mediator,
4562 2836 4628 2889 et
4667 2823 4774 2887 Do-

2863 2911 3028 2976 mini
3051 2909 3486 2975 sacerdotium
3509 2929 3824 2975 exercens
3848 2910 4114 2976 Domini
4146 2912 4351 2975 nostri
4378 2910 4536 2976 Iesu
4560 2909 4776 2977 chrisa·

2862 3017 3205 3080 personam
3265 2993 3744 3078 quodammodo
3805 2997 4135 3080 figuraret,
4181 2997 4454 3080 eiusque
4503 3000 4571 3062 in
4613 2996 4777 3061 terris

2860 3083 3146 3165 legatum
3193 3092 3257 3145 et
3305 3082 3618 3145 vicarium
3661 3094 3905 3165 ageret.
3975 3081 4226 3164 Qualis,
4270 3083 4563 3161 obsecro,
4607 3100 4775 3165 qusn-

2861 3181 3057 3249 taque
3106 3166 3230 3231 Dei
3285 3166 3450 3231 haec
3518 3176 3620 3231 est
3691 3169 3949 3233 bonitas
4003 3180 4071 3233 et
4123 3168 4420 3233 iustitia?
4519 3169 4612 3234 Et
4648 3186 4776 3232 sane

2861 3256 2920 3319 si
2966 3253 3122 3318 Heli
3182 3255 3287 3318 sui
3344 3253 3635 3319 muneris
3694 3255 3991 3335 partibus
4043 3254 4243 3336 probe
4302 3256 4578 3322 functus
4619 3262 4774 3331 esset,

2859 3341 2926 3405 in
2997 3339 3168 3404 hanc
3238 3338 3805 3421 exprobrationem
3882 3361 4010 3405 non
4092 3340 4509 3406 incurrisset.
4596 3340 4778 3405 Tanta

2856 3427 3035 3492 enim
3086 3424 3264 3490 Deus
3321 3423 3611 3490 bonitate
3667 3436 3736 3489 et
3793 3425 4184 3491 liberalitate
4227 3426 4412 3491 dotes
4458 3447 4616 3492 suas
4654 3444 4774 3507 pro·

2857 3512 3080 3577 fundit
3122 3512 3190 3575 in
3240 3510 3555 3589 homines,
3601 3522 3677 3575 ut
3718 3533 3860 3577 esse
3906 3513 4066 3577 velit
4110 3532 4455 3594 perennes,
4506 3512 4630 3577 nisi
4660 3528 4777 3576 sese

2855 3598 3084 3662 iisdem
3153 3594 3462 3679 indiguos
3540 3598 3979 3679 praebuerint.
4083 3598 4249 3662 Nam
4319 3597 4776 3663 benefactorum

2857 3684 3188 3768 poenitere
3229 3683 3442 3764 ipsum
3488 3682 3818 3765 scriptura
3862 3682 4325 3767 docet,·neque
4368 3704 4539 3749 sane
4578 3684 4775 3748 imme-

2858 3771 3000 3835 rito.
3069 3768 3508 3850 Quamobrem
3535 3768 3690 3833 Heli
3715 3790 3845 3834 non
3880 3769 4158 3836 fideliter
4202 3769 4495 3835 officium
4542 3767 4774 3835 facienti

2859 3857 3093 3921 merito
3118 3854 3299 3919 Deus
3341 3855 3744 3939 indignatur,
3789 3853 4145 3938 eidemque,
4188 3854 4360 3937 quod
4407 3856 4617 3938 pluris
4634 3854 4773 3919 filios

2857 3964 3050 4024 quam
3111 3940 3328 4006 Deum
3399 3941 3612 4022 ipsum
3679 3942 3923 4022 fecerit,
3989 3940 4271 4007 dedecus
4330 3953 4400 4006 et
4459 3941 4772 4007 infamiam

2858 4029 3171 4093 minatur.
3274 4024 3782 4091 Observandum
3869 4048 4062 4111 porro
4126 4037 4228 4092 est
4291 4026 4360 4092 id
4425 4026 4605 4110 quod
4663 4043 4776 4091 sese

2858 4116 3043 4180 Deus
3105 4112 3384 4180 Aaronis
3441 4110 3731 4177 familiae
3789 4122 3856 4177 et
3920 4113 4120 4179 tribui
4180 4113 4353 4179 Levi
4419 4112 4781 4196 patefecisse

2858 4200 3222 4281 profitetur.
3282 4198 3584 4277 quoniam
3629 4198 3784 4263 inde
3828 4199 4152 4279 docemur,
4201 4221 4319 4264 nos
4363 4221 4501 4281 quo
4547 4195 4777 4264 maiori·

2858 4287 2981 4351 bus
3027 4284 3361 4350 beneficiis
3394 4302 3437 4348 a
3465 4284 3601 4347 Deo
3644 4285 4076 4359 cumulemur,
4121 4306 4199 4350 eo
4247 4287 4521 4370 propius
4561 4284 4644 4349 ad
4683 4302 4778 4348 noe

2858 4371 3076 4436 Deum
3122 4368 3447 4441 accedere.
3494 4385 3561 4432 et
3583 4367 3704 4433 sibi
3731 4393 3848 4437 nos
3894 4371 4238 4448 devincire,
4284 4385 4511 4453 utque
4559 4370 4777 4436 maiora

2857 4470 3016 4523 sunt
3060 4456 3200 4521 eius
3240 4457 3308 4519 in
3336 4476 3453 4520 nos
3498 4455 3829 4532 beneficia,
3875 4478 3954 4522 eo
3997 4458 4305 4522 maiorem
4346 4457 4477 4540 ipsi
4523 4456 4774 4540 gratiam

2858 4543 3040 4609 omni
3121 4541 3385 4625 obsequi
3453 4541 3850 4623 referamus,
3905 4544 4150 4626 totique
4215 4544 4296 4607 ab
4362 4545 4573 4626 ipsius
4636 4549 4774 4607 nutu

2858 4628 3274 4712 pendeamus.
3322 4627 3513 4706 Nam,
3557 4628 3844 4706 obsecro,
3891 4628 4210 4711 quomodo
4254 4628 4478 4694 Deum
4524 4623 4777 4695 essentia

2857 4718 3239 4796 incorporea
3322 4713 3719 4778 invisibilem
3804 4714 4436 4798 contemplabimur?
4553 4715 4774 4794 Nempe

2855 4802 3160 4885 quoniam
3229 4802 3292 4864 in
3367 4802 3558 4865 huius
3622 4801 3797 4866 orbis
3869 4800 4255 4867 excellentia
4319 4800 4535 4884 gloria
4595 4798 4772 4883 ipsius

2859 4886 3248 4968 resplendet,
3312 4886 3479 4967 quod
3528 4887 3596 4948 in
3642 4907 3718 4949 eo
3777 4887 4101 4952 iustitiam
4158 4907 4365 4966 suam,
4424 4886 4770 4958 bonitatem,

2860 4978 3170 5038 virtutem
3213 4971 3490 5053 denique
3536 4971 3900 5055 patefaciat.
3965 4971 4093 5040 Sed
4141 4994 4340 5055 quum
4387 4974 4458 5037 in
4504 4968 4772 5054 singulos

2858 5074 3194 5142 praeterea
3254 5058 3581 5122 beneficus
3635 5068 3754 5134 est,
3812 5071 3877 5122 et
3937 5059 4123 5142 larga
4179 5080 4304 5123 sua
4358 5080 4564 5124 manu
4609 5055 4773 5120 donis

2860 5165 3181 5228 quemque
3225 5144 3529 5228 privatim
3574 5144 3884 5220 cumulat,
3931 5165 4052 5210 nae
4098 5156 4238 5210 tum
4285 5166 4425 5210 sese
4473 5143 4654 5209 nobis
4689 5141 4769 5204 fs·

2859 5232 3180 5297 miliarius
3235 5229 3694 5309 communicat,
3742 5242 3810 5295 et
3845 5232 4115 5317 propius
4159 5232 4358 5297 etiam
4399 5229 4488 5296 ad
4528 5251 4644 5296 nos
4681 5246 4770 5292 se·
