<?xml version="1.0" encoding="UTF-8"?>
<!DOCTYPE html PUBLIC "-//W3C//DTD XHTML 1.0 Transitional//EN"
    "http://www.w3.org/TR/xhtml1/DTD/xhtml1-transitional.dtd">
<html xmlns="http://www.w3.org/1999/xhtml" xml:lang="en" lang="en">
 <head>
  <title>
</title>
<meta http-equiv="Content-Type" content="text/html;charset=utf-8" />
  <meta name='ocr-system' content='tesseract 3.04.00' />
  <meta name='ocr-capabilities' content='ocr_page ocr_carea ocr_par ocr_line ocrx_word'/>
</head>
<body>
  <div class='ocr_page' id='page_1' title='image "./ioanniscalvinio07unkngoog_0530.png"; bbox 0 0 5059 6059; ppageno 0'>
   <div class='ocr_carea' id='block_1_1' title="bbox 835 305 4717 377">
    <p class='ocr_par' dir='ltr' id='par_1_1' title="bbox 835 305 4717 377">
     <span class='ocr_line' id='line_1_1' title="bbox 835 305 4717 377; baseline 0 -4"><span class='ocrx_word' id='word_1_1' title='bbox 835 309 957 374; x_wconf 81' lang='lat'><strong>187</strong></span> <span class='ocrx_word' id='word_1_2' title='bbox 2525 305 2933 372; x_wconf 79' lang='lat' dir='ltr'><strong>HOMILIA</strong></span> <span class='ocrx_word' id='word_1_3' title='bbox 2979 305 3129 370; x_wconf 80' lang='lat' dir='ltr'><strong>Lx.</strong></span> <span class='ocrx_word' id='word_1_4' title='bbox 4636 311 4717 377; x_wconf 85' lang='grc'><strong>188</strong></span> 
     </span>
    </p>
   </div>
   <div class='ocr_carea' id='block_1_2' title="bbox 831 493 2769 1862">
    <p class='ocr_par' dir='ltr' id='par_1_2' title="bbox 831 493 2769 1862">
     <span class='ocr_line' id='line_1_2' title="bbox 834 493 2764 580; baseline -0.001 -19"><span class='ocrx_word' id='word_1_5' title='bbox 834 518 1065 580; x_wconf 88' lang='lat' dir='ltr'><strong>neque,</strong></span> <span class='ocrx_word' id='word_1_6' title='bbox 1119 497 1177 562; x_wconf 89' lang='lat' dir='ltr'><strong>si</strong></span> <span class='ocrx_word' id='word_1_7' title='bbox 1230 515 1361 560; x_wconf 91' lang='lat' dir='ltr'><strong>non</strong></span> <span class='ocrx_word' id='word_1_8' title='bbox 1405 493 1632 577; x_wconf 86' lang='lat' dir='ltr'><strong>quales</strong></span> <span class='ocrx_word' id='word_1_9' title='bbox 1675 503 1831 560; x_wconf 91' lang='lat' dir='ltr'><strong>sunt</strong></span> <span class='ocrx_word' id='word_1_10' title='bbox 1874 501 2340 576; x_wconf 87' lang='lat' dir='ltr'><strong>agnoscuntur,</strong></span> <span class='ocrx_word' id='word_1_11' title='bbox 2400 493 2764 579; x_wconf 86' lang='lat' dir='ltr'><strong>indignari:</strong></span> 
     </span>
     <span class='ocr_line' id='line_1_3' title="bbox 836 579 2765 666; baseline -0.002 -18"><span class='ocrx_word' id='word_1_12' title='bbox 836 582 1008 666; x_wconf 90' lang='lat' dir='ltr'><strong>quod</strong></span> <span class='ocrx_word' id='word_1_13' title='bbox 1067 602 1259 664; x_wconf 90' lang='lat' dir='ltr'><strong>saepe</strong></span> <span class='ocrx_word' id='word_1_14' title='bbox 1306 589 1524 644; x_wconf 88' lang='lat' dir='ltr'><strong>tamen</strong></span> <span class='ocrx_word' id='word_1_15' title='bbox 1568 581 1710 646; x_wconf 91' lang='lat' dir='ltr'><strong>fieri</strong></span> <span class='ocrx_word' id='word_1_16' title='bbox 1756 579 2073 658; x_wconf 75' lang='lat' dir='ltr'><strong>videmuS,</strong></span> <span class='ocrx_word' id='word_1_17' title='bbox 2142 589 2209 643; x_wconf 90' lang='lat' dir='ltr'><strong>et</strong></span> <span class='ocrx_word' id='word_1_18' title='bbox 2254 579 2604 644; x_wconf 90' lang='lat' dir='ltr'><strong>multorum</strong></span> <span class='ocrx_word' id='word_1_19' title='bbox 2654 602 2765 645; x_wconf 82' lang='lat' dir='ltr'><strong>ex-</strong></span> 
     </span>
     <span class='ocr_line' id='line_1_4' title="bbox 834 664 2767 752; baseline -0.002 -18"><span class='ocrx_word' id='word_1_20' title='bbox 834 668 1195 752; x_wconf 89' lang='lat' dir='ltr'><strong>emplorum</strong></span> <span class='ocrx_word' id='word_1_21' title='bbox 1268 666 1668 749; x_wconf 79' lang='lat' dir='ltr'><strong>experientia</strong></span> <span class='ocrx_word' id='word_1_22' title='bbox 1744 674 2042 730; x_wconf 88' lang='lat' dir='ltr'><strong>testatur.</strong></span> <span class='ocrx_word' id='word_1_23' title='bbox 2146 664 2316 729; x_wconf 89' lang='lat' dir='ltr'><strong>Nam</strong></span> <span class='ocrx_word' id='word_1_24' title='bbox 2384 665 2767 748; x_wconf 90' lang='lat' dir='ltr'><strong>plerumque</strong></span> 
     </span>
     <span class='ocr_line' id='line_1_5' title="bbox 831 749 2767 838; baseline -0.001 -20"><span class='ocrx_word' id='word_1_25' title='bbox 831 755 942 838; x_wconf 91' lang='lat' dir='ltr'><strong>qui</strong></span> <span class='ocrx_word' id='word_1_26' title='bbox 1001 752 1082 818; x_wconf 89' lang='lat' dir='ltr'><strong>ad</strong></span> <span class='ocrx_word' id='word_1_27' title='bbox 1140 773 1379 818; x_wconf 89' lang='lat' dir='ltr'><strong>munus</strong></span> <span class='ocrx_word' id='word_1_28' title='bbox 1439 751 1700 834; x_wconf 81' lang='lat' dir='ltr'>aliquod</span> <span class='ocrx_word' id='word_1_29' title='bbox 1757 750 1970 815; x_wconf 91' lang='lat' dir='ltr'><strong>idonei</strong></span> <span class='ocrx_word' id='word_1_30' title='bbox 2035 750 2164 814; x_wconf 92' lang='lat' dir='ltr'><strong>sibi</strong></span> <span class='ocrx_word' id='word_1_31' title='bbox 2231 749 2571 834; x_wconf 90' lang='lat' dir='ltr'><strong>videntur,</strong></span> <span class='ocrx_word' id='word_1_32' title='bbox 2639 753 2767 816; x_wconf 89' lang='lat' dir='ltr'><strong>nisi</strong></span> 
     </span>
     <span class='ocr_line' id='line_1_6' title="bbox 831 835 2769 923; baseline -0.002 -19"><span class='ocrx_word' id='word_1_33' title='bbox 831 841 1044 923; x_wconf 90' lang='lat' dir='ltr'><strong>primo</strong></span> <span class='ocrx_word' id='word_1_34' title='bbox 1101 858 1358 921; x_wconf 90' lang='lat' dir='ltr'><strong>quoque</strong></span> <span class='ocrx_word' id='word_1_35' title='bbox 1415 836 1519 901; x_wconf 88' lang='lat' dir='ltr'><strong>die</strong></span> <span class='ocrx_word' id='word_1_36' title='bbox 1576 847 1910 916; x_wconf 86' lang='lat' dir='ltr'><strong>vocentur,</strong></span> <span class='ocrx_word' id='word_1_37' title='bbox 1970 836 2049 900; x_wconf 88' lang='lat' dir='ltr'><strong>de</strong></span> <span class='ocrx_word' id='word_1_38' title='bbox 2107 835 2346 900; x_wconf 90' lang='lat' dir='ltr'><strong>iniuria</strong></span> <span class='ocrx_word' id='word_1_39' title='bbox 2405 835 2527 901; x_wconf 90' lang='lat' dir='ltr'><strong>sibi</strong></span> <span class='ocrx_word' id='word_1_40' title='bbox 2585 837 2769 901; x_wconf 88' lang='lat' dir='ltr'><strong>illata</strong></span> 
     </span>
     <span class='ocr_line' id='line_1_7' title="bbox 833 923 2764 1008; baseline -0.003 -18"><span class='ocrx_word' id='word_1_41' title='bbox 833 937 1346 1008; x_wconf 91' lang='lat' dir='ltr'><strong>conqueruntur,</strong></span> <span class='ocrx_word' id='word_1_42' title='bbox 1391 935 1458 987; x_wconf 89' lang='lat' dir='ltr'><strong>et</strong></span> <span class='ocrx_word' id='word_1_43' title='bbox 1501 923 1684 987; x_wconf 90' lang='lat' dir='ltr'><strong>virus</strong></span> <span class='ocrx_word' id='word_1_44' title='bbox 1727 943 1917 987; x_wconf 90' lang='lat' dir='ltr'><strong>suum</strong></span> <span class='ocrx_word' id='word_1_45' title='bbox 1964 928 2296 1002; x_wconf 87' lang='lat' dir='ltr'><strong>evomunt,</strong></span> <span class='ocrx_word' id='word_1_46' title='bbox 2340 929 2535 1004; x_wconf 90' lang='lat' dir='ltr'><strong>atque</strong></span> <span class='ocrx_word' id='word_1_47' title='bbox 2560 923 2764 987; x_wconf 88' lang='lat' dir='ltr'><strong>ambi-</strong></span> 
     </span>
     <span class='ocr_line' id='line_1_8' title="bbox 832 1008 2766 1093; baseline -0.002 -18"><span class='ocrx_word' id='word_1_48' title='bbox 832 1013 1013 1077; x_wconf 90' lang='lat' dir='ltr'><strong>tione</strong></span> <span class='ocrx_word' id='word_1_49' title='bbox 1059 1009 1309 1093; x_wconf 87' lang='lat' dir='ltr'><strong>turgidi</strong></span> <span class='ocrx_word' id='word_1_50' title='bbox 1354 1008 1605 1074; x_wconf 90' lang='lat' dir='ltr'><strong>coelum</strong></span> <span class='ocrx_word' id='word_1_51' title='bbox 1642 1019 1853 1073; x_wconf 88' lang='lat' dir='ltr'><strong>terrae</strong></span> <span class='ocrx_word' id='word_1_52' title='bbox 1889 1009 2161 1073; x_wconf 89' lang='lat' dir='ltr'><strong>miscere</strong></span> <span class='ocrx_word' id='word_1_53' title='bbox 2197 1008 2520 1072; x_wconf 89' lang='lat' dir='ltr'><strong>nituntur.</strong></span> <span class='ocrx_word' id='word_1_54' title='bbox 2591 1008 2766 1073; x_wconf 90' lang='lat' dir='ltr'><strong>Hinc</strong></span> 
     </span>
     <span class='ocr_line' id='line_1_9' title="bbox 832 1093 2765 1178; baseline -0.002 -16"><span class='ocrx_word' id='word_1_55' title='bbox 832 1099 907 1162; x_wconf 88' lang='lat' dir='ltr'><strong>fit</strong></span> <span class='ocrx_word' id='word_1_56' title='bbox 967 1109 1042 1161; x_wconf 91' lang='lat' dir='ltr'><strong>ut</strong></span> <span class='ocrx_word' id='word_1_57' title='bbox 1104 1097 1215 1178; x_wconf 92' lang='lat' dir='ltr'><strong>qui</strong></span> <span class='ocrx_word' id='word_1_58' title='bbox 1276 1095 1381 1159; x_wconf 83' lang='lat' dir='ltr'><strong>vel</strong></span> <span class='ocrx_word' id='word_1_59' title='bbox 1442 1094 1798 1170; x_wconf 86' lang='lat' dir='ltr'><strong>industria,</strong></span> <span class='ocrx_word' id='word_1_60' title='bbox 1869 1093 1974 1158; x_wconf 89' lang='lat' dir='ltr'><strong>vel</strong></span> <span class='ocrx_word' id='word_1_61' title='bbox 2037 1093 2182 1158; x_wconf 89' lang='lat' dir='ltr'><strong>aliis</strong></span> <span class='ocrx_word' id='word_1_62' title='bbox 2226 1094 2438 1158; x_wconf 87' lang='lat' dir='ltr'><strong>sancti</strong></span> <span class='ocrx_word' id='word_1_63' title='bbox 2498 1095 2765 1176; x_wconf 88' lang='lat' dir='ltr'><strong>spiritus</strong></span> 
     </span>
     <span class='ocr_line' id='line_1_10' title="bbox 833 1177 2762 1261; baseline -0.002 -14"><span class='ocrx_word' id='word_1_64' title='bbox 833 1183 1022 1247; x_wconf 91' lang='lat' dir='ltr'><strong>donis</strong></span> <span class='ocrx_word' id='word_1_65' title='bbox 1061 1180 1277 1246; x_wconf 87' lang='lat' dir='ltr'><strong>ornati</strong></span> <span class='ocrx_word' id='word_1_66' title='bbox 1319 1189 1489 1260; x_wconf 90' lang='lat' dir='ltr'><strong>sunt,</strong></span> <span class='ocrx_word' id='word_1_67' title='bbox 1547 1179 1791 1245; x_wconf 88' lang='lat' dir='ltr'><strong>multas</strong></span> <span class='ocrx_word' id='word_1_68' title='bbox 1839 1177 2062 1243; x_wconf 91' lang='lat' dir='ltr'><strong>turbas</strong></span> <span class='ocrx_word' id='word_1_69' title='bbox 2107 1178 2293 1243; x_wconf 86' lang='lat' dir='ltr'><strong>dent:</strong></span> <span class='ocrx_word' id='word_1_70' title='bbox 2354 1180 2523 1261; x_wconf 90' lang='lat' dir='ltr'><strong>quod</strong></span> <span class='ocrx_word' id='word_1_71' title='bbox 2571 1179 2762 1243; x_wconf 91' lang='lat' dir='ltr'><strong>nimi-</strong></span> 
     </span>
     <span class='ocr_line' id='line_1_11' title="bbox 832 1264 2759 1349; baseline -0.003 -15"><span class='ocrx_word' id='word_1_72' title='bbox 832 1290 982 1334; x_wconf 91' lang='lat' dir='ltr'><strong>rum</strong></span> <span class='ocrx_word' id='word_1_73' title='bbox 1039 1288 1170 1333; x_wconf 92' lang='lat' dir='ltr'><strong>non</strong></span> <span class='ocrx_word' id='word_1_74' title='bbox 1230 1267 1452 1332; x_wconf 88' lang='lat' dir='ltr'><strong>statim</strong></span> <span class='ocrx_word' id='word_1_75' title='bbox 1512 1265 1593 1330; x_wconf 90' lang='lat' dir='ltr'><strong>ad</strong></span> <span class='ocrx_word' id='word_1_76' title='bbox 1653 1286 1760 1330; x_wconf 91' lang='lat' dir='ltr'><strong>eas</strong></span> <span class='ocrx_word' id='word_1_77' title='bbox 1827 1264 2180 1349; x_wconf 74' lang='lat' dir='ltr'><strong>dignitates</strong></span> <span class='ocrx_word' id='word_1_78' title='bbox 2239 1277 2759 1347; x_wconf 80' lang='lat' dir='ltr'><strong>promoveantur,</strong></span> 
     </span>
     <span class='ocr_line' id='line_1_12' title="bbox 834 1351 2760 1436; baseline -0.002 -17"><span class='ocrx_word' id='word_1_79' title='bbox 834 1373 1113 1436; x_wconf 89' lang='lat' dir='ltr'><strong>quarum</strong></span> <span class='ocrx_word' id='word_1_80' title='bbox 1170 1373 1239 1417; x_wconf 91' lang='lat' dir='ltr'><strong>se</strong></span> <span class='ocrx_word' id='word_1_81' title='bbox 1298 1352 1530 1436; x_wconf 90' lang='lat' dir='ltr'><strong>dignos</strong></span> <span class='ocrx_word' id='word_1_82' title='bbox 1588 1351 1998 1430; x_wconf 85' lang='lat' dir='ltr'><strong>existimant,</strong></span> <span class='ocrx_word' id='word_1_83' title='bbox 2070 1361 2136 1414; x_wconf 89' lang='lat' dir='ltr'><strong>et</strong></span> <span class='ocrx_word' id='word_1_84' title='bbox 2192 1368 2352 1432; x_wconf 89' lang='lat' dir='ltr'><strong>quas</strong></span> <span class='ocrx_word' id='word_1_85' title='bbox 2424 1361 2760 1433; x_wconf 89' lang='lat' dir='ltr'><strong>appetunt.</strong></span> 
     </span>
     <span class='ocr_line' id='line_1_13' title="bbox 831 1435 2764 1519; baseline -0.004 -13"><span class='ocrx_word' id='word_1_86' title='bbox 831 1439 972 1506; x_wconf 91' lang='lat' dir='ltr'><strong>Nos</strong></span> <span class='ocrx_word' id='word_1_87' title='bbox 1029 1459 1186 1504; x_wconf 87' lang='lat' dir='ltr'><strong>vero</strong></span> <span class='ocrx_word' id='word_1_88' title='bbox 1242 1435 1521 1501; x_wconf 88' lang='lat' dir='ltr'><strong>Davidis</strong></span> <span class='ocrx_word' id='word_1_89' title='bbox 1580 1436 1954 1518; x_wconf 83' lang='lat' dir='ltr'><strong>exemplum</strong></span> <span class='ocrx_word' id='word_1_90' title='bbox 2009 1436 2374 1514; x_wconf 87' lang='lat' dir='ltr'><strong>imitemur,</strong></span> <span class='ocrx_word' id='word_1_91' title='bbox 2442 1437 2551 1519; x_wconf 90' lang='lat' dir='ltr'><strong>qui</strong></span> <span class='ocrx_word' id='word_1_92' title='bbox 2614 1436 2764 1502; x_wconf 88' lang='lat' dir='ltr'><strong>licet</strong></span> 
     </span>
     <span class='ocr_line' id='line_1_14' title="bbox 834 1519 2762 1609; baseline -0.003 -19"><span class='ocrx_word' id='word_1_93' title='bbox 834 1526 1091 1609; x_wconf 90' lang='lat' dir='ltr'><strong>magnis</strong></span> <span class='ocrx_word' id='word_1_94' title='bbox 1130 1521 1477 1588; x_wconf 89' lang='lat' dir='ltr'><strong>virtutibus</strong></span> <span class='ocrx_word' id='word_1_95' title='bbox 1512 1529 1798 1604; x_wconf 89' lang='lat' dir='ltr'><strong>ornatus,</strong></span> <span class='ocrx_word' id='word_1_96' title='bbox 1842 1528 2064 1604; x_wconf 80' lang='lat' dir='ltr'><strong>pastor</strong></span> <span class='ocrx_word' id='word_1_97' title='bbox 2099 1531 2320 1585; x_wconf 88' lang='lat' dir='ltr'><strong>tamen</strong></span> <span class='ocrx_word' id='word_1_98' title='bbox 2364 1542 2527 1601; x_wconf 89' lang='lat' dir='ltr'><strong>esse,</strong></span> <span class='ocrx_word' id='word_1_99' title='bbox 2572 1532 2638 1586; x_wconf 91' lang='lat' dir='ltr'><strong>et</strong></span> <span class='ocrx_word' id='word_1_100' title='bbox 2681 1519 2762 1586; x_wconf 86' lang='lat' dir='ltr'><strong>ad</strong></span> 
     </span>
     <span class='ocr_line' id='line_1_15' title="bbox 834 1606 2763 1692; baseline -0.003 -16"><span class='ocrx_word' id='word_1_101' title='bbox 834 1612 1058 1676; x_wconf 85' lang='lat' dir='ltr'><strong>ovium</strong></span> <span class='ocrx_word' id='word_1_102' title='bbox 1113 1618 1296 1692; x_wconf 90' lang='lat' dir='ltr'><strong>septa</strong></span> <span class='ocrx_word' id='word_1_103' title='bbox 1352 1606 1574 1673; x_wconf 90' lang='lat' dir='ltr'><strong>sedere</strong></span> <span class='ocrx_word' id='word_1_104' title='bbox 1635 1627 1766 1671; x_wconf 92' lang='lat' dir='ltr'><strong>non</strong></span> <span class='ocrx_word' id='word_1_105' title='bbox 1842 1606 2135 1671; x_wconf 88' lang='lat' dir='ltr'><strong>erubuit:</strong></span> <span class='ocrx_word' id='word_1_106' title='bbox 2195 1620 2261 1670; x_wconf 91' lang='lat' dir='ltr'><strong>et</strong></span> <span class='ocrx_word' id='word_1_107' title='bbox 2304 1627 2677 1688; x_wconf 79' lang='lat' dir='ltr'><strong>quanquam</strong></span> <span class='ocrx_word' id='word_1_108' title='bbox 2725 1628 2763 1671; x_wconf 90' lang='lat' dir='ltr'><strong>a</strong></span> 
     </span>
     <span class='ocr_line' id='line_1_16' title="bbox 832 1692 2762 1776; baseline -0.003 -14"><span class='ocrx_word' id='word_1_109' title='bbox 832 1695 1140 1762; x_wconf 80' lang='lat' dir='ltr'><strong>Samuele</strong></span> <span class='ocrx_word' id='word_1_110' title='bbox 1198 1715 1316 1759; x_wconf 84' lang='lat' dir='ltr'><strong>rex</strong></span> <span class='ocrx_word' id='word_1_111' title='bbox 1362 1701 1535 1758; x_wconf 89' lang='lat' dir='ltr'><strong>esset</strong></span> <span class='ocrx_word' id='word_1_112' title='bbox 1579 1692 1957 1776; x_wconf 87' lang='lat' dir='ltr'><strong>designatus</strong></span> <span class='ocrx_word' id='word_1_113' title='bbox 2002 1703 2070 1757; x_wconf 90' lang='lat' dir='ltr'><strong>et</strong></span> <span class='ocrx_word' id='word_1_114' title='bbox 2112 1693 2569 1776; x_wconf 86' lang='lat' dir='ltr'><strong>inauguratus,</strong></span> <span class='ocrx_word' id='word_1_115' title='bbox 2631 1713 2762 1756; x_wconf 92' lang='lat' dir='ltr'><strong>non</strong></span> 
     </span>
     <span class='ocr_line' id='line_1_17' title="bbox 831 1777 2763 1862; baseline -0.004 -14"><span class='ocrx_word' id='word_1_116' title='bbox 831 1791 1049 1848; x_wconf 88' lang='lat' dir='ltr'><strong>tamen</strong></span> <span class='ocrx_word' id='word_1_117' title='bbox 1093 1780 1241 1846; x_wconf 91' lang='lat' dir='ltr'><strong>ideo</strong></span> <span class='ocrx_word' id='word_1_118' title='bbox 1280 1779 1557 1844; x_wconf 87' lang='lat' dir='ltr'><strong>maiores</strong></span> <span class='ocrx_word' id='word_1_119' title='bbox 1593 1778 1845 1843; x_wconf 84' lang='lat' dir='ltr'><strong>animos</strong></span> <span class='ocrx_word' id='word_1_120' title='bbox 1881 1778 2181 1861; x_wconf 78' lang='lat' dir='ltr'><strong>sumpsit,</strong></span> <span class='ocrx_word' id='word_1_121' title='bbox 2228 1778 2342 1842; x_wconf 88' lang='lat' dir='ltr'><strong>sed</strong></span> <span class='ocrx_word' id='word_1_122' title='bbox 2377 1778 2447 1841; x_wconf 91' lang='lat' dir='ltr'><strong>in</strong></span> <span class='ocrx_word' id='word_1_123' title='bbox 2485 1777 2763 1862; x_wconf 89' lang='lat' dir='ltr'><strong>pristina</strong></span> 
     </span>
    </p>
   </div>
   <div class='ocr_carea' id='block_1_3' title="bbox 817 1863 2763 2122">
    <p class='ocr_par' dir='ltr' id='par_1_3' title="bbox 817 1863 2763 2122">
     <span class='ocr_line' id='line_1_18' title="bbox 825 1863 2762 1947; baseline -0.002 -14"><span class='ocrx_word' id='word_1_124' title='bbox 825 1867 1193 1934; x_wconf 88' lang='lat' dir='ltr'><strong>conditione</strong></span> <span class='ocrx_word' id='word_1_125' title='bbox 1237 1865 1523 1947; x_wconf 80' lang='lat' dir='ltr'><strong>quietam</strong></span> <span class='ocrx_word' id='word_1_126' title='bbox 1571 1875 1633 1929; x_wconf 90' lang='lat' dir='ltr'><strong>et</strong></span> <span class='ocrx_word' id='word_1_127' title='bbox 1677 1863 2038 1928; x_wconf 78' lang='lat' dir='ltr'><strong>modestam</strong></span> <span class='ocrx_word' id='word_1_128' title='bbox 2084 1864 2289 1928; x_wconf 89' lang='lat' dir='ltr'><strong>vitam</strong></span> <span class='ocrx_word' id='word_1_129' title='bbox 2333 1864 2488 1947; x_wconf 89' lang='lat' dir='ltr'><strong>egit.</strong></span> <span class='ocrx_word' id='word_1_130' title='bbox 2572 1863 2762 1929; x_wconf 78' lang='lat' dir='ltr'><strong>Tales</strong></span> 
     </span>
     <span class='ocr_line' id='line_1_19' title="bbox 828 1948 2763 2032; baseline -0.003 -12"><span class='ocrx_word' id='word_1_131' title='bbox 828 1974 969 2020; x_wconf 86' lang='lat' dir='ltr'><strong>esse</strong></span> <span class='ocrx_word' id='word_1_132' title='bbox 1028 1951 1213 2017; x_wconf 91' lang='lat' dir='ltr'><strong>decet</strong></span> <span class='ocrx_word' id='word_1_133' title='bbox 1256 1971 1367 2015; x_wconf 90' lang='lat' dir='ltr'><strong>eos</strong></span> <span class='ocrx_word' id='word_1_134' title='bbox 1411 1971 1570 2032; x_wconf 90' lang='lat' dir='ltr'><strong>quos</strong></span> <span class='ocrx_word' id='word_1_135' title='bbox 1615 1950 1796 2014; x_wconf 87' lang='lat' dir='ltr'><strong>Deus</strong></span> <span class='ocrx_word' id='word_1_136' title='bbox 1841 1949 2195 2014; x_wconf 89' lang='lat' dir='ltr'><strong>maioribus</strong></span> <span class='ocrx_word' id='word_1_137' title='bbox 2244 1948 2431 2014; x_wconf 92' lang='lat' dir='ltr'><strong>donis</strong></span> <span class='ocrx_word' id='word_1_138' title='bbox 2473 1949 2763 2032; x_wconf 87' lang='lat' dir='ltr'><strong>insignes</strong></span> 
     </span>
     <span class='ocr_line' id='line_1_20' title="bbox 817 2034 2758 2122; baseline -0.003 -18"><span class='ocrx_word' id='word_1_139' title='bbox 817 2039 1002 2122; x_wconf 82' lang='lat' dir='ltr'><strong>fecit,</strong></span> <span class='ocrx_word' id='word_1_140' title='bbox 1065 2049 1129 2103; x_wconf 91' lang='lat' dir='ltr'><strong>et</strong></span> <span class='ocrx_word' id='word_1_141' title='bbox 1186 2036 1339 2102; x_wconf 89' lang='lat' dir='ltr'><strong>licet</strong></span> <span class='ocrx_word' id='word_1_142' title='bbox 1397 2036 1542 2101; x_wconf 90' lang='lat' dir='ltr'><strong>aliis</strong></span> <span class='ocrx_word' id='word_1_143' title='bbox 1599 2035 1846 2118; x_wconf 88' lang='lat' dir='ltr'><strong>ingenii</strong></span> <span class='ocrx_word' id='word_1_144' title='bbox 1905 2034 2156 2099; x_wconf 84' lang='lat' dir='ltr'><strong>viribus</strong></span> <span class='ocrx_word' id='word_1_145' title='bbox 2199 2034 2497 2100; x_wconf 83' lang='lat' dir='ltr'><strong>meliores</strong></span> <span class='ocrx_word' id='word_1_146' title='bbox 2544 2047 2758 2098; x_wconf 91' lang='lat' dir='ltr'><strong>tamen</strong></span> 
     </span>
    </p>
   </div>
   <div class='ocr_carea' id='block_1_4' title="bbox 828 2120 2762 4946">
    <p class='ocr_par' dir='ltr' id='par_1_4' title="bbox 829 2120 2762 3319">
     <span class='ocr_line' id='line_1_21' title="bbox 831 2120 2760 2204; baseline -0.003 -14"><span class='ocrx_word' id='word_1_147' title='bbox 831 2124 1122 2191; x_wconf 79' lang='lat' dir='ltr'><strong>modeste</strong></span> <span class='ocrx_word' id='word_1_148' title='bbox 1177 2131 1244 2188; x_wconf 91' lang='lat' dir='ltr'><strong>et</strong></span> <span class='ocrx_word' id='word_1_149' title='bbox 1301 2121 1520 2204; x_wconf 91' lang='lat' dir='ltr'><strong>quiete</strong></span> <span class='ocrx_word' id='word_1_150' title='bbox 1574 2140 1714 2186; x_wconf 86' lang='lat' dir='ltr'><strong>sese</strong></span> <span class='ocrx_word' id='word_1_151' title='bbox 1771 2122 1839 2184; x_wconf 90' lang='lat' dir='ltr'><strong>in</strong></span> <span class='ocrx_word' id='word_1_152' title='bbox 1901 2121 2037 2184; x_wconf 90' lang='lat' dir='ltr'><strong>vita</strong></span> <span class='ocrx_word' id='word_1_153' title='bbox 2093 2120 2352 2203; x_wconf 87' lang='lat' dir='ltr'><strong>privata</strong></span> <span class='ocrx_word' id='word_1_154' title='bbox 2408 2121 2760 2200; x_wconf 88' lang='lat' dir='ltr'><strong>continere,</strong></span> 
     </span>
     <span class='ocr_line' id='line_1_22' title="bbox 830 2204 2760 2293; baseline -0.003 -17"><span class='ocrx_word' id='word_1_155' title='bbox 830 2231 1046 2293; x_wconf 88' lang='lat' dir='ltr'><strong>neque</strong></span> <span class='ocrx_word' id='word_1_156' title='bbox 1081 2220 1326 2274; x_wconf 90' lang='lat' dir='ltr'><strong>temere</strong></span> <span class='ocrx_word' id='word_1_157' title='bbox 1371 2229 1514 2272; x_wconf 89' lang='lat' dir='ltr'><strong>sese</strong></span> <span class='ocrx_word' id='word_1_158' title='bbox 1555 2207 1853 2289; x_wconf 84' lang='lat' dir='ltr'><strong>ingerere</strong></span> <span class='ocrx_word' id='word_1_159' title='bbox 1898 2206 1969 2270; x_wconf 90' lang='lat' dir='ltr'><strong>in</strong></span> <span class='ocrx_word' id='word_1_160' title='bbox 2017 2204 2274 2287; x_wconf 89' lang='lat' dir='ltr'><strong>publiea</strong></span> <span class='ocrx_word' id='word_1_161' title='bbox 2319 2227 2592 2270; x_wconf 90' lang='lat' dir='ltr'><strong>munera</strong></span> <span class='ocrx_word' id='word_1_162' title='bbox 2635 2207 2760 2270; x_wconf 88' lang='lat' dir='ltr'><strong>nisi</strong></span> 
     </span>
     <span class='ocr_line' id='line_1_23' title="bbox 832 2289 2762 2377; baseline -0.003 -16"><span class='ocrx_word' id='word_1_163' title='bbox 832 2305 1115 2377; x_wconf 86' lang='lat' dir='ltr'><strong>vocatos,</strong></span> <span class='ocrx_word' id='word_1_164' title='bbox 1176 2315 1260 2358; x_wconf 92' lang='lat' dir='ltr'><strong>ne</strong></span> <span class='ocrx_word' id='word_1_165' title='bbox 1314 2313 1436 2359; x_wconf 87' lang='lat' dir='ltr'><strong>sua</strong></span> <span class='ocrx_word' id='word_1_166' title='bbox 1495 2292 1846 2357; x_wconf 83' lang='lat' dir='ltr'><strong>ambitione</strong></span> <span class='ocrx_word' id='word_1_167' title='bbox 1891 2291 2111 2356; x_wconf 87' lang='lat' dir='ltr'><strong>turbas</strong></span> <span class='ocrx_word' id='word_1_168' title='bbox 2155 2289 2460 2366; x_wconf 74' lang='lat' dir='ltr'><strong>excitent,</strong></span> <span class='ocrx_word' id='word_1_169' title='bbox 2519 2303 2585 2356; x_wconf 90' lang='lat' dir='ltr'><strong>et</strong></span> <span class='ocrx_word' id='word_1_170' title='bbox 2642 2312 2762 2356; x_wconf 88' lang='lat' dir='ltr'><strong>sua</strong></span> 
     </span>
     <span class='ocr_line' id='line_1_24' title="bbox 830 2376 2760 2461; baseline -0.004 -13"><span class='ocrx_word' id='word_1_171' title='bbox 830 2380 1236 2448; x_wconf 88' lang='lat' dir='ltr'><strong>contumacia</strong></span> <span class='ocrx_word' id='word_1_172' title='bbox 1274 2378 1596 2461; x_wconf 91' lang='lat' dir='ltr'><strong>publicam</strong></span> <span class='ocrx_word' id='word_1_173' title='bbox 1635 2377 1914 2459; x_wconf 89' lang='lat' dir='ltr'><strong>quietem</strong></span> <span class='ocrx_word' id='word_1_174' title='bbox 1952 2376 2405 2454; x_wconf 81' lang='lat' dir='ltr'><strong>interturbent,</strong></span> <span class='ocrx_word' id='word_1_175' title='bbox 2454 2397 2584 2441; x_wconf 90' lang='lat' dir='ltr'><strong>nou</strong></span> <span class='ocrx_word' id='word_1_176' title='bbox 2626 2387 2760 2441; x_wconf 90' lang='lat' dir='ltr'><strong>tam</strong></span> 
     </span>
     <span class='ocr_line' id='line_1_25' title="bbox 832 2460 2761 2547; baseline -0.003 -15"><span class='ocrx_word' id='word_1_177' title='bbox 832 2466 1060 2534; x_wconf 89' lang='lat' dir='ltr'><strong>statim</strong></span> <span class='ocrx_word' id='word_1_178' title='bbox 1112 2485 1307 2547; x_wconf 89' lang='lat' dir='ltr'><strong>quam</strong></span> <span class='ocrx_word' id='word_1_179' title='bbox 1352 2471 1655 2547; x_wconf 90' lang='lat' dir='ltr'><strong>optarent</strong></span> <span class='ocrx_word' id='word_1_180' title='bbox 1695 2481 1804 2528; x_wconf 88' lang='lat' dir='ltr'><strong>eas</strong></span> <span class='ocrx_word' id='word_1_181' title='bbox 1846 2483 2005 2545; x_wconf 90' lang='lat' dir='ltr'><strong>quas</strong></span> <span class='ocrx_word' id='word_1_182' title='bbox 2048 2473 2365 2544; x_wconf 83' lang='lat' dir='ltr'><strong>expetunt</strong></span> <span class='ocrx_word' id='word_1_183' title='bbox 2410 2460 2761 2546; x_wconf 79' lang='lat' dir='ltr'><strong>dignitates</strong></span> 
     </span>
     <span class='ocr_line' id='line_1_26' title="bbox 832 2547 2760 2636; baseline -0.002 -19"><span class='ocrx_word' id='word_1_184' title='bbox 832 2551 1198 2636; x_wconf 85' lang='lat' dir='ltr'><strong>assequuti:</strong></span> <span class='ocrx_word' id='word_1_185' title='bbox 1246 2548 1357 2616; x_wconf 88' lang='lat' dir='ltr'><strong>sed</strong></span> <span class='ocrx_word' id='word_1_186' title='bbox 1403 2549 1727 2632; x_wconf 85' lang='lat' dir='ltr'><strong>patienter</strong></span> <span class='ocrx_word' id='word_1_187' title='bbox 1763 2559 1985 2613; x_wconf 90' lang='lat' dir='ltr'><strong>contra</strong></span> <span class='ocrx_word' id='word_1_188' title='bbox 2010 2548 2134 2612; x_wconf 91' lang='lat' dir='ltr'><strong>Dei</strong></span> <span class='ocrx_word' id='word_1_189' title='bbox 2178 2547 2576 2613; x_wconf 85' lang='lat' dir='ltr'><strong>voluntatem</strong></span> <span class='ocrx_word' id='word_1_190' title='bbox 2612 2548 2760 2614; x_wconf 91' lang='lat' dir='ltr'><strong>illos</strong></span> 
     </span>
     <span class='ocr_line' id='line_1_27' title="bbox 834 2633 2758 2723; baseline -0.003 -20"><span class='ocrx_word' id='word_1_191' title='bbox 834 2646 1091 2723; x_wconf 90' lang='lat' dir='ltr'><strong>oportet</strong></span> <span class='ocrx_word' id='word_1_192' title='bbox 1133 2643 1531 2718; x_wconf 81' lang='lat' dir='ltr'><strong>exspectare,</strong></span> <span class='ocrx_word' id='word_1_193' title='bbox 1573 2641 1639 2699; x_wconf 91' lang='lat' dir='ltr'><strong>et</strong></span> <span class='ocrx_word' id='word_1_194' title='bbox 1681 2654 1822 2699; x_wconf 89' lang='lat' dir='ltr'><strong>sese</strong></span> <span class='ocrx_word' id='word_1_195' title='bbox 1865 2643 2035 2699; x_wconf 88' lang='lat' dir='ltr'><strong>totos</strong></span> <span class='ocrx_word' id='word_1_196' title='bbox 2079 2634 2206 2715; x_wconf 92' lang='lat' dir='ltr'><strong>ipsi</strong></span> <span class='ocrx_word' id='word_1_197' title='bbox 2251 2633 2567 2717; x_wconf 90' lang='lat' dir='ltr'><strong>regendos</strong></span> <span class='ocrx_word' id='word_1_198' title='bbox 2611 2655 2758 2717; x_wconf 90' lang='lat' dir='ltr'><strong>per-</strong></span> 
     </span>
     <span class='ocr_line' id='line_1_28' title="bbox 834 2719 2758 2803; baseline -0.003 -14"><span class='ocrx_word' id='word_1_199' title='bbox 834 2723 1110 2800; x_wconf 86' lang='lat' dir='ltr'><strong>mittere,</strong></span> <span class='ocrx_word' id='word_1_200' title='bbox 1148 2742 1359 2803; x_wconf 90' lang='lat' dir='ltr'><strong>neque</strong></span> <span class='ocrx_word' id='word_1_201' title='bbox 1380 2721 1436 2785; x_wconf 93' lang='lat' dir='ltr'><strong>si</strong></span> <span class='ocrx_word' id='word_1_202' title='bbox 1461 2720 1742 2786; x_wconf 91' lang='lat' dir='ltr'><strong>Domino</strong></span> <span class='ocrx_word' id='word_1_203' title='bbox 1766 2719 2068 2785; x_wconf 88' lang='lat' dir='ltr'><strong>videatur</strong></span> <span class='ocrx_word' id='word_1_204' title='bbox 2104 2720 2274 2784; x_wconf 88' lang='lat' dir='ltr'><strong>dona</strong></span> <span class='ocrx_word' id='word_1_205' title='bbox 2307 2740 2473 2801; x_wconf 89' lang='lat' dir='ltr'><strong>quae</strong></span> <span class='ocrx_word' id='word_1_206' title='bbox 2507 2720 2578 2783; x_wconf 92' lang='lat' dir='ltr'><strong>in</strong></span> <span class='ocrx_word' id='word_1_207' title='bbox 2614 2719 2758 2785; x_wconf 90' lang='lat' dir='ltr'><strong>illos</strong></span> 
     </span>
     <span class='ocr_line' id='line_1_29' title="bbox 831 2804 2758 2888; baseline -0.004 -12"><span class='ocrx_word' id='word_1_208' title='bbox 831 2807 1108 2877; x_wconf 91' lang='lat' dir='ltr'><strong>contulit</strong></span> <span class='ocrx_word' id='word_1_209' title='bbox 1142 2805 1223 2871; x_wconf 86' lang='lat' dir='ltr'><strong>ad</strong></span> <span class='ocrx_word' id='word_1_210' title='bbox 1263 2817 1523 2888; x_wconf 82' lang='lat' dir='ltr'><strong>tempus</strong></span> <span class='ocrx_word' id='word_1_211' title='bbox 1569 2804 1911 2885; x_wconf 84' lang='lat' dir='ltr'><strong>occultare,</strong></span> <span class='ocrx_word' id='word_1_212' title='bbox 1956 2805 2102 2870; x_wconf 91' lang='lat' dir='ltr'><strong>ideo</strong></span> <span class='ocrx_word' id='word_1_213' title='bbox 2146 2805 2437 2869; x_wconf 89' lang='lat' dir='ltr'><strong>animum</strong></span> <span class='ocrx_word' id='word_1_214' title='bbox 2481 2805 2758 2887; x_wconf 88' lang='lat' dir='ltr'><strong>despon-</strong></span> 
     </span>
     <span class='ocr_line' id='line_1_30' title="bbox 833 2890 2760 2975; baseline -0.003 -14"><span class='ocrx_word' id='word_1_215' title='bbox 833 2895 1003 2961; x_wconf 87' lang='lat' dir='ltr'><strong>dere.</strong></span> <span class='ocrx_word' id='word_1_216' title='bbox 1105 2892 1332 2975; x_wconf 89' lang='lat' dir='ltr'><strong>Neque</strong></span> <span class='ocrx_word' id='word_1_217' title='bbox 1406 2892 1614 2971; x_wconf 82' lang='lat' dir='ltr'><strong>enim,</strong></span> <span class='ocrx_word' id='word_1_218' title='bbox 1687 2901 1761 2955; x_wconf 92' lang='lat' dir='ltr'><strong>ut</strong></span> <span class='ocrx_word' id='word_1_219' title='bbox 1819 2892 1911 2956; x_wconf 89' lang='lat' dir='ltr'><strong>ait</strong></span> <span class='ocrx_word' id='word_1_220' title='bbox 1966 2890 2286 2975; x_wconf 90' lang='lat' dir='ltr'><strong>propheta</strong></span> <span class='ocrx_word' id='word_1_221' title='bbox 2339 2892 2409 2954; x_wconf 88' lang='lat' dir='ltr'><strong>in</strong></span> <span class='ocrx_word' id='word_1_222' title='bbox 2459 2891 2760 2971; x_wconf 89' lang='lat' dir='ltr'><strong>Psalmis,</strong></span> 
     </span>
     <span class='ocr_line' id='line_1_31' title="bbox 832 2977 2760 3065; baseline -0.002 -19"><span class='ocrx_word' id='word_1_223' title='bbox 832 2981 1118 3065; x_wconf 81' lang='lat' dir='ltr'><strong>dignitas</strong></span> <span class='ocrx_word' id='word_1_224' title='bbox 1181 2977 1362 3043; x_wconf 90' lang='lat' dir='ltr'><strong>venit</strong></span> <span class='ocrx_word' id='word_1_225' title='bbox 1406 2999 1447 3041; x_wconf 88' lang='lat' dir='ltr'><strong>a</strong></span> <span class='ocrx_word' id='word_1_226' title='bbox 1490 2977 1733 3042; x_wconf 85' lang='lat' dir='ltr'><strong>virtute</strong></span> <span class='ocrx_word' id='word_1_227' title='bbox 1777 2977 1956 3054; x_wconf 91' lang='lat' dir='ltr'><strong>coeli,</strong></span> <span class='ocrx_word' id='word_1_228' title='bbox 2014 2997 2223 3059; x_wconf 92' lang='lat' dir='ltr'><strong>neque</strong></span> <span class='ocrx_word' id='word_1_229' title='bbox 2267 2984 2497 3054; x_wconf 87' lang='lat' dir='ltr'><strong>terrae,</strong></span> <span class='ocrx_word' id='word_1_230' title='bbox 2554 2998 2760 3058; x_wconf 88' lang='lat' dir='ltr'><strong>neque</strong></span> 
     </span>
     <span class='ocr_line' id='line_1_32' title="bbox 830 3061 2760 3146; baseline -0.003 -13"><span class='ocrx_word' id='word_1_231' title='bbox 830 3068 912 3133; x_wconf 89' lang='lat' dir='ltr'><strong>ab</strong></span> <span class='ocrx_word' id='word_1_232' title='bbox 959 3064 1250 3143; x_wconf 87' lang='lat' dir='ltr'><strong>Oriente,</strong></span> <span class='ocrx_word' id='word_1_233' title='bbox 1296 3083 1508 3145; x_wconf 92' lang='lat' dir='ltr'><strong>neque</strong></span> <span class='ocrx_word' id='word_1_234' title='bbox 1553 3062 1634 3127; x_wconf 89' lang='lat' dir='ltr'><strong>ab</strong></span> <span class='ocrx_word' id='word_1_235' title='bbox 1673 3061 2040 3128; x_wconf 87' lang='lat' dir='ltr'><strong>Occidente.</strong></span> <span class='ocrx_word' id='word_1_236' title='bbox 2109 3061 2292 3126; x_wconf 91' lang='lat' dir='ltr'><strong>Deus</strong></span> <span class='ocrx_word' id='word_1_237' title='bbox 2334 3063 2539 3146; x_wconf 90' lang='lat' dir='ltr'><strong>igitur</strong></span> <span class='ocrx_word' id='word_1_238' title='bbox 2580 3063 2760 3128; x_wconf 91' lang='lat' dir='ltr'><strong>solus</strong></span> 
     </span>
     <span class='ocr_line' id='line_1_33' title="bbox 829 3145 2756 3231; baseline -0.004 -13"><span class='ocrx_word' id='word_1_239' title='bbox 829 3152 1127 3218; x_wconf 89' lang='lat' dir='ltr'><strong>homines</strong></span> <span class='ocrx_word' id='word_1_240' title='bbox 1192 3148 1445 3213; x_wconf 86' lang='lat' dir='ltr'><strong>extollit</strong></span> <span class='ocrx_word' id='word_1_241' title='bbox 1503 3147 1610 3215; x_wconf 90' lang='lat' dir='ltr'><strong>vel</strong></span> <span class='ocrx_word' id='word_1_242' title='bbox 1670 3145 1979 3230; x_wconf 88' lang='lat' dir='ltr'><strong>deprimit</strong></span> <span class='ocrx_word' id='word_1_243' title='bbox 2036 3155 2232 3229; x_wconf 88' lang='lat' dir='ltr'><strong>prout</strong></span> <span class='ocrx_word' id='word_1_244' title='bbox 2287 3148 2414 3231; x_wconf 91' lang='lat' dir='ltr'><strong>ipsi</strong></span> <span class='ocrx_word' id='word_1_245' title='bbox 2483 3146 2756 3225; x_wconf 88' lang='lat' dir='ltr'><strong>videtur,</strong></span> 
     </span>
     <span class='ocr_line' id='line_1_34' title="bbox 830 3233 2757 3319; baseline -0.002 -16"><span class='ocrx_word' id='word_1_246' title='bbox 830 3250 897 3303; x_wconf 89' lang='lat' dir='ltr'><strong>et</strong></span> <span class='ocrx_word' id='word_1_247' title='bbox 937 3239 1011 3302; x_wconf 92' lang='lat' dir='ltr'><strong>in</strong></span> <span class='ocrx_word' id='word_1_248' title='bbox 1057 3258 1133 3302; x_wconf 91' lang='lat' dir='ltr'><strong>ea</strong></span> <span class='ocrx_word' id='word_1_249' title='bbox 1178 3236 1512 3319; x_wconf 84' lang='lat' dir='ltr'><strong>dignitate,</strong></span> <span class='ocrx_word' id='word_1_250' title='bbox 1568 3254 1733 3316; x_wconf 90' lang='lat' dir='ltr'><strong>quae</strong></span> <span class='ocrx_word' id='word_1_251' title='bbox 1777 3234 1901 3316; x_wconf 91' lang='lat' dir='ltr'><strong>ipsi</strong></span> <span class='ocrx_word' id='word_1_252' title='bbox 1941 3233 2172 3318; x_wconf 89' lang='lat' dir='ltr'><strong>placet,</strong></span> <span class='ocrx_word' id='word_1_253' title='bbox 2218 3233 2423 3298; x_wconf 88' lang='lat' dir='ltr'><strong>elatos</strong></span> <span class='ocrx_word' id='word_1_254' title='bbox 2465 3233 2757 3299; x_wconf 90' lang='lat' dir='ltr'><strong>collocat.</strong></span> 
     </span>
    </p>

    <p class='ocr_par' dir='ltr' id='par_1_5' title="bbox 828 3318 2760 4946">
     <span class='ocr_line' id='line_1_35' title="bbox 1002 3318 2760 3388; baseline -0.002 0"><span class='ocrx_word' id='word_1_255' title='bbox 1002 3322 1357 3388; x_wconf 85' lang='lat' dir='ltr'><strong>Caeterum</strong></span> <span class='ocrx_word' id='word_1_256' title='bbox 1411 3320 1613 3385; x_wconf 88' lang='lat' dir='ltr'><strong>etiam</strong></span> <span class='ocrx_word' id='word_1_257' title='bbox 1656 3318 1810 3384; x_wconf 89' lang='lat' dir='ltr'><strong>hinc</strong></span> <span class='ocrx_word' id='word_1_258' title='bbox 1854 3318 2330 3385; x_wconf 87' lang='lat' dir='ltr'><strong>observandum</strong></span> <span class='ocrx_word' id='word_1_259' title='bbox 2374 3318 2592 3384; x_wconf 89' lang='lat' dir='ltr'><strong>Deum</strong></span> <span class='ocrx_word' id='word_1_260' title='bbox 2637 3319 2760 3384; x_wconf 89' lang='lat' dir='ltr'><strong>hac</strong></span> 
     </span>
     <span class='ocr_line' id='line_1_36' title="bbox 829 3404 2759 3473; baseline -0.003 0"><span class='ocrx_word' id='word_1_261' title='bbox 829 3409 1082 3473; x_wconf 87' lang='lat' dir='ltr'><strong>ratione</strong></span> <span class='ocrx_word' id='word_1_262' title='bbox 1139 3407 1320 3472; x_wconf 86' lang='lat' dir='ltr'><strong>viam</strong></span> <span class='ocrx_word' id='word_1_263' title='bbox 1376 3406 1604 3471; x_wconf 88' lang='lat' dir='ltr'><strong>fecisse</strong></span> <span class='ocrx_word' id='word_1_264' title='bbox 1660 3405 1944 3470; x_wconf 88' lang='lat' dir='ltr'><strong>consiliis</strong></span> <span class='ocrx_word' id='word_1_265' title='bbox 2004 3405 2139 3469; x_wconf 88' lang='lat' dir='ltr'><strong>suis</strong></span> <span class='ocrx_word' id='word_1_266' title='bbox 2183 3404 2265 3468; x_wconf 90' lang='lat' dir='ltr'><strong>ad</strong></span> <span class='ocrx_word' id='word_1_267' title='bbox 2310 3406 2509 3469; x_wconf 89' lang='lat' dir='ltr'><strong>finem</strong></span> <span class='ocrx_word' id='word_1_268' title='bbox 2555 3405 2759 3469; x_wconf 91' lang='lat' dir='ltr'><strong>dedu-</strong></span> 
     </span>
     <span class='ocr_line' id='line_1_37' title="bbox 829 3488 2758 3573; baseline -0.003 -14"><span class='ocrx_word' id='word_1_269' title='bbox 829 3493 1070 3571; x_wconf 89' lang='lat' dir='ltr'><strong>cendis,</strong></span> <span class='ocrx_word' id='word_1_270' title='bbox 1137 3492 1216 3557; x_wconf 89' lang='lat' dir='ltr'><strong>de</strong></span> <span class='ocrx_word' id='word_1_271' title='bbox 1276 3489 1536 3557; x_wconf 88' lang='lat' dir='ltr'><strong>Davide</strong></span> <span class='ocrx_word' id='word_1_272' title='bbox 1589 3491 1661 3554; x_wconf 92' lang='lat' dir='ltr'><strong>in</strong></span> <span class='ocrx_word' id='word_1_273' title='bbox 1728 3490 1907 3555; x_wconf 91' lang='lat' dir='ltr'><strong>illam</strong></span> <span class='ocrx_word' id='word_1_274' title='bbox 1966 3488 2347 3573; x_wconf 88' lang='lat' dir='ltr'><strong>dignitatem</strong></span> <span class='ocrx_word' id='word_1_275' title='bbox 2417 3490 2499 3555; x_wconf 85' lang='lat' dir='ltr'><strong>ad</strong></span> <span class='ocrx_word' id='word_1_276' title='bbox 2567 3511 2758 3573; x_wconf 89' lang='lat' dir='ltr'><strong>quam</strong></span> 
     </span>
     <span class='ocr_line' id='line_1_38' title="bbox 828 3575 2759 3660; baseline -0.002 -16"><span class='ocrx_word' id='word_1_277' title='bbox 828 3589 1070 3644; x_wconf 88' lang='lat' dir='ltr'><strong>unctus</strong></span> <span class='ocrx_word' id='word_1_278' title='bbox 1112 3577 1326 3642; x_wconf 87' lang='lat' dir='ltr'><strong>fuerat</strong></span> <span class='ocrx_word' id='word_1_279' title='bbox 1366 3576 1724 3642; x_wconf 90' lang='lat' dir='ltr'><strong>evehendo.</strong></span> <span class='ocrx_word' id='word_1_280' title='bbox 1813 3575 1988 3642; x_wconf 87' lang='lat' dir='ltr'><strong>Sane</strong></span> <span class='ocrx_word' id='word_1_281' title='bbox 2041 3578 2246 3641; x_wconf 89' lang='lat' dir='ltr'><strong>fateor</strong></span> <span class='ocrx_word' id='word_1_282' title='bbox 2288 3576 2502 3660; x_wconf 89' lang='lat' dir='ltr'><strong>prima</strong></span> <span class='ocrx_word' id='word_1_283' title='bbox 2547 3577 2759 3640; x_wconf 87' lang='lat' dir='ltr'><strong>fronte</strong></span> 
     </span>
     <span class='ocr_line' id='line_1_39' title="bbox 829 3662 2759 3745; baseline -0.002 -15"><span class='ocrx_word' id='word_1_284' title='bbox 829 3685 965 3730; x_wconf 91' lang='lat' dir='ltr'><strong>non</strong></span> <span class='ocrx_word' id='word_1_285' title='bbox 1019 3662 1225 3729; x_wconf 88' lang='lat' dir='ltr'><strong>videri</strong></span> <span class='ocrx_word' id='word_1_286' title='bbox 1283 3663 1597 3728; x_wconf 76' lang='lat' dir='ltr'><strong>musicam</strong></span> <span class='ocrx_word' id='word_1_287' title='bbox 1657 3663 1887 3742; x_wconf 89' lang='lat' dir='ltr'><strong>istam,</strong></span> <span class='ocrx_word' id='word_1_288' title='bbox 1953 3669 2018 3726; x_wconf 89' lang='lat' dir='ltr'><strong>et</strong></span> <span class='ocrx_word' id='word_1_289' title='bbox 2075 3662 2394 3727; x_wconf 87' lang='lat' dir='ltr'><strong>citharam</strong></span> <span class='ocrx_word' id='word_1_290' title='bbox 2453 3662 2759 3745; x_wconf 87' lang='lat' dir='ltr'><strong>pulsandi</strong></span> 
     </span>
     <span class='ocr_line' id='line_1_40' title="bbox 831 3746 2758 3827; baseline -0.002 -10"><span class='ocrx_word' id='word_1_291' title='bbox 831 3749 1193 3827; x_wconf 88' lang='lat' dir='ltr'><strong>scientiam,</strong></span> <span class='ocrx_word' id='word_1_292' title='bbox 1251 3747 1449 3814; x_wconf 89' lang='lat' dir='ltr'><strong>fuisse</strong></span> <span class='ocrx_word' id='word_1_293' title='bbox 1507 3748 1682 3813; x_wconf 90' lang='lat' dir='ltr'><strong>viam</strong></span> <span class='ocrx_word' id='word_1_294' title='bbox 1740 3746 1821 3812; x_wconf 91' lang='lat' dir='ltr'><strong>ad</strong></span> <span class='ocrx_word' id='word_1_295' title='bbox 1879 3767 2204 3827; x_wconf 89' lang='lat' dir='ltr'><strong>coronam,</strong></span> <span class='ocrx_word' id='word_1_296' title='bbox 2264 3767 2489 3814; x_wconf 88' lang='lat' dir='ltr'><strong>verum</strong></span> <span class='ocrx_word' id='word_1_297' title='bbox 2537 3757 2758 3813; x_wconf 89' lang='lat' dir='ltr'><strong>tamen</strong></span> 
     </span>
     <span class='ocr_line' id='line_1_41' title="bbox 833 3832 2756 3915; baseline -0.002 -14"><span class='ocrx_word' id='word_1_298' title='bbox 833 3836 1049 3901; x_wconf 81' lang='lat' dir='ltr'><strong>exitus</strong></span> <span class='ocrx_word' id='word_1_299' title='bbox 1105 3832 1298 3899; x_wconf 87' lang='lat' dir='ltr'><strong>fidem</strong></span> <span class='ocrx_word' id='word_1_300' title='bbox 1349 3834 1529 3899; x_wconf 88' lang='lat' dir='ltr'><strong>facit:</strong></span> <span class='ocrx_word' id='word_1_301' title='bbox 1588 3834 1804 3899; x_wconf 91' lang='lat' dir='ltr'><strong>Deum</strong></span> <span class='ocrx_word' id='word_1_302' title='bbox 1845 3832 2210 3898; x_wconf 88' lang='lat' dir='ltr'><strong>admirabili</strong></span> <span class='ocrx_word' id='word_1_303' title='bbox 2254 3853 2375 3897; x_wconf 86' lang='lat' dir='ltr'><strong>sua</strong></span> <span class='ocrx_word' id='word_1_304' title='bbox 2419 3834 2756 3915; x_wconf 90' lang='lat' dir='ltr'><strong>providen-</strong></span> 
     </span>
     <span class='ocr_line' id='line_1_42' title="bbox 833 3918 2755 4002; baseline -0.001 -16"><span class='ocrx_word' id='word_1_305' title='bbox 833 3923 925 3986; x_wconf 90' lang='lat' dir='ltr'><strong>tia</strong></span> <span class='ocrx_word' id='word_1_306' title='bbox 982 3940 1176 3986; x_wconf 90' lang='lat' dir='ltr'><strong>usum</strong></span> <span class='ocrx_word' id='word_1_307' title='bbox 1229 3918 1353 3985; x_wconf 85' lang='lat' dir='ltr'><strong>bac</strong></span> <span class='ocrx_word' id='word_1_308' title='bbox 1410 3920 1517 3983; x_wconf 84' lang='lat' dir='ltr'><strong>via</strong></span> <span class='ocrx_word' id='word_1_309' title='bbox 1575 3919 1658 3984; x_wconf 87' lang='lat' dir='ltr'><strong>ad</strong></span> <span class='ocrx_word' id='word_1_310' title='bbox 1701 3918 1768 3983; x_wconf 91' lang='lat' dir='ltr'><strong>id</strong></span> <span class='ocrx_word' id='word_1_311' title='bbox 1811 3918 2296 4001; x_wconf 88' lang='lat' dir='ltr'><strong>perficiendum.</strong></span> <span class='ocrx_word' id='word_1_312' title='bbox 2378 3918 2608 4002; x_wconf 89' lang='lat' dir='ltr'><strong>Itaque</strong></span> <span class='ocrx_word' id='word_1_313' title='bbox 2653 3920 2755 3984; x_wconf 83' lang='lat' dir='ltr'><strong>vel</strong></span> 
     </span>
     <span class='ocr_line' id='line_1_43' title="bbox 829 4003 2756 4091; baseline -0.002 -19"><span class='ocrx_word' id='word_1_314' title='bbox 829 4008 973 4091; x_wconf 92' lang='lat' dir='ltr'><strong>ipso</strong></span> <span class='ocrx_word' id='word_1_315' title='bbox 1019 4003 1221 4072; x_wconf 87' lang='lat' dir='ltr'><strong>Saule</strong></span> <span class='ocrx_word' id='word_1_316' title='bbox 1264 4016 1651 4087; x_wconf 88' lang='lat' dir='ltr'><strong>promotore,</strong></span> <span class='ocrx_word' id='word_1_317' title='bbox 1697 4005 1847 4071; x_wconf 88' lang='lat' dir='ltr'><strong>licet</strong></span> <span class='ocrx_word' id='word_1_318' title='bbox 1889 4012 2150 4088; x_wconf 89' lang='lat' dir='ltr'><strong>praeter</strong></span> <span class='ocrx_word' id='word_1_319' title='bbox 2184 4004 2387 4086; x_wconf 91' lang='lat' dir='ltr'><strong>ipsius</strong></span> <span class='ocrx_word' id='word_1_320' title='bbox 2448 4014 2756 4089; x_wconf 89' lang='lat' dir='ltr'><strong>mentem,</strong></span> 
     </span>
     <span class='ocr_line' id='line_1_44' title="bbox 829 4090 2752 4173; baseline -0.001 -14"><span class='ocrx_word' id='word_1_321' title='bbox 829 4093 1015 4159; x_wconf 88' lang='lat' dir='ltr'><strong>Deus</strong></span> <span class='ocrx_word' id='word_1_322' title='bbox 1055 4112 1212 4157; x_wconf 90' lang='lat' dir='ltr'><strong>usus</strong></span> <span class='ocrx_word' id='word_1_323' title='bbox 1247 4098 1367 4155; x_wconf 93' lang='lat' dir='ltr'><strong>est.</strong></span> <span class='ocrx_word' id='word_1_324' title='bbox 1422 4090 1653 4173; x_wconf 85' lang='lat' dir='ltr'><strong>Neque</strong></span> <span class='ocrx_word' id='word_1_325' title='bbox 1687 4090 1861 4155; x_wconf 90' lang='lat' dir='ltr'><strong>enim</strong></span> <span class='ocrx_word' id='word_1_326' title='bbox 1897 4092 1955 4156; x_wconf 90' lang='lat' dir='ltr'><strong>si</strong></span> <span class='ocrx_word' id='word_1_327' title='bbox 1989 4091 2291 4156; x_wconf 87' lang='lat' dir='ltr'><strong>scivisset</strong></span> <span class='ocrx_word' id='word_1_328' title='bbox 2323 4110 2752 4158; x_wconf 88' lang='lat' dir='ltr'><strong>successorem</strong></span> 
     </span>
     <span class='ocr_line' id='line_1_45' title="bbox 828 4174 2752 4259; baseline -0.001 -14"><span class='ocrx_word' id='word_1_329' title='bbox 828 4179 952 4245; x_wconf 91' lang='lat' dir='ltr'><strong>sibi</strong></span> <span class='ocrx_word' id='word_1_330' title='bbox 997 4176 1408 4259; x_wconf 89' lang='lat' dir='ltr'><strong>designatum</strong></span> <span class='ocrx_word' id='word_1_331' title='bbox 1447 4175 1770 4241; x_wconf 86' lang='lat' dir='ltr'><strong>Davidem</strong></span> <span class='ocrx_word' id='word_1_332' title='bbox 1828 4175 2000 4241; x_wconf 88' lang='lat' dir='ltr'><strong>ultro</strong></span> <span class='ocrx_word' id='word_1_333' title='bbox 2045 4176 2116 4240; x_wconf 90' lang='lat' dir='ltr'><strong>in</strong></span> <span class='ocrx_word' id='word_1_334' title='bbox 2161 4175 2376 4240; x_wconf 88' lang='lat' dir='ltr'><strong>aulam</strong></span> <span class='ocrx_word' id='word_1_335' title='bbox 2422 4174 2752 4243; x_wconf 84' lang='lat' dir='ltr'><strong>hominem</strong></span> 
     </span>
     <span class='ocr_line' id='line_1_46' title="bbox 829 4261 2755 4345; baseline -0.001 -14"><span class='ocrx_word' id='word_1_336' title='bbox 829 4264 1231 4338; x_wconf 74' lang='lat' dir='ltr'><strong>advocasset,</strong></span> <span class='ocrx_word' id='word_1_337' title='bbox 1292 4281 1503 4344; x_wconf 88' lang='lat' dir='ltr'><strong>neque</strong></span> <span class='ocrx_word' id='word_1_338' title='bbox 1560 4261 1836 4345; x_wconf 87' lang='lat' dir='ltr'><strong>gloriam</strong></span> <span class='ocrx_word' id='word_1_339' title='bbox 1893 4262 2079 4327; x_wconf 90' lang='lat' dir='ltr'><strong>illum</strong></span> <span class='ocrx_word' id='word_1_340' title='bbox 2135 4262 2467 4344; x_wconf 78' lang='lat' dir='ltr'><strong>acquirere</strong></span> <span class='ocrx_word' id='word_1_341' title='bbox 2514 4266 2755 4343; x_wconf 86' lang='lat' dir='ltr'><strong>permi-</strong></span> 
     </span>
     <span class='ocr_line' id='line_1_47' title="bbox 829 4346 2753 4433; baseline -0.001 -17"><span class='ocrx_word' id='word_1_342' title='bbox 829 4352 1040 4425; x_wconf 87' lang='lat' dir='ltr'><strong>sisset,</strong></span> <span class='ocrx_word' id='word_1_343' title='bbox 1086 4347 1197 4414; x_wconf 90' lang='lat' dir='ltr'><strong>sed</strong></span> <span class='ocrx_word' id='word_1_344' title='bbox 1243 4348 1461 4429; x_wconf 91' lang='lat' dir='ltr'><strong>potius</strong></span> <span class='ocrx_word' id='word_1_345' title='bbox 1495 4366 1614 4429; x_wconf 91' lang='lat' dir='ltr'><strong>pro</strong></span> <span class='ocrx_word' id='word_1_346' title='bbox 1653 4347 1896 4412; x_wconf 87' lang='lat' dir='ltr'><strong>viribus</strong></span> <span class='ocrx_word' id='word_1_347' title='bbox 1932 4348 2181 4431; x_wconf 87' lang='lat' dir='ltr'><strong>eripere</strong></span> <span class='ocrx_word' id='word_1_348' title='bbox 2222 4349 2427 4412; x_wconf 85' lang='lat' dir='ltr'><strong>vitam</strong></span> <span class='ocrx_word' id='word_1_349' title='bbox 2461 4346 2559 4411; x_wconf 89' lang='lat' dir='ltr'><strong>illi</strong></span> <span class='ocrx_word' id='word_1_350' title='bbox 2594 4370 2753 4433; x_wconf 86' lang='lat' dir='ltr'><strong>qua</strong></span> 
     </span>
     <span class='ocr_line' id='line_1_48' title="bbox 830 4432 2754 4519; baseline -0.001 -17"><span class='ocrx_word' id='word_1_351' title='bbox 830 4455 1085 4519; x_wconf 91' lang='lat' dir='ltr'><strong>cunque</strong></span> <span class='ocrx_word' id='word_1_352' title='bbox 1146 4435 1401 4499; x_wconf 89' lang='lat' dir='ltr'><strong>ratione</strong></span> <span class='ocrx_word' id='word_1_353' title='bbox 1459 4440 1725 4498; x_wconf 89' lang='lat' dir='ltr'><strong>conatus</strong></span> <span class='ocrx_word' id='word_1_354' title='bbox 1782 4432 2030 4500; x_wconf 85' lang='lat' dir='ltr'><strong>fuisset.</strong></span> <span class='ocrx_word' id='word_1_355' title='bbox 2118 4433 2289 4498; x_wconf 89' lang='lat' dir='ltr'><strong>Nam</strong></span> <span class='ocrx_word' id='word_1_356' title='bbox 2333 4442 2401 4498; x_wconf 90' lang='lat' dir='ltr'><strong>et</strong></span> <span class='ocrx_word' id='word_1_357' title='bbox 2443 4434 2614 4500; x_wconf 88' lang='lat' dir='ltr'><strong>infra</strong></span> <span class='ocrx_word' id='word_1_358' title='bbox 2659 4436 2754 4501; x_wconf 87' lang='lat' dir='ltr'><strong>vi</strong></span> 
     </span>
     <span class='ocr_line' id='line_1_49' title="bbox 829 4517 2753 4602; baseline -0.001 -14"><span class='ocrx_word' id='word_1_359' title='bbox 829 4522 967 4588; x_wconf 90' lang='lat' dir='ltr'><strong>suri</strong></span> <span class='ocrx_word' id='word_1_360' title='bbox 1033 4540 1261 4584; x_wconf 90' lang='lat' dir='ltr'><strong>sumus</strong></span> <span class='ocrx_word' id='word_1_361' title='bbox 1329 4517 1593 4586; x_wconf 87' lang='lat' dir='ltr'><strong>Saulem</strong></span> <span class='ocrx_word' id='word_1_362' title='bbox 1654 4519 1754 4584; x_wconf 87' lang='lat' dir='ltr'><strong>ira</strong></span> <span class='ocrx_word' id='word_1_363' title='bbox 1817 4526 1882 4583; x_wconf 92' lang='lat' dir='ltr'><strong>et</strong></span> <span class='ocrx_word' id='word_1_364' title='bbox 1944 4521 2162 4585; x_wconf 88' lang='lat' dir='ltr'><strong>furore</strong></span> <span class='ocrx_word' id='word_1_365' title='bbox 2226 4518 2577 4602; x_wconf 90' lang='lat' dir='ltr'><strong>percitum,</strong></span> <span class='ocrx_word' id='word_1_366' title='bbox 2644 4521 2753 4587; x_wconf 91' lang='lat' dir='ltr'><strong>ubi</strong></span> 
     </span>
     <span class='ocr_line' id='line_1_50' title="bbox 830 4603 2752 4688; baseline 0.002 -17"><span class='ocrx_word' id='word_1_367' title='bbox 830 4605 1155 4671; x_wconf 87' lang='lat' dir='ltr'><strong>Davidem</strong></span> <span class='ocrx_word' id='word_1_368' title='bbox 1198 4603 1660 4669; x_wconf 88' lang='lat' dir='ltr'><strong>animadvertit</strong></span> <span class='ocrx_word' id='word_1_369' title='bbox 1702 4604 1915 4688; x_wconf 89' lang='lat' dir='ltr'><strong>gratia</strong></span> <span class='ocrx_word' id='word_1_370' title='bbox 1958 4604 2176 4669; x_wconf 87' lang='lat' dir='ltr'><strong>valere</strong></span> <span class='ocrx_word' id='word_1_371' title='bbox 2220 4604 2391 4686; x_wconf 90' lang='lat' dir='ltr'><strong>apud</strong></span> <span class='ocrx_word' id='word_1_372' title='bbox 2438 4604 2752 4686; x_wconf 90' lang='lat' dir='ltr'><strong>homines,</strong></span> 
     </span>
     <span class='ocr_line' id='line_1_51' title="bbox 830 4689 2752 4775; baseline 0.001 -18"><span class='ocrx_word' id='word_1_373' title='bbox 830 4712 1099 4757; x_wconf 89' lang='lat' dir='ltr'><strong>manum</strong></span> <span class='ocrx_word' id='word_1_374' title='bbox 1162 4689 1405 4756; x_wconf 86' lang='lat' dir='ltr'><strong>inferre</strong></span> <span class='ocrx_word' id='word_1_375' title='bbox 1468 4690 1597 4775; x_wconf 92' lang='lat' dir='ltr'><strong>ipsi</strong></span> <span class='ocrx_word' id='word_1_376' title='bbox 1661 4702 1728 4755; x_wconf 91' lang='lat' dir='ltr'><strong>et</strong></span> <span class='ocrx_word' id='word_1_377' title='bbox 1792 4690 2117 4755; x_wconf 88' lang='lat' dir='ltr'><strong>trucidare</strong></span> <span class='ocrx_word' id='word_1_378' title='bbox 2195 4691 2453 4775; x_wconf 89' lang='lat' dir='ltr'><strong>propria</strong></span> <span class='ocrx_word' id='word_1_379' title='bbox 2530 4715 2752 4773; x_wconf 88' lang='lat' dir='ltr'><strong>manu,</strong></span> 
     </span>
     <span class='ocr_line' id='line_1_52' title="bbox 831 4774 2753 4857; baseline 0 -13"><span class='ocrx_word' id='word_1_380' title='bbox 831 4780 972 4844; x_wconf 90' lang='lat' dir='ltr'><strong>sine</strong></span> <span class='ocrx_word' id='word_1_381' title='bbox 1006 4777 1338 4843; x_wconf 87' lang='lat' dir='ltr'><strong>occasione</strong></span> <span class='ocrx_word' id='word_1_382' title='bbox 1375 4787 1614 4856; x_wconf 90' lang='lat' dir='ltr'><strong>tamen,</strong></span> <span class='ocrx_word' id='word_1_383' title='bbox 1650 4776 1850 4841; x_wconf 90' lang='lat' dir='ltr'><strong>fuisse</strong></span> <span class='ocrx_word' id='word_1_384' title='bbox 1883 4786 2204 4841; x_wconf 90' lang='lat' dir='ltr'><strong>conatum.</strong></span> <span class='ocrx_word' id='word_1_385' title='bbox 2265 4774 2487 4857; x_wconf 79' lang='lat' dir='ltr'><strong>Quare</strong></span> <span class='ocrx_word' id='word_1_386' title='bbox 2511 4779 2753 4844; x_wconf 91' lang='lat' dir='ltr'><strong>inscius</strong></span> 
     </span>
     <span class='ocr_line' id='line_1_53' title="bbox 831 4861 2751 4946; baseline 0.001 -19"><span class='ocrx_word' id='word_1_387' title='bbox 831 4884 1050 4928; x_wconf 91' lang='lat' dir='ltr'><strong>rerum</strong></span> <span class='ocrx_word' id='word_1_388' title='bbox 1093 4863 1465 4927; x_wconf 88' lang='lat' dir='ltr'><strong>futurarum</strong></span> <span class='ocrx_word' id='word_1_389' title='bbox 1498 4861 1825 4927; x_wconf 81' lang='lat' dir='ltr'><strong>Davidem</strong></span> <span class='ocrx_word' id='word_1_390' title='bbox 1871 4862 1952 4927; x_wconf 90' lang='lat' dir='ltr'><strong>ad</strong></span> <span class='ocrx_word' id='word_1_391' title='bbox 1991 4884 2060 4928; x_wconf 90' lang='lat' dir='ltr'><strong>se</strong></span> <span class='ocrx_word' id='word_1_392' title='bbox 2104 4862 2172 4926; x_wconf 92' lang='lat' dir='ltr'><strong>in</strong></span> <span class='ocrx_word' id='word_1_393' title='bbox 2217 4864 2434 4926; x_wconf 88' lang='lat' dir='ltr'><strong>aulam</strong></span> <span class='ocrx_word' id='word_1_394' title='bbox 2479 4866 2751 4946; x_wconf 83' lang='lat' dir='ltr'><strong>vocavit,</strong></span> 
     </span>
    </p>
   </div>
   <div class='ocr_carea' id='block_1_5' title="bbox 831 4945 2807 5038">
    <p class='ocr_par' dir='ltr' id='par_1_6' title="bbox 831 4945 2807 5038">
     <span class='ocr_line' id='line_1_54' title="bbox 831 4945 2807 5038; baseline 0.002 -25"><span class='ocrx_word' id='word_1_395' title='bbox 831 4958 897 5013; x_wconf 90' lang='lat' dir='ltr'><strong>et</strong></span> <span class='ocrx_word' id='word_1_396' title='bbox 955 4945 1127 5029; x_wconf 88' lang='lat' dir='ltr'><strong>apud</strong></span> <span class='ocrx_word' id='word_1_397' title='bbox 1185 4969 1254 5013; x_wconf 90' lang='lat' dir='ltr'><strong>se</strong></span> <span class='ocrx_word' id='word_1_398' title='bbox 1313 4948 1614 5013; x_wconf 79' lang='lat' dir='ltr'><strong>retinuit.-</strong></span> <span class='ocrx_word' id='word_1_399' title='bbox 1671 4947 1785 5013; x_wconf 90' lang='lat' dir='ltr'><strong>sed</strong></span> <span class='ocrx_word' id='word_1_400' title='bbox 1838 4970 1952 5030; x_wconf 91' lang='lat' dir='ltr'><strong>spe</strong></span> <span class='ocrx_word' id='word_1_401' title='bbox 2011 4969 2129 5012; x_wconf 90' lang='lat' dir='ltr'><strong>sua</strong></span> <span class='ocrx_word' id='word_1_402' title='bbox 2172 4948 2410 5013; x_wconf 82' lang='lat' dir='ltr'><strong>excidit</strong></span> <span class='ocrx_word' id='word_1_403' title='bbox 2454 4962 2519 5013; x_wconf 93' lang='lat' dir='ltr'><strong>et</strong></span> <span class='ocrx_word' id='word_1_404' title='bbox 2564 4950 2754 5034; x_wconf 90' lang='lat' dir='ltr'><strong>longe</strong></span> <span class='ocrx_word' id='word_1_405' title='bbox 2801 5003 2807 5038; x_wconf 83' lang='grc'>,</span> 
     </span>
    </p>
   </div>
   <div class='ocr_carea' id='block_1_6' title="bbox 831 5031 2753 5203">
    <p class='ocr_par' dir='ltr' id='par_1_7' title="bbox 831 5031 2753 5203">
     <span class='ocr_line' id='line_1_55' title="bbox 831 5031 2751 5116; baseline 0.001 -18"><span class='ocrx_word' id='word_1_406' title='bbox 831 5032 1132 5116; x_wconf 90' lang='lat' dir='ltr'><strong>opinione</strong></span> <span class='ocrx_word' id='word_1_407' title='bbox 1175 5031 1376 5099; x_wconf 88' lang='lat' dir='ltr'><strong>falsus</strong></span> <span class='ocrx_word' id='word_1_408' title='bbox 1419 5044 1536 5100; x_wconf 88' lang='lat' dir='ltr'><strong>est.</strong></span> <span class='ocrx_word' id='word_1_409' title='bbox 1625 5034 1874 5100; x_wconf 88' lang='lat' dir='ltr'><strong>Verum</strong></span> <span class='ocrx_word' id='word_1_410' title='bbox 1917 5033 2103 5100; x_wconf 89' lang='lat' dir='ltr'><strong>Deus</strong></span> <span class='ocrx_word' id='word_1_411' title='bbox 2146 5055 2295 5098; x_wconf 90' lang='lat' dir='ltr'><strong>eum</strong></span> <span class='ocrx_word' id='word_1_412' title='bbox 2341 5035 2421 5099; x_wconf 93' lang='lat' dir='ltr'><strong>ad</strong></span> <span class='ocrx_word' id='word_1_413' title='bbox 2466 5034 2586 5102; x_wconf 90' lang='lat' dir='ltr'><strong>hoc</strong></span> <span class='ocrx_word' id='word_1_414' title='bbox 2631 5037 2751 5100; x_wconf 91' lang='lat' dir='ltr'><strong>im-</strong></span> 
     </span>
     <span class='ocr_line' id='line_1_56' title="bbox 831 5118 2753 5203; baseline 0.003 -21"><span class='ocrx_word' id='word_1_415' title='bbox 831 5118 1022 5203; x_wconf 87' lang='lat' dir='ltr'><strong>pulit,</strong></span> <span class='ocrx_word' id='word_1_416' title='bbox 1080 5125 1156 5182; x_wconf 88' lang='lat' dir='ltr'><strong>ut</strong></span> <span class='ocrx_word' id='word_1_417' title='bbox 1211 5118 1555 5184; x_wconf 90' lang='lat' dir='ltr'><strong>hominum</strong></span> <span class='ocrx_word' id='word_1_418' title='bbox 1613 5119 1811 5186; x_wconf 91' lang='lat' dir='ltr'><strong>corda</strong></span> <span class='ocrx_word' id='word_1_419' title='bbox 1868 5128 2080 5203; x_wconf 91' lang='lat' dir='ltr'><strong>potest</strong></span> <span class='ocrx_word' id='word_1_420' title='bbox 2133 5140 2250 5202; x_wconf 90' lang='lat' dir='ltr'><strong>pro</strong></span> <span class='ocrx_word' id='word_1_421' title='bbox 2310 5142 2463 5186; x_wconf 89' lang='lat' dir='ltr'><strong>suae</strong></span> <span class='ocrx_word' id='word_1_422' title='bbox 2520 5122 2753 5187; x_wconf 85' lang='lat' dir='ltr'><strong>volun-</strong></span> 
     </span>
    </p>
   </div>
   <div class='ocr_carea' id='block_1_7' title="bbox 802 5203 2748 5290">
    <p class='ocr_par' dir='ltr' id='par_1_8' title="bbox 802 5203 2748 5290">
     <span class='ocr_line' id='line_1_57' title="bbox 802 5203 2748 5290; baseline 0.002 -21"><span class='ocrx_word' id='word_1_423' title='bbox 802 5203 986 5269; x_wconf 74' lang='lat' dir='ltr'><strong>&#39;tatis</strong></span> <span class='ocrx_word' id='word_1_424' title='bbox 1043 5204 1309 5269; x_wconf 89' lang='lat' dir='ltr'><strong>arbitrio</strong></span> <span class='ocrx_word' id='word_1_425' title='bbox 1366 5206 1622 5272; x_wconf 90' lang='lat' dir='ltr'><strong>flectere</strong></span> <span class='ocrx_word' id='word_1_426' title='bbox 1666 5216 1731 5270; x_wconf 90' lang='lat' dir='ltr'><strong>et</strong></span> <span class='ocrx_word' id='word_1_427' title='bbox 1774 5227 2029 5290; x_wconf 90' lang='lat' dir='ltr'><strong>regere:</strong></span> <span class='ocrx_word' id='word_1_428' title='bbox 2090 5219 2156 5271; x_wconf 90' lang='lat' dir='ltr'><strong>et</strong></span> <span class='ocrx_word' id='word_1_429' title='bbox 2209 5206 2748 5289; x_wconf 88' lang='lat' dir='ltr'><strong>quemadmodum</strong></span> 
     </span>
    </p>
   </div>
   <div class='ocr_carea' id='block_1_8' title="bbox 2853 495 4759 5293">
    <p class='ocr_par' dir='ltr' id='par_1_9' title="bbox 2855 495 4759 4949">
     <span class='ocr_line' id='line_1_58' title="bbox 2872 495 4721 582; baseline 0.004 -25"><span class='ocrx_word' id='word_1_430' title='bbox 2872 514 3191 576; x_wconf 89' lang='lat' dir='ltr'><strong>aquarum</strong></span> <span class='ocrx_word' id='word_1_431' title='bbox 3251 497 3561 559; x_wconf 88' lang='lat' dir='ltr'><strong>decursus</strong></span> <span class='ocrx_word' id='word_1_432' title='bbox 3619 497 3789 579; x_wconf 88' lang='lat' dir='ltr'><strong>regit</strong></span> <span class='ocrx_word' id='word_1_433' title='bbox 3843 505 3907 560; x_wconf 90' lang='lat' dir='ltr'><strong>et</strong></span> <span class='ocrx_word' id='word_1_434' title='bbox 3963 495 4355 572; x_wconf 87' lang='lat' dir='ltr'><strong>moderatur,</strong></span> <span class='ocrx_word' id='word_1_435' title='bbox 4416 495 4504 560; x_wconf 88' lang='lat' dir='ltr'><strong>ita</strong></span> <span class='ocrx_word' id='word_1_436' title='bbox 4553 518 4721 582; x_wconf 84' lang='lat' dir='ltr'><strong>regum</strong></span> 
     </span>
     <span class='ocr_line' id='line_1_59' title="bbox 2869 579 4727 664; baseline 0.005 -23"><span class='ocrx_word' id='word_1_437' title='bbox 2869 590 2935 642; x_wconf 91' lang='lat' dir='ltr'><strong>et</strong></span> <span class='ocrx_word' id='word_1_438' title='bbox 2993 579 3360 662; x_wconf 84' lang='lat' dir='ltr'><strong>principum</strong></span> <span class='ocrx_word' id='word_1_439' title='bbox 3421 579 3616 644; x_wconf 89' lang='lat' dir='ltr'><strong>corda</strong></span> <span class='ocrx_word' id='word_1_440' title='bbox 3680 595 3931 663; x_wconf 88' lang='lat' dir='ltr'><strong>movet,</strong></span> <span class='ocrx_word' id='word_1_441' title='bbox 4002 601 4168 664; x_wconf 89' lang='lat' dir='ltr'><strong>quae</strong></span> <span class='ocrx_word' id='word_1_442' title='bbox 4234 583 4385 649; x_wconf 88' lang='lat' dir='ltr'><strong>licet</strong></span> <span class='ocrx_word' id='word_1_443' title='bbox 4448 580 4727 650; x_wconf 85' lang='lat' dir='ltr'><strong>videantur</strong></span> 
     </span>
     <span class='ocr_line' id='line_1_60' title="bbox 2869 664 4726 751; baseline 0.004 -21"><span class='ocrx_word' id='word_1_444' title='bbox 2869 665 3143 730; x_wconf 89' lang='lat' dir='ltr'><strong>summis</strong></span> <span class='ocrx_word' id='word_1_445' title='bbox 3178 664 3557 730; x_wconf 88' lang='lat' dir='ltr'><strong>fluminibus</strong></span> <span class='ocrx_word' id='word_1_446' title='bbox 3591 665 3691 730; x_wconf 84' lang='lat' dir='ltr'><strong>vel</strong></span> <span class='ocrx_word' id='word_1_447' title='bbox 3732 666 3897 731; x_wconf 89' lang='lat' dir='ltr'><strong>mari</strong></span> <span class='ocrx_word' id='word_1_448' title='bbox 3932 688 4173 751; x_wconf 88' lang='lat' dir='ltr'><strong>magno</strong></span> <span class='ocrx_word' id='word_1_449' title='bbox 4208 668 4556 732; x_wconf 87' lang='lat' dir='ltr'><strong>simillima:</strong></span> <span class='ocrx_word' id='word_1_450' title='bbox 4588 666 4726 738; x_wconf 78' lang='lat' dir='ltr'><strong>Deus</strong></span> 
     </span>
     <span class='ocr_line' id='line_1_61' title="bbox 2868 751 4727 835; baseline 0.002 -22"><span class='ocrx_word' id='word_1_451' title='bbox 2868 761 3092 815; x_wconf 89' lang='lat' dir='ltr'><strong>tamen</strong></span> <span class='ocrx_word' id='word_1_452' title='bbox 3137 751 3238 815; x_wconf 88' lang='lat' dir='ltr'><strong>vel</strong></span> <span class='ocrx_word' id='word_1_453' title='bbox 3280 751 3547 815; x_wconf 89' lang='lat' dir='ltr'><strong>immota</strong></span> <span class='ocrx_word' id='word_1_454' title='bbox 3593 753 3763 830; x_wconf 88' lang='lat' dir='ltr'><strong>facit,</strong></span> <span class='ocrx_word' id='word_1_455' title='bbox 3815 752 3913 815; x_wconf 87' lang='lat' dir='ltr'><strong>vel</strong></span> <span class='ocrx_word' id='word_1_456' title='bbox 3959 754 4026 817; x_wconf 90' lang='lat' dir='ltr'><strong>in</strong></span> <span class='ocrx_word' id='word_1_457' title='bbox 4078 754 4247 819; x_wconf 89' lang='lat' dir='ltr'><strong>banc</strong></span> <span class='ocrx_word' id='word_1_458' title='bbox 4279 769 4393 819; x_wconf 91' lang='lat' dir='ltr'><strong>aut</strong></span> <span class='ocrx_word' id='word_1_459' title='bbox 4426 753 4591 816; x_wconf 82' lang='lat' dir='ltr'><strong>illam</strong></span> <span class='ocrx_word' id='word_1_460' title='bbox 4620 775 4727 835; x_wconf 80' lang='lat' dir='ltr'><strong>par-</strong></span> 
     </span>
     <span class='ocr_line' id='line_1_62' title="bbox 2869 835 4731 921; baseline 0.002 -21"><span class='ocrx_word' id='word_1_461' title='bbox 2869 845 3000 900; x_wconf 90' lang='lat' dir='ltr'><strong>tem</strong></span> <span class='ocrx_word' id='word_1_462' title='bbox 3047 836 3339 901; x_wconf 88' lang='lat' dir='ltr'><strong>inflectit.</strong></span> <span class='ocrx_word' id='word_1_463' title='bbox 3407 835 3847 920; x_wconf 85' lang='lat' dir='ltr'><strong>Conspicuum</strong></span> <span class='ocrx_word' id='word_1_464' title='bbox 3883 838 4056 903; x_wconf 90' lang='lat' dir='ltr'><strong>istud</strong></span> <span class='ocrx_word' id='word_1_465' title='bbox 4092 850 4194 904; x_wconf 89' lang='lat' dir='ltr'><strong>est</strong></span> <span class='ocrx_word' id='word_1_466' title='bbox 4226 838 4522 921; x_wconf 85' lang='lat' dir='ltr'><strong>exemplo</strong></span> <span class='ocrx_word' id='word_1_467' title='bbox 4542 839 4731 921; x_wconf 84' lang='lat' dir='ltr'><strong>Saulis,</strong></span> 
     </span>
     <span class='ocr_line' id='line_1_63' title="bbox 2868 919 4730 1007; baseline 0.004 -22"><span class='ocrx_word' id='word_1_468' title='bbox 2868 919 3040 1004; x_wconf 91' lang='lat' dir='ltr'><strong>apud</strong></span> <span class='ocrx_word' id='word_1_469' title='bbox 3099 942 3290 1004; x_wconf 86' lang='lat' dir='ltr'><strong>quem</strong></span> <span class='ocrx_word' id='word_1_470' title='bbox 3349 921 3565 986; x_wconf 89' lang='lat' dir='ltr'><strong>David</strong></span> <span class='ocrx_word' id='word_1_471' title='bbox 3626 922 3957 999; x_wconf 86' lang='lat' dir='ltr'><strong>educatur,</strong></span> <span class='ocrx_word' id='word_1_472' title='bbox 4023 924 4149 1007; x_wconf 90' lang='lat' dir='ltr'><strong>ipsi</strong></span> <span class='ocrx_word' id='word_1_473' title='bbox 4207 927 4344 1006; x_wconf 88' lang='lat' dir='ltr'><strong>regi</strong></span> <span class='ocrx_word' id='word_1_474' title='bbox 4405 926 4547 990; x_wconf 89' lang='lat' dir='ltr'><strong>dum</strong></span> <span class='ocrx_word' id='word_1_475' title='bbox 4599 926 4730 992; x_wconf 84' lang='lat' dir='ltr'><strong>malo</strong></span> 
     </span>
     <span class='ocr_line' id='line_1_64' title="bbox 2864 1007 4731 1091; baseline 0.002 -20"><span class='ocrx_word' id='word_1_476' title='bbox 2864 1007 3102 1091; x_wconf 89' lang='lat' dir='ltr'><strong>spiritu</strong></span> <span class='ocrx_word' id='word_1_477' title='bbox 3138 1008 3537 1091; x_wconf 83' lang='lat' dir='ltr'><strong>affligeretur</strong></span> <span class='ocrx_word' id='word_1_478' title='bbox 3570 1010 3877 1073; x_wconf 90' lang='lat' dir='ltr'><strong>solatium</strong></span> <span class='ocrx_word' id='word_1_479' title='bbox 3901 1021 4101 1075; x_wconf 88' lang='lat' dir='ltr'><strong>cantu</strong></span> <span class='ocrx_word' id='word_1_480' title='bbox 4124 1011 4415 1076; x_wconf 85' lang='lat' dir='ltr'><strong>citharae</strong></span> <span class='ocrx_word' id='word_1_481' title='bbox 4451 1010 4731 1076; x_wconf 85' lang='lat' dir='ltr'><strong>adferens:</strong></span> 
     </span>
     <span class='ocr_line' id='line_1_65' title="bbox 2866 1093 4734 1177; baseline 0.001 -19"><span class='ocrx_word' id='word_1_482' title='bbox 2866 1103 2936 1158; x_wconf 91' lang='lat' dir='ltr'><strong>et</strong></span> <span class='ocrx_word' id='word_1_483' title='bbox 2991 1093 3085 1156; x_wconf 88' lang='lat' dir='ltr'><strong>ita</strong></span> <span class='ocrx_word' id='word_1_484' title='bbox 3142 1094 3219 1157; x_wconf 89' lang='lat' dir='ltr'><strong>fit</strong></span> <span class='ocrx_word' id='word_1_485' title='bbox 3270 1094 3475 1175; x_wconf 90' lang='lat' dir='ltr'><strong>ipsius</strong></span> <span class='ocrx_word' id='word_1_486' title='bbox 3528 1095 3735 1159; x_wconf 88' lang='lat' dir='ltr'><strong>virtus</strong></span> <span class='ocrx_word' id='word_1_487' title='bbox 3790 1107 3855 1159; x_wconf 89' lang='lat' dir='ltr'><strong>et</strong></span> <span class='ocrx_word' id='word_1_488' title='bbox 3900 1095 4244 1177; x_wconf 86' lang='lat' dir='ltr'><strong>prudentia</strong></span> <span class='ocrx_word' id='word_1_489' title='bbox 4287 1097 4578 1160; x_wconf 88' lang='lat' dir='ltr'><strong>omnibus</strong></span> <span class='ocrx_word' id='word_1_490' title='bbox 4614 1118 4734 1160; x_wconf 86' lang='lat' dir='ltr'><strong>con-</strong></span> 
     </span>
     <span class='ocr_line' id='line_1_66' title="bbox 2866 1177 4737 1264; baseline 0.002 -21"><span class='ocrx_word' id='word_1_491' title='bbox 2866 1177 3107 1261; x_wconf 90' lang='lat' dir='ltr'><strong>spicua,</strong></span> <span class='ocrx_word' id='word_1_492' title='bbox 3170 1189 3243 1242; x_wconf 91' lang='lat' dir='ltr'><strong>ut</strong></span> <span class='ocrx_word' id='word_1_493' title='bbox 3299 1181 3394 1243; x_wconf 88' lang='lat' dir='ltr'><strong>ita</strong></span> <span class='ocrx_word' id='word_1_494' title='bbox 3450 1180 3765 1262; x_wconf 86' lang='lat' dir='ltr'><strong>paulatim</strong></span> <span class='ocrx_word' id='word_1_495' title='bbox 3820 1180 3899 1243; x_wconf 90' lang='lat' dir='ltr'><strong>ad</strong></span> <span class='ocrx_word' id='word_1_496' title='bbox 3966 1180 4302 1246; x_wconf 90' lang='lat' dir='ltr'><strong>hominum</strong></span> <span class='ocrx_word' id='word_1_497' title='bbox 4346 1203 4534 1247; x_wconf 87' lang='lat' dir='ltr'><strong>aures</strong></span> <span class='ocrx_word' id='word_1_498' title='bbox 4574 1182 4737 1264; x_wconf 84' lang='lat' dir='ltr'><strong>ipsius</strong></span> 
     </span>
     <span class='ocr_line' id='line_1_67' title="bbox 2866 1264 4735 1350; baseline 0.002 -21"><span class='ocrx_word' id='word_1_499' title='bbox 2866 1265 3037 1329; x_wconf 85' lang='lat' dir='ltr'><strong>fama</strong></span> <span class='ocrx_word' id='word_1_500' title='bbox 3093 1264 3462 1347; x_wconf 86' lang='lat' dir='ltr'><strong>perveniat,</strong></span> <span class='ocrx_word' id='word_1_501' title='bbox 3518 1274 3584 1329; x_wconf 90' lang='lat' dir='ltr'><strong>et</strong></span> <span class='ocrx_word' id='word_1_502' title='bbox 3641 1269 3915 1350; x_wconf 81' lang='lat' dir='ltr'><strong>gratiam</strong></span> <span class='ocrx_word' id='word_1_503' title='bbox 3969 1267 4232 1332; x_wconf 90' lang='lat' dir='ltr'><strong>illorum</strong></span> <span class='ocrx_word' id='word_1_504' title='bbox 4291 1268 4412 1333; x_wconf 91' lang='lat' dir='ltr'><strong>sibi</strong></span> <span class='ocrx_word' id='word_1_505' title='bbox 4469 1267 4735 1333; x_wconf 84' lang='lat' dir='ltr'><strong>conciliet.</strong></span> 
     </span>
     <span class='ocr_line' id='line_1_68' title="bbox 2866 1349 4740 1436; baseline 0.003 -24"><span class='ocrx_word' id='word_1_506' title='bbox 2866 1349 3305 1414; x_wconf 90' lang='lat' dir='ltr'><strong>Nihilominus</strong></span> <span class='ocrx_word' id='word_1_507' title='bbox 3376 1359 3595 1414; x_wconf 88' lang='lat' dir='ltr'><strong>tamen</strong></span> <span class='ocrx_word' id='word_1_508' title='bbox 3670 1350 4001 1416; x_wconf 91' lang='lat' dir='ltr'><strong>hominum</strong></span> <span class='ocrx_word' id='word_1_509' title='bbox 4078 1353 4332 1418; x_wconf 88' lang='lat' dir='ltr'><strong>malitia</strong></span> <span class='ocrx_word' id='word_1_510' title='bbox 4398 1373 4740 1436; x_wconf 80' lang='lat' dir='ltr'><strong>magnopere</strong></span> 
     </span>
     <span class='ocr_line' id='line_1_69' title="bbox 2864 1434 4737 1504; baseline 0.002 -7"><span class='ocrx_word' id='word_1_511' title='bbox 2864 1434 3187 1499; x_wconf 89' lang='lat' dir='ltr'><strong>Davidem</strong></span> <span class='ocrx_word' id='word_1_512' title='bbox 3234 1438 3541 1500; x_wconf 89' lang='lat' dir='ltr'><strong>exercuit.</strong></span> <span class='ocrx_word' id='word_1_513' title='bbox 3630 1435 3799 1501; x_wconf 88' lang='lat' dir='ltr'><strong>Nam</strong></span> <span class='ocrx_word' id='word_1_514' title='bbox 3843 1439 3965 1502; x_wconf 88' lang='lat' dir='ltr'><strong>etsi</strong></span> <span class='ocrx_word' id='word_1_515' title='bbox 4010 1438 4193 1504; x_wconf 91' lang='lat' dir='ltr'><strong>Deus</strong></span> <span class='ocrx_word' id='word_1_516' title='bbox 4235 1438 4421 1503; x_wconf 90' lang='lat' dir='ltr'><strong>illum</strong></span> <span class='ocrx_word' id='word_1_517' title='bbox 4468 1440 4601 1503; x_wconf 91' lang='lat' dir='ltr'><strong>istis</strong></span> <span class='ocrx_word' id='word_1_518' title='bbox 4638 1440 4737 1501; x_wconf 84' lang='lat' dir='ltr'><strong>vir</strong></span> 
     </span>
     <span class='ocr_line' id='line_1_70' title="bbox 2866 1519 4741 1600; baseline 0.002 -16"><span class='ocrx_word' id='word_1_519' title='bbox 2866 1519 3112 1585; x_wconf 91' lang='lat' dir='ltr'><strong>tutibus</strong></span> <span class='ocrx_word' id='word_1_520' title='bbox 3168 1520 3703 1600; x_wconf 85' lang='lat' dir='ltr'><strong>commendasset,</strong></span> <span class='ocrx_word' id='word_1_521' title='bbox 3770 1534 3833 1587; x_wconf 88' lang='lat' dir='ltr'><strong>et</strong></span> <span class='ocrx_word' id='word_1_522' title='bbox 3892 1525 4307 1589; x_wconf 86' lang='lat' dir='ltr'><strong>autoritatem</strong></span> <span class='ocrx_word' id='word_1_523' title='bbox 4370 1524 4468 1589; x_wconf 89' lang='lat' dir='ltr'><strong>illi</strong></span> <span class='ocrx_word' id='word_1_524' title='bbox 4524 1524 4741 1590; x_wconf 86' lang='lat' dir='ltr'><strong>eoncili-</strong></span> 
     </span>
     <span class='ocr_line' id='line_1_71' title="bbox 2864 1606 4741 1694; baseline 0.002 -25"><span class='ocrx_word' id='word_1_525' title='bbox 2864 1618 3054 1688; x_wconf 88' lang='lat' dir='ltr'><strong>asset,</strong></span> <span class='ocrx_word' id='word_1_526' title='bbox 3099 1615 3164 1670; x_wconf 90' lang='lat' dir='ltr'><strong>et</strong></span> <span class='ocrx_word' id='word_1_527' title='bbox 3207 1606 3335 1670; x_wconf 89' lang='lat' dir='ltr'><strong>iam</strong></span> <span class='ocrx_word' id='word_1_528' title='bbox 3382 1609 3450 1670; x_wconf 89' lang='lat' dir='ltr'><strong>in</strong></span> <span class='ocrx_word' id='word_1_529' title='bbox 3494 1609 3965 1691; x_wconf 85' lang='lat' dir='ltr'><strong>possessionem</strong></span> <span class='ocrx_word' id='word_1_530' title='bbox 4012 1612 4195 1694; x_wconf 89' lang='lat' dir='ltr'><strong>regni</strong></span> <span class='ocrx_word' id='word_1_531' title='bbox 4242 1612 4559 1675; x_wconf 87' lang='lat' dir='ltr'><strong>missurus</strong></span> <span class='ocrx_word' id='word_1_532' title='bbox 4590 1625 4741 1691; x_wconf 83' lang='lat' dir='ltr'><strong>esset,</strong></span> 
     </span>
     <span class='ocr_line' id='line_1_72' title="bbox 2866 1691 4741 1768; baseline 0.002 -13"><span class='ocrx_word' id='word_1_533' title='bbox 2866 1700 3088 1756; x_wconf 88' lang='lat' dir='ltr'><strong>tamen</strong></span> <span class='ocrx_word' id='word_1_534' title='bbox 3149 1691 3260 1756; x_wconf 90' lang='lat' dir='ltr'><strong>diu</strong></span> <span class='ocrx_word' id='word_1_535' title='bbox 3319 1710 3466 1756; x_wconf 89' lang='lat' dir='ltr'><strong>cum</strong></span> <span class='ocrx_word' id='word_1_536' title='bbox 3525 1694 3748 1759; x_wconf 85' lang='lat' dir='ltr'><strong>multis</strong></span> <span class='ocrx_word' id='word_1_537' title='bbox 3807 1695 4297 1762; x_wconf 84' lang='lat' dir='ltr'><strong>difficultatibus</strong></span> <span class='ocrx_word' id='word_1_538' title='bbox 4340 1709 4444 1760; x_wconf 85' lang='lat' dir='ltr'><strong>est</strong></span> <span class='ocrx_word' id='word_1_539' title='bbox 4488 1696 4741 1768; x_wconf 85' lang='lat' dir='ltr'><strong>luctatus,</strong></span> 
     </span>
     <span class='ocr_line' id='line_1_73' title="bbox 2866 1777 4744 1866; baseline 0.001 -24"><span class='ocrx_word' id='word_1_540' title='bbox 2866 1777 3024 1842; x_wconf 89' lang='lat' dir='ltr'><strong>adeo</strong></span> <span class='ocrx_word' id='word_1_541' title='bbox 3064 1787 3138 1840; x_wconf 90' lang='lat' dir='ltr'><strong>ut</strong></span> <span class='ocrx_word' id='word_1_542' title='bbox 3193 1786 3393 1860; x_wconf 87' lang='lat' dir='ltr'><strong>pater,</strong></span> <span class='ocrx_word' id='word_1_543' title='bbox 3452 1779 3704 1858; x_wconf 87' lang='lat' dir='ltr'><strong>fratres,</strong></span> <span class='ocrx_word' id='word_1_544' title='bbox 3762 1782 4038 1863; x_wconf 88' lang='lat' dir='ltr'><strong>cognati,</strong></span> <span class='ocrx_word' id='word_1_545' title='bbox 4097 1781 4451 1866; x_wconf 88' lang='lat' dir='ltr'><strong>propinqui</strong></span> <span class='ocrx_word' id='word_1_546' title='bbox 4505 1782 4631 1845; x_wconf 85' lang='lat' dir='ltr'><strong>sint</strong></span> <span class='ocrx_word' id='word_1_547' title='bbox 4674 1781 4744 1844; x_wconf 90' lang='lat' dir='ltr'><strong>illi</strong></span> 
     </span>
     <span class='ocr_line' id='line_1_74' title="bbox 2865 1862 4740 1945; baseline 0.001 -17"><span class='ocrx_word' id='word_1_548' title='bbox 2865 1862 3207 1941; x_wconf 87' lang='lat' dir='ltr'><strong>adversati,</strong></span> <span class='ocrx_word' id='word_1_549' title='bbox 3251 1874 3385 1943; x_wconf 89' lang='lat' dir='ltr'><strong>aut,</strong></span> <span class='ocrx_word' id='word_1_550' title='bbox 3428 1864 3482 1928; x_wconf 90' lang='lat' dir='ltr'><strong>si</strong></span> <span class='ocrx_word' id='word_1_551' title='bbox 3532 1885 3658 1927; x_wconf 91' lang='lat' dir='ltr'><strong>non</strong></span> <span class='ocrx_word' id='word_1_552' title='bbox 3703 1866 4053 1945; x_wconf 87' lang='lat' dir='ltr'><strong>adversati,</strong></span> <span class='ocrx_word' id='word_1_553' title='bbox 4099 1889 4226 1932; x_wconf 90' lang='lat' dir='ltr'><strong>non</strong></span> <span class='ocrx_word' id='word_1_554' title='bbox 4274 1869 4418 1932; x_wconf 89' lang='lat' dir='ltr'><strong>ausi</strong></span> <span class='ocrx_word' id='word_1_555' title='bbox 4466 1865 4740 1931; x_wconf 80' lang='lat' dir='ltr'><strong>auxilium</strong></span> 
     </span>
     <span class='ocr_line' id='line_1_75' title="bbox 2865 1948 4747 2027; baseline 0.002 -14"><span class='ocrx_word' id='word_1_556' title='bbox 2865 1948 2958 2013; x_wconf 91' lang='lat' dir='ltr'><strong>illi</strong></span> <span class='ocrx_word' id='word_1_557' title='bbox 3014 1949 3203 2027; x_wconf 89' lang='lat' dir='ltr'><strong>serre,</strong></span> <span class='ocrx_word' id='word_1_558' title='bbox 3259 1948 3374 2013; x_wconf 91' lang='lat' dir='ltr'><strong>sed</strong></span> <span class='ocrx_word' id='word_1_559' title='bbox 3433 1949 3841 2014; x_wconf 86' lang='lat' dir='ltr'><strong>dissimulare</strong></span> <span class='ocrx_word' id='word_1_560' title='bbox 3899 1963 3963 2015; x_wconf 94' lang='lat' dir='ltr'><strong>et</strong></span> <span class='ocrx_word' id='word_1_561' title='bbox 4018 1953 4210 2019; x_wconf 91' lang='lat' dir='ltr'><strong>rebus</strong></span> <span class='ocrx_word' id='word_1_562' title='bbox 4268 1953 4560 2019; x_wconf 90' lang='lat' dir='ltr'><strong>adversis</strong></span> <span class='ocrx_word' id='word_1_563' title='bbox 4597 1951 4747 2017; x_wconf 90' lang='lat' dir='ltr'><strong>illum</strong></span> 
     </span>
     <span class='ocr_line' id='line_1_76' title="bbox 2866 2034 4748 2119; baseline 0.001 -21"><span class='ocrx_word' id='word_1_564' title='bbox 2866 2034 3163 2099; x_wconf 89' lang='lat' dir='ltr'><strong>deserere</strong></span> <span class='ocrx_word' id='word_1_565' title='bbox 3235 2035 3435 2099; x_wconf 85' lang='lat' dir='ltr'><strong>coacti</strong></span> <span class='ocrx_word' id='word_1_566' title='bbox 3506 2037 3658 2101; x_wconf 88' lang='lat' dir='ltr'><strong>sint.</strong></span> <span class='ocrx_word' id='word_1_567' title='bbox 3759 2035 3965 2119; x_wconf 86' lang='lat' dir='ltr'><strong>Atqui</strong></span> <span class='ocrx_word' id='word_1_568' title='bbox 4021 2037 4205 2103; x_wconf 91' lang='lat' dir='ltr'><strong>Deus</strong></span> <span class='ocrx_word' id='word_1_569' title='bbox 4274 2041 4415 2105; x_wconf 89' lang='lat' dir='ltr'><strong>cius</strong></span> <span class='ocrx_word' id='word_1_570' title='bbox 4480 2038 4748 2103; x_wconf 85' lang='lat' dir='ltr'><strong>virtutem</strong></span> 
     </span>
     <span class='ocr_line' id='line_1_77' title="bbox 2864 2120 4751 2206; baseline 0.002 -21"><span class='ocrx_word' id='word_1_571' title='bbox 2864 2121 3087 2185; x_wconf 88' lang='lat' dir='ltr'><strong>multis</strong></span> <span class='ocrx_word' id='word_1_572' title='bbox 3125 2120 3404 2204; x_wconf 88' lang='lat' dir='ltr'><strong>egregiis</strong></span> <span class='ocrx_word' id='word_1_573' title='bbox 3443 2121 3630 2186; x_wconf 89' lang='lat' dir='ltr'><strong>factis</strong></span> <span class='ocrx_word' id='word_1_574' title='bbox 3668 2123 4079 2188; x_wconf 81' lang='lat' dir='ltr'><strong>manifestam</strong></span> <span class='ocrx_word' id='word_1_575' title='bbox 4116 2127 4373 2198; x_wconf 86' lang='lat' dir='ltr'><strong>fecerat,</strong></span> <span class='ocrx_word' id='word_1_576' title='bbox 4418 2128 4602 2206; x_wconf 88' lang='lat' dir='ltr'><strong>eique</strong></span> <span class='ocrx_word' id='word_1_577' title='bbox 4627 2123 4751 2189; x_wconf 73' lang='lat' dir='ltr'><strong>satis</strong></span> 
     </span>
     <span class='ocr_line' id='line_1_78' title="bbox 2864 2207 4749 2289; baseline 0.002 -20"><span class='ocrx_word' id='word_1_578' title='bbox 2864 2225 3170 2289; x_wconf 90' lang='lat' dir='ltr'><strong>magnam</strong></span> <span class='ocrx_word' id='word_1_579' title='bbox 3207 2207 3620 2271; x_wconf 86' lang='lat' dir='ltr'><strong>autoritatem</strong></span> <span class='ocrx_word' id='word_1_580' title='bbox 3656 2208 4136 2288; x_wconf 88' lang='lat' dir='ltr'><strong>conciliaverat,</strong></span> <span class='ocrx_word' id='word_1_581' title='bbox 4182 2231 4311 2275; x_wconf 90' lang='lat' dir='ltr'><strong>non</strong></span> <span class='ocrx_word' id='word_1_582' title='bbox 4349 2222 4601 2274; x_wconf 86' lang='lat' dir='ltr'><strong>tantum</strong></span> <span class='ocrx_word' id='word_1_583' title='bbox 4633 2230 4749 2272; x_wconf 86' lang='lat' dir='ltr'><strong>ver-</strong></span> 
     </span>
     <span class='ocr_line' id='line_1_79' title="bbox 2866 2290 4753 2376; baseline 0.001 -20"><span class='ocrx_word' id='word_1_584' title='bbox 2866 2292 2983 2369; x_wconf 91' lang='lat' dir='ltr'><strong>bis,</strong></span> <span class='ocrx_word' id='word_1_585' title='bbox 3027 2290 3141 2355; x_wconf 90' lang='lat' dir='ltr'><strong>sed</strong></span> <span class='ocrx_word' id='word_1_586' title='bbox 3185 2292 3406 2357; x_wconf 89' lang='lat' dir='ltr'><strong>multis</strong></span> <span class='ocrx_word' id='word_1_587' title='bbox 3448 2292 3646 2356; x_wconf 87' lang='lat' dir='ltr'><strong>etiam</strong></span> <span class='ocrx_word' id='word_1_588' title='bbox 3689 2295 3948 2376; x_wconf 72' lang='lat' dir='ltr'><strong>egregie</strong></span> <span class='ocrx_word' id='word_1_589' title='bbox 3991 2296 4196 2361; x_wconf 83' lang='lat' dir='ltr'><strong>factis.</strong></span> <span class='ocrx_word' id='word_1_590' title='bbox 4287 2294 4500 2363; x_wconf 87' lang='lat' dir='ltr'><strong>Sane:</strong></span> <span class='ocrx_word' id='word_1_591' title='bbox 4558 2293 4660 2361; x_wconf 85' lang='lat' dir='ltr'><strong>sed</strong></span> <span class='ocrx_word' id='word_1_592' title='bbox 4693 2313 4753 2358; x_wconf 78' lang='lat' dir='ltr'><strong>ea</strong></span> 
     </span>
     <span class='ocr_line' id='line_1_80' title="bbox 2866 2376 4753 2464; baseline 0.001 -23"><span class='ocrx_word' id='word_1_593' title='bbox 2866 2386 2965 2441; x_wconf 91' lang='lat' dir='ltr'><strong>est</strong></span> <span class='ocrx_word' id='word_1_594' title='bbox 3008 2376 3338 2441; x_wconf 88' lang='lat' dir='ltr'><strong>hominum</strong></span> <span class='ocrx_word' id='word_1_595' title='bbox 3382 2377 3630 2441; x_wconf 83' lang='lat' dir='ltr'><strong>malitia</strong></span> <span class='ocrx_word' id='word_1_596' title='bbox 3664 2388 3731 2442; x_wconf 90' lang='lat' dir='ltr'><strong>et</strong></span> <span class='ocrx_word' id='word_1_597' title='bbox 3764 2382 4184 2464; x_wconf 87' lang='lat' dir='ltr'><strong>perversitas,</strong></span> <span class='ocrx_word' id='word_1_598' title='bbox 4231 2383 4408 2447; x_wconf 90' lang='lat' dir='ltr'><strong>sicut</strong></span> <span class='ocrx_word' id='word_1_599' title='bbox 4443 2397 4597 2445; x_wconf 87' lang='lat' dir='ltr'><strong>ante</strong></span> <span class='ocrx_word' id='word_1_600' title='bbox 4629 2380 4753 2452; x_wconf 83' lang='lat' dir='ltr'><strong>dixi,</strong></span> 
     </span>
     <span class='ocr_line' id='line_1_81' title="bbox 2868 2461 4752 2548; baseline 0.001 -21"><span class='ocrx_word' id='word_1_601' title='bbox 2868 2475 2938 2527; x_wconf 91' lang='lat' dir='ltr'><strong>ut</strong></span> <span class='ocrx_word' id='word_1_602' title='bbox 2980 2461 3107 2528; x_wconf 92' lang='lat' dir='ltr'><strong>Dei</strong></span> <span class='ocrx_word' id='word_1_603' title='bbox 3166 2462 3337 2528; x_wconf 88' lang='lat' dir='ltr'><strong>dona</strong></span> <span class='ocrx_word' id='word_1_604' title='bbox 3392 2464 3575 2529; x_wconf 88' lang='lat' dir='ltr'><strong>flocci</strong></span> <span class='ocrx_word' id='word_1_605' title='bbox 3640 2465 3895 2541; x_wconf 86' lang='lat' dir='ltr'><strong>faciant,</strong></span> <span class='ocrx_word' id='word_1_606' title='bbox 3957 2476 4022 2529; x_wconf 90' lang='lat' dir='ltr'><strong>et</strong></span> <span class='ocrx_word' id='word_1_607' title='bbox 4066 2467 4335 2548; x_wconf 89' lang='lat' dir='ltr'><strong>pedibus</strong></span> <span class='ocrx_word' id='word_1_608' title='bbox 4380 2466 4752 2532; x_wconf 86' lang='lat' dir='ltr'><strong>conculcent:</strong></span> 
     </span>
     <span class='ocr_line' id='line_1_82' title="bbox 2865 2549 4755 2618; baseline 0.001 -5"><span class='ocrx_word' id='word_1_609' title='bbox 2865 2557 2930 2614; x_wconf 90' lang='lat' dir='ltr'><strong>et</strong></span> <span class='ocrx_word' id='word_1_610' title='bbox 2986 2549 3175 2613; x_wconf 91' lang='lat' dir='ltr'><strong>cuius</strong></span> <span class='ocrx_word' id='word_1_611' title='bbox 3235 2549 3616 2613; x_wconf 83' lang='lat' dir='ltr'><strong>immensam</strong></span> <span class='ocrx_word' id='word_1_612' title='bbox 3676 2550 4027 2615; x_wconf 89' lang='lat' dir='ltr'><strong>bonitatem</strong></span> <span class='ocrx_word' id='word_1_613' title='bbox 4085 2562 4152 2616; x_wconf 92' lang='lat' dir='ltr'><strong>et</strong></span> <span class='ocrx_word' id='word_1_614' title='bbox 4209 2573 4460 2618; x_wconf 86' lang='lat' dir='ltr'><strong>meram</strong></span> <span class='ocrx_word' id='word_1_615' title='bbox 4507 2549 4755 2616; x_wconf 82' lang='lat' dir='ltr'><strong>liberali-</strong></span> 
     </span>
     <span class='ocr_line' id='line_1_83' title="bbox 2866 2632 4752 2719; baseline 0.001 -20"><span class='ocrx_word' id='word_1_616' title='bbox 2866 2641 3064 2699; x_wconf 87' lang='lat' dir='ltr'><strong>tatem</strong></span> <span class='ocrx_word' id='word_1_617' title='bbox 3124 2633 3391 2698; x_wconf 90' lang='lat' dir='ltr'><strong>adorare</strong></span> <span class='ocrx_word' id='word_1_618' title='bbox 3446 2632 3785 2719; x_wconf 84' lang='lat' dir='ltr'><strong>debebant,</strong></span> <span class='ocrx_word' id='word_1_619' title='bbox 3843 2638 4027 2701; x_wconf 89' lang='lat' dir='ltr'><strong>miris</strong></span> <span class='ocrx_word' id='word_1_620' title='bbox 4084 2639 4294 2704; x_wconf 91' lang='lat' dir='ltr'><strong>modis</strong></span> <span class='ocrx_word' id='word_1_621' title='bbox 4349 2645 4752 2703; x_wconf 83' lang='lat' dir='ltr'><strong>contemnant.</strong></span> 
     </span>
     <span class='ocr_line' id='line_1_84' title="bbox 2863 2719 4754 2805; baseline 0.002 -21"><span class='ocrx_word' id='word_1_622' title='bbox 2863 2720 2998 2785; x_wconf 91' lang='lat' dir='ltr'><strong>Nos</strong></span> <span class='ocrx_word' id='word_1_623' title='bbox 3058 2739 3212 2784; x_wconf 88' lang='lat' dir='ltr'><strong>vero</strong></span> <span class='ocrx_word' id='word_1_624' title='bbox 3268 2721 3324 2785; x_wconf 91' lang='lat' dir='ltr'><strong>si</strong></span> <span class='ocrx_word' id='word_1_625' title='bbox 3368 2719 3600 2803; x_wconf 87' lang='lat' dir='ltr'><strong>quibus</strong></span> <span class='ocrx_word' id='word_1_626' title='bbox 3644 2722 3807 2787; x_wconf 93' lang='lat' dir='ltr'><strong>bene</strong></span> <span class='ocrx_word' id='word_1_627' title='bbox 3852 2724 4194 2789; x_wconf 78' lang='lat' dir='ltr'><strong>fecerimus</strong></span> <span class='ocrx_word' id='word_1_628' title='bbox 4238 2746 4277 2788; x_wconf 90' lang='lat' dir='ltr'><strong>a</strong></span> <span class='ocrx_word' id='word_1_629' title='bbox 4321 2723 4469 2789; x_wconf 90' lang='lat' dir='ltr'><strong>Deo</strong></span> <span class='ocrx_word' id='word_1_630' title='bbox 4514 2722 4754 2805; x_wconf 80' lang='lat' dir='ltr'><strong>acceptis</strong></span> 
     </span>
     <span class='ocr_line' id='line_1_85' title="bbox 2865 2805 4754 2893; baseline 0.002 -24"><span class='ocrx_word' id='word_1_631' title='bbox 2865 2805 3068 2884; x_wconf 87' lang='lat' dir='ltr'><strong>donis,</strong></span> <span class='ocrx_word' id='word_1_632' title='bbox 3126 2814 3193 2870; x_wconf 90' lang='lat' dir='ltr'><strong>et</strong></span> <span class='ocrx_word' id='word_1_633' title='bbox 3251 2815 3473 2871; x_wconf 89' lang='lat' dir='ltr'><strong>tamen</strong></span> <span class='ocrx_word' id='word_1_634' title='bbox 3532 2805 3782 2872; x_wconf 89' lang='lat' dir='ltr'><strong>nullam</strong></span> <span class='ocrx_word' id='word_1_635' title='bbox 3841 2809 4119 2893; x_wconf 86' lang='lat' dir='ltr'><strong>gratiam</strong></span> <span class='ocrx_word' id='word_1_636' title='bbox 4179 2809 4615 2888; x_wconf 84' lang='lat' dir='ltr'><strong>retulerimus,</strong></span> <span class='ocrx_word' id='word_1_637' title='bbox 4665 2806 4754 2872; x_wconf 85' lang='lat' dir='ltr'><strong>sed</strong></span> 
     </span>
     <span class='ocr_line' id='line_1_86' title="bbox 2864 2891 4757 2978; baseline 0.001 -23"><span class='ocrx_word' id='word_1_638' title='bbox 2864 2891 3079 2975; x_wconf 90' lang='lat' dir='ltr'><strong>potius</strong></span> <span class='ocrx_word' id='word_1_639' title='bbox 3122 2891 3189 2969; x_wconf 91' lang='lat' dir='ltr'><strong>ii,</strong></span> <span class='ocrx_word' id='word_1_640' title='bbox 3251 2892 3321 2955; x_wconf 89' lang='lat' dir='ltr'><strong>in</strong></span> <span class='ocrx_word' id='word_1_641' title='bbox 3379 2912 3541 2974; x_wconf 91' lang='lat' dir='ltr'><strong>quos</strong></span> <span class='ocrx_word' id='word_1_642' title='bbox 3598 2892 3869 2959; x_wconf 88' lang='lat' dir='ltr'><strong>benefici</strong></span> <span class='ocrx_word' id='word_1_643' title='bbox 3923 2894 4271 2972; x_wconf 83' lang='lat' dir='ltr'><strong>fuerimus,</strong></span> <span class='ocrx_word' id='word_1_644' title='bbox 4347 2895 4624 2960; x_wconf 87' lang='lat' dir='ltr'><strong>iniurias</strong></span> <span class='ocrx_word' id='word_1_645' title='bbox 4664 2912 4757 2978; x_wconf 80' lang='lat' dir='ltr'><strong>pro</strong></span> 
     </span>
     <span class='ocr_line' id='line_1_87' title="bbox 2867 2977 4754 3056; baseline 0 -14"><span class='ocrx_word' id='word_1_646' title='bbox 2867 2977 3216 3042; x_wconf 85' lang='lat' dir='ltr'><strong>benefactis</strong></span> <span class='ocrx_word' id='word_1_647' title='bbox 3274 2977 3588 3056; x_wconf 89' lang='lat' dir='ltr'><strong>referant,</strong></span> <span class='ocrx_word' id='word_1_648' title='bbox 3656 2977 3983 3045; x_wconf 88' lang='lat' dir='ltr'><strong>discamus</strong></span> <span class='ocrx_word' id='word_1_649' title='bbox 4038 2979 4253 3047; x_wconf 90' lang='lat' dir='ltr'><strong>Deum</strong></span> <span class='ocrx_word' id='word_1_650' title='bbox 4313 2981 4487 3048; x_wconf 85' lang='lat' dir='ltr'><strong>velle</strong></span> <span class='ocrx_word' id='word_1_651' title='bbox 4544 3002 4653 3045; x_wconf 92' lang='lat' dir='ltr'><strong>nos</strong></span> <span class='ocrx_word' id='word_1_652' title='bbox 4698 2978 4754 3041; x_wconf 88' lang='lat' dir='ltr'><strong>in</strong></span> 
     </span>
     <span class='ocr_line' id='line_1_88' title="bbox 2864 3061 4755 3149; baseline 0.001 -23"><span class='ocrx_word' id='word_1_653' title='bbox 2864 3061 2986 3129; x_wconf 92' lang='lat' dir='ltr'><strong>hac</strong></span> <span class='ocrx_word' id='word_1_654' title='bbox 3043 3072 3229 3147; x_wconf 89' lang='lat' dir='ltr'><strong>parte</strong></span> <span class='ocrx_word' id='word_1_655' title='bbox 3284 3062 3612 3128; x_wconf 88' lang='lat' dir='ltr'><strong>humiliari</strong></span> <span class='ocrx_word' id='word_1_656' title='bbox 3671 3074 3739 3130; x_wconf 90' lang='lat' dir='ltr'><strong>et</strong></span> <span class='ocrx_word' id='word_1_657' title='bbox 3790 3064 4174 3131; x_wconf 87' lang='lat' dir='ltr'><strong>modestiam</strong></span> <span class='ocrx_word' id='word_1_658' title='bbox 4233 3064 4519 3149; x_wconf 83' lang='lat' dir='ltr'><strong>discere,</strong></span> <span class='ocrx_word' id='word_1_659' title='bbox 4588 3076 4649 3131; x_wconf 89' lang='lat' dir='ltr'><strong>et</strong></span> <span class='ocrx_word' id='word_1_660' title='bbox 4699 3064 4755 3128; x_wconf 89' lang='lat' dir='ltr'><strong>in</strong></span> 
     </span>
     <span class='ocr_line' id='line_1_89' title="bbox 2862 3149 4755 3236; baseline 0.001 -25"><span class='ocrx_word' id='word_1_661' title='bbox 2862 3149 3005 3231; x_wconf 90' lang='lat' dir='ltr'><strong>ipso</strong></span> <span class='ocrx_word' id='word_1_662' title='bbox 3049 3149 3184 3214; x_wconf 90' lang='lat' dir='ltr'><strong>solo</strong></span> <span class='ocrx_word' id='word_1_663' title='bbox 3227 3150 3699 3232; x_wconf 86' lang='lat' dir='ltr'><strong>conquiescere.</strong></span> <span class='ocrx_word' id='word_1_664' title='bbox 3787 3150 4030 3216; x_wconf 87' lang='lat' dir='ltr'><strong>Davidi</strong></span> <span class='ocrx_word' id='word_1_665' title='bbox 4076 3151 4249 3217; x_wconf 88' lang='lat' dir='ltr'><strong>istud</strong></span> <span class='ocrx_word' id='word_1_666' title='bbox 4292 3152 4642 3236; x_wconf 87' lang='lat' dir='ltr'><strong>contigisse</strong></span> <span class='ocrx_word' id='word_1_667' title='bbox 4678 3151 4755 3213; x_wconf 90' lang='lat' dir='ltr'><strong>vi</strong></span> 
     </span>
     <span class='ocr_line' id='line_1_90' title="bbox 2864 3234 4757 3319; baseline 0.001 -21"><span class='ocrx_word' id='word_1_668' title='bbox 2864 3234 3110 3317; x_wconf 89' lang='lat' dir='ltr'><strong>demus,</strong></span> <span class='ocrx_word' id='word_1_669' title='bbox 3169 3254 3361 3317; x_wconf 90' lang='lat' dir='ltr'><strong>quem</strong></span> <span class='ocrx_word' id='word_1_670' title='bbox 3407 3234 3587 3301; x_wconf 90' lang='lat' dir='ltr'><strong>Deus</strong></span> <span class='ocrx_word' id='word_1_671' title='bbox 3631 3236 3827 3319; x_wconf 87' lang='lat' dir='ltr'><strong>regiis</strong></span> <span class='ocrx_word' id='word_1_672' title='bbox 3871 3238 4223 3303; x_wconf 87' lang='lat' dir='ltr'><strong>virtutibus</strong></span> <span class='ocrx_word' id='word_1_673' title='bbox 4266 3240 4546 3315; x_wconf 88' lang='lat' dir='ltr'><strong>ornavit,</strong></span> <span class='ocrx_word' id='word_1_674' title='bbox 4609 3246 4667 3301; x_wconf 89' lang='lat' dir='ltr'><strong>et</strong></span> <span class='ocrx_word' id='word_1_675' title='bbox 4700 3236 4757 3299; x_wconf 84' lang='lat' dir='ltr'><strong>iu</strong></span> 
     </span>
     <span class='ocr_line' id='line_1_91' title="bbox 2864 3319 4756 3407; baseline 0.001 -24"><span class='ocrx_word' id='word_1_676' title='bbox 2864 3319 3202 3404; x_wconf 86' lang='lat' dir='ltr'><strong>dignitatis</strong></span> <span class='ocrx_word' id='word_1_677' title='bbox 3249 3321 3466 3403; x_wconf 89' lang='lat' dir='ltr'><strong>regiae</strong></span> <span class='ocrx_word' id='word_1_678' title='bbox 3509 3342 3688 3405; x_wconf 91' lang='lat' dir='ltr'><strong>spem</strong></span> <span class='ocrx_word' id='word_1_679' title='bbox 3734 3323 3804 3387; x_wconf 91' lang='lat' dir='ltr'><strong>in</strong></span> <span class='ocrx_word' id='word_1_680' title='bbox 3845 3323 3999 3387; x_wconf 87' lang='lat' dir='ltr'><strong>aula</strong></span> <span class='ocrx_word' id='word_1_681' title='bbox 4042 3325 4217 3407; x_wconf 88' lang='lat' dir='ltr'><strong>regis</strong></span> <span class='ocrx_word' id='word_1_682' title='bbox 4259 3323 4525 3389; x_wconf 85' lang='lat' dir='ltr'><strong>educari</strong></span> <span class='ocrx_word' id='word_1_683' title='bbox 4562 3323 4756 3396; x_wconf 83' lang='lat' dir='ltr'><strong>voluit,</strong></span> 
     </span>
     <span class='ocr_line' id='line_1_92' title="bbox 2862 3404 4755 3494; baseline 0.001 -26"><span class='ocrx_word' id='word_1_684' title='bbox 2862 3406 3015 3471; x_wconf 89' lang='lat' dir='ltr'><strong>licet</strong></span> <span class='ocrx_word' id='word_1_685' title='bbox 3072 3404 3275 3470; x_wconf 91' lang='lat' dir='ltr'><strong>nullis</strong></span> <span class='ocrx_word' id='word_1_686' title='bbox 3335 3407 3573 3484; x_wconf 89' lang='lat' dir='ltr'><strong>titulis,</strong></span> <span class='ocrx_word' id='word_1_687' title='bbox 3654 3408 3854 3474; x_wconf 91' lang='lat' dir='ltr'><strong>nullis</strong></span> <span class='ocrx_word' id='word_1_688' title='bbox 3918 3410 4282 3492; x_wconf 89' lang='lat' dir='ltr'><strong>insignibus</strong></span> <span class='ocrx_word' id='word_1_689' title='bbox 4346 3412 4755 3494; x_wconf 89' lang='lat' dir='ltr'><strong>conspicuum.</strong></span> 
     </span>
     <span class='ocr_line' id='line_1_93' title="bbox 2862 3491 4756 3580; baseline 0.001 -25"><span class='ocrx_word' id='word_1_690' title='bbox 2862 3491 3039 3556; x_wconf 89' lang='lat' dir='ltr'><strong>Sane</strong></span> <span class='ocrx_word' id='word_1_691' title='bbox 3097 3491 3334 3556; x_wconf 88' lang='lat' dir='ltr'><strong>multos</strong></span> <span class='ocrx_word' id='word_1_692' title='bbox 3380 3492 3571 3558; x_wconf 89' lang='lat' dir='ltr'><strong>hodie</strong></span> <span class='ocrx_word' id='word_1_693' title='bbox 3615 3493 3838 3560; x_wconf 89' lang='lat' dir='ltr'><strong>videas</strong></span> <span class='ocrx_word' id='word_1_694' title='bbox 3881 3498 4138 3577; x_wconf 90' lang='lat' dir='ltr'><strong>magnis</strong></span> <span class='ocrx_word' id='word_1_695' title='bbox 4182 3506 4249 3560; x_wconf 90' lang='lat' dir='ltr'><strong>et</strong></span> <span class='ocrx_word' id='word_1_696' title='bbox 4292 3495 4659 3580; x_wconf 88' lang='lat' dir='ltr'><strong>insignibus</strong></span> <span class='ocrx_word' id='word_1_697' title='bbox 4695 3493 4756 3556; x_wconf 89' lang='lat' dir='ltr'><strong>ti</strong></span> 
     </span>
     <span class='ocr_line' id='line_1_94' title="bbox 2860 3577 4755 3660; baseline 0.001 -20"><span class='ocrx_word' id='word_1_698' title='bbox 2860 3577 3015 3642; x_wconf 90' lang='lat' dir='ltr'><strong>tulis</strong></span> <span class='ocrx_word' id='word_1_699' title='bbox 3074 3577 3360 3660; x_wconf 87' lang='lat' dir='ltr'><strong>gloriari,</strong></span> <span class='ocrx_word' id='word_1_700' title='bbox 3420 3578 3534 3644; x_wconf 92' lang='lat' dir='ltr'><strong>sed</strong></span> <span class='ocrx_word' id='word_1_701' title='bbox 3593 3581 3731 3645; x_wconf 90' lang='lat' dir='ltr'><strong>sine</strong></span> <span class='ocrx_word' id='word_1_702' title='bbox 3787 3581 4028 3644; x_wconf 89' lang='lat' dir='ltr'><strong>virtute</strong></span> <span class='ocrx_word' id='word_1_703' title='bbox 4073 3593 4314 3646; x_wconf 90' lang='lat' dir='ltr'><strong>tamen.</strong></span> <span class='ocrx_word' id='word_1_704' title='bbox 4406 3582 4580 3645; x_wconf 87' lang='lat' dir='ltr'><strong>Nam</strong></span> <span class='ocrx_word' id='word_1_705' title='bbox 4619 3578 4755 3643; x_wconf 85' lang='lat' dir='ltr'><strong>alius</strong></span> 
     </span>
     <span class='ocr_line' id='line_1_95' title="bbox 2860 3662 4759 3750; baseline 0 -22"><span class='ocrx_word' id='word_1_706' title='bbox 2860 3685 2977 3728; x_wconf 88' lang='lat' dir='ltr'><strong>rex</strong></span> <span class='ocrx_word' id='word_1_707' title='bbox 3034 3662 3672 3748; x_wconf 83' lang='lat' dir='ltr'><strong>Hierosolymorum,</strong></span> <span class='ocrx_word' id='word_1_708' title='bbox 3738 3665 3903 3731; x_wconf 85' lang='lat' dir='ltr'><strong>alius</strong></span> <span class='ocrx_word' id='word_1_709' title='bbox 3968 3665 4203 3750; x_wconf 83' lang='lat' dir='ltr'><strong>Cypri,</strong></span> <span class='ocrx_word' id='word_1_710' title='bbox 4271 3666 4443 3732; x_wconf 90' lang='lat' dir='ltr'><strong>alius</strong></span> <span class='ocrx_word' id='word_1_711' title='bbox 4524 3666 4759 3730; x_wconf 80' lang='lat' dir='ltr'><strong>alterius</strong></span> 
     </span>
     <span class='ocr_line' id='line_1_96' title="bbox 2860 3748 4758 3834; baseline -0.001 -20"><span class='ocrx_word' id='word_1_712' title='bbox 2860 3748 3204 3814; x_wconf 89' lang='lat' dir='ltr'><strong>cuiuslibet</strong></span> <span class='ocrx_word' id='word_1_713' title='bbox 3247 3751 3433 3833; x_wconf 89' lang='lat' dir='ltr'><strong>regni</strong></span> <span class='ocrx_word' id='word_1_714' title='bbox 3474 3750 3840 3815; x_wconf 87' lang='lat' dir='ltr'><strong>vocabitur:</strong></span> <span class='ocrx_word' id='word_1_715' title='bbox 3902 3755 4011 3834; x_wconf 93' lang='lat' dir='ltr'><strong>qui</strong></span> <span class='ocrx_word' id='word_1_716' title='bbox 4056 3773 4215 3817; x_wconf 89' lang='lat' dir='ltr'><strong>sane</strong></span> <span class='ocrx_word' id='word_1_717' title='bbox 4258 3752 4439 3817; x_wconf 89' lang='lat' dir='ltr'><strong>tituli</strong></span> <span class='ocrx_word' id='word_1_718' title='bbox 4485 3761 4638 3817; x_wconf 89' lang='lat' dir='ltr'><strong>sunt</strong></span> <span class='ocrx_word' id='word_1_719' title='bbox 4675 3752 4758 3815; x_wconf 87' lang='lat' dir='ltr'><strong>in</strong></span> 
     </span>
     <span class='ocr_line' id='line_1_97' title="bbox 2859 3834 4757 3923; baseline 0.001 -23"><span class='ocrx_word' id='word_1_720' title='bbox 2859 3836 3096 3919; x_wconf 90' lang='lat' dir='ltr'><strong>signes,</strong></span> <span class='ocrx_word' id='word_1_721' title='bbox 3157 3834 3267 3899; x_wconf 91' lang='lat' dir='ltr'><strong>sed</strong></span> <span class='ocrx_word' id='word_1_722' title='bbox 3313 3838 3454 3899; x_wconf 91' lang='lat' dir='ltr'><strong>sine</strong></span> <span class='ocrx_word' id='word_1_723' title='bbox 3495 3857 3586 3901; x_wconf 91' lang='lat' dir='ltr'><strong>re.</strong></span> <span class='ocrx_word' id='word_1_724' title='bbox 3678 3836 3817 3904; x_wconf 87' lang='lat' dir='ltr'><strong>Cur</strong></span> <span class='ocrx_word' id='word_1_725' title='bbox 3861 3858 3989 3902; x_wconf 92' lang='lat' dir='ltr'><strong>non</strong></span> <span class='ocrx_word' id='word_1_726' title='bbox 4035 3839 4208 3902; x_wconf 90' lang='lat' dir='ltr'><strong>enim</strong></span> <span class='ocrx_word' id='word_1_727' title='bbox 4255 3860 4469 3923; x_wconf 90' lang='lat' dir='ltr'><strong>regna</strong></span> <span class='ocrx_word' id='word_1_728' title='bbox 4512 3855 4757 3921; x_wconf 88' lang='lat' dir='ltr'><strong>quorum</strong></span> 
     </span>
     <span class='ocr_line' id='line_1_98' title="bbox 2859 3921 4755 4006; baseline 0.001 -22"><span class='ocrx_word' id='word_1_729' title='bbox 2859 3921 3065 3986; x_wconf 89' lang='lat' dir='ltr'><strong>titulis</strong></span> <span class='ocrx_word' id='word_1_730' title='bbox 3127 3921 3490 4003; x_wconf 87' lang='lat' dir='ltr'><strong>gloriantur</strong></span> <span class='ocrx_word' id='word_1_731' title='bbox 3548 3921 3940 4006; x_wconf 78' lang='lat' dir='ltr'><strong>reposcunt?</strong></span> <span class='ocrx_word' id='word_1_732' title='bbox 4045 3922 4295 3989; x_wconf 84' lang='lat' dir='ltr'><strong>Contra</strong></span> <span class='ocrx_word' id='word_1_733' title='bbox 4353 3923 4610 3999; x_wconf 82' lang='lat' dir='ltr'><strong>David,</strong></span> <span class='ocrx_word' id='word_1_734' title='bbox 4658 3921 4755 3985; x_wconf 78' lang='lat' dir='ltr'><strong>etsi</strong></span> 
     </span>
     <span class='ocr_line' id='line_1_99' title="bbox 2858 4005 4756 4083; baseline 0.001 -12"><span class='ocrx_word' id='word_1_735' title='bbox 2858 4005 3056 4071; x_wconf 88' lang='lat' dir='ltr'><strong>vilem</strong></span> <span class='ocrx_word' id='word_1_736' title='bbox 3099 4018 3164 4069; x_wconf 87' lang='lat' dir='ltr'><strong>et</strong></span> <span class='ocrx_word' id='word_1_737' title='bbox 3207 4006 3519 4072; x_wconf 88' lang='lat' dir='ltr'><strong>abiectam</strong></span> <span class='ocrx_word' id='word_1_738' title='bbox 3567 4009 3741 4073; x_wconf 88' lang='lat' dir='ltr'><strong>vitae</strong></span> <span class='ocrx_word' id='word_1_739' title='bbox 3784 4008 4219 4075; x_wconf 89' lang='lat' dir='ltr'><strong>conditionem</strong></span> <span class='ocrx_word' id='word_1_740' title='bbox 4265 4011 4459 4075; x_wconf 89' lang='lat' dir='ltr'><strong>initio</strong></span> <span class='ocrx_word' id='word_1_741' title='bbox 4502 4009 4756 4083; x_wconf 81' lang='lat' dir='ltr'><strong>sortitus,</strong></span> 
     </span>
     <span class='ocr_line' id='line_1_100' title="bbox 2856 4092 4755 4176; baseline -0.001 -19"><span class='ocrx_word' id='word_1_742' title='bbox 2856 4092 3058 4157; x_wconf 91' lang='lat' dir='ltr'><strong>nullis</strong></span> <span class='ocrx_word' id='word_1_743' title='bbox 3093 4093 3328 4170; x_wconf 88' lang='lat' dir='ltr'><strong>clarus,</strong></span> <span class='ocrx_word' id='word_1_744' title='bbox 3365 4094 3496 4158; x_wconf 90' lang='lat' dir='ltr'><strong>nisi</strong></span> <span class='ocrx_word' id='word_1_745' title='bbox 3530 4094 3846 4176; x_wconf 88' lang='lat' dir='ltr'><strong>opilionis,</strong></span> <span class='ocrx_word' id='word_1_746' title='bbox 3884 4093 4127 4159; x_wconf 88' lang='lat' dir='ltr'><strong>titulis:</strong></span> <span class='ocrx_word' id='word_1_747' title='bbox 4164 4095 4531 4162; x_wconf 90' lang='lat' dir='ltr'><strong>virtutibus</strong></span> <span class='ocrx_word' id='word_1_748' title='bbox 4567 4105 4755 4160; x_wconf 85' lang='lat' dir='ltr'><strong>tamen</strong></span> 
     </span>
     <span class='ocr_line' id='line_1_101' title="bbox 2856 4179 4757 4258; baseline 0 -15"><span class='ocrx_word' id='word_1_749' title='bbox 2856 4179 3129 4243; x_wconf 87' lang='lat' dir='ltr'><strong>summis</strong></span> <span class='ocrx_word' id='word_1_750' title='bbox 3164 4179 3419 4258; x_wconf 89' lang='lat' dir='ltr'><strong>claruit,</strong></span> <span class='ocrx_word' id='word_1_751' title='bbox 3463 4186 3538 4243; x_wconf 91' lang='lat' dir='ltr'><strong>ut</strong></span> <span class='ocrx_word' id='word_1_752' title='bbox 3572 4181 3873 4245; x_wconf 91' lang='lat' dir='ltr'><strong>omnibus</strong></span> <span class='ocrx_word' id='word_1_753' title='bbox 3916 4181 4115 4246; x_wconf 86' lang='lat' dir='ltr'><strong>fuerit</strong></span> <span class='ocrx_word' id='word_1_754' title='bbox 4156 4181 4597 4258; x_wconf 85' lang='lat' dir='ltr'><strong>admirationi,</strong></span> <span class='ocrx_word' id='word_1_755' title='bbox 4636 4179 4757 4243; x_wconf 77' lang='lat' dir='ltr'><strong>licet</strong></span> 
     </span>
     <span class='ocr_line' id='line_1_102' title="bbox 2856 4264 4755 4350; baseline -0.002 -22"><span class='ocrx_word' id='word_1_756' title='bbox 2856 4264 3043 4347; x_wconf 90' lang='lat' dir='ltr'><strong>pauci</strong></span> <span class='ocrx_word' id='word_1_757' title='bbox 3081 4264 3356 4329; x_wconf 88' lang='lat' dir='ltr'><strong>virtutes</strong></span> <span class='ocrx_word' id='word_1_758' title='bbox 3390 4265 3537 4331; x_wconf 90' lang='lat' dir='ltr'><strong>illas</strong></span> <span class='ocrx_word' id='word_1_759' title='bbox 3573 4267 3640 4329; x_wconf 89' lang='lat' dir='ltr'><strong>in</strong></span> <span class='ocrx_word' id='word_1_760' title='bbox 3678 4266 3819 4348; x_wconf 86' lang='lat' dir='ltr'><strong>ipso</strong></span> <span class='ocrx_word' id='word_1_761' title='bbox 3854 4277 4281 4350; x_wconf 87' lang='lat' dir='ltr'><strong>agnoscerent</strong></span> <span class='ocrx_word' id='word_1_762' title='bbox 4316 4280 4385 4332; x_wconf 89' lang='lat' dir='ltr'><strong>et</strong></span> <span class='ocrx_word' id='word_1_763' title='bbox 4409 4266 4755 4333; x_wconf 84' lang='lat' dir='ltr'><strong>laudarent:</strong></span> 
     </span>
     <span class='ocr_line' id='line_1_103' title="bbox 2856 4350 4753 4437; baseline 0.001 -25"><span class='ocrx_word' id='word_1_764' title='bbox 2856 4370 3064 4432; x_wconf 90' lang='lat' dir='ltr'><strong>neque</strong></span> <span class='ocrx_word' id='word_1_765' title='bbox 3128 4359 3346 4415; x_wconf 90' lang='lat' dir='ltr'><strong>tamen</strong></span> <span class='ocrx_word' id='word_1_766' title='bbox 3414 4350 3557 4416; x_wconf 91' lang='lat' dir='ltr'><strong>ideo</strong></span> <span class='ocrx_word' id='word_1_767' title='bbox 3619 4354 3894 4417; x_wconf 90' lang='lat' dir='ltr'><strong>maiores</strong></span> <span class='ocrx_word' id='word_1_768' title='bbox 3959 4354 4208 4417; x_wconf 91' lang='lat' dir='ltr'><strong>animos</strong></span> <span class='ocrx_word' id='word_1_769' title='bbox 4272 4356 4592 4437; x_wconf 87' lang='lat' dir='ltr'><strong>sumpsit,</strong></span> <span class='ocrx_word' id='word_1_770' title='bbox 4664 4357 4753 4414; x_wconf 80' lang='lat' dir='ltr'><strong>aut</strong></span> 
     </span>
     <span class='ocr_line' id='line_1_104' title="bbox 2855 4435 4755 4521; baseline -0.001 -22"><span class='ocrx_word' id='word_1_771' title='bbox 2855 4435 3205 4518; x_wconf 90' lang='lat' dir='ltr'><strong>quidquam</strong></span> <span class='ocrx_word' id='word_1_772' title='bbox 3272 4443 3372 4501; x_wconf 91' lang='lat' dir='ltr'><strong>est</strong></span> <span class='ocrx_word' id='word_1_773' title='bbox 3434 4458 3810 4521; x_wconf 85' lang='lat' dir='ltr'><strong>aggressus,</strong></span> <span class='ocrx_word' id='word_1_774' title='bbox 3876 4439 3998 4502; x_wconf 91' lang='lat' dir='ltr'><strong>etsi</strong></span> <span class='ocrx_word' id='word_1_775' title='bbox 4063 4439 4191 4502; x_wconf 91' lang='lat' dir='ltr'><strong>iam</strong></span> <span class='ocrx_word' id='word_1_776' title='bbox 4258 4459 4379 4503; x_wconf 84' lang='lat' dir='ltr'><strong>rex</strong></span> <span class='ocrx_word' id='word_1_777' title='bbox 4450 4439 4675 4505; x_wconf 79' lang='lat' dir='ltr'><strong>fuisset</strong></span> <span class='ocrx_word' id='word_1_778' title='bbox 4724 4454 4755 4498; x_wconf 74' lang='lat' dir='ltr'><strong>a</strong></span> 
     </span>
     <span class='ocr_line' id='line_1_105' title="bbox 2857 4520 4753 4606; baseline -0.002 -20"><span class='ocrx_word' id='word_1_779' title='bbox 2857 4522 3139 4586; x_wconf 89' lang='lat' dir='ltr'><strong>Domino</strong></span> <span class='ocrx_word' id='word_1_780' title='bbox 3184 4520 3578 4604; x_wconf 89' lang='lat' dir='ltr'><strong>designatus.</strong></span> <span class='ocrx_word' id='word_1_781' title='bbox 3670 4522 3894 4603; x_wconf 79' lang='lat' dir='ltr'><strong>Quare</strong></span> <span class='ocrx_word' id='word_1_782' title='bbox 3939 4543 4055 4606; x_wconf 87' lang='lat' dir='ltr'><strong>pro</strong></span> <span class='ocrx_word' id='word_1_783' title='bbox 4099 4525 4409 4589; x_wconf 89' lang='lat' dir='ltr'><strong>inanibus</strong></span> <span class='ocrx_word' id='word_1_784' title='bbox 4454 4525 4585 4589; x_wconf 91' lang='lat' dir='ltr'><strong>illis</strong></span> <span class='ocrx_word' id='word_1_785' title='bbox 4624 4524 4753 4586; x_wconf 87' lang='lat' dir='ltr'><strong>titu-</strong></span> 
     </span>
     <span class='ocr_line' id='line_1_106' title="bbox 2856 4605 4752 4693; baseline 0.001 -22"><span class='ocrx_word' id='word_1_786' title='bbox 2856 4606 2935 4672; x_wconf 93' lang='lat' dir='ltr'><strong>lis</strong></span> <span class='ocrx_word' id='word_1_787' title='bbox 2989 4608 3222 4690; x_wconf 89' lang='lat' dir='ltr'><strong>quibus</strong></span> <span class='ocrx_word' id='word_1_788' title='bbox 3279 4607 3567 4690; x_wconf 87' lang='lat' dir='ltr'><strong>plerique</strong></span> <span class='ocrx_word' id='word_1_789' title='bbox 3611 4608 3976 4693; x_wconf 88' lang='lat' dir='ltr'><strong>gloriantur</strong></span> <span class='ocrx_word' id='word_1_790' title='bbox 4042 4608 4171 4673; x_wconf 91' lang='lat' dir='ltr'><strong>Dei</strong></span> <span class='ocrx_word' id='word_1_791' title='bbox 4229 4612 4518 4693; x_wconf 86' lang='lat' dir='ltr'><strong>gratiam</strong></span> <span class='ocrx_word' id='word_1_792' title='bbox 4576 4605 4752 4690; x_wconf 73' lang='lat' dir='ltr'><strong>magis</strong></span> 
     </span>
     <span class='ocr_line' id='line_1_107' title="bbox 2856 4691 4748 4776; baseline -0.002 -18"><span class='ocrx_word' id='word_1_793' title='bbox 2856 4705 3254 4776; x_wconf 88' lang='lat' dir='ltr'><strong>expetamus,</strong></span> <span class='ocrx_word' id='word_1_794' title='bbox 3300 4704 3374 4757; x_wconf 90' lang='lat' dir='ltr'><strong>ut</strong></span> <span class='ocrx_word' id='word_1_795' title='bbox 3417 4714 3488 4758; x_wconf 91' lang='lat' dir='ltr'><strong>re</strong></span> <span class='ocrx_word' id='word_1_796' title='bbox 3531 4695 3673 4776; x_wconf 90' lang='lat' dir='ltr'><strong>ipsa</strong></span> <span class='ocrx_word' id='word_1_797' title='bbox 3715 4705 4024 4760; x_wconf 89' lang='lat' dir='ltr'><strong>testatum</strong></span> <span class='ocrx_word' id='word_1_798' title='bbox 4083 4696 4276 4761; x_wconf 85' lang='lat' dir='ltr'><strong>faciat</strong></span> <span class='ocrx_word' id='word_1_799' title='bbox 4334 4696 4649 4762; x_wconf 89' lang='lat' dir='ltr'><strong>donorum</strong></span> <span class='ocrx_word' id='word_1_800' title='bbox 4698 4691 4748 4755; x_wconf 81' lang='lat' dir='ltr'><strong>in</strong></span> 
     </span>
     <span class='ocr_line' id='line_1_108' title="bbox 2857 4773 4747 4865; baseline 0.002 -24"><span class='ocrx_word' id='word_1_801' title='bbox 2857 4798 2973 4843; x_wconf 92' lang='lat' dir='ltr'><strong>nos</strong></span> <span class='ocrx_word' id='word_1_802' title='bbox 3009 4778 3345 4856; x_wconf 88' lang='lat' dir='ltr'><strong>effusione,</strong></span> <span class='ocrx_word' id='word_1_803' title='bbox 3391 4800 3506 4844; x_wconf 89' lang='lat' dir='ltr'><strong>nos</strong></span> <span class='ocrx_word' id='word_1_804' title='bbox 3541 4778 3637 4844; x_wconf 89' lang='lat' dir='ltr'><strong>illi</strong></span> <span class='ocrx_word' id='word_1_805' title='bbox 3684 4793 3903 4864; x_wconf 82' lang='lat' dir='ltr'><strong>gratos</strong></span> <span class='ocrx_word' id='word_1_806' title='bbox 3952 4791 4018 4844; x_wconf 89' lang='lat' dir='ltr'><strong>et</strong></span> <span class='ocrx_word' id='word_1_807' title='bbox 4063 4792 4361 4865; x_wconf 87' lang='lat' dir='ltr'><strong>acceptos</strong></span> <span class='ocrx_word' id='word_1_808' title='bbox 4405 4803 4551 4849; x_wconf 84' lang='lat' dir='ltr'><strong>esse</strong></span> <span class='ocrx_word' id='word_1_809' title='bbox 4592 4791 4653 4845; x_wconf 87' lang='lat' dir='ltr'><strong>et</strong></span> <span class='ocrx_word' id='word_1_810' title='bbox 4684 4773 4747 4844; x_wconf 78' lang='lat' dir='ltr'><strong>ad</strong></span> 
     </span>
     <span class='ocr_line' id='line_1_109' title="bbox 2855 4863 4203 4949; baseline 0.002 -21"><span class='ocrx_word' id='word_1_811' title='bbox 2855 4885 3090 4929; x_wconf 90' lang='lat' dir='ltr'><strong>munus</strong></span> <span class='ocrx_word' id='word_1_812' title='bbox 3132 4864 3212 4928; x_wconf 92' lang='lat' dir='ltr'><strong>ad</strong></span> <span class='ocrx_word' id='word_1_813' title='bbox 3258 4863 3426 4947; x_wconf 91' lang='lat' dir='ltr'><strong>quod</strong></span> <span class='ocrx_word' id='word_1_814' title='bbox 3469 4866 3594 4949; x_wconf 91' lang='lat' dir='ltr'><strong>ipsi</strong></span> <span class='ocrx_word' id='word_1_815' title='bbox 3641 4867 3884 4948; x_wconf 85' lang='lat' dir='ltr'><strong>placuit</strong></span> <span class='ocrx_word' id='word_1_816' title='bbox 3925 4878 4203 4932; x_wconf 87' lang='lat' dir='ltr'><strong>vocatos.</strong></span> 
     </span>
    </p>

    <p class='ocr_par' dir='ltr' id='par_1_10' title="bbox 2853 4948 4749 5293">
     <span class='ocr_line' id='line_1_110' title="bbox 3025 4948 4749 5034; baseline -0.001 -19"><span class='ocrx_word' id='word_1_817' title='bbox 3025 4949 3339 5032; x_wconf 89' lang='lat' dir='ltr'><strong>Sequitur</strong></span> <span class='ocrx_word' id='word_1_818' title='bbox 3394 4951 3698 5034; x_wconf 85' lang='lat' dir='ltr'><strong>deinceps</strong></span> <span class='ocrx_word' id='word_1_819' title='bbox 3752 4963 4133 5018; x_wconf 88' lang='lat' dir='ltr'><strong>renovatum</strong></span> <span class='ocrx_word' id='word_1_820' title='bbox 4193 4951 4439 5019; x_wconf 89' lang='lat' dir='ltr'><strong>bellum</strong></span> <span class='ocrx_word' id='word_1_821' title='bbox 4495 4975 4535 5019; x_wconf 89' lang='lat' dir='ltr'><strong>a</strong></span> <span class='ocrx_word' id='word_1_822' title='bbox 4575 4948 4749 5019; x_wconf 80' lang='lat' dir='ltr'><strong>Phili</strong></span> 
     </span>
     <span class='ocr_line' id='line_1_111' title="bbox 2853 5035 4747 5121; baseline -0.002 -20"><span class='ocrx_word' id='word_1_823' title='bbox 2853 5037 3048 5102; x_wconf 89' lang='lat' dir='ltr'><strong>staeis</strong></span> <span class='ocrx_word' id='word_1_824' title='bbox 3104 5036 3419 5102; x_wconf 88' lang='lat' dir='ltr'><strong>adversus</strong></span> <span class='ocrx_word' id='word_1_825' title='bbox 3463 5037 3815 5114; x_wconf 79' lang='lat' dir='ltr'><strong>Israelitas,</strong></span> <span class='ocrx_word' id='word_1_826' title='bbox 3870 5058 4029 5121; x_wconf 91' lang='lat' dir='ltr'><strong>quos</strong></span> <span class='ocrx_word' id='word_1_827' title='bbox 4081 5038 4183 5102; x_wconf 87' lang='lat' dir='ltr'><strong>illi</strong></span> <span class='ocrx_word' id='word_1_828' title='bbox 4240 5039 4440 5120; x_wconf 83' lang='lat' dir='ltr'><strong>ultre,</strong></span> <span class='ocrx_word' id='word_1_829' title='bbox 4502 5060 4621 5103; x_wconf 88' lang='lat' dir='ltr'><strong>non</strong></span> <span class='ocrx_word' id='word_1_830' title='bbox 4674 5035 4747 5098; x_wconf 80' lang='lat' dir='ltr'><strong>la</strong></span> 
     </span>
     <span class='ocr_line' id='line_1_112' title="bbox 2853 5123 4743 5208; baseline -0.001 -21"><span class='ocrx_word' id='word_1_831' title='bbox 2853 5123 3064 5188; x_wconf 90' lang='lat' dir='ltr'><strong>cessiti</strong></span> <span class='ocrx_word' id='word_1_832' title='bbox 3105 5143 3315 5205; x_wconf 91' lang='lat' dir='ltr'><strong>neque</strong></span> <span class='ocrx_word' id='word_1_833' title='bbox 3350 5127 3693 5207; x_wconf 90' lang='lat' dir='ltr'><strong>provocati,</strong></span> <span class='ocrx_word' id='word_1_834' title='bbox 3740 5124 4031 5208; x_wconf 87' lang='lat' dir='ltr'><strong>aggressi</strong></span> <span class='ocrx_word' id='word_1_835' title='bbox 4075 5135 4265 5188; x_wconf 89' lang='lat' dir='ltr'><strong>sunt:</strong></span> <span class='ocrx_word' id='word_1_836' title='bbox 4312 5137 4380 5190; x_wconf 89' lang='lat' dir='ltr'><strong>et</strong></span> <span class='ocrx_word' id='word_1_837' title='bbox 4422 5127 4497 5190; x_wconf 86' lang='lat' dir='ltr'><strong>in</strong></span> <span class='ocrx_word' id='word_1_838' title='bbox 4538 5123 4743 5190; x_wconf 86' lang='lat' dir='ltr'><strong>tribum</strong></span> 
     </span>
     <span class='ocr_line' id='line_1_113' title="bbox 2857 5208 4743 5293; baseline 0 -20"><span class='ocrx_word' id='word_1_839' title='bbox 2857 5208 3019 5273; x_wconf 90' lang='lat' dir='ltr'><strong>Iuda</strong></span> <span class='ocrx_word' id='word_1_840' title='bbox 3060 5209 3373 5291; x_wconf 90' lang='lat' dir='ltr'><strong>impetum</strong></span> <span class='ocrx_word' id='word_1_841' title='bbox 3420 5209 3730 5289; x_wconf 89' lang='lat' dir='ltr'><strong>feceruut,</strong></span> <span class='ocrx_word' id='word_1_842' title='bbox 3775 5212 3844 5274; x_wconf 90' lang='lat' dir='ltr'><strong>in</strong></span> <span class='ocrx_word' id='word_1_843' title='bbox 3889 5229 4091 5293; x_wconf 90' lang='lat' dir='ltr'><strong>eaque</strong></span> <span class='ocrx_word' id='word_1_844' title='bbox 4124 5211 4567 5278; x_wconf 85' lang='lat' dir='ltr'><strong>castrametati</strong></span> <span class='ocrx_word' id='word_1_845' title='bbox 4600 5215 4743 5273; x_wconf 78' lang='lat' dir='ltr'><strong>sunt</strong></span> 
     </span>
    </p>
   </div>
  </div>
 </body>
</html>
