5059 6059
281 337 384 404 261

1494 336 1588 400 IN
1635 337 1689 403 I.
1736 335 1914 402 LIB.
1957 336 2354 404 SAMUEL.
2399 336 2602 404 OAP.
2646 336 2905 403 XVIII.

4050 337 4199 404 262

278 528 456 596 natim
521 526 664 590 fieri
728 524 1118 589 mentionem
1184 523 1484 590 audimus
1550 524 1913 602 mulierum,
1986 546 2152 608 quae
2256 522 2365 608 qui
2403 523 2513 589 vix
2551 544 2838 607 unquam
2874 523 3162 608 gladium
3198 531 3584 609 gestaverat,
3631 545 3759 590 uon
3797 524 3994 592 modo
4030 548 4193 594 eum

275 629 558 696 tympana
634 619 698 676 et
771 609 901 674 alia
976 611 1225 676 musica
1302 611 1736 676 instrumenta
1801 611 2153 694 pulsarant,

276 701 506 765 obviam
562 694 747 761 Sauli
809 695 1159 775 venientes,
1232 709 1610 780 partamque
1666 696 1762 761 illi
1821 697 2156 762 victoriam

273 783 673 870 gratulantes.
758 782 848 846 Et
913 795 1248 865 praeterea
1313 795 1444 849 tam
1501 804 1586 848 ex
1647 784 1766 847 hoc
1823 801 2017 864 qnam
2075 804 2156 847 ex

275 872 369 936 illo
416 868 548 933 loco
606 866 684 932 de
742 867 954 932 Maria
998 867 1199 932 Mosis
1240 888 1474 949 sorore,
1533 866 1898 951 colligimus
1940 867 2158 932 Deum

275 977 387 1020 non
428 961 680 1019 tantum
724 974 763 1017 a
809 954 982 1028 viris,
1027 952 1138 1017 sed
1183 954 1381 1017 etiam
1425 974 1463 1017 a
1496 952 1873 1018 mulieribus
1908 951 2160 1018 laudari

274 1041 446 1106 velle:
504 1060 588 1103 ne
641 1038 1092 1103 insolentiores
1145 1038 1266 1103 viri
1313 1038 1619 1103 mulieres
1661 1038 1741 1104 ab
1786 1038 1908 1103 hoc
1950 1037 2161 1123 digni·

272 1128 404 1192 tatis
436 1124 639 1208 gradu
677 1122 998 1200 deiiciant,
1045 1143 1293 1205 nempe,
1335 1144 1558 1189 omnes
1592 1135 1721 1187 tam
1759 1123 1933 1188 viros
1968 1143 2160 1207 quam

270 1210 555 1277 mulieres
619 1209 843 1273 venire
907 1209 975 1272 in
1041 1221 1292 1290 partem
1359 1209 1484 1274 Dei
1535 1208 2029 1274 beneficiorum:
2095 1219 2162 1273 et

270 1318 386 1362 non
428 1296 644 1359 minus
686 1294 808 1376 ipsi
845 1304 1065 1377 gratas
1100 1305 1166 1357 et
1199 1307 1495 1377 acceptas
1528 1314 1668 1359 esse
1704 1315 1744 1359 a
1780 1293 2161 1360 mulieribus

267 1384 497 1448 oblatas
543 1381 898 1464 gratiarum
944 1380 1244 1459 actiones,
1291 1399 1487 1462 qnam
1531 1399 1693 1461 quae
1736 1401 1775 1444 a
1811 1379 1971 1444 viris
2005 1379 2161 1444 offe·

269 1481 502 1532 runtur.
592 1465 840 1530 Idcirco
911 1467 1104 1529 etiam
1170 1465 1429 1529 Psalmo
1491 1464 1610 1529 148
1669 1465 1978 1547 propbeta
2035 1465 2164 1528 sin·

267 1553 435 1637 gulos
469 1551 783 1627 hortatur,
830 1571 1033 1630 senes,
1077 1550 1360 1626 iuvenes,
1407 1549 1723 1626 mulieres,
1762 1551 2045 1633 virgines
2080 1547 2162 1614 ad

267 1638 471 1703 laudes
539 1634 682 1699 Deo
744 1635 936 1700 simul
1001 1634 1339 1713 canendas,
1406 1636 1668 1717 eiusque
1726 1654 1962 1699 nomen
2004 1634 2163 1699 cele·

268 1722 590 1788 brandum.
675 1720 824 1785 Non
871 1720 1100 1785 debere
1142 1721 1163 1783 i
1212 1721 1342 1784 itur
1385 1721 1588 1785 arceri
1633 1740 1861 1785 sexum
1906 1720 2087 1784 illum
2124 1739 2166 1783 a

265 1808 624 1872 divinarum
689 1804 954 1870 laudum
1015 1740 1485 1887 praedicatione
1539 1827 1621 1870 ex
1680 1805 1821 1869 istis
1881 1816 2162 1886 apparet,

265 1893 437 1958 modo
478 1891 570 1957 sit
610 1911 959 1957 consensus
1004 1890 1292 1956 omnium
1330 1899 1619 1955 aetatum
1654 1900 1721 1955 et
1754 1911 2045 1968 sexuum,
2089 1901 2165 1955 ut

264 1999 438 2044 senes
481 1996 630 2042 cum
677 1977 1035 2052 iuvenibus,
1081 1976 1207 2038 viri
1250 1996 1396 2040 cum
1442 1974 1817 2041 mulieribus
1860 1987 1926 2040 et
1961 1976 2160 2059 virgi-

265 2064 446 2128 nibus
502 2083 634 2127 uno
672 2082 895 2126 omnes
933 2081 1044 2125 ore
1087 2059 1301 2125 Deum
1347 2060 1612 2126 laudent
1654 2073 1722 2125 et
1765 2061 2161 2143 praedicent:

261 2163 321 2213 et
373 2168 485 2230 pro
532 2146 745 2212 stultis
788 2158 853 2211 et
895 2144 1159 2211 ludicris
1204 2147 1472 2224 naeniis,
1532 2146 1613 2211 ad
1657 2166 1815 2229 quas
1859 2145 2163 2212 iuvenilis

264 2247 434 2298 aetas
492 2234 900 2315 potissimum
957 2231 1250 2313 impellit,
1315 2232 1537 2297 laetari
1593 2232 1661 2296 in
1710 2230 1989 2296 Domino
2031 2229 2160 2296 dis-

262 2329 419 2396 cant,
466 2329 531 2381 et
573 2337 766 2382 omne
797 2337 990 2382 suum
1024 2316 1310 2381 studium
1347 2318 1414 2381 in
1455 2317 1715 2382 nomine
1751 2317 1956 2400 ipsius
1991 2336 2165 2401 mag-

263 2402 622 2470 nifaciendo
664 2401 1010 2467 collocent:
1070 2401 1398 2485 solamque
1451 2402 1572 2467 Dei
1634 2401 1908 2485 gloriam
1965 2423 2164 2485 quae-

260 2499 422 2567 rant,
478 2500 546 2553 et
595 2509 712 2571 pro
769 2488 1018 2553 viribus
1061 2499 1498 2569 promoveant.
1586 2485 1933 2553 Caeterum
1975 2497 2165 2569 prout

260 2574 593 2639 hominum
650 2574 909 2656 ingenia
951 2581 1106 2638 sunt
1148 2573 1317 2637 levia
1358 2584 1427 2636 et
1470 2594 1652 2648 vana,
1713 2573 1824 2637 vix
1871 2574 2006 2637 fieri
2051 2594 2163 2657 po-

262 2671 382 2724 test
439 2671 513 2724 ut
571 2659 832 2724 divinae
890 2658 1110 2723 laudes
1154 2657 1309 2724 adeo
1354 2678 1552 2738 purae
1594 2661 1726 2723 sint
1769 2670 1834 2722 et
1877 2660 2166 2723 sincerae

259 2747 410 2828 quin
471 2745 692 2827 aliqua
748 2744 887 2809 laus
929 2742 1293 2807 hominibus
1337 2742 1659 2807 tribuatur
1701 2744 1770 2806 in
1813 2743 1893 2806 iis
1936 2748 2165 2809 earmi-

259 2832 441 2896 nibus
520 2831 757 2913 quibus
835 2829 1005 2893 faeta
1062 2830 1344 2910 ipsorum
1403 2829 1665 2912 egregia
1720 2827 2164 2895 decantantur.

258 2915 476 2999 Neque
527 2935 681 2979 vero
727 2936 892 2998 nego
929 2915 1067 2978 fieri
1105 2934 1288 2996 posse
1325 2914 1710 2977 mentionem
1747 2912 2166 2978 honorificam

258 3023 494 3076 eorum,
555 3020 831 3083 quorum
892 3019 1086 3082 opera
1145 3000 1321 3064 Deus
1368 3020 1522 3064 usus
1566 2998 1721 3063 erit:
1774 2998 1886 3064 sed
1933 3000 2168 3063 vitium

257 3086 681 3170 reprehendo,
737 3084 904 3168 quod
965 3086 1096 3149 illis
1140 3105 1301 3166 quae
1347 3085 1481 3148 Deo
1523 3082 1842 3149 debentur
1886 3084 2166 3163 ascribit,

260 3184 639 3255 tantumque
711 3169 791 3235 de
854 3169 982 3234 Dei
1056 3168 1261 3254 gloria
1328 3168 1629 3234 detrahit.
1731 3168 2165 3250 Quamobrem

258 3256 464 3322 danda
510 3255 698 3320 nobis
742 3276 937 3336 opera
982 3268 1097 3336 est,
1143 3263 1215 3319 ut
1258 3275 1458 3336 quum
1500 3253 1625 3319 Dei
1663 3254 1881 3320 laudes
1917 3255 2166 3337 praedi-

255 3363 494 3419 camus,
565 3353 632 3405 et
699 3340 1034 3405 hominum
1104 3342 1492 3404 mentionem
1551 3339 1831 3423 aliquam
1878 3341 2165 3420 facimus,

256 3449 335 3490 ne
378 3430 471 3492 sic
516 3448 627 3492 eos
670 3426 1044 3502 evehamus,
1092 3437 1167 3490 ut
1209 3424 1288 3490 de
1326 3424 1455 3490 Dei
1499 3424 1703 3508 gloria
1748 3439 2002 3490 tantum
2046 3429 2169 3490 mi-

255 3534 538 3577 nuamus
600 3524 915 3595 quantum
961 3510 1086 3575 illis
1131 3511 1508 3575 tribuimus:
1570 3509 1681 3574 sed
1729 3509 1872 3575 Deo
1916 3532 2169 3594 semper

257 3598 546 3662 debitum
585 3597 895 3662 honorem
932 3596 1296 3672 reddamus,
1335 3606 1398 3658 et
1422 3595 1751 3660 hominum
1777 3598 2166 3661 mentionem

253 3684 456 3749 obiter
495 3695 563 3748 et
610 3683 815 3748 veluti
858 3702 972 3763 per
1014 3695 1429 3745 transennam
1474 3681 1801 3744 faciamus.

419 3770 632 3834 Porro
698 3767 1003 3849 quiddam
1067 3767 1329 3830 humani
1405 3786 1631 3847 passae
1698 3766 1818 3830 hoc
1877 3768 2012 3831 loco
2072 3768 2169 3832 vi-

255 3854 492 3919 dentur
577 3853 896 3927 mulieres,
978 3873 1140 3935 quae
1218 3852 1542 3915 dicebant:
1628 3850 1941 3915 Percussit
2013 3849 2173 3916 Saul

251 3939 435 4018 mille,
477 3945 536 4004 et
578 3939 800 4005 David
841 3938 1039 4001 decem
1079 3936 1298 4000 millia.
1387 3935 1556 3999 Nam
1592 3937 1682 4000 ita
1718 3937 2171 4017 praedicantur

259 4026 597 4107 utriusque
655 4024 954 4104 virtutes,
1009 4032 1075 4086 et
1132 4023 1312 4104 quasi
1372 4022 1650 4102 insignia
1704 4027 1771 4085 et
1826 4032 2169 4086 stemmata

256 4111 549 4193 ipsorum
607 4109 968 4191 eriguntur.
1057 4106 1440 4187 Quanquam
1502 4105 1656 4172 haec
1716 4108 1908 4171 verba
1961 4105 2168 4188 dupli-

253 4198 414 4261 citer
503 4206 939 4277 exponuntur.
1026 4193 1196 4256 Nam
1274 4192 1382 4255 alii
1461 4192 1836 4255 existimant
1907 4190 2170 4259 Saulem

253 4281 474 4346 hostes
515 4280 914 4363 profligasse,
961 4279 1140 4360 quasi
1177 4277 1352 4340 mille
1388 4276 1678 4341 homines
1715 4276 2170 4343 interfecisset:

253 4378 364 4430 aut
424 4369 568 4448 ipse
619 4385 766 4430 cum
825 4364 961 4428 suis
1017 4361 1329 4426 militibus
1401 4363 1578 4426 mille
1650 4361 1940 4427 homines
2004 4364 2169 4427 ceei-

253 4453 473 4527 disset,
547 4448 762 4513 David
809 4460 1026 4513 autem
1070 4449 1244 4513 solus
1289 4447 1506 4513 decem
1551 4448 1724 4511 mille
1769 4448 2166 4515 trucidasset.

253 4535 514 4602 Sensus
594 4547 810 4600 autem
890 4533 1403 4616 simplicissimus
1468 4532 1629 4596 mihi
1694 4533 1952 4597 videtur
2016 4535 2168 4598 iste:

254 4621 526 4688 Saulem
589 4620 895 4685 nimirum
956 4619 1351 4684 interfecisse
1407 4639 1524 4684 sua
1567 4618 1784 4692 millia,
1851 4617 2169 4684 Davidem

256 4730 406 4773 vero
474 4728 602 4772 sua
665 4705 886 4771 decem
946 4705 1180 4769 millia:
1247 4703 1358 4768 sed
1417 4703 1572 4768 haee
1629 4725 1759 4769 non
1806 4716 1964 4768 sunt
2006 4707 2169 4770 tanti

256 4794 573 4858 momenti
617 4802 691 4855 ut
735 4793 804 4854 in
849 4789 980 4856 illis
1023 4792 1107 4855 sit
1150 4789 1620 4854 immorandum
1668 4789 1927 4866 diutius,
1981 4811 2168 4873 prae·

253 4881 481 4943 sertim
546 4879 759 4959 itaque
818 4876 1255 4958 expendamus
1310 4875 1580 4939 istarum
1627 4875 1969 4938 mulierum
2014 4897 2165 4941 can·

257 4964 485 5038 tiones,
534 4963 770 5046 quibus
808 4961 1082 5026 Davidis
1103 4960 1325 5025 laudes
1348 4961 1625 5024 maxime
1647 4959 2166 5027 decantabantur.

254 5049 457 5133 Atqui
522 5047 740 5112 David
798 5058 993 5112 antea
1049 5046 1197 5111 vilis
1253 5057 1319 5110 et
1374 5045 1657 5111 abiectus
1698 5045 1894 5127 opilio
1937 5047 2168 5130 fuerat,

251 5155 458 5217 quare
519 5134 672 5198 illae
736 5153 900 5218 quae
943 5133 1064 5215 ipsi
1110 5131 1556 5197 tribuebantur
1599 5131 1820 5195 laudes
1863 5152 2003 5196 esse
2047 5133 2168 5198 im·

255 5240 526 5287 mensae
582 5218 989 5286 videbantur.
1077 5216 1167 5281 Et
1208 5217 1350 5299 quis
1392 5217 1559 5281 ferat
1601 5229 1894 5301 tyronem
1939 5216 2168 5298 adhuc,

2258 630 2410 693 rege
2468 611 2848 692 comparari,
2904 608 3020 675 sed
3062 610 3271 676 eidem
3314 609 3672 694 praeferri?
3744 618 3816 676 ut
3875 611 4026 696 regi
4073 634 4192 679 sua

2260 694 2480 774 millia,
2556 694 2799 760 Davidi
2877 716 3027 761 vero
3102 717 3221 761 sua
3284 695 3505 763 decem
3570 694 3779 761 millia
3843 697 4191 764 tribuant?

2262 780 2524 846 Novum
2587 791 2654 845 et
2715 779 3004 847 insolens
3067 781 3242 847 istud
3306 791 3464 860 erat,
3534 792 3606 846 ut
3673 803 3804 845 non
3850 784 4194 849 immerito

2262 863 2424 930 Saul
2494 863 2876 950 indignatus
2933 865 3138 931 videri
3193 869 3409 951 possit.
3494 866 3696 950 Atqui
3754 865 3938 934 nullo
4005 871 4198 935 modo

2262 950 2671 1017 excusandus
2727 958 2826 1017 est
2884 951 3077 1017 Saul:
3144 955 3267 1019 etsi
3320 954 3495 1018 enim
3553 963 3786 1018 natura
3829 953 3898 1017 in
3957 955 4197 1021 animis

2263 1036 2602 1101 hominum
2674 1036 3025 1103 vehemens
3098 1037 3208 1103 illa
3265 1038 3482 1121 passio
3537 1036 3756 1104 locum
3815 1041 4195 1126 occupavit,

2263 1142 2446 1188 saera
2509 1131 2729 1188 tamen
2794 1123 3114 1204 scriptura
3175 1124 3480 1201 malitiae,
3561 1123 4065 1204 ingratitudinis
4130 1136 4197 1190 et

2262 1207 2706 1272 contumaciae
2758 1228 2941 1272 reum
2999 1206 3263 1273 Saulem
3309 1209 3493 1273 facit:
3549 1218 3615 1273 et
3654 1207 3971 1290 deinceps
4014 1208 4195 1275 vide-

2267 1292 2478 1357 bimus
2520 1312 2850 1375 quousque
2892 1291 3109 1358 odium
3152 1291 3318 1358 illud
3360 1292 3576 1376 ipsum
3620 1293 3969 1375 impulerit
4009 1315 4195 1379 prae-

2263 1377 2650 1460 cipitemque
2694 1376 2961 1443 dederit.
3049 1379 3237 1445 Licet
3276 1379 3480 1462 igitur
3514 1399 3755 1444 novum
3791 1390 3855 1443 et
3889 1380 4197 1447 insolens

2265 1474 2408 1526 erat
2469 1461 2789 1527 Davidem
2850 1463 3182 1546 privatum
3225 1463 3554 1529 hominem
3597 1463 3744 1530 vilis
3787 1472 3855 1530 et
3900 1464 4199 1531 abiectae

2265 1545 2654 1612 conditionis
2706 1548 2844 1632 regi
2908 1549 3235 1632 praeferri,
3306 1547 3569 1615 Saulem
3625 1560 3848 1613 tamen
3890 1551 4198 1632 oportuit

2266 1632 2373 1700 hic
2429 1653 2570 1697 sese
2626 1634 2957 1699 continere
3016 1647 3081 1698 et
3137 1653 3352 1699 coram
3413 1635 3552 1699 Deo
3597 1633 3886 1712 deiicere,
3956 1656 4194 1718 agnos-

2264 1727 2512 1784 centem
2558 1738 2629 1783 se
2671 1739 2883 1801 neque
2916 1739 3121 1801 posse,
3166 1740 3374 1803 neque
3408 1717 3641 1784 debere
3674 1718 3817 1785 Deo
3856 1721 4192 1800 resistere,

2265 1804 2447 1869 cuius
2504 1803 2583 1868 ad
2643 1805 2853 1886 ipsum
2899 1803 3201 1870 mandata
3243 1804 3510 1870 Samuel
3554 1802 3634 1869 de
3678 1804 4034 1870 reiectione
4081 1805 4192 1872 de·

2265 1889 2521 1953 tulerat.
2630 1889 2845 1954 Reum
2950 1901 3017 1953 et
3087 1893 3455 1956 convictum
3532 1888 3803 1954 alicuius
3882 1891 4194 1957 facinoris

2264 1985 2517 2056 oportet
2580 1994 2797 2040 coram
2862 1995 2976 2039 suo
3038 1974 3265 2052 iudice,
3331 1976 3439 2058 qui
3507 1975 3735 2039 mortis
3790 1975 4196 2042 sententiam

2267 2058 2438 2134 tulit,
2520 2057 2728 2137 deiici,
2808 2058 3035 2126 iudicis
3099 2061 3515 2125 autoritatem
3579 2071 4041 2142 agnoscentem
4109 2061 4195 2128 ad

2265 2144 2655 2209 sententiam
2709 2143 3019 2211 adversus
3072 2145 3290 2228 ipsum
3349 2144 3699 2210 ferendam.
3791 2145 3971 2210 Deus
4032 2167 4192 2213 vero

2264 2229 2394 2293 iam
2447 2250 2563 2310 per
2621 2228 2992 2296 Samuelem
3064 2230 3392 2298 decretum
3465 2228 3544 2296 de
3589 2231 3790 2313 ipsius
3834 2232 4191 2298 reiectione

2267 2314 2761 2396 pronunciaret:
2816 2329 2881 2379 et
2939 2329 3089 2381 sunt
3149 2317 3273 2381 Dei
3329 2315 3599 2382 consilia
3638 2325 3705 2380 et
3746 2314 3990 2381 iudicia
4032 2319 4195 2383 irre-

2268 2399 2559 2466 vocabila
2616 2420 2780 2482 quae
2833 2399 3141 2467 adversus
3198 2423 3301 2466 res
3357 2413 3606 2467 creatas
3649 2400 3958 2476 decernit,
4017 2403 4194 2485 quod

2270 2506 2567 2549 summus
2622 2484 2816 2550 iudex
2861 2487 2945 2551 sit
2990 2495 3058 2549 et
3098 2488 3506 2553 iustissimus.
3594 2484 3771 2568 Quid
3806 2507 3963 2571 ergo
4003 2486 4194 2554 Sauli

2268 2581 2605 2652 supererat
2654 2571 2776 2634 nisi
2823 2581 2897 2635 ut
2939 2592 3078 2636 sese
3120 2593 3335 2637 coram
3379 2570 3603 2636 divina
3644 2572 3984 2637 maiestate
4031 2573 4195 2638 deii·

2268 2665 2460 2731 ceret,
2523 2676 2794 2739 eamque
2836 2656 3109 2739 supplex
3153 2656 3490 2722 adoraret?
3551 2666 3617 2723 et
3659 2656 4196 2741 quandoquidem

2270 2749 2464 2806 antea
2524 2742 2989 2807 contumaciter
3045 2762 3185 2808 sese
3245 2742 3554 2808 adversus
3612 2743 3831 2807 Deum
3877 2755 4195 2825 gesserat,

2272 2845 2546 2907 poenam
2603 2827 2798 2892 etiam
2857 2848 2896 2892 a
2952 2826 3094 2893 Deo
3151 2825 3475 2892 decretam
3518 2826 3854 2892 humiliter
3895 2828 4194 2893 subiret?

2275 2911 2522 2975 Verum
2589 2911 2699 2977 ille
2761 2912 2922 2977 nihil
2989 2913 3205 2978 minus
3271 2934 3466 2996 quam
3520 2913 3693 2977 istud
3750 2913 3924 2990 facit,
3990 2933 4198 2995 quare

2270 2996 2728 3063 inexcusabilis
2813 3007 2914 3064 est
2972 2998 3174 3080 ipsius
3239 2997 3502 3064 rebellio
3568 2997 3881 3063 adversus
3947 2996 4196 3075 Deum,

2272 3093 2335 3145 et
2430 3082 2500 3146 in
2601 3080 2920 3148 Davidem
2995 3081 3413 3167 ingratitudo.
3512 3082 3681 3147 Nam
3760 3084 3884 3146 etsi
3968 3083 4197 3149 David

2271 3165 2555 3233 abiectae
2598 3167 2983 3234 conditionis
3026 3179 3183 3248 erat,
3230 3190 3445 3233 nonne
3489 3177 3705 3232 tamen
3749 3167 3890 3249 ipse
3928 3166 4089 3234 Saul
4132 3179 4199 3233 et

2273 3252 2618 3318 universus
2660 3274 2808 3319 eum
2852 3254 2961 3318 illo
3004 3255 3280 3338 populus
3325 3253 3611 3319 devincti
3654 3253 4046 3318 tenebantur
4094 3253 4193 3318 illi

2271 3357 2459 3419 quem
2503 3337 2687 3403 Deus
2730 3339 2885 3420 ipsis
2929 3338 3263 3405 servandis
3305 3337 3635 3423 elegerat?
3688 3337 3868 3404 Sane
3913 3340 4190 3405 victoria

2270 3422 2396 3488 Dei
2440 3423 2638 3488 solius
2683 3423 3037 3489 debebatur
3069 3424 3394 3509 gratuitae
3427 3423 3832 3489 liberalitati:
3876 3423 3992 3490 sed
4029 3445 4186 3489 eum

2272 3510 2454 3573 cuius
2511 3509 2719 3573 utitur
2772 3530 2968 3592 opera
3024 3521 3090 3576 et
3133 3509 3495 3574 ministerio
3540 3529 3668 3573 non
3714 3508 3857 3574 vult
3900 3510 4083 3575 reiici
4131 3523 4199 3575 et

2271 3594 2614 3669 contemni,
2692 3615 2807 3659 seu
2886 3594 3032 3659 odio
3100 3594 3344 3660 haberi.
3430 3593 3652 3674 Quare
3714 3593 4030 3660 videntur
4099 3595 4198 3660 illi

2272 3679 2536 3743 fanatici
2593 3679 2889 3745 homines
2945 3681 3224 3745 maxime
3279 3677 3609 3761 culpandi,
3663 3679 3772 3761 qui
3829 3700 3900 3745 se
3949 3679 4198 3761 pudore

2272 3763 2550 3848 quodam
2596 3762 2764 3846 apud
2811 3765 3105 3830 homines
3150 3766 3415 3830 retineri
3461 3763 3793 3842 simulant,
3841 3775 3916 3829 ut
3953 3767 4008 3830 si
4045 3767 4196 3849 quis

2274 3870 2387 3932 pro
2430 3861 2690 3931 accepto
2733 3849 3042 3915 beneficio
3084 3851 3330 3935 gratias
3373 3858 3541 3934 agat,
3599 3849 3679 3913 ad
3727 3851 4194 3933 perfectionem

2273 3932 2629 4015 angelicam
2666 3934 3141 4014 ostentandam,
3184 3935 3533 4018 excipiant,
3579 3955 3648 4000 se
3686 3934 3864 3999 nullo
3899 3957 4192 4019 unquam

2273 4018 2580 4084 beneficio
2616 4020 2856 4086 iuvisse
2890 4041 3042 4085 eum
3078 4021 3188 4103 qui
3226 4020 3469 4104 gratias
3506 4030 3677 4102 agat,
3715 4019 3933 4085 Deum
3974 4022 4195 4086 omnia

2271 4106 2480 4171 solum
2525 4105 2845 4170 effecisse:
2910 4113 2978 4170 et
3018 4113 3237 4171 tamen
3282 4126 3461 4170 mera
3506 4106 3833 4189 hypocrisi
3880 4106 4192 4183 laborent,

2273 4190 2542 4274 gloriam
2622 4189 2794 4272 apud
2858 4189 3154 4256 homines
3219 4189 3500 4255 maxime
3569 4202 3901 4256 venantes.
4013 4189 4190 4257 Sane

2273 4298 2310 4339 a
2359 4274 2747 4339 noscendum
2792 4298 2832 4340 a
2873 4275 3017 4341 Deo
3059 4296 3319 4341 manare
3360 4277 3597 4351 omnia,
3656 4287 3720 4340 et
3764 4297 3881 4341 nos
3922 4275 4190 4342 inutiles

2272 4298 2356 4426 a}
2399 4359 2603 4425 ullum
2648 4361 2882 4427 bonum
2926 4382 3104 4443 opus,
3149 4362 3275 4426 nisi
3317 4361 3593 4443 ipsemet
3635 4360 3716 4425 ad
3752 4359 3913 4425 illud
3949 4361 4189 4425 excitet

2271 4456 2338 4511 et
2388 4445 2705 4528 impellat:
2772 4448 3187 4528 quamobrem
3244 4446 3426 4512 Deus
3482 4467 3735 4529 semper
3777 4466 3817 4510 a
3860 4446 4043 4511 nobis
4087 4457 4188 4512 est

2270 4529 2683 4609 invocandus,
2736 4541 2804 4595 et
2845 4530 3053 4596 eidem
3099 4532 3388 4616 agendae
3430 4533 3706 4615 gratiae:
3763 4528 3877 4596 sed
3920 4532 4183 4596 interim

2270 4639 2397 4682 non
2444 4616 2787 4681 reiicienda
2821 4617 3247 4700 instrumenta
3282 4617 3516 4700 quibus
3550 4617 3630 4680 ad
3668 4630 3965 4680 nostrum
4004 4636 4183 4682 eom·

2271 4701 2531 4766 modum
2589 4716 2652 4765 et
2711 4701 3059 4767 utilitatem
3113 4704 3338 4768 utitur.
3427 4700 3867 4781 Quamobrem
3914 4699 4181 4768 Saulem

2269 4788 2606 4869 oportebat
2640 4808 3002 4870 agnoscere,
3048 4799 3363 4870 quantum
3402 4786 3658 4859 Davidi.
3703 4809 3821 4851 suo
3856 4801 3918 4851 et
3956 4787 4180 4871 populi

2270 4874 2551 4953 nomine,
2614 4870 2890 4938 deberet.
2976 4873 3144 4937 Nam
3212 4871 3398 4951 unde,
3475 4891 3730 4953 quaeso,
3811 4873 3988 4937 salus
4053 4873 4180 4956 ipsi

2270 4958 2514 5041 totique
2596 4958 2831 5041 populo
2908 4958 3235 5023 emanavit
3310 4956 3434 5021 nisi
3485 4978 3523 5021 a
3577 4956 3703 5021 Dei
3762 4960 3989 5040 gratia,
4066 4960 4176 5042 qui

2270 5053 2525 5128 praeter
2619 5044 2910 5107 omnium
3006 5064 3184 5125 spem
3271 5053 3336 5106 et
3421 5043 3971 5125 exspectationem
4036 5065 4178 5110 sese

2271 5129 2443 5194 ultro
2487 5130 2643 5211 ipsis
2685 5129 2933 5207 obtulit,
2992 5138 3057 5192 et
3099 5127 3508 5193 admirandas
3566 5148 3718 5192 suas
3774 5128 4049 5196 virtutes
4102 5130 4173 5194 in

2271 5213 2546 5281 Davidis
2600 5235 2876 5298 persona
2932 5213 3143 5281 faeere
3183 5214 3562 5296 conspicuas
3606 5211 3854 5279 voluit?
3911 5213 4178 5297 Quanta

3672 5314 3773 5369 17*

4316 4313 4349 4338 d
