5059 6059
856 298 982 367 691

861 486 1205 569 Quaenam
1266 490 1473 564 enim,
1533 486 1828 565 obsecre,
1896 500 2122 554 nostra
2180 491 2536 558 consolatio
2595 500 2696 558 est
2751 502 2817 558 et
2922 492 3187 559 duxerit
3230 506 3484 577 oportet
3524 497 3726 579 sequi,
3782 518 3998 580 neque
4041 518 4328 581 unquam
4381 509 4721 582 procrastinare

865 572 1363 656 tranquillitas?
1411 595 1630 638 nonne
1670 590 1747 637 ut
1781 595 2120 657 speremus
2155 577 2226 643 in
2269 577 2412 661 ipso
2440 589 2510 643 et
2552 579 2632 644 ab
2678 578 2817 644 eius

857 660 1269 745 providentia
1312 659 1745 743 pendeamus,
1819 660 2241 746 eiusdemque
2314 664 2638 731 voluntati
2697 684 2818 732 nos

860 744 1033 810 ultro
1075 745 1543 812 subiiciamus?
1590 745 1725 811 Sed
1764 747 2029 829 quinam
2075 749 2250 815 istud
2290 751 2420 830 fiet,
2463 751 2517 816 si
2558 751 2816 818 nullum

857 834 1005 900 eius
1069 846 1332 918 gustum
1395 833 1797 899 habeamus?
1887 833 2043 899 Ideo
2109 835 2282 917 dico,
2338 857 2456 902 nos
2516 850 2815 920 oportere

857 920 1033 986 hanc
1059 920 1420 985 doctrinam
1458 931 1767 1002 tanquam
1802 919 2183 986 thesaurum
2214 924 2279 986 in
2310 924 2544 987 animis
2569 925 2813 990 nostris

859 1007 1249 1084 recondere,
1316 1018 1389 1070 ιιι
1432 1027 1635 1087 quum
1676 1006 1858 1070 Dens
1904 1007 2103 1075 variis
2149 1008 2407 1074 casibus
2451 1030 2570 1075 nos
2629 1031 2813 1075 exer·

856 1093 1066 1158 cuerit
1124 1091 1205 1157 ad
1266 1092 1469 1175 ipsius
1517 1086 2020 1163 misericordiam
2069 1102 2138 1158 et
2181 1093 2537 1160 bonitatem
2592 1096 2809 1161 subito

851 1179 1325 1262 confugiamus,
1370 1189 1440 1243 et
1473 1198 1660 1259 opem
1699 1178 1903 1261 ipsius
1944 1180 2266 1260 patienter
2310 1180 2808 1263 praestolemur.

859 1264 1083 1346 Quum
1129 1266 1339 1348 igitur
1397 1262 1591 1329 hodie
1646 1280 1830 1328 suam
1877 1264 2188 1331 afflictam
2241 1267 2579 1332 ecclesiam
2625 1267 2810 1334 Deus

860 1361 955 1416 tot
1002 1353 1337 1432 tantisque
1380 1349 1865 1414 calamitatibus
1909 1364 2185 1428 exercet,
2230 1374 2579 1436 rerumque
2624 1366 2807 1419 tanta

853 1436 1260 1521 perturbatio
1300 1447 1590 1519 apparet,
1638 1435 1788 1517 quid
1822 1435 2000 1501 aliud
2049 1446 2151 1504 est
2192 1460 2386 1522 quam
2425 1440 2593 1521 quod
2620 1438 2808 1505 Deus

852 1521 1063 1587 veluti
1145 1523 1402 1604 magnis
1487 1520 1839 1586 calcarium
1907 1524 2188 1590 stimulis
2267 1524 2439 1590 latus
2508 1537 2804 1591 nostrum

854 1608 1055 1686 fodit,
1124 1618 1193 1672 ut
1239 1606 1317 1672 ad
1358 1608 1570 1690 ipsum
1634 1605 1970 1673 ardentius
2013 1630 2468 1694 assurgamus,
2537 1621 2602 1675 et
2661 1633 2805 1692 pre·

854 1715 1081 1760 cemur
1138 1704 1215 1758 ut
1273 1693 1509 1775 spiritu
1570 1693 1955 1775 prudentiae
2024 1717 2143 1760 nos
2189 1707 2409 1780 regat,
2468 1706 2536 1761 et
2577 1695 2803 1762 eodem

850 1781 1087 1861 spiritu
1134 1778 1407 1855 muniat,
1455 1798 1566 1843 eos
1610 1782 1997 1863 praesertim
2041 1782 2155 1864 qui
2198 1782 2393 1846 bodie
2439 1803 2558 1864 pro
2603 1803 2803 1848 evan-

845 1864 1003 1948 gelii
1050 1864 1516 1947 propagatione
1554 1876 1872 1948 pugnant,
1917 1877 1992 1931 ut
2034 1868 2475 1951 improborum
2507 1870 2801 1933 omnium

846 1951 1151 2027 consilia,
1199 1948 1435 2033 quibus
1479 1951 1619 2016 eius
1671 1951 2008 2017 ecclesiam
2070 1955 2417 2037 profligare
2461 1964 2801 2032 conantur,

847 2036 1108 2120 frangat
1151 2047 1216 2101 et
1261 2056 1388 2100 non
1438 2045 1696 2103 tantum
1740 2039 2034 2104 omnium
2079 2050 2365 2123 exponat
2410 2039 2690 2104 ludibrio
2735 2048 2804 2105 et

850 2122 1336 2204 abominationi,
1372 2121 1484 2186 sed
1522 2125 1716 2188 etiam
1756 2125 2118 2190 mercedem
2158 2147 2352 2208 quam
2390 2126 2609 2190 meriti
2645 2137 2803 2192 sunt

850 2209 1193 2293 accipiant.
1281 2206 1512 2290 Neque
1558 2230 1716 2274 vero
1764 2211 2071 2293 petimus,
2117 2222 2191 2277 nt
2238 2213 2419 2277 Deus
2464 2211 2644 2277 laxet
2687 2212 2802 2276 ba-

854 2297 1054 2360 benas
1098 2293 1356 2359 miseris
1402 2297 1643 2359 nostris
1688 2296 2021 2378 fratribus,
2066 2310 2143 2361 ut
2188 2299 2600 2381 impatientia
2643 2300 2801 2364 victi

851 2379 1217 2446 vindictam
1265 2380 1469 2444 animi
1526 2381 1808 2462 quadam
1853 2382 2241 2460 acerbitate,
2296 2394 2370 2448 ut
2413 2384 2801 2468 plerumque

848 2465 1060 2532 solent
1118 2465 1445 2543 homines,
1506 2465 1586 2529 de
1633 2466 1927 2532 hostibus
1969 2477 2321 2553 quaerant3
2380 2470 2492 2535 sed
2539 2491 2617 2535 ea
2658 2492 2799 2536 mo-

851 2551 1058 2616 destia
1114 2560 1590 2634 persequantur
1632 2553 1941 2633 iniurias,
2001 2567 2073 2619 ut
2116 2555 2244 2621 Dei
2298 2556 2597 2621 timorem
2643 2578 2801 2641 prae

847 2636 1054 2702 oculis
1082 2656 1342 2718 semper
1376 2637 1677 2714 habeant,
1708 2650 1774 2703 et
1798 2660 1928 2705 non
1955 2641 2292 2723 permittat
2314 2641 2489 2725 ipsos
2510 2644 2802 2727 segniter

849 2727 977 2791 Dei
1003 2725 1337 2808 negotium
1370 2743 1586 2807 agere,
1615 2723 1727 2789 sed
1763 2746 1912 2791 cum
1940 2726 2145 2791 animi
2174 2726 2405 2793 ardore
2434 2729 2799 2794 aedificium

846 2811 1121 2878 Domini
1182 2810 1285 2875 vel
1346 2809 1574 2874 invitis
1632 2811 1948 2893 improbis
2014 2822 2473 2896 promoveant,
2534 2827 2601 2879 et
2650 2837 2803 2899 qua-

847 2919 1102 2980 cunque
1127 2895 1312 2960 Deus
1358 2895 1692 2963 vocaverit
1735 2909 2111 2979 sequantur.
2158 2897 2309 2980 Quo
2334 2900 2541 2983 igitur
2582 2901 2802 2966 studio

848 2983 1092 3068 singuli
1154 2982 1464 3047 debemus
1523 3003 1641 3064 pro
1697 2982 1778 3048 iis
1823 2984 2040 3048 Deum
2100 2986 2380 3068 precari,
2437 2987 2549 3069 qui
2608 2986 2802 3053 hodie

849 3080 988 3137 tam
1032 3071 1241 3135 iustae
1283 3087 1521 3134 causae
1567 3067 2027 3145 defensionem,
2074 3071 2361 3135 nominis
2401 3084 2560 3154 puta
2595 3071 2800 3138 divini

848 3168 917 3223 et
944 3154 1234 3221 eiusdem
1263 3152 1512 3237 gloriae
1543 3155 2014 3237 susceperunt?
2066 3156 2298 3239 Neque
2326 3159 2499 3222 enim
2532 3157 2802 3224 dubium

851 3253 954 3310 est
996 3244 1151 3325 quin
1200 3263 1239 3305 a
1283 3237 1428 3303 Deo
1474 3261 1696 3322 preces
1741 3253 2006 3307 nostrae
2050 3241 2508 3309 exaudiantur.

1022 3327 1349 3410 Sequitur
1393 3324 1698 3410 deinceps
1746 3325 2072 3393 Davidem
2119 3350 2267 3395 cum
2309 3330 2638 3396 sexcentis
2674 3330 2804 3396 illie

853 3435 1017 3498 quos
1074 3433 1294 3479 secum
1353 3409 1634 3476 habebat
1685 3412 2004 3481 militibus
2064 3435 2481 3497 progressum
2544 3438 2684 3482 esse
2720 3416 2803 3482 ad

854 3501 1077 3568 hostes
1120 3496 1626 3583 persequendos.
1675 3497 1807 3563 Hic
1851 3520 2009 3565 vero
2054 3502 2122 3564 in
2169 3499 2401 3584 primis
2445 3501 2802 3568 observan-

855 3586 1012 3651 dum
1088 3583 1477 3650 miraculum
1558 3584 1629 3649 in
1711 3584 2082 3650 animorum
2150 3587 2366 3651 subita
2438 3588 2803 3655 mutatione

859 3671 1153 3739 virorum
1198 3672 1472 3735 istorum
1519 3670 1630 3751 qui
1679 3668 1873 3752 paulo
1932 3683 2085 3736 ante
2134 3672 2456 3739 Davidem
2519 3673 2802 3739 insecta-

852 3760 1133 3841 bantur,
1199 3765 1265 3821 et
1331 3754 1412 3819 de
1455 3775 1530 3821 eo
1588 3757 2038 3822 interficiendo
2102 3759 2480 3842 cogitabant
2537 3772 2802 3842 propter

865 3844 1142 3910 amissas
1191 3861 1447 3919 uxores,
1514 3842 1681 3906 filios
1726 3856 1790 3905 et
1835 3841 2002 3909 filias
2049 3854 2381 3926 totamque
2439 3844 2601 3910 adeo
2645 3868 2798 3930 sup·

857 3928 1269 4013 pellectilem.
1356 3925 1497 3991 Iam
1544 3949 1700 3995 vero
1740 3927 2066 3994 Davidem
2114 3929 2365 4013 placide
2411 3946 2794 4013 sequuntur,

853 4026 922 4080 et
964 4012 1295 4080 mandatis
1348 4011 1555 4094 ipsius
1611 4013 2094 4097 obtemperant,
2153 4016 2264 4099 qui
2324 4015 2404 4080 de
2446 4017 2797 4099 lapidando

852 4103 997 4186 ipso
1044 4098 1240 4184 paulo
1286 4109 1437 4162 ante
1483 4099 1870 4181 cogitabant.
1915 4101 2110 4167 Unde
2133 4124 2287 4167 vero
2334 4124 2578 4184 quaeso
2615 4113 2800 4169 tanta

854 4197 1120 4269 tamque
1179 4184 1528 4268 repentina
1578 4184 1896 4249 mutatio?
1976 4189 2231 4270 Nempe
2276 4209 2317 4253 a
2359 4187 2503 4253 Deo
2549 4188 2799 4254 Davidi

855 4275 1139 4349 favente,
1200 4271 1313 4354 qui
1360 4280 1694 4334 momento
1740 4270 2153 4339 acerbitatem
2200 4272 2384 4338 illam
2428 4276 2796 4339 animorum

852 4359 1151 4442 placavit,
1199 4369 1264 4422 et
1308 4357 1376 4420 in
1424 4356 1665 4421 melius
1708 4360 2155 4424 commutavit.
2246 4359 2384 4423 Nos
2428 4359 2633 4443 igitur
2679 4360 2798 4427 hoc

851 4444 1153 4527 exemplo
1214 4442 1423 4508 edocti
1486 4444 1767 4508 sciamus
1831 4441 2046 4509 Deum
2117 4467 2154 4510 a
2214 4446 2404 4511 nobis
2452 4467 2610 4512 vera
2669 4447 2797 4512 fide

845 4531 1223 4596 invocatum
1273 4550 1377 4594 res
1437 4538 1698 4593 nostras
1757 4529 2263 4614 fortunaturum,
2323 4546 2387 4594 et
2431 4540 2796 4614 opportuno

853 4630 1141 4699 tempore
1178 4613 1626 4679 laborantibus
1662 4616 1993 4697 suppetias
2028 4616 2337 4692 laturum,
2383 4628 2448 4681 et
2483 4615 2796 4700 quidquid

848 4704 1037 4771 nobis
1130 4700 1515 4766 adversatur
1601 4701 2137 4785 profligaturum,
2235 4701 2425 4768 modo
2511 4702 2795 4769 Davidis

851 4787 1230 4870 exemplum
1291 4787 1662 4863 imitemur,
1722 4787 1915 4870 quale
1973 4788 2160 4853 nobis
2218 4788 2326 4854 hic
2386 4791 2792 4872 proponitur.

853 4874 1083 4940 Iussus
1127 4874 1301 4936 enim
1364 4872 1667 4955 progredi
1715 4874 1961 4938 nullam
2009 4894 2259 4939 moram
2307 4874 2476 4951 fecit,
2541 4876 2647 4957 qui
2698 4875 2793 4939 di-

856 4959 1012 5025 vino
1035 4957 1344 5023 mandato
1370 4979 1616 5023 morem
1643 4972 1916 5042 gereret.
1964 4960 2102 5025 Nos
2139 4962 2352 5042 itaque
2383 4982 2514 5025 non
2540 4972 2796 5043 oportet

855 5056 1201 5128 postquam
1225 5042 1444 5108 Deum
1472 5045 1995 5111 invocaverimus
2018 5067 2419 5130 segnescere,
2455 5046 2571 5112 sed
2595 5069 2794 5129 quum

855 5151 978 5196 nos
1044 5132 1181 5212 regi
1239 5141 1466 5195 sancto
1524 5130 1733 5213 ipsius
1791 5131 2024 5214 spiritu
2086 5132 2665 5214 postulaverimus,
2729 5142 2793 5197 et

850 5216 1013 5300 quid
1083 5215 1243 5279 utile
1304 5214 1487 5281 nobis
1553 5217 1948 5295 ostenderit,
2014 5216 2339 5301 intrepide
2408 5239 2793 5302 quacunque
2896 5240 3052 5285 suas
3097 5220 3277 5285 eruit.
3370 5218 3468 5284 19.
3516 5217 3647 5285 Nec
3686 5221 3889 5304 defuit
3930 5220 4298 5304 quidquam
4344 5246 4391 5289 a
4423 5243 4614 5307 parvo
4643 5231 4770 5299 usqu

2535 303 2947 371 flemma
3004 303 3184 370 civ,
4644 322 4717 391 592

2918 598 3219 645 morasve
3279 581 3447 646 ullas
3506 595 3783 649 nectere.
3873 584 3980 649 Ex
4034 584 4177 648 istis
4229 586 4510 653 omnibus
4556 608 4728 676 appmt

2917 665 3135 732 Deum
3194 687 3314 732 sua
3370 667 3544 737 dona
3586 668 3680 734 sic
3722 669 4094 753 insculpere
4151 692 4424 736 suorum
4462 677 4645 756 animis,
4684 695 4729 750 ut

2916 773 3029 819 eos
3087 774 3426 835 nunquam
3497 754 3872 820 frustretur.
3964 755 4154 836 Quod
4223 758 4506 842 exemplo
4549 761 4735 834 Davidis

2917 838 3202 904 maxime
3245 841 3321 904 fit
3363 841 3784 923 conspicium,
3876 842 3941 905 ui
3966 840 4111 908 Deo
4154 863 4289 907 uno
4335 844 4490 912 fidus
4524 849 4576 912 in
4601 856 4733 919 mui-

2914 926 3041 990 mis
3085 924 3220 991 suis
3257 925 3752 992 difficultatibus
3789 948 3828 991 a
3909 929 4112 1010 ipsius
4152 931 4612 999 misericordiam
4640 957 4736 1004 cou-

2914 1011 3186 1091 fugiens,
3245 1010 3543 1094 impediri
3589 1033 3719 1076 non
3766 1014 3976 1094 potuit
4034 1015 4393 1096 quominus
4443 1018 4558 1084 eius
4593 1022 4738 1093 veluu-

2916 1108 3116 1162 tatem
3182 1108 3582 1179 sequeretur.
3674 1097 3809 1163 Nos
3877 1100 4076 1183 igitur
4137 1099 4369 1167 divina
4434 1103 4658 1173 bonitate
4696 1120 4740 1177 et

2914 1183 3358 1248 misericordia
3414 1182 3579 1249 fidos
3629 1204 3772 1249 esse
3829 1186 3921 1250 sic
3978 1197 4253 1268 oportet,
4316 1198 4393 1252 ut
4432 1210 4741 1276 quaecunque

2911 1269 3293 1334 afflictiones
3338 1270 3650 1354 ingruant
3694 1271 4020 1352 patienter
4062 1293 4173 1337 eas
4217 1272 4511 1352 feramus,
4558 1290 4609 1342 et
4637 1280 4741 1346 fidu-

2909 1356 3074 1419 ciam
3120 1354 3191 1418 in
3238 1353 3379 1436 ipso
3434 1355 3570 1421 solo
3624 1356 4010 1422 collocemus
4070 1359 4578 1440 promissionibus
4609 1366 4746 1448 ipsius

2908 1439 3142 1519 innixi,
3201 1450 3268 1503 et
3311 1438 3393 1505 ad
3450 1440 3659 1524 ipsius
3705 1442 4106 1507 voluntatem
4169 1465 4287 1528 pro
4333 1445 4499 1511 virili
4547 1470 4639 1514 nos
4669 1453 4744 1533 ἱρά

2908 1527 3406 1604 conformemus,
3453 1542 3515 1592 et
3563 1546 3647 1590 ne
3691 1526 4028 1594 imitemur
4071 1549 4185 1594 eos
4219 1533 4337 1613 qui
4379 1533 4587 1615 quovis
4620 1550 4748 1602 vento

2908 1611 3118 1677 instar
3156 1612 3557 1677 arundinum
3588 1614 3940 1695 agitantur,
3999 1624 4066 1679 et
4124 1636 4367 1699 pavore
4410 1619 4647 1700 perculsi
4684 1620 4749 1685 ob·

2909 1708 3342 1763 murmurant.
3405 1696 3540 1764 Sed
3587 1718 3664 1762 ea
3706 1698 4075 1765 humilitate
4117 1721 4340 1766 coram
4386 1704 4517 1769 Deo
4549 1706 4752 1771 ambule-

2907 1804 3077 1867 mus,
3124 1796 3195 1848 ιιι
3238 1805 3497 1868 semper
3541 1784 3681 1867 ipse
3724 1786 3914 1851 nobis
3959 1800 4223 1869 praeeat
4258 1789 4552 1873 viamque
4568 1791 4751 1856 demon·

2905 1881 3087 1947 stret,
3155 1867 3317 1934 adeo
3377 1884 3449 1934 ut
3506 1890 3930 1955 quaecunque
3982 1873 4269 1938 scintilla
4335 1874 4513 1941 nobis
4548 1876 4756 1942 illuxerit

2906 1953 3074 2021 lucis
3117 1955 3324 2037 ipsius
3369 1957 3542 2021 ultro
3588 1975 3956 2037 sequamur.

3076 2041 3219 2105 Iam
3266 2062 3427 2107 vero
3469 2042 3662 2124 agite,
3701 2048 3804 2109 ete.

3496 2473 3992 2558 HOMILIA
4041 2473 4253 2554 clv.

3078 2641 3140 2707 9.
3187 2641 3371 2708 Abiit
3424 2662 3567 2726 erqo
3629 2641 3852 2709 David
3907 2644 4043 2725 ipse
4097 2648 4155 2709 et
4214 2647 4494 2711 sexcenti
4548 2646 4656 2711 viri
4700 2644 4767 2727 qui
4871 2680 4872 2683 ¹

2906 2733 3086 2793 erant
3126 2747 3265 2793 cm
3307 2749 3393 2808 eo,
3438 2733 3494 2794 et
3533 2734 3836 2795 venerunt
3873 2749 4071 2810 usque
4111 2729 4200 2795 ad
4241 2737 4578 2798 torrentem
4607 2731 4768 2797 Bm:
4871 2742 4872 2745 ’

2906 2818 2960 2878 et
3025 2813 3187 2879 lassi
3250 2815 3511 2895 quidam
3587 2812 4008 2881 substiterunt.
4109 2817 4200 2880 10.
4272 2816 4673 2901 Perseqaam
4713 2820 4768 2881 ta

2907 2903 3110 2965 autem
3153 2898 3376 2966 David
3427 2901 3563 2982 ipse
3615 2906 3672 2965 et
3734 2901 4177 2985 quadringeni
4231 2904 4402 2969 viri.-
4457 2904 4772 2969 substiterent

2906 2987 3072 3051 entim
3116 2985 3376 3065 ducenti,
3420 2986 3533 3067 qui
3568 2985 3728 3051 lassi
3748 2987 4026 3053 transire
4047 3007 4169 3053 non
4190 2995 4499 3069 poterant
4532 2994 4770 3054 ωηαιιει

2907 3071 3129 3137 Besor.
3197 3072 3296 3136 11.
3344 3071 3436 3137 Et
3476 3072 3840 3137 invenerunt
3883 3073 4097 3139 virum
4138 3073 4532 3158 Aegyptiam
4573 3078 4632 3140 in
4663 3094 4774 3155 auro,

2907 3163 2964 3224 et
3004 3157 3403 3223 adduxerunt
3444 3178 3584 3222 eum
3626 3158 3712 3223 ad
3753 3156 4008 3224 David.-
4063 3160 4491 3241 dederuntque
4529 3163 4772 3241 εἰρηκει

2905 3242 3560 3311 οοοηεάενείειόίόενεί
3594 3263 3845 3325 aquam.
3895 3243 3993 3310 12.
4037 3244 4160 3311 Sed
4194 3251 4254 3311 et
4294 3247 4778 3331 fraqmenmaw

2904 3348 3293 3412 earyoarum,
3340 3335 3399 3394 et
3438 3330 3604 3394 duas
3642 3329 3954 3413 liqaturas
3995 3351 4152 3395 uvae
4178 3352 4440 3413 passae
4457 3359 4477 3397 .·
4517 3335 4618 3415 qui
4649 3348 4776 3411 qun

2904 3416 3279 3493 comedisset,
3337 3435 3625 3480 reversus
3679 3420 3768 3481 est
3822 3416 4094 3498 spiritus
4143 3418 4310 3498 eius,
4369 3424 4431 3483 et
4483 3416 4780 3500 refocillatus

2906 3507 3024 3568 est:
3071 3521 3196 3567 non
3238 3502 3403 3566 enim
3441 3502 3793 3567 comederat
3823 3521 4077 3583 panem,
4119 3523 4324 3584 neque
4361 3504 4595 3573 biberat
4621 3520 4779 3594 aque!

2903 3586 3105 3653 tribus
3146 3587 3365 3652 diebus
3408 3591 3465 3650 et
3506 3586 3708 3652 tribus
3749 3587 4041 3653 noctibus.
4135 3588 4236 3655 13.
4303 3591 4516 3658 Dixit
4552 3591 4780 3672 {tama

2903 3673 3155 3742 David:
3226 3671 3429 3738 Gaius
3492 3692 3558 3737 es
3622 3672 3739 3738 tu?
3816 3673 3909 3738 vel
3971 3674 4186 3739 unde?
4292 3676 4432 3757 Qui
4498 3679 4617 3741 ait:
4669 3673 4781 3738 Par

2902 3758 3254 3843 Aemtius
3297 3780 3403 3842 eyo
3441 3779 3603 3835 suns,
3646 3779 3868 3825 servus
3900 3760 4032 3825 viri
4055 3761 4498 3829 Amalecitae:
4537 3756 4780 3841 dereliqd

2901 3852 3109 3911 autem
3130 3864 3227 3909 me
3246 3845 3537 3911 dominus
3555 3865 3753 3925 meus,
3776 3847 3930 3928 quia
3952 3852 4286 3928 aeqrotare
4310 3850 4494 3930 coepi
4513 3849 4782 3913 audiam·

2900 3932 3048 3997 tiu-9.
3133 3930 3231 3995 14.
3281 3929 3606 4012 Siquidem
3647 3952 3762 3997 nos
3805 3933 4134 4013 erupimus
4192 3934 4286 3998 ad
4333 3934 4666 4000 australem
4689 3929 4779 4010 pl&

2894 4038 3047 4102 qam
3091 4016 3351 4096 Geretlzi,
3396 4020 3452 4081 et
3491 4022 3701 4082 contra
3745 4017 4000 4095 Iudam,
4046 4023 4104 4083 et
4146 4020 4235 4084 ad
4283 4022 4617 4087 meridien»
4649 4014 4780 4083 Celet,

2900 4109 2956 4169 et
3002 4103 3234 4185 Siceley
3277 4102 3703 4167 succendantur
3745 4104 3906 4186 iyni.
3983 4103 4083 4168 15.
4129 4102 4472 4188 Dixitque
4511 4108 4568 4169 ei
4609 4099 4778 4167 Darii:

2906 4190 3090 4256 Potes
3133 4208 3229 4252 me
3267 4189 3488 4253 ducere
3543 4188 3630 4254 ad
3685 4208 3945 4254 cuneum
4001 4189 4250 4256 istum?
4325 4194 4461 4274 Qui
4518 4194 4636 4257 ait.-
4679 4188 4780 4251 Im

2899 4275 3058 4340 mihi
3089 4295 3215 4355 per
3257 4273 3466 4339 Deum
3508 4274 3669 4355 quod
3712 4295 3835 4339 non
3891 4275 4133 4341 occidas
4177 4296 4305 4357 me,
4367 4283 4430 4342 et
4483 4298 4602 4342 noa
4635 4270 4778 4339 m

2899 4382 2996 4426 me
3037 4362 3107 4425 in
3149 4380 3380 4424 manus
3422 4360 3660 4425 domini
3695 4362 3838 4440 mei,
3884 4365 3938 4426 et
3980 4361 4351 4444 eyodueam
4391 4370 4451 4429 te
4487 4362 4570 4430 ad
4602 4374 4783 4427 maan

2899 4448 3108 4512 istum.
3172 4445 3273 4510 16.
3327 4445 3453 4526 Qui
3494 4466 3686 4527 quum
3730 4447 4014 4513 duxisset
4053 4467 4214 4525 eum,
4264 4471 4410 4517 ecce
4455 4451 4558 4516 illi
4593 4449 4780 4513 dism-

2899 4532 3111 4598 bebcmt
3168 4552 3361 4612 super
3413 4532 3640 4612 faeiem
3698 4533 4032 4598 universae
4103 4538 4326 4602 terrae
4386 4534 4718 4603 comedentes
4749 4530 4778 4590 Β

2898 4618 3185 4697 bibentes,
3229 4622 3286 4682 et
3328 4619 3514 4699 quasi
3553 4616 3782 4699 festum
3827 4618 4193 4684 celebrantes
4238 4622 4446 4700 diem,
4481 4642 4600 4705 pro
4635 4626 4778 4709 aa&

2886 4706 3134 4786 praeda
3179 4708 3235 4767 et
3275 4703 3499 4786 spoliis
3540 4723 3700 4783 quae
3741 4710 4062 4787 coeperant
4114 4706 4194 4771 de
4259 4713 4448 4775 terra
4492 4704 4777 4773 Philiss'tfl,

2896 4796 2950 4856 et
2993 4796 3049 4855 te
3089 4796 3260 4854 terra
3283 4788 3474 4853 Iuda.
3525 4788 3625 4855 17.
3670 4788 3759 4855 Et
3792 4789 4107 4873 percussit
4141 4793 4519 4861 eoeDam'd
4550 4801 4779 4877 ampojss

2897 4897 3092 4958 usque
3136 4876 3222 4939 ad
3263 4895 3583 4957 vesperam
3627 4874 3886 4942 alterius
3929 4877 4087 4942 diei:
4133 4884 4189 4942 et
4240 4901 4386 4946 non
4420 4880 4607 4946 evasit
4641 4886 4776 4963 ese?

2896 4964 3260 5043 quisquam,
3326 4961 3457 5025 nisi
3522 4961 3968 5045 quadrinyenti
4030 4963 4163 5027 viri
4232 4966 4668 5039 adoksoentes.
4709 4974 4776 5039 §⁸¹

2897 5048 3348 5114 adscenderunt
3388 5047 3648 5112 camelos
3691 5052 3745 5112 et
3784 5052 4095 5133 fugerant.
4147 5051 4266 5117 18.
4316 5051 4522 5119 Emit
4558 5069 4675 5135 erqo
4691 5043 4776 5109 D!-

2895 5135 3006 5199 eid
3049 5134 3260 5199 omnia
3302 5153 3461 5216 quae
3502 5132 3771 5200 tulerant
3813 5134 4228 5213 Amalecitae,
4294 5144 4358 5204 et
4418 5140 4580 5204 duas
4625 5146 4778 5199 m&

4241 5558 4873 6008 Α
