5059 6059
840 304 972 371 683

850 497 1157 579 Samuel,
1212 519 1342 566 non
1404 497 1497 564 sic
1556 500 1868 566 eveniret.
1972 496 2168 579 Quod
2231 519 2364 565 non
2425 499 2570 565 sine
2635 498 2797 564 vitio

848 584 1110 651 fuisset.
1221 583 1550 669 Equidem
1614 583 2010 652 laudabilem
2088 584 2229 650 eius
2308 584 2797 651 excusationem

858 670 1064 737 fuisse
1120 671 1349 751 fateor,
1412 670 1494 736 ab
1551 670 1922 737 humilitate
1982 691 2115 736 non
2175 671 2328 739 ficta
2382 681 2799 736 manantem:

854 765 1316 823 verumtamen
1376 778 1577 841 quum
1634 778 1771 822 non
1829 757 2168 841 ignoraret
2226 756 2599 825 Samuelem
2660 776 2802 822 esse

856 842 988 910 Dei
1031 843 1415 927 prophetam
1462 864 1502 908 a
1544 863 1670 925 quo
1716 842 1878 910 haec
1934 842 2362 928 intelligebat,
2422 841 2803 925 simpliciter

853 927 1070 995 verbis
1126 929 1333 1013 ipsius
1392 928 1798 1012 acquiescere
1858 926 2188 995 debuerat.
2275 929 2457 994 Hinc
2499 928 2800 994 observe-

850 1034 1004 1081 mus
1046 1022 1348 1100 oportere
1392 1025 1468 1080 ιιι
1510 1015 1581 1079 in
1624 1015 1928 1082 omnibus
1971 1035 2138 1098 quae
2172 1014 2378 1082 aDeo
2414 1014 2602 1080 nobis
2645 1015 2800 1080 offe-

857 1110 1100 1167 runtur
1165 1100 1755 1181 benedictionibus,
1822 1102 1918 1167 ita
1990 1102 2198 1168 vitam
2255 1101 2678 1168 instituamus
2737 1109 2803 1166 et

860 1206 1330 1271 componamus
1373 1207 1458 1252 ne
1502 1207 1620 1253 nos
1663 1186 2031 1254 incredulos
2074 1188 2531 1273 praebeamus:
2594 1206 2801 1267 neque

854 1281 1047 1338 tanto
1093 1294 1383 1357 unquam
1428 1281 1695 1356 stupore
1729 1272 2184 1357 percellamur,
2229 1282 2306 1339 ut
2340 1273 2516 1340 viam
2552 1274 2802 1358 gratiae

858 1366 930 1425 et
970 1358 1452 1425 misericordiae
1496 1358 1703 1442 ipsius
1744 1358 2285 1426 intercludamus.
2373 1359 2586 1442 Virgo
2641 1378 2802 1425 sane

854 1443 1077 1511 Maria
1120 1444 1202 1510 ad
1246 1445 1561 1510 nuncium
1602 1443 1794 1510 illum
1839 1445 2072 1529 angeli,
2115 1446 2252 1512 fore
2296 1454 2372 1511 ut
2415 1445 2544 1511 Dei
2587 1444 2800 1510 filium

854 1531 1246 1616 conciperet,
1306 1529 1782 1613 obstupescens,
1854 1531 2302 1613 rationemque
2366 1530 2689 1614 quomodo
2733 1529 2799 1596 id

854 1617 1044 1682 fieret
1101 1616 1470 1700 exquirens,
1534 1636 1667 1681 non
1726 1615 1874 1682 ideo
1930 1623 2149 1683 tamen
2194 1617 2325 1682 Dei
2369 1616 2651 1702 gratiam
2696 1637 2798 1681 re-

849 1701 1043 1787 pulit,
1087 1701 1203 1769 sed
1247 1704 1316 1768 in
1339 1702 1484 1768 Deo
1528 1702 1874 1785 acquievit,
1918 1701 2257 1769 dubitandi
2302 1711 2526 1769 tamen
2570 1722 2800 1768 causas

852 1790 1191 1873 aperiens:
1235 1808 1432 1869 seque
1468 1786 1746 1854 docilem
1782 1797 1848 1854 et
1881 1789 2342 1873 obsequentem
2377 1790 2449 1854 in
2489 1788 2799 1854 omnibus

844 1874 1188 1959 praebens.
1276 1873 1634 1939 Dissimilis
1692 1876 1763 1939 in
1807 1894 1884 1940 eo
1926 1873 2153 1952 Sarae,
2211 1895 2376 1958 quae
2419 1873 2504 1939 ad
2545 1874 2798 1959 pollici-

852 1960 1173 2026 tationem
1219 1959 1434 2046 angeli
1480 1957 1561 2025 de
1617 1958 1754 2025 filio
1797 1982 1883 2026 ex
1925 1960 2134 2027 sterili
2177 1960 2503 2027 nascendo
2549 1982 2634 2026 ex
2677 1961 2796 2026 dif-

854 2045 1134 2113 fidentia
1175 2043 1463 2112 subrisit.
1553 2044 1777 2127 Quare
1822 2046 2146 2112 discamus
2188 2048 2286 2113 ita
2329 2045 2519 2112 deiici
2562 2057 2632 2112 et
2674 2047 2795 2112 hu-

848 2130 1113 2212 miliari,
1157 2142 1231 2198 ιιι
1276 2140 1497 2196 tamen
1543 2130 1672 2197 fide
1715 2141 1912 2215 caput
1944 2132 2337 2210 attollamus,
2372 2145 2449 2198 ut
2481 2131 2795 2217 quidquid

854 2215 1045 2284 Deus
1110 2238 1193 2283 ex
1250 2216 1683 2283 beneficentia
1736 2239 1855 2284 sua
1912 2217 2100 2284 nobis
2158 2219 2469 2286 obtulerit
2525 2219 2797 2302 accipia-

846 2323 1019 2369 mus.
1107 2303 1306 2371 Multi
1349 2303 1525 2368 enim
1569 2302 2018 2369 humilitatem
2080 2304 2439 2370 maximam
2483 2304 2797 2388 profiten-

846 2395 981 2466 tur,
1026 2409 1230 2472 quum
1274 2409 1417 2454 sese
1459 2389 1848 2473 praesertim
1882 2389 2275 2473 inspiciunt:
2320 2388 2437 2456 sed
2469 2389 2624 2456 inde
2664 2411 2798 2455 non

845 2472 1016 2539 bene
1071 2473 1473 2542 occasionem
1535 2474 1863 2558 accipiunt
1920 2475 2263 2556 inferendi,
2326 2496 2406 2542 ea
2461 2475 2797 2560 prohiberi

850 2557 1047 2625 nobis
1102 2558 1187 2626 ad
1242 2559 1457 2626 Deum
1529 2558 1808 2627 liberum
1872 2580 2222 2629 accessum.
2309 2561 2565 2630 Contra
2620 2562 2796 2628 enim

856 2652 1116 2729 oportet
1180 2666 1300 2712 nos
1382 2646 1771 2713 tenuitatem
1845 2655 2137 2714 nostram
2203 2655 2272 2714 et
2333 2647 2795 2733 indignitatem

858 2729 1064 2815 probe
1118 2742 1566 2817 agnoscentes,
1625 2740 1842 2799 tamen
1899 2734 2169 2817 propius
2223 2731 2306 2800 ad
2350 2734 2572 2818 ipsum
2617 2752 2796 2800 acce-

854 2815 1031 2883 dere.
1096 2818 1350 2902 Ecquid
1395 2819 1572 2883 enim
1615 2818 1956 2885 humilitas
2001 2831 2226 2886 nostra
2269 2819 2460 2887 nobis
2504 2827 2606 2887 est
2648 2840 2797 2903 pro-

852 2902 1097 2983 futura,
1157 2904 1214 2970 si
1259 2924 1298 2969 a
1343 2904 1485 2969 Deo
1529 2903 1874 2971 recedendi
1927 2926 2010 2971 ex
2054 2905 2132 2972 ea
2176 2907 2468 2991 capimus
2513 2906 2796 2973 occasio-

852 2987 1059 3055 nem?
1125 2989 1269 3056 Nae
1316 2987 1632 3056 damnosa
1673 2990 1843 3056 foret
1885 2999 1950 3057 et
1993 2989 2363 3058 damnanda
2404 2990 2618 3058 modis
2663 3011 2799 3058 om-

856 3074 1059 3142 nibus
1115 3074 1479 3142 humilitas.
1568 3073 1682 3142 Sic
1738 3075 1987 3143 multos
2045 3098 2239 3164 saepe
2282 3079 2353 3144 in
2399 3077 2799 3162 desperatio·

852 3181 1010 3226 nem
1056 3161 1281 3227 venire
1326 3160 1781 3244 conspicimus,
1841 3172 1907 3228 et
1950 3183 2150 3230 sensu
2194 3186 2350 3231 suae
2391 3163 2800 3230 infirmitatis

851 3253 924 3314 et
959 3246 1272 3314 vitiorum
1316 3245 1650 3327 adductos,
1707 3247 1957 3315 similes
2017 3270 2210 3317 voces
2263 3249 2639 3316 effundere:
2685 3251 2800 3317 Me

852 3333 1203 3399 miserum!
1275 3330 1442 3414 Quis
1485 3353 1607 3418 ego
1649 3332 1847 3399 sum?
1935 3333 2240 3403 Deumne
2296 3357 2403 3402 me
2460 3344 2561 3402 tot
2616 3336 2799 3403 vitiis

854 3438 896 3485 o
946 3428 1160 3485 ertum
1232 3417 1599 3502 respicere?
1688 3419 1996 3486 Deumne
2052 3423 2184 3488 mei
2241 3422 2558 3502 misereri,
2616 3431 2685 3489 et
2726 3422 2799 3487 in

933 3505 1141 3571 ’orum
1199 3525 1467 3570 suorum
1528 3525 1876 3571 numerum
1934 3505 2327 3574 admittere?
2408 3507 2796 3575 Cavendum

861 3609 1024 3656 sane
1065 3589 1278 3656 modis
1322 3590 1628 3656 omnibus
1670 3612 1757 3658 ne
1796 3593 1958 3658 istos
1993 3593 2361 3660 imitemur:
2420 3595 2537 3661 sed
2579 3596 2798 3679 potius

859 3675 1268 3753 enitendum,
1305 3685 1382 3742 ut
1415 3697 1543 3759 quo
1586 3676 1834 3743 maiore
1862 3699 2059 3745 sensu
2095 3689 2509 3763 peccatorum
2547 3688 2802 3747 nostro·

858 3782 1010 3827 rum
1069 3762 1285 3827 affecti
1345 3761 1681 3841 fuerimus,
1741 3783 1817 3829 eo
1862 3762 2205 3832 ardentius
2249 3768 2466 3850 ipsum
2510 3767 2802 3850 requira-

852 3867 1031 3927 mus,
1096 3848 1430 3932 amarique
1487 3867 1608 3912 nos
1675 3847 1757 3914 ab
1814 3849 1957 3934 ipso
2021 3850 2206 3918 nobis
2270 3852 2801 3936 persuadeamus.
2904 3852 3194 3935 ipsorum
3253 3849 3445 3915 malis
3499 3848 3872 3933 quaerenda
3928 3859 4151 3916 essent
4210 3847 4537 3916 remedia.

859 3934 961 4000 Ac
1007 3953 1430 4016 quaecunque
1464 3934 1634 3999 bona
1667 3934 1856 4002 nobis
1890 3935 2170 4021 largitus
2212 3937 2432 4022 fuerit,
2476 3939 2610 4005 illis
2652 3938 2805 4006 licet

852 4016 1306 4104 indignissimi
1350 4020 1576 4097 simus,
1621 4020 1824 4101 gratis
1868 4031 2090 4089 tamen
2134 4024 2550 4107 accipiamus.

1028 4105 1240 4170 Porro
1298 4105 1408 4170 hic
1466 4103 1643 4170 istud
1700 4106 1896 4173 etiam
1943 4107 2463 4176 observandum:
2534 4109 2803 4178 Saulem

854 4210 1061 4275 quum
1129 4212 1170 4256 a
1229 4188 1539 4257 Samuele
1606 4203 1984 4279 ungeretur,
2053 4216 2188 4261 non
2254 4195 2515 4280 quidem
2582 4218 2805 4284 regem

849 4276 1206 4355 nominari,
1274 4276 1386 4342 sed
1447 4283 1924 4344 antecessorem
1984 4290 2047 4346 et
2114 4281 2623 4366 gubernatorem
2691 4304 2804 4366 po-

852 4361 1039 4448 puli:
1099 4374 1169 4429 et
1227 4360 1584 4428 verisimile
1640 4369 1743 4428 est
1798 4362 2177 4433 Samuelem
2236 4367 2425 4433 illum
2471 4368 2551 4434 de
2595 4369 2805 4436 officio

851 4446 1296 4529 admonuisse,
1363 4456 1430 4514 et
1489 4447 1591 4513 ad·
1627 4445 1790 4513 illud
1844 4450 2220 4519 faciendum
2264 4453 2464 4521 fuisse
2508 4455 2806 4521 cohorta-

849 4541 1019 4599 tum.
1109 4532 1313 4599 Illum
1358 4533 1622 4618 quidem
1667 4552 1892 4619 regem
1937 4537 2076 4604 fore
2119 4548 2185 4606 et
2227 4548 2658 4625 regnaturum
2702 4543 2808 4607 in-

852 4619 1131 4704 telligit:
1192 4621 1308 4687 sed
1354 4641 1514 4686 voce
1558 4618 1791 4699 utitur,
1852 4643 1983 4705 qua
2025 4625 2247 4709 populi
2292 4626 2502 4692 unitio
2546 4639 2613 4693 et
2652 4649 2805 4695 con-

857 4706 1108 4773 iunctio
1152 4706 1278 4772 sub
1319 4706 1528 4790 ipsius
1574 4725 1779 4790 regno
1823 4707 2167 4791 indicatur,
2212 4722 2288 4778 ut
2330 4712 2636 4779 ostendat
2678 4715 2807 4781 uisi

856 4791 1275 4859 concordiam
1320 4792 1625 4871 foverint,
1685 4791 2182 4878 dissipationem
2226 4806 2633 4865 eventuram.
2724 4798 2806 4864 In

848 4876 1022 4946 libro
1065 4877 1370 4944 Iudioum
1429 4876 1734 4958 vidimus,
1791 4901 1996 4963 quum
2040 4904 2176 4948 non
2219 4893 2388 4950 esset
2429 4906 2548 4952 rex
2592 4886 2661 4951 in
2707 4884 2807 4953 Is-

858 4964 1039 5030 raele
1082 4984 1407 5048 quemque
1464 4962 1693 5029 fecisse
1751 4967 1920 5049 quod
1979 4967 2180 5035 libido
2226 4968 2529 5037 dictabat.
2621 4969 2808 5053 Quae

863 5068 1026 5115 sane
1082 5050 1326 5116 misera
1384 5059 1450 5116 et
1508 5049 1908 5133 deploranda
1967 5063 2070 5121 est
2114 5053 2414 5135 conditio,
2479 5078 2683 5139 quum
2727 5079 2810 5123 ex

864 5133 1140 5201 libidine
1184 5136 1458 5220 quisque
1501 5155 1620 5202 sua
1663 5139 1938 5223 regitur.
2008 5139 2453 5222 Quamobrem
2493 5142 2651 5210 hinc
2696 5144 2810 5210 ob-

850 5220 1261 5288 servandum
1306 5243 1501 5307 quam
1536 5241 1799 5292 necesse
1835 5225 1924 5292 sit
1957 5225 2257 5295 homines
2292 5228 2509 5313 aliquo
2545 5228 2811 5315 politiae

2493 306 2909 375 HOMILIA
2953 308 3220 379 XXXI.

4662 315 4748 384 584

2902 519 3141 584 genere
3197 499 3338 583 regi
3390 505 3457 565 et
3510 495 3890 584 gubernari:
3960 498 4135 581 quod
4193 498 4432 581 alioqui
4487 505 4754 572 metuenda

2903 586 2993 651 sit
3045 605 3266 650 rerum
3326 586 3619 650 omnium
3678 585 4100 668 perturbatio,
4159 595 4226 650 et
4281 595 4508 650 mutua
4552 587 4758 657 aliorum

2902 672 2972 736 in
3027 670 3209 750 alios,
3266 671 3551 736 ferarum
3606 671 3836 749 instar,
3889 670 4182 737 laniatio.
4271 668 4598 749 Quantum
4644 696 4757 741 vero

2902 756 3151 822 malum
3208 757 3584 823 hominibus
3640 756 3958 840 imminet,
4025 756 4156 822 nisi
4208 756 4282 821 in
4337 777 4538 821 unum
4586 780 4758 844 corpus

2903 843 3288 909 coalescant.
3374 843 3545 908 Nam
3588 862 3806 926 quare,
3850 841 4133 922 obsecro,
4192 843 4606 909 necessariam
4641 847 4764 913 inter

2903 929 3200 995 homines
3246 927 3657 996 concordiam
3701 948 3841 995 esse
3885 928 4070 995 Deus
4135 928 4362 1008 voluit,
4419 938 4486 995 et
4532 930 4674 995 iuter
4714 953 4763 998 se
4889 951 4890 992 1

2903 1015 3293 1081 commercia
3334 1014 3482 1081 illos
3525 1014 3785 1091 habere,
3844 1015 3971 1082 nisi
4031 1013 4201 1099 quod
4247 1013 4435 1079 novit
4477 1035 4595 1079 uon
4632 1037 4768 1099 posse

2902 1100 3066 1167 alios
3109 1100 3388 1167 aliorum
3433 1100 3678 1167 auxilio
3721 1098 3990 1168 carere?
4057 1101 4200 1166 Nae
4244 1098 4419 1166 istud
4464 1120 4592 1167 esse
4626 1123 4767 1186 opor·

2904 1187 3032 1252 tuit
3109 1186 3405 1254 arctioris
3485 1187 3659 1252 inter
3735 1206 3848 1253 eos
3921 1186 4401 1254 coniunctionis
4478 1187 4770 1255 vinculum.

2905 1271 3245 1354 Quomodo
3297 1292 3476 1352 vero,
3533 1273 3679 1339 Deo
3735 1273 3887 1339 licet
3943 1294 4061 1339 nos
4117 1272 4465 1357 colligente
4517 1273 4581 1337 in
4617 1295 4771 1339 unum

2903 1379 3159 1441 corpus,
3203 1358 3346 1424 sine
3390 1358 3602 1443 capite
3765 1379 3992 1425 sumus
4035 1357 4447 1425 coalescere?
4512 1357 4662 1423 Nam
4694 1380 4772 1443 ap

2904 1444 3157 1511 tissima
3200 1452 3301 1511 est
3344 1444 3614 1510 similitu
3661 1467 3699 1511 o
3759 1444 3875 1512 illa
3917 1466 3958 1510 a
3998 1465 4270 1530 corpore
4297 1443 4594 1509 humano
4630 1443 4776 1512 ducta

2902 1530 2985 1596 ad
3051 1531 3395 1597 hominum
3460 1531 3982 1598 coniunctionem
4047 1528 4510 1597 indictandam.
4597 1528 4776 1613 Itaque

2903 1616 3324 1683 observemus
3368 1615 3589 1682 Deum
3632 1617 3952 1701 singulari
3996 1615 4310 1683 beneficio
4353 1636 4558 1699 genus
4598 1615 4779 1681 huma-
4891 1663 4892 1666 ,

2903 1723 3064 1767 num
3108 1711 3575 1787 prosequutum
3620 1722 3781 1783 esse,
3823 1723 4025 1787 quum
4068 1700 4427 1786 primariae
4470 1703 4778 1767 autoritatis

2901 1789 3097 1867 viros,
3141 1809 3347 1872 reges,
3391 1788 3736 1873 principes,
3794 1796 3908 1855 aut
3964 1790 4384 1872 magistratus
4429 1806 4570 1854 esse
4607 1787 4783 1865 voluit,

2900 1884 3098 1958 prout
3130 1874 3315 1939 varia
3349 1884 3452 1940 est
3485 1873 3869 1957 populorum
3906 1882 3974 1940 et
4005 1877 4306 1959 gentium
4339 1872 4780 1939 administratio.

2898 1960 3071 2026 Nam
3131 1979 3552 2043 quaecunque
3602 1959 3872 2025 tandem
3922 1959 4039 2026 illa
4096 1959 4359 2044 publica
4399 1959 4489 2024 sit
4530 1958 4785 2024 adminis-

2902 2047 3097 2112 tratio
3155 2045 3492 2131 singulare
3539 2046 3663 2112 Dei
3722 2045 3967 2112 donum
4009 2045 4221 2112 elucet
4264 2045 4334 2111 in
4378 2065 4478 2111 ea.
4561 2044 4784 2110 Interim

2899 2133 3011 2215 qui
3056 2132 3140 2198 ad
3185 2152 3404 2198 rerum
3441 2131 3850 2215 publicarum
3886 2131 4329 2217 gubernacula
4360 2129 4608 2210 sedent,
4637 2130 4788 2195 officii

2901 2218 3005 2285 sui
3068 2218 3537 2301 admonentur,
3597 2227 3672 2283 ut
3725 2217 4040 2284 nimirum
4096 2218 4169 2282 in
4226 2217 4617 2301 populorum
4673 2235 4789 2280 suas

2900 2302 3050 2370 fidei
3093 2304 3586 2371 commissorum
3621 2323 3844 2370 curam
3880 2302 4265 2389 invigilent3
4301 2313 4369 2369 et
4391 2303 4465 2367 in
4486 2301 4788 2386 flagitiosos

2901 2388 3444 2469 animadvertant,
3488 2408 3571 2454 ne
3602 2409 3797 2473 quam
3840 2390 4281 2457 confusionem
4326 2408 4562 2472 capere
4603 2388 4793 2464 sinant,

2901 2475 3383 2560 potentioribus
3405 2476 3477 2540 in
3514 2474 3677 2542 alios
3712 2476 4194 2542 saevientibus:
4230 2474 4344 2540 sed
4383 2494 4580 2540 suum
4613 2473 4791 2555 cuique

2904 2560 3244 2640 tribuatur,
3307 2569 3373 2627 et
3431 2559 3636 2625 libere
3696 2561 3868 2627 inter
3910 2583 3981 2627 se
4024 2561 4137 2626 alii
4183 2581 4331 2625 cum
4380 2560 4535 2626 aliis
4576 2579 4797 2625 couver-

2902 2661 3133 2713 sentur
3165 2657 3234 2712 et
3267 2646 3716 2730 negotientur:
3762 2666 3838 2714 ac
3872 2656 3947 2712 ut
3979 2646 4255 2731 quisque
4291 2646 4597 2730 privatus
4626 2642 4794 2709 omnia

2903 2754 3020 2799 sua
3075 2732 3293 2800 studia
3351 2733 3425 2797 in
3484 2731 3856 2798 concivium
3914 2742 3979 2797 et
4038 2753 4112 2798 re
4161 2732 4329 2798 'ouis
4373 2732 4583 2797 totius
4621 2749 4797 2796 curam

2902 2827 3264 2886 convertat.
3354 2817 3573 2901 Atque
3632 2816 3691 2883 si
3750 2817 3873 2883 hoc
3931 2827 4077 2903 post
4151 2825 4220 2883 at
4275 2818 4425 2901 ipsa
4471 2815 4797 2882 humanitas

2903 2905 3074 2971 inter
3111 2904 3429 2983 homines,
3468 2901 3643 2987 quid,
3681 2923 3939 2986 quaeso,
3983 2901 4130 2969 Deo
4168 2904 4391 2971 deberi
4431 2896 4793 2968 dixerimus?
4895 2965 4896 2968 ,

2901 2991 3044 3059 Nae
3121 2989 3499 3056 meminisse
3577 2988 3876 3055 homines
3944 2997 4236 3075 oportet,
4313 2989 4466 3055 Deo
4532 3005 4800 3055 summam

2902 3097 3162 3163 semper
3220 3075 3608 3160 dignitatem
3664 3074 4046 3159 primariam
4090 3074 4328 3141 deberi.
4423 3073 4718 3156 Denique
4747 3079 4802 3134 nt

2902 3184 3044 3231 rem
3086 3163 3280 3229 istam
3325 3161 3395 3226 in
3439 3179 3645 3246 pauca
3688 3161 4032 3241 conferam,
4074 3158 4261 3228 Deus
4304 3180 4541 3245 regem
4585 3156 4801 3226 Saulem

2902 3272 2987 3336 po
3033 3247 3145 3314 ulo
3190 3247 3593 3332 praeficiens,
3638 3245 3860 3313 docuit
3903 3268 4033 3313 non
4079 3246 4364 3331 amplius
4409 3245 4695 3331 potuisse
4721 3260 4801 3326 po·

2899 3358 2946 3422 p
3024 3355 3133 3401 um
3189 3341 3408 3400 tutum
3465 3353 3609 3399 esse
3653 3341 3721 3398 et
3761 3333 4121 3400 immunem
4166 3353 4207 3398 a
4246 3332 4570 3416 periculis
4610 3328 4806 3397 subsis-

2903 3431 3059 3498 tere,
3102 3420 3219 3486 sed
3262 3419 3462 3485 exitio
3506 3418 3705 3486 fuisse
3746 3419 4140 3503 proximum,
4194 3419 4323 3486 nisi
4383 3417 4702 3486 divinitus
4733 3431 4805 3477 re·

2903 3506 3193 3574 medium
3234 3505 3433 3583 istud,
3477 3525 3713 3588 nempe
3751 3514 3948 3589 caput
3986 3526 4114 3589 quo
4157 3505 4232 3571 in
4274 3525 4500 3571 unum
4545 3502 4809 3570 coalesco·

2902 3604 3003 3660 ret
3047 3592 3173 3676 ipsi
3218 3590 3708 3658 concederetur:
3752 3610 3906 3656 nam
3951 3589 4083 3657 iam
4127 3599 4282 3657 ante
4324 3590 4630 3657 vidimus
4660 3602 4806 3669 quam

2902 3690 3258 3747 contumax
3303 3678 3425 3743 iste
3467 3676 3747 3761 populus
3791 3676 4009 3757 fuerit,
4051 3697 4380 3761 quamque
4429 3675 4578 3743 suis
4619 3671 4812 3766 pasua-

2905 3765 3099 3832 nibus
3142 3772 3210 3829 et
3252 3762 3596 3829 affectibus
3639 3762 3855 3829 locum
3900 3761 4169 3842 dederit,
4215 3774 4291 3829 ut
4334 3782 4524 3829 nova
4573 3754 4812 3843 quotidie

4696 3859 4813 3909 uate

2907 3937 3126 4003 Deum
3194 3936 3408 4019 ipsum
3474 3935 3764 4018 oportuit
3828 3933 3980 4002 huic
4043 3936 4424 4001 necessitati
4495 3843 4812 4001 remssdium
4895 3963 4898 4054 γ

2909 4021 3201 4099 adferre:
3260 4019 3434 4105 quod
3491 4040 3647 4106 rege
3703 4020 3726 4085 i
3773 4021 3865 4086 sis
3922 4019 4074 4086 dato
4132 4021 4367 4087 effecit.
4469 4020 4663 4102 Quae
4699 4029 4813 4080 vero

2910 4110 2992 4175 de
3031 4116 3159 4174 tem
3211 4128 3322 4172 ore
3344 4114 3413 4171 et
3437 4106 3675 4190 populo
3715 4107 3729 4121 ‘
3760 4107 3826 4172 lo
3861 4105 4169 4173 dicuntur
4201 4107 4269 4172 in
4306 4127 4518 4172 usum
4565 4111 4812 4169 nostrum

2911 4195 3146 4261 trahen
3195 4215 3234 4259 a
3262 4203 3438 4272 sunt,
3484 4207 3550 4258 et
3593 4192 3782 4258 exiis
3824 4192 4151 4276 generalis
4193 4212 4412 4258 canon
4453 4184 4815 4258 statuendus,
4897 4195 4898 4218 ³

2910 4290 2986 4346 ut
3027 4299 3224 4361 supra
3268 4277 3657 4344 monuimus.
3741 4278 4070 4362 Deinceps
4113 4279 4462 4362 sequitur:
4516 4271 4818 4364 Samuelem}

2908 4366 3179 4432 iussisse
3244 4384 3502 4447 coquum
3566 4363 3815 4446 adferre
3864 4365 4217 4446 portionem
4278 4384 4486 4446 quam
4553 4374 4814 4452 reservas·
4897 4367 4898 4424 l

2914 4456 3058 4521 ante
3099 4451 3389 4529 iusserat,
3437 4454 3604 4532 puta
3658 4469 3909 4517 armum
3953 4455 4010 4515 et
4058 4470 4218 4532 quae
4277 4449 4712 4517 adhaerebant
4753 4462 4819 4514 αἱ

2913 4537 3290 4620 Saulemque
3332 4557 3400 4602 eo
3440 4535 3543 4602 die
3584 4556 3724 4602 cum
3769 4534 4059 4603 Samuele
4100 4537 4474 4614 comedisse,
4543 4554 4621 4601 ac
4672 4531 4821 4596 lom·

2909 4623 3205 4691 habuisse
3247 4622 3319 4687 in
3359 4641 3602 4688 summo
3641 4622 4065 4701 invitatorum,
4132 4623 4245 4703 qui
4284 4626 4481 4688 erant
4526 4618 4708 4704 quasi
4741 4619 4821 4678 tn-

2907 4712 3090 4796 9inta
3130 4708 3278 4773 viri.
3364 4707 3613 4774 Mirum
3667 4706 3793 4773 hoo
3849 4708 4063 4793 primo
4118 4707 4236 4773 ads
4280 4719 4442 4774 ectu
4505 4705 4706 4772 videri
4739 4715 4820 4782 po·

2908 4797 3165 4874 tuisset,
3205 4813 3410 4877 quum
3445 4812 3581 4859 non
3615 4792 3888 4860 dubium
3922 4794 4009 4860 sit
4040 4794 4197 4876 quin
4274 4793 4510 4859 amuel
4548 4790 4819 4858 delectum

2910 4884 3204 4950 virorum
3249 4879 3604 4960 habuisset,
3648 4890 3714 4947 et
3755 4880 4293 4946 honoratissimos
4335 4899 4645 4962 quosque
4684 4872 4817 4938 dele·

2911 4969 3129 5054 gisset.
3219 4964 3318 5032 Ac
3376 4985 3534 5031 sane
3591 4966 3741 5032 licet
3800 4964 4192 5033 sacrificium
4251 4968 4472 5031 totius
4521 4963 4697 5031 urbis
4733 4975 4818 5054 nq-

2912 5054 3088 5120 mine
3133 5051 3352 5117 fieret:
3417 5052 3538 5117 soli
3598 5061 3815 5117 tamen
3876 5051 4153 5135 triginta
4189 5050 4288 5116 illi
4329 5053 4473 5119 viri
4520 5050 4602 5115 ad
4645 5063 4818 5115 eonn-

2912 5142 3094 5206 vium
3153 5138 3317 5203 illud
3377 5137 3636 5205 invitati
3693 5138 3979 5204 fuerunt.
4079 5137 4171 5204 Et
4223 5157 4362 5203 non
4425 5137 4696 5203 dubium
4747 5135 4818 5192 ὅ

2914 5227 3069 5311 quin
3133 5224 3420 5292 seniores
3483 5222 3581 5288 illi
3644 5223 3888 5290 fuerint
3946 5223 4441 5308 praecipuaque
4520 5220 4817 5289 autoritate
