5059 6059
301 243 423 311 525

304 433 666 499 diuturnam
725 429 1195 512 experientiam
1254 428 1568 512 quamdiu
1641 429 2041 513 republicam
2115 427 2226 493 ad-

304 517 715 595 ministrarat,
770 515 967 581 etiam
1015 513 1294 580 habebat
1337 512 1581 580 donum
1626 514 2028 598 prophetiae,
2080 533 2226 598 pro·

299 604 523 689 phetas
564 611 785 668 autem
829 602 1069 667 scimus
1113 600 1319 667 fuisse
1362 612 1630 667 vocatos
1668 600 1967 678 Venientes,
2014 619 2228 683 neque

297 689 651 766 immerito,
708 687 852 753 Deo
924 687 1086 770 ipsis
1153 687 1489 752 revelante
1547 706 1715 769 quae
1773 686 1920 752 aliis
1975 685 2227 752 occulta

296 783 494 841 erant.
540 771 812 840 Samuel
837 775 1061 857 itaque
1082 773 1481 839 contrarium
1505 793 1730 838 eorum
1768 792 1935 855 quae
1971 770 2229 836 viderat

297 860 434 926 Deo
478 858 813 925 revelante
857 859 1236 941 contingere
1280 857 1813 924 animadvertens
1848 859 1917 923 in
1953 875 2226 941 magnas

293 946 624 1030 angustias
665 945 997 1012 coniectus
1043 943 1319 1023 videtur,
1370 954 1435 1009 et
1479 944 1545 1008 in
1593 943 1900 1009 maximis
1940 943 2115 1009 curis
2160 953 2227 1007 et

292 1032 610 1116 angustiis
631 1031 867 1096 fuisse:
911 1030 1025 1095 sed
1070 1049 1234 1113 quas
1276 1029 1406 1095 fide
1449 1050 1789 1113 superasse
1831 1029 2046 1112 ipsum
2092 1048 2223 1092 non

291 1128 387 1183 est
429 1116 606 1200 quod
653 1114 1044 1182 dubitemus.
1132 1115 1303 1180 Nam
1350 1113 1572 1181 fideles
1629 1115 1754 1181 hoc
1797 1113 2225 1181 fundamento

286 1225 354 1268 se
396 1202 726 1269 sustinere
768 1211 1028 1286 oportet
1061 1200 1376 1268 adversus
1411 1200 1775 1267 istiusmodi
1809 1200 2224 1274 tentationes,

287 1289 422 1354 Deo
468 1308 600 1353 non
646 1289 1068 1372 permittente
1112 1295 1188 1352 ut
1228 1297 1477 1353 statum
1524 1287 1832 1353 ecclesiae
1885 1285 2225 1353 videamus

280 1374 472 1438 talem
535 1395 679 1440 esse
735 1373 996 1456 qualem
1053 1382 1464 1456 optaremus,
1538 1374 1650 1439 sed
1724 1391 1868 1438 eam
1936 1372 2221 1437 bostium

278 1459 554 1543 pedibus
603 1460 804 1525 veluti
849 1459 1237 1535 conculcari,
1284 1468 1352 1524 et
1375 1459 1560 1526 velut
1581 1459 1650 1523 in
1673 1457 1953 1523 nihilum
1991 1455 2220 1541 redigi,

272 1546 600 1629 patienter
642 1544 1153 1628 exspectandum
1202 1544 1325 1612 Dei
1368 1544 1709 1610 auxilium.

449 1629 588 1698 Sed
634 1630 841 1696 altera
884 1651 966 1697 ex
1012 1641 1200 1716 parte
1244 1630 1568 1697 Davidem
1616 1628 1919 1696 audimus
1962 1637 2220 1695 mortuo

275 1715 587 1783 Samuele
643 1721 714 1781 in
771 1716 1100 1783 Pharanis
1160 1715 1490 1782 desertum
1557 1715 1960 1800 confugisse,
2035 1714 2219 1798 quasi

274 1801 436 1868 Saul
481 1804 502 1866 i
555 1824 700 1869 sum
747 1803 959 1887 magis
1003 1822 1199 1885 quam
1247 1815 1444 1868 antea
1486 1809 2005 1885 persequeretur.
2073 1799 2220 1865 Etsi

269 1909 427 1954 vero
549 1888 763 1954 avidis
805 1910 956 1973 spes
999 1908 1130 1953 non
1174 1908 1214 1952 a
1258 1888 1521 1953 mortali
1565 1887 1830 1953 homine
1872 1885 2219 1971 pendebat,

267 1973 708 2040 nihilominus
753 1986 971 2039 tamen
1017 1995 1149 2039 non
1201 1982 1477 2039 exuerat
1533 1992 1796 2038 omnem
1854 1972 2217 2038 humanum

265 2059 603 2140 affectum,
661 2080 737 2127 ao
791 2058 1065 2144 proinde
1107 2059 1323 2142 ipsum
1365 2080 1453 2124 ex
1495 2068 1706 2124 morte
1748 2058 2106 2143 prophetae
2147 2056 2216 2122 in

261 2165 511 2229 magna
549 2147 878 2212 moestitia
899 2145 1103 2211 fuisse
1124 2152 1480 2223 versatum,
1518 2144 1786 2210 minime
1809 2144 2076 2212 bubium
2101 2152 2218 2222 est,

261 2232 452 2297 euius
513 2232 889 2314 praesentia
945 2230 1254 2315 quamdiu
1309 2230 1562 2298 viveret
1619 2229 1900 2296 multum
1956 2229 2219 2294 adiuva·

261 2327 469 2394 retur,
521 2327 594 2383 et
635 2316 799 2382 fides
825 2317 1014 2382 valde
1035 2317 1492 2382 sustineretur.
1558 2315 1738 2382 Sane
1781 2315 1947 2381 fides
1991 2325 2217 2380 nostra

256 2402 394 2468 solo
419 2401 580 2468 Deo
602 2403 723 2468 niti
770 2402 981 2480 debet,
1029 2402 1144 2468 sed
1192 2412 1413 2468 tamen
1457 2403 1512 2466 si
1548 2422 1741 2485 quem
1777 2402 1908 2467 Dei
1952 2421 2210 2466 servum

261 2487 634 2555 viderimus
678 2486 961 2555 fideliter
988 2488 1204 2554 officio
1248 2509 1366 2554 suo
1411 2488 1729 2565 functum,
1775 2498 1843 2553 et
1863 2486 1992 2552 Dei
2028 2487 2215 2551 donis

252 2586 600 2651 ornatum,
660 2577 771 2657 qui
815 2574 1047 2642 salutis
1092 2575 1270 2641 viam
1330 2571 1516 2639 nobis
1571 2574 1973 2651 monstrarit,
2029 2572 2216 2639 cuius

251 2671 412 2725 nota
459 2660 824 2745 integritas
867 2670 935 2726 et
977 2658 1160 2741 fides,
1223 2680 1533 2743 magnum
1602 2658 2053 2725 adiumentum
2114 2665 2217 2723 est

245 2745 463 2828 ipsius
514 2747 650 2811 Dei
708 2744 878 2812 dono
939 2745 1021 2812 ad
1078 2746 1278 2810 fidem
1331 2757 1621 2810 nostram
1681 2743 2212 2821 confirmandam,

245 2846 310 2896 et
370 2831 460 2897 ad
528 2853 654 2897 nos
711 2831 793 2898 ad
851 2832 979 2897 Dei
1030 2832 1281 2896 cultum
1338 2829 1739 2914 excitandos,
1798 2851 1875 2897 ac
1929 2830 2087 2896 licet
2141 2830 2214 2894 in

241 2916 393 3066 ilgso
443 2938 594 2983 non
636 2917 721 2982 sit
745 2917 986 2983 fiducia
1025 2926 1250 2983 nostra
1273 2917 1574 3000 reposita,
1618 2915 1951 3001 singulare
1995 2925 2212 2981 tamen

314 3004 376 3068 ei
425 3002 834 3069 beneficium
889 3024 1032 3070 esse
1075 3003 1264 3069 nobis
1321 3023 1700 3069 concessum
1756 3003 1991 3067 merito
2050 2999 2215 3066 iudi-

238 3088 581 3155 cabimus.
672 3091 771 3156 Ac
822 3089 1095 3174 proinde
1154 3090 1210 3155 si
1256 3085 1441 3155 Deus
1500 3109 1580 3154 ex
1637 3090 1831 3154 terris
1882 3087 2072 3152 illum
2130 3085 2213 3151 ad

241 3196 314 3240 se
362 3175 661 3253 vocarit,
706 3196 840 3241 non
883 3196 1227 3259 possumus
1273 3196 1405 3239 non
1447 3173 1673 3258 lugere
1718 3182 1782 3240 et
1824 3174 2030 3258 ipsius
2075 3172 2209 3237 obi·

243 3268 393 3326 tum
517 3261 768 3326 ravitsr
826 3271 893 3325 et
950 3260 1222 3326 moleste
1276 3261 1464 3326 ferre.
1564 3259 1678 3327 Sic
1734 3261 1937 3345 igitur
1990 3256 2213 3324 David

239 3366 452 3429 quam
510 3347 584 3411 iu
646 3344 915 3414 Samuel
978 3347 1143 3412 vixit
1214 3367 1286 3412 se
1341 3345 1557 3431 potuit
1610 3345 1793 3412 illius
1847 3345 2215 3429 praesentia

237 3432 611 3513 oonsolari,
658 3441 867 3498 morte
908 3453 1068 3499 vero
1111 3432 1291 3498 illius
1352 3432 1643 3516 graviter
1688 3432 1878 3511 affici,
1937 3439 2007 3497 et
2063 3451 2215 3515 per·

235 3517 536 3597 turbari,
583 3517 773 3602 quasi
814 3517 1067 3583 sublato
1089 3515 1203 3583 illo
1248 3538 1364 3601 per
1407 3538 1600 3601 quem
1627 3518 1810 3583 Deus
1853 3517 2213 3583 bonitatem

234 3624 442 3669 suam
491 3612 569 3670 et
616 3603 1130 3669 misericordiam
1175 3603 1416 3669 Davidi
1461 3603 1911 3687 patefaciebat.
1960 3602 2024 3668 N
2027 3602 2213 3667 ihilo-

231 3690 485 3758 minus
553 3698 779 3755 tamen
824 3688 1044 3756 David
1105 3709 1438 3773 nunquam
1497 3687 1844 3772 despondit
1902 3689 2215 3764 animum,

232 3797 472 3859 neque
521 3776 597 3841 in
643 3774 768 3841 hoc
820 3775 1177 3842 certamine
1231 3773 1482 3855 defecit,
1540 3772 1653 3840 sed
1711 3782 2090 3840 constanter
2142 3774 2213 3837 in

229 3883 366 3929 sua
413 3862 780 3928 vocatione
801 3859 934 3928 Dei
955 3861 1274 3927 auxilium
1317 3869 1708 3944 exspectans
1751 3860 2215 3944 perseveravit,

228 3948 422 4030 quod
499 3946 882 4031 exemplum
946 3948 1220 4013 incitare
1286 3966 1404 4013 nos
1470 3946 1688 4025 decet,
1770 3953 1847 4011 ut
1909 3945 1968 4012 si
2031 3945 2214 4011 Deus

223 4032 482 4100 fideles
533 4053 690 4099 suos
734 4053 957 4099 servos
1003 4054 1040 4097 e
1085 4033 1255 4098 vivis
1301 4041 1550 4111 evocet,
1610 4051 1886 4114 quorum
1929 4039 2213 4096 mortem

224 4140 450 4204 aegre
500 4118 819 4199 feramus,
861 4118 1011 4186 illos
1057 4129 1275 4185 tamen
1305 4119 1598 4183 homines
1620 4117 1824 4183 fuisse
1845 4138 1921 4184 ac
1943 4114 2214 4200 perinde

223 4206 601 4282 mortales,
647 4204 760 4269 sed
809 4204 934 4271 Dei
980 4205 1324 4270 veritatem
1370 4205 1440 4268 in
1483 4211 1821 4269 aeternum
1880 4223 2021 4272 esse
2064 4223 2213 4285 per-

220 4303 648 4358 manentem
742 4291 1042 4358 seiamus.
1154 4290 1349 4356 Hanc
1440 4290 1523 4356 ob
1614 4309 1879 4355 causam
1973 4289 2215 4354 Petrus

219 4377 294 4444 2.
344 4375 659 4462 epistola
703 4375 860 4443 dicit
914 4397 985 4442 se
1030 4374 1186 4442 dare
1228 4396 1512 4460 operam,
1573 4383 1647 4440 ut
1705 4374 1932 4440 fideles
1984 4393 2212 4440 sanam

217 4466 641 4532 doctrinam
683 4462 765 4528 ab
807 4463 948 4545 ipso
995 4461 1269 4540 discant,
1326 4481 1522 4545 quam
1567 4471 1916 4545 postquam
1962 4481 2001 4525 a
2046 4459 2214 4526 vivis

217 4548 625 4618 excesserit
667 4555 1043 4613 constanter
1086 4550 1430 4629 retineant,
1488 4555 1557 4613 et
1613 4548 1683 4612 in
1729 4567 1808 4611 ea
1848 4547 2023 4611 firmi
2067 4565 2213 4628 per·

214 4643 602 4704 maneant.
692 4632 1260 4714 Quemadmodum
1304 4633 1506 4733 igitur
1548 4632 1775 4699 fideles
1818 4630 1946 4697 Dei
1987 4651 2215 4698 servos

214 4734 520 4807 oportet
570 4719 873 4786 omnibus
896 4717 1148 4785 viribus
1193 4720 1371 4796 eniti,
1416 4731 1490 4785 ut
1516 4719 1758 4784 veritas
1793 4718 1979 4785 cuius
2013 4727 2212 4784 testes

210 4818 395 4877 sunt
451 4827 547 4874 ae
594 4826 951 4890 praecones
995 4815 1141 4888 post
1185 4815 1459 4870 mortem
1505 4806 1792 4887 ipsorum
1839 4804 1979 4869 vim
2022 4824 2211 4870 suam

209 4897 584 4969 retineat,
665 4901 733 4956 et
814 4889 896 4956 ab
961 4890 1336 4957 hominibus
1399 4892 1787 4974 recipiatur,
1852 4890 1946 4957 sic
2011 4890 2209 4955 etiam

205 4981 486 5052 fideles
566 4976 896 5043 auditores
971 4985 1226 5060 oportet
1304 4977 1471 5043 scire
1549 4972 1980 5042 morientibus
2058 4974 2212 5040 fidis

353 5062 664 5142 toribus,
708 5063 826 5147 qui
866 5060 1125 5129 fidelem
1164 5083 1428 5146 operam
1473 5064 1543 5127 in
1587 5060 1893 5129 docendis
1933 5061 2209 5127 bomini-

205 5091 351 5224 ξιτ-ιι
405 5148 769 5228 navarint,
813 5158 881 5215 et
924 5168 1206 5233 quorum
1247 5149 1411 5216 fides
1454 5148 1653 5232 probe
1698 5148 1895 5214 fuerit
1927 5147 2207 5232 cognita,

1623 238 1717 304 IN
1764 238 1818 304 1.
1865 240 2044 306 LlB.
2091 237 2494 306 SAMUEL.
2541 236 2741 306 CAP.
2784 239 3013 308 XXV.

4137 241 4266 308 526

2332 448 2464 493 non
2536 428 2683 495 ideo
2742 443 2962 496 tamen
3017 432 3181 497 mori
3234 450 3387 497 cum
3454 430 3616 514 ipsis
3674 431 4017 497 veritatem
4037 480 4055 511 ,
4117 431 4271 515 quia

2331 513 2503 579 nulli
2544 515 2825 581 vanitati
2868 527 2967 580 est
3010 515 3310 583 obnoxia.
3382 517 3603 600 Atque
3648 516 3811 583 haee
3854 525 3957 586 est
3991 516 4267 585 victoria

2331 611 2576 679 nostra,
2619 599 2783 667 fides
2827 603 3140 668 nimirum
3185 602 3632 681 immutabilis,
3694 601 3853 685 quin
3897 603 4096 669 etiam
4141 624 4262 671 nos

2328 684 2692 751 infidelium
2751 687 2874 753 Dei
2934 701 3275 755 servorum
3335 698 3547 753 morte
3621 689 3832 772 magis
3900 708 3978 753 ac
4048 689 4263 774 magis

2328 782 2588 853 oportet
2641 773 3050 854 confirmari,
3107 794 3312 857 quum
3367 794 3479 840 eos
3534 769 3830 840 videmus
3887 783 4263 841 constanter

2330 854 2698 923 doctrinam
2744 858 2826 923 ad
2873 872 3148 925 mortem
3197 879 3403 942 usque
3449 859 3819 939 retinuisse,
3863 868 3931 925 et
3972 860 4260 925 animam

2329 943 2628 1009 efflantes
2670 944 2818 1009 fidei
2865 965 3023 1011 suae
3046 946 3487 1011 testimonium
3511 944 3902 1029 exhibuisse,
3947 954 4260 1029 tanquam

2330 1028 2527 1093 totius
2589 1028 2918 1098 doctrinae
2975 1031 3404 1116 signaculum.
3491 1029 3743 1098 Idcirco
3798 1030 4129 1116 apostolus
4189 1033 4262 1097 in

2329 1113 2634 1199 Epistola
2667 1116 2749 1181 ad
2776 1115 3111 1183 Hebraeos
3134 1116 3359 1183 fideles
3382 1116 3707 1198 admonet,
3742 1125 3821 1182 ut
3842 1116 4263 1184 meminerint

2327 1200 2843 1349 Braepositorum
2887 1223 3154 1268 suorum
3177 1204 3283 1285 qui
3331 1201 3581 1286 loquuti
3604 1213 3759 1267 sunt
3801 1203 3961 1286 ipsis
3985 1202 4258 1270 verbum

2397 1306 2492 1365 ei,
2574 1296 2639 1351 et
2718 1308 2945 1353 eorum
3013 1290 3343 1354 intuentes
3421 1290 3672 1354 exitum
3748 1290 4259 1355 conversationis

2325 1372 2666 1438 imitentur
2708 1374 2922 1439 fidem.
3008 1372 3084 1440 Si
3129 1374 3283 1456 quis
3320 1375 3495 1439 enim
3539 1374 3610 1439 in
3655 1373 3779 1439 bac
3819 1374 3958 1440 vita
3999 1373 4256 1441 fidelem

2324 1476 2587 1540 operam
2634 1459 2905 1524 navavit
2945 1458 3016 1525 in
3062 1458 3488 1525 admonendis
3530 1460 3859 1540 fratribus,
3916 1467 3983 1526 et
4039 1460 4107 1525 in
4153 1480 4254 1527 sa·

2323 1541 2483 1608 lutis
2526 1546 2824 1609 semitam
2870 1543 3284 1622 adducendis,
3331 1567 3489 1612 suae
3523 1546 3921 1630 integritatis
3965 1547 4253 1612 testimo·

2323 1629 2505 1693 nium
2552 1629 2768 1711 habet,
2813 1639 2878 1695 et
2921 1631 2977 1696 si
3002 1631 3286 1697 moriens
3328 1639 3704 1699 constanter
3745 1631 3899 1698 fidei
3935 1631 4254 1698 rationem

2322 1713 2697 1794 reddiderit,
2779 1714 3112 1783 doctrinae
3188 1736 3343 1783 suae
3427 1716 3957 1800 approbationem
4037 1715 4256 1784 habet.

2321 1799 2550 1882 Neque
2594 1821 2748 1867 vero
2790 1801 3058 1867 dubium
3116 1811 3217 1868 est
3273 1802 3430 1886 quin
3475 1800 3693 1867 David
3736 1801 4064 1869 Samuelis
4117 1823 4256 1886 per-

2320 1888 2689 1951 severantia
2732 1887 3090 1969 plurimum
3127 1887 3386 1954 adiutus
3425 1888 3642 1972 fuerit,
3684 1909 3886 1972 quum
3931 1888 4002 1953 in
4037 1888 4254 1954 deser-

2320 1983 2462 2036 tum
2507 1972 2837 2039 Pharanis
2882 1974 3166 2053 secessit,
3214 1972 3293 2039 de
3333 1974 3455 2039 Dei
3493 1973 4052 2057 promissionibus,
4095 1995 4256 2058 quas

2320 2077 2438 2140 per
2482 2055 2814 2125 Samuelis
2859 2059 3296 2125 ministerium
3340 2067 3698 2143 acceperat,
3752 2060 3990 2126 certior
4043 2060 4255 2128 factus

2320 2142 2423 2221 sit,
2468 2153 2538 2208 et
2578 2144 2963 2211 afflictiones
3006 2145 3246 2228 quibus
3293 2143 3648 2229 urgebatur
3691 2145 3932 2210 lenitas
3976 2143 4130 2211 sint.

2490 2228 2685 2310 Quod
2744 2252 2897 2296 vero
2942 2230 3259 2310 adiicitur,
3303 2232 3668 2297 universum
3713 2229 4015 2296 Israelem
4053 2231 4254 2312 fuisse

2317 2320 2745 2400 eonyreyatum
2764 2321 2834 2381 ut
2845 2318 3003 2398 plan
3004 2322 3214 2400 yet-ent
3239 2315 3591 2382 Samuelem
3611 2337 3867 2400 eumque
3905 2317 4253 2401 sepelirent,

2321 2419 2454 2467 non
2495 2422 2659 2485 opus
2704 2411 2806 2468 est
2848 2401 2974 2468 hoe
3016 2411 3309 2486 tempore
3354 2401 3653 2487 pluribus
3696 2403 4016 2486 persequi.
4082 2402 4252 2468 Nam

2319 2506 2523 2570 quum
2571 2487 2641 2551 in
2686 2489 3012 2571 scriptura
3053 2488 3432 2572 sepulturae
3476 2498 3737 2572 patrum
3781 2497 3916 2554 tam
3953 2499 4256 2555 accurata

2319 2574 2395 2638 fit
2440 2572 2706 2652 mentio,
2767 2574 2925 2638 satis
2968 2583 3067 2639 est
3123 2593 3243 2639 nos
3303 2575 3471 2640 scire
3514 2572 3731 2639 Deum
3780 2573 4062 2640 voluisse
4129 2572 4255 2640 boc

2318 2658 2580 2740 signum
2641 2659 2825 2735 dare,
2889 2679 3017 2743 quo
3086 2659 3152 2723 in
3224 2680 3340 2742 spe
3398 2659 3894 2726 resurrectionis
3954 2658 4255 2724 homiues

2317 2746 2897 2811 confirmarentur:
2942 2745 2999 2811 si
3042 2744 3216 2809 enim
3261 2742 3581 2810 cadavera
3623 2745 3766 2810 sine
3808 2765 3966 2811 cura
4019 2743 4252 2810 abiice-

2319 2840 2569 2908 rentur,
2617 2829 2914 2896 homines
2958 2850 3141 2915 spem
3198 2830 3458 2896 futurae
3518 2831 3587 2895 in
3647 2839 3982 2914 posterum
4038 2850 4254 2895 resur-

2318 2915 2625 2981 rectionis
2669 2916 3044 2997 abiicerent,
3102 2924 3170 2980 et
3212 2914 3392 2981 velut
3435 2915 3501 2980 in
3549 2916 3718 2980 feras
3761 2912 3841 2980 de
3888 2922 4252 2997 enerarent,

2316 3002 2504 3085 quasi
2569 3021 2715 3067 eum
2783 3022 3054 3086 corpore
3118 3001 3339 3068 anima
3414 3002 3734 3067 interiret.
3935 2998 3975 3065 d
4048 3021 4251 3083 quum

2316 3086 2633 3153 cadavera
2675 3087 3101 3170 sepeliuntur,
3142 3095 3357 3152 terrae
3394 3085 3600 3154 veluti
3637 3083 3964 3170 quoddam
4000 3086 4251 3170 deposi-

2316 3183 2456 3237 tum
2531 3174 3067 3254 committuntur,
3146 3171 3349 3239 donec
3414 3171 3680 3256 plenum
3760 3172 4253 3238 instaurationis

2317 3266 2576 3342 tempus
2618 3260 2977 3324 advenerit.
3067 3259 3298 3342 Itaque
3356 3258 3698 3342 sepultura
3754 3277 4011 3340 semper
4068 3276 4251 3323 occa-

2315 3344 2567 3410 sionem
2630 3344 2929 3428 praebuit
2985 3342 3315 3428 cogitandi
3384 3343 3581 3409 aliam
3642 3364 3785 3410 esse
3841 3343 4045 3409 vitam
4105 3350 4254 3426 post

2315 3428 2505 3496 hanc.
2595 3430 2786 3497 Licet
2832 3451 2983 3497 vero
3021 3451 3153 3494 non
3199 3450 3426 3495 omnes
3470 3429 3552 3496 ad
3599 3428 3769 3496 hano
3811 3428 4252 3514 cognitionem

2314 3517 2656 3598 venerint,
2722 3514 2909 3582 Deus
2988 3526 3211 3581 tamen
3288 3519 3359 3581 in
3425 3515 3602 3582 hune
3666 3515 3863 3581 finem
3930 3514 4252 3581 cadavera

2314 3600 2579 3684 sepeliri
2626 3600 2854 3668 voluit.
2920 3600 3279 3692 Caeterum·
3314 3602 3441 3668 ista
3485 3600 3775 3666 narratio
3819 3599 3900 3667 de
3924 3599 4252 3667 Samuelis

2315 3696 2526 3753 morte
2582 3696 2648 3753 et
2714 3688 2736 3752 i
2782 3687 2919 3753 sius
2961 3687 3298 3770 sepultura
3356 3685 3617 3754 videtur
3681 3709 3758 3752 eo
3806 3696 4121 3770 spectare,
4181 3694 4258 3751 ut

2317 3773 2531 3855 ipsum
2580 3792 2697 3855 pro
2809 3774 3016 3839 omini
3049 3773 3368 3857 propheta
3403 3773 3698 3857 agnitum
3746 3773 3814 3838 in
3860 3773 4001 3856 ipsa
4045 3779 4253 3837 morte

2316 3858 2617 3925 sciamus.
2727 3857 2951 3939 Quare
3028 3879 3224 3942 quum
3292 3859 3644 3925 universus
3710 3857 3914 3925 Israel
3992 3865 4252 3924 coactus

2316 3944 2574 4023 dicitur,
2621 3944 2823 4010 veluti
2866 3943 3010 4009 Deo
3069 3944 3342 4011 faciente
3403 3954 3468 4009 et
3527 3944 3683 4010 tuba
3737 3945 4050 4028 populum
4095 3964 4249 4010 con-

2317 4039 2589 4096 vocante
2632 4029 2714 4094 ad
2760 4027 3086 4097 Samuelis
3130 4029 3568 4112 sepulturam:
3615 4030 3852 4096 factum
3901 4028 4071 4094 istud
4116 4048 4250 4094 cer-

2318 4125 2459 4179 tum
2504 4125 2625 4189 est.
2672 4125 2746 4181 ut
2768 4115 2974 4181 honos
2999 4113 3349 4181 haberetur
3369 4125 3651 4197 mortuo,
3694 4125 3761 4180 et
3805 4114 4248 4180 testimonium

2316 4201 2653 4267 fidelitatis
2710 4202 2917 4285 ipsius
2977 4201 3433 4285 praeberetur,
3506 4215 3573 4267 et·
3644 4200 3977 4267 doctrinae
4041 4197 4248 4281 ipsius

2315 4288 2574 4371 pondus
2632 4287 3010 4369 adderetur,
3079 4285 3351 4371 Deoque
3422 4287 3549 4371 ipsi
3607 4286 3860 4352 debitus
3916 4285 4125 4349 honor
4181 4291 4250 4349 et

2361 4373 2524 4438 loria
2580 4371 2980 4439 redderetur.
3067 4370 3203 4439 Sed
3260 4384 3592 4455 praeterea
3635 4369 3880 4437 Davidi
3935 4391 4247 4456 magnum

2362 4480 2439 4525 oc
2481 4460 2652 4526 facto
2698 4458 3001 4525 solatium
3050 4458 3321 4525 allatum
3381 4469 3498 4537 est,
3556 4476 3752 4540 quum
3815 4456 4037 4522 hostes
4094 4475 4249 4520 suos

2318 4544 2481 4611 vidit
2539 4545 2910 4611 incredulos
2969 4553 3187 4610 tamen
3247 4553 3315 4611 et
3371 4542 3666 4626 stupidos
3720 4541 4104 4626 congregari
4163 4539 4246 4606 ad

2316 4629 2647 4696 Samuelis
2691 4631 3056 4697 doctrinam
3115 4651 3235 4695 suo
3282 4628 3653 4700 testimonio
3709 4625 4248 4706 confirmandam,

2316 4726 2384 4782 et
2426 4737 2467 4782 a
2508 4715 2654 4781 Deo
2709 4718 3065 4800 profectam
3125 4712 3622 4782 testificandum.
3714 4711 3984 4779 Saulem
4049 4712 4243 4777 etiam

2313 4801 2439 4869 hoc
2523 4801 2696 4869 facto
2780 4802 3176 4869 commoveri
3263 4800 3684 4868 vehementer
3769 4799 4092 4882 oportuit,
4180 4806 4248 4863 et

2313 4887 2748 4956 eonscientiae
2770 4887 3095 4953 morsibus
3131 4885 3477 4965 stimulari,
3520 4894 3586 4950 et
3627 4884 3750 4950 hoc
3794 4884 4021 4968 populi
4063 4884 4246 4950 luctu

2315 4973 2397 5040 de
2440 4985 2652 5039 morte
2698 4971 3027 5040 Samuelis
3069 4971 3396 5057 redargui.
3474 4970 3648 5036 Nam
3693 4968 3917 5035 debuit
3960 4969 4246 5054 cogitare

2314 5061 2537 5145 regiae
2615 5058 2955 5144 dignitatis
3043 5058 3321 5142 gradum
3402 5056 3647 5123 Davidi
3725 5077 3842 5139 per
3918 5053 4246 5123 Samuelis

2313 5145 2752 5213 ministerium
2795 5144 3100 5212 collatum
3143 5153 3490 5228 opportere
3531 5142 3674 5208 fieri
3718 5151 3932 5208 ratum
3975 5150 4042 5208 et
4084 5141 4245 5207 irre·
