5059 6059
826 298 955 368 255

828 494 1104 561 ninnam
1145 488 1507 574 prolificam
1551 487 1936 555 testificatio.
1997 484 2131 556 Sed
2174 491 2423 568 quanta
2458 483 2549 551 sit
2592 505 2768 550 mor·

830 578 1061 646 talium
1099 574 1510 661 perversitas,
1570 574 1726 639 hinc
1769 595 1883 639 oro
1927 572 2188 650 discite,
2236 570 2363 636 Dei
2410 569 2601 637 donis
2646 570 2772 634 mi-

830 685 977 732 sere
1020 663 1112 729 sic
1156 660 1586 727 abutentium.
1649 659 1822 724 Nam
1867 662 1936 724 in
1981 678 2175 743 quem
2220 657 2419 722 finem
2463 676 2542 720 ea
2585 656 2775 721 nobis

830 750 1018 818 'Deus
1077 749 1374 832 largitur,
1436 745 1560 812 nisi
1621 754 1697 810 ut
1737 746 2072 831 proximos
2131 743 2542 819 adiuvemus,
2587 742 2774 807 cuins

828 838 930 904 rei
974 836 1346 918 frequenter
1387 852 1611 898 sacrae
1632 835 1993 915 scripturae
2017 849 2134 896 nos
2169 829 2547 905 admonent,
2589 847 2775 911 prae-

831 923 1150 1006 cipientes
1196 928 1271 984 ut
1315 938 1741 1001 quaecunque
1769 937 1809 982 a
1830 918 1972 983 Deo
2014 915 2400 997 accepimus,
2446 914 2517 976 in
2554 913 2776 995 proxi·

834 1027 1088 1074 morum
1163 1005 1397 1089 quibus
1453 1003 1738 1070 devincti
1809 1012 2049 1067 natura
2114 1020 2341 1065 sumus
2417 997 2770 1062 utilitatem

834 1107 904 1161 et
945 1090 1288 1160 commoda
1330 1101 1810 1170 convertamus,
1872 1099 1939 1154 et
1983 1107 2131 1153 cum
2177 1083 2459 1169 quadam
2496 1092 2658 1148 cura
2699 1096 2766 1148 et

834 1177 1274 1248 sollicitudine
1352 1174 1694 1260 egentibus
1759 1169 2275 1240 distribuamus?
2377 1167 2601 1250 Quare
2665 1169 2777 1253 qui

834 1265 1087 1335 maiora
1143 1263 1316 1329 dona
1356 1281 1552 1345 quam
1598 1261 1712 1326 alii
1755 1267 2163 1344 acceperuut,
2223 1276 2367 1321 sese
2407 1263 2593 1320 tanto
2637 1275 2776 1319 ma·

835 1353 941 1437 gis
1020 1349 1247 1434 egenis
1325 1346 1645 1432 proximis
1710 1347 2048 1412 devinctos
2113 1350 2453 1408 noscunto.
2571 1337 2777 1407 Secus

834 1459 989 1502 vero
1035 1435 1149 1519 qui
1193 1434 1421 1509 faxint,
1478 1453 1556 1498 ac
1612 1430 1974 1498 minoribus
2028 1429 2217 1495 donis
2260 1446 2419 1511 prae
2459 1446 2531 1490 se
2575 1425 2774 1490 dona-

832 1536 938 1589 tos
982 1520 1512 1603 contempserint,
1583 1520 1839 1586 sciuuto
1896 1538 1967 1583 se
2022 1512 2296 1599 perinde
2339 1513 2552 1578 facere
2597 1531 2673 1577 ac
2717 1511 2775 1576 si

830 1608 1238 1675 membratim
1293 1605 1541 1671 laceros
1594 1614 1663 1669 et
1718 1624 1759 1668 a
1816 1622 2087 1686 corpore
2142 1599 2394 1666 Christi
2471 1596 2773 1662 revulsos

826 1693 1095 1761 canibus
1153 1691 1564 1775 proiicerent.
1677 1689 1911 1772 Itaque
1965 1706 2280 1770 magnum
2347 1692 2448 1749 est
2510 1681 2636 1748 hac
2700 1683 2773 1746 in

829 1792 1017 1865 parte
1061 1778 1402 1844 bominum
1439 1774 1753 1842 adversus
1799 1776 2013 1840 Deum
2057 1769 2564 1854 insurgentium,
2617 1765 2772 1831 dum

830 1865 1166 1952 proximos
1208 1862 1371 1928 adeo
1413 1861 1595 1927 flocci
1638 1862 1905 1938 faciunt,
1958 1856 2208 1943 ingrati
2265 1853 2469 1921 animi
2510 1852 2770 1920 vitium.

830 1950 1104 2018 Accedit
1148 1947 1228 2014 ad
1274 1947 1609 2031 superiora
1650 1967 1780 2012 non
1827 1946 1993 2011 tanti
2036 1943 2239 2009 fuisse
2273 1942 2554 2025 gratiam
2592 1939 2771 2003 illam

829 2057 1024 2121 quam
1072 2043 1409 2118 acceperat
1451 2032 1820 2111 Pheninna‚
1864 2041 1941 2096 ut
1982 2050 2141 2114 prae
2184 2027 2295 2092 illa
2336 2025 2538 2091 fuerit
2572 2026 2774 2090 Anna

830 2120 1331 2199 contemnenda,
1405 2126 1470 2184 et
1527 2138 1672 2182 cum
1720 2126 1904 2184 tanto
1948 2118 2118 2182 fastu
2165 2111 2506 2178 irritanda.
2596 2109 2773 2175 Nam

831 2208 995 2274 felix
1048 2206 1230 2290 prole
1287 2214 1392 2271 est
1447 2204 1814 2283 Pheninna,
1882 2201 1995 2268 sed
2055 2205 2255 2267 Anna
2320 2196 2582 2263 sterilis.
2681 2197 2774 2261 At

832 2294 960 2360 Dei
1005 2292 1259 2373 timore,
1302 2289 1415 2374 qui
1437 2290 1767 2356 maximus
1789 2298 1889 2354 est
1913 2289 2141 2362 honor,
2184 2295 2252 2350 et
2286 2282 2477 2348 laude
2512 2301 2773 2346 summa

834 2379 1277 2463 dignissimus,
1329 2380 1525 2441 Anna
1564 2396 1706 2440 sese
1740 2371 2255 2443 commendabat.
2313 2366 2571 2451 Ecquid
2594 2367 2769 2431 enim

829 2462 1180 2549 pretiosius
1245 2482 1385 2527 esse
1449 2459 1638 2526 nobis
1702 2459 1894 2526 debet
1952 2460 2077 2526 Dei
2142 2458 2375 2522 timore
2440 2466 2508 2519 et
2571 2471 2768 2518 vene-

831 2550 1083 2615 ratione
1124 2569 1255 2613 non
1300 2545 1654 2612 simulata?
1745 2546 2085 2613 Gloriatur
2127 2553 2366 2619 tamen,
2411 2538 2524 2604 sed
2570 2558 2767 2621 quam

829 2636 1011 2700 inani
1070 2634 1275 2718 gloria
1331 2633 1717 2699 Pheninnal
1808 2631 2035 2713 Neque
2091 2648 2249 2695 vero
2312 2625 2545 2691 vitium
2589 2622 2766 2722 istud

829 2720 1153 2799 insolens,
1220 2716 1333 2784 sed
1410 2718 1711 2784 omnibus
1774 2716 2048 2784 saeculis
2111 2731 2478 2782 commune.
2588 2708 2768 2775 Hinc

830 2817 987 2873 nata
1030 2804 1202 2888 apud
1246 2805 1565 2870 Ethnicos
1608 2803 2145 2878 benedictionem,
2196 2819 2390 2884 qnam
2434 2796 2504 2860 in
2549 2796 2766 2861 fructu

832 2893 1087 2959 ventris
1153 2890 1514 2973 scripturae
1578 2890 1988 2972 promittunt,
2053 2885 2369 2953 conviciis
2434 2881 2765 2946 lacerandi

826 2978 1109 3045 licentia.
1191 2976 1479 3041 Fructus
1522 2974 1696 3041 enim
1743 2974 1996 3041 ventris
2040 2972 2111 3038 in
2156 2968 2602 3054 singularibus
2639 2966 2766 3031 Dei

824 3062 1159 3130 beneficiis
1219 3061 1574 3145 reponitur,
1633 3071 1718 3139 at,
1776 3080 2032 3143 quaeso,
2093 3077 2291 3141 quam
2347 3052 2597 3119 multae
2640 3061 2762 3115 sto-

826 3148 999 3215 lidae
1055 3147 1361 3213 mulieres
1421 3146 1577 3212 dum
1632 3156 1904 3230 propter
1953 3153 2288 3226 susceptos
2329 3138 2569 3205 liberos
2609 3137 2765 3202 effe-

825 3244 1065 3301 runtur
1106 3243 1176 3299 et
1219 3232 1428 3318 gloria
1472 3242 1759 3315 turgent,
1805 3231 1950 3296 aliis
1996 3229 2311 3295 adversus
2355 3224 2483 3290 Dei
2528 3223 2764 3289 maies-

824 3331 1025 3387 tatem
1087 3318 1573 3386 contumeliosis
1637 3316 1857 3384 verbis
1911 3313 2298 3402 insurgendi
2363 3311 2768 3377 occasionem

830 3406 1298 3491 praebuerunt,
1344 3423 1421 3470 ac
1462 3403 1671 3468 veluti
1707 3401 2037 3469 lacerandi
2076 3401 2179 3466 his
2215 3398 2454 3473 verbis,
2499 3396 2770 3479 Ergone

833 3514 983 3559 sues
1038 3501 1290 3573 septem
1350 3499 1467 3555 aut
1521 3509 1754 3556 novem
1800 3487 2052 3555 catulos
2095 3487 2389 3565 educere,
2447 3502 2555 3547 me
2615 3501 2769 3546 vero

836 3599 919 3643 ne
975 3577 1292 3642 infantem
1341 3572 1607 3658 quidem
1652 3573 1883 3656 posse?
1972 3572 2077 3638 Ita
2121 3572 2250 3638 Dei
2296 3569 2653 3635 benedictio
2698 3567 2770 3631 in

834 3662 1187 3729 ludibrium
1245 3666 1314 3726 et
1369 3670 1813 3744 contemptum
1870 3680 2061 3725 versa
2102 3669 2220 3736 est,
2272 3674 2497 3721 eorum
2543 3672 2769 3736 super-

834 3749 943 3814 bia
1008 3759 1075 3812 et
1140 3746 1515 3830 arrogantia
1577 3745 1689 3830 qui
1746 3745 1872 3811 Dei
1941 3744 2366 3810 beneficentia
2429 3750 2771 3822 tantopere

835 3845 990 3900 sunt
1035 3830 1238 3897 abusi.
1328 3832 1551 3917 Digna
1594 3839 1750 3896 sunt
1790 3831 1919 3896 ista
1962 3850 2133 3913 quae
2176 3829 2527 3912 diligenter
2571 3846 2609 3888 a
2653 3844 2768 3890 uo·

835 3919 937 3986 bis
1002 3925 1332 3995 notentur,
1400 3927 1476 3982 ut
1519 3918 1732 3983 Deum
1789 3917 2035 3982 oraturi
2091 3917 2272 3981 omni
2328 3911 2661 3978 simultate
2702 3918 2771 3975 et

834 4005 984 4071 odio
1032 4002 1217 4070 vacui
1264 4021 1339 4066 ac
1382 4002 1640 4085 spoliati
1679 4001 1761 4068 ad
1807 4024 1958 4067 eum
2001 4000 2406 4069 accedamus.
2494 3998 2769 4063 Certum

835 4090 1011 4156 enim
1057 4098 1158 4152 est
1200 4086 1349 4153 odia
1390 4109 1536 4153 cum
1580 4088 1903 4172 proximis
1945 4087 2395 4153 exercentibus
2439 4086 2765 4150 coelorum

834 4174 1085 4244 aditum
1130 4173 1480 4257 occlusum,
1539 4186 1740 4258 atque
1791 4192 2017 4257 preces
2073 4173 2291 4256 potius
2337 4174 2477 4239 Deo
2521 4191 2767 4236 memo·

832 4263 997 4328 riam
1060 4270 1468 4342 peccatorum
1528 4261 1831 4326 refricare
1885 4279 2082 4342 quam
2141 4262 2313 4344 ipsos
2354 4259 2570 4325 eidem
2612 4276 2767 4324 con-

831 4346 1078 4424 ciliare,
1136 4345 1338 4409 immo
1396 4345 1571 4428 ipsas
1625 4367 1847 4430 preces
1896 4347 1965 4411 in
2010 4358 2275 4430 peecata
2317 4364 2576 4412 summa
2617 4366 2768 4409 nos·

835 4443 936 4497 tra
1018 4450 1167 4495 cum
1243 4430 1624 4496 confusione
1702 4431 2015 4496 converti.
2122 4431 2378 4497 Idcirco
2448 4431 2769 4497 Dominus

833 4527 1055 4583 noster
1111 4515 1298 4581 Iesus
1354 4516 1660 4583 Christus
1713 4516 1937 4582 fideles
1993 4517 2163 4600 apud
2209 4517 2593 4583 Mathaeum
2654 4514 2767 4582 ad·

833 4612 1076 4682 monet,
1136 4612 1211 4666 ut
1267 4602 1320 4665 si
1381 4623 1621 4667 munus
1682 4599 1764 4666 ad
1821 4601 2027 4668 altare
2063 4604 2412 4669 offerentes
2454 4607 2767 4669 memine-

832 4688 972 4753 rint
1025 4708 1065 4753 a
1119 4709 1190 4753 se
1245 4688 1579 4770 proximos
1639 4687 1938 4768 offensos,
2008 4692 2245 4757 omisso
2310 4711 2528 4757 coram
2577 4689 2768 4755 altari

832 4795 1106 4839 munere
1162 4773 1664 4838 reconcilientur
1705 4774 1885 4856 ipsis,
1944 4776 2149 4840 irritis
2205 4776 2493 4859 alioquin
2552 4797 2768 4842 coram

833 4859 976 4925 Deo
1033 4858 1272 4924 futuris
1330 4860 1649 4942 precibus.
1752 4860 1935 4943 Ergo
1995 4862 2361 4945 quicunque
2412 4883 2564 4927 suas
2620 4862 2768 4928 Deo

832 4966 1055 5028 preces
1100 4955 1324 5027 gratas
1368 4956 1434 5009 et
1477 4953 1776 5028 acceptas
1823 4967 1963 5011 esse
2008 4946 2201 5024 volet,
2246 4948 2431 5012 fratri
2477 4948 2762 5030 primum

834 5030 1300 5096 reconciliator.
1410 5029 1739 5112 Quorsum
1808 5033 1981 5096 enim
2049 5052 2274 5115 preces
2339 5034 2511 5118 apud
2580 5035 2766 5101 illum

830 5114 1307 5181 funderentur?
1399 5115 1473 5186 Si
1533 5117 1704 5201 patri
1748 5117 1923 5182 filius
1967 5140 2204 5185 exosus
2251 5131 2368 5198 est,
2442 5141 2560 5187 noc
2611 5143 2765 5205 sup·

830 5201 984 5284 plex
1032 5201 1284 5268 veniam
1333 5201 1665 5287 deprecari
1712 5203 1873 5280 vult,
1941 5202 2184 5272 frustra
2229 5205 2536 5289 querulas
2576 5228 2767 5274 voees

2532 295 2943 366 HOMILIA
2988 299 3074 366 11.

4630 303 4730 368 256

2877 490 3233 557 emissurus
3289 500 3406 558 est.
3496 488 3627 556 Dei
3683 509 3838 556 vero
3896 487 4018 554 filii
4074 507 4218 553 esse
4277 509 4406 552 non
4451 508 4736 570 possumus

2875 574 3004 641 nisi
3048 576 3228 641 omni
3270 577 3419 642 odio
3462 588 3529 642 et
3571 575 3900 642 simultate
3944 574 4233 657 deposita
4287 583 4561 638 mutuam
4602 576 4736 642 inter

2876 682 2995 726 nos
3038 663 3541 728 familiaritatem
3588 672 3655 727 et
3697 660 4169 726 fraternitatem
4215 659 4512 726 colamus.

3045 748 3139 812 Et
3211 748 3292 815 de
3361 749 3656 832 precibus
3721 745 3982 829 quidem
4049 745 4383 811 hactenus.
4488 744 4734 812 Alterum

2874 830 3356 900 observandum
3401 844 3501 900 est
3542 835 3610 898 in
3637 834 3764 898 Dei
3807 832 3989 897 cultu
4033 841 4246 915 caput,
4291 849 4378 895 ne
4418 831 4740 915 corruptelis

2877 919 3121 985 nostris
3179 920 3361 986 illum
3420 920 3803 998 alteremus,
3870 939 3998 1001 qua
4055 920 4123 982 in
4183 937 4254 982 re
4313 937 4605 1001 magnum
4653 917 4740 982 ad-

2877 1004 3161 1070 mittitur
3203 1006 3635 1090 sacrilegium.
3727 1003 3925 1070 Velut
3979 1003 4035 1069 si
4078 1004 4222 1086 quis
4263 1003 4538 1086 exempli
4575 1004 4741 1084 gratia

2876 1091 3155 1172 gradum
3202 1092 3482 1175 aliquem
3521 1113 3596 1158 ac
3630 1089 4015 1175 dignitatem
4061 1090 4130 1154 in
4175 1087 4442 1154 ecclesia
4471 1088 4636 1153 donis
4661 1110 4744 1153 ex·

2878 1175 3363 1243 cellentioribus
3420 1189 3692 1243 ornatus
3748 1176 3836 1240 sit
3887 1185 4293 1258 assequutus,
4356 1183 4423 1238 et
4460 1185 4747 1257 propterea

2879 1262 3081 1326 nimia
3145 1261 3468 1329 honorum
3533 1261 3887 1346 cupiditate
3959 1270 4026 1326 et
4102 1259 4453 1325 ambitione
4526 1269 4747 1344 turgeat,

2879 1368 3098 1414 nonne
3144 1349 3268 1414 Dei
3313 1351 3580 1428 cultum,
3638 1367 3827 1432 quem
3882 1357 4366 1412 sacrosanctum
4425 1344 4597 1411 nobis
4641 1368 4748 1413 esse

2875 1434 3179 1517 oportuit,
3259 1446 3634 1519 pervertere
3710 1443 3778 1498 et
3851 1433 4141 1516 polluere
4205 1431 4440 1496 merito
4500 1430 4747 1497 dicetur?

2879 1517 3100 1600 Quare
3160 1520 3378 1586 danda
3431 1519 3617 1586 nobis
3672 1539 3868 1603 opera
3916 1527 3996 1582 ut
4038 1536 4454 1601 quoscunque
4495 1516 4657 1582 Dens
4688 1518 4751 1582 ad

2876 1627 3065 1671 suum
3109 1607 3356 1671 cultum
3400 1608 3565 1672 ritus
3606 1605 3910 1679 instituit,
3964 1603 4046 1669 ad
4106 1623 4332 1668 verum
4387 1623 4568 1668 usum
4622 1603 4750 1667 refe·

2875 1711 3117 1769 ramus,
3179 1712 3414 1774 nempe
3468 1692 3601 1757 illis
3658 1702 3965 1772 tanquam
4024 1688 4478 1755 instrumentis
4538 1697 4753 1754 utamur

2875 1778 3107 1861 quibus
3164 1776 3246 1842 ad
3304 1777 3523 1843 Deum
3583 1776 3847 1860 propius
3902 1776 4318 1857 accedamus,
4349 1784 4749 1857 ,mutuamque

2872 1884 3099 1947 pacem
3163 1885 3239 1930 ac
3295 1862 3802 1929 familiaritatem
3859 1881 4008 1928 cum
4066 1860 4382 1926 fratribus
4438 1861 4752 1926 foveamus:

2873 1958 3099 2016 vetera
3143 1949 3309 2029 odia,
3345 1949 3727 2024 simultates,
3763 1945 4210 2012 contentiones
4245 1966 4328 2010 ex
4366 1946 4594 2029 quibus
4623 1945 4754 2012 aliae

2873 2034 3147 2102 subinde
3207 2046 3633 2101 nascerentur
3688 2043 4002 2116 perpetua
4055 2031 4383 2098 oblivione
4441 2032 4755 2114 sopiamus:

2873 2122 3149 2204 denique
3193 2143 3276 2186 ne
3318 2142 3466 2188 cum
3506 2119 3823 2205 proximis
3864 2118 4036 2183 ullas
4077 2117 4455 2183 inimicitias
4499 2137 4753 2184 exerces·

2875 2228 3055 2273 mus:
3126 2207 3238 2273 sed
3299 2214 3564 2272 mutuas
3626 2225 3861 2289 operas
3924 2205 4141 2287 potius
4204 2202 4285 2267 ad
4354 2204 4756 2287 proximorum

2874 2293 3148 2358 salutem
3210 2291 3648 2376 quaerendam
3708 2299 3776 2355 et
3832 2288 4339 2373 promovendam
4397 2310 4513 2373 pro
4553 2288 4758 2353 viribus

2871 2378 3304 2445 conferamus.
3413 2376 3671 2443 Deinde
3746 2377 3800 2441 si
3881 2376 4067 2442 donis
4131 2373 4680 2440 excellentioribus
4730 2394 4759 2436 a

2874 2463 3018 2529 Deo
3062 2464 3268 2531 simus
3310 2463 3543 2540 ornati,
3603 2483 3687 2527 ne
3743 2462 4110 2542 efferamur,
4167 2460 4283 2527 sed
4340 2460 4473 2525 illis
4518 2459 4761 2526 modeste

2875 2559 3157 2634 utamur,
3203 2551 3479 2616 seientes
3515 2551 3691 2614 inter
3725 2569 3795 2613 se
3846 2558 4157 2630 tanquam
4205 2549 4429 2631 ignem
4468 2557 4534 2612 et
4564 2566 4759 2629 aquam

2871 2657 3165 2720 pugnare
3208 2636 3577 2720 superbiam
3622 2643 3690 2699 et
3731 2633 4067 2700 ecclesiam
4110 2632 4261 2716 Dei,
4306 2631 4376 2697 id
4419 2642 4517 2697 est
4555 2635 4762 2697 sincere

2870 2729 2936 2787 et
2999 2743 3083 2788 ex
3140 2726 3357 2787 animo
3403 2723 3614 2788 Deum
3674 2719 3961 2786 colentes
4017 2726 4152 2784 toto
4208 2718 4389 2784 coelo
4432 2739 4473 2783 a
4512 2715 4764 2801 superbis

2870 2817 2937 2873 et
2999 2807 3356 2873 ambitiosis
3420 2805 3791 2872 hominibus
3855 2805 4100 2871 distare
4156 2817 4475 2888 oportere.
4575 2805 4763 2885 Neque

2871 2894 3045 2958 enim
3093 2914 3237 2959 sese
3281 2893 3578 2958 mortalis
3620 2891 3792 2957 ullus
3835 2890 3939 2957 vel
3985 2890 4312 2955 tantillum
4358 2891 4547 2956 effert
4584 2909 4763 2972 super·

2868 2980 2992 3057 bia,
3059 2979 3220 3062 quin
3276 2977 3661 3043 tantundem
3721 2976 3801 3042 de
3861 2976 3987 3042 Dei
4088 2977 4267 3055 loria,
4347 2989 4655 3059 quantum
4704 2975 4760 3039 in

2869 3065 2982 3131 illo
3025 3073 3145 3143 est,
3204 3063 3531 3129 detrahat:
3593 3074 3789 3146 atque
3846 3061 3973 3128 Dei
4074 3083 4201 3128 ona
4256 3063 4555 3145 profanet
4600 3072 4761 3143 atque

2869 3150 3140 3234 polluat,
3207 3171 3407 3234 quum
3467 3149 3823 3215 ambitione
3888 3147 4192 3232 turgidus
4234 3146 4520 3215 honores
4561 3148 4635 3212 ab
4675 3148 4763 3210 ho·

2871 3236 3155 3302 minibus
3219 3236 3486 3321 appetit,
3553 3236 3686 3319 qui·
3728 3233 3845 3299 soli
3914 3234 4055 3299 Deo
4120 3234 4443 3302 bonorum
4507 3233 4759 3298 omnium

2871 3323 3083 3388 autori
3130 3321 3476 3387 debentur:
3521 3322 3722 3385 immo
3764 3319 3887 3386 sibi
3930 3319 4101 3402 quod
4134 3317 4260 3386 Dei
4304 3331 4409 3386 est
4453 3320 4764 3402 proprium,

2874 3408 3072 3473 veluti
3117 3407 3360 3491 plumis
3401 3408 3543 3472 eius
3586 3405 3984 3489 superbiens,
4030 3418 4311 3489 arrogat.
4406 3404 4622 3487 Quare
4661 3423 4765 3468 non

2872 3502 3126 3559 tantum
3193 3493 3305 3559 ille
3370 3502 3471 3558 est
3533 3493 3795 3569 abusus,
3862 3491 3974 3557 sed
4030 3511 4216 3556 mera
4272 3490 4404 3557 Dei
4465 3492 4764 3565 donorum,

2872 3600 3038 3662 quae
3061 3580 3126 3643 in
3153 3580 3340 3645 nobis
3374 3579 3592 3644 lucere
3626 3578 3966 3655 debebant,
4010 3577 4375 3661 profanatio
4412 3587 4484 3642 et
4515 3574 4762 3661 pollutio.

2871 3664 3084 3730 Immo
3141 3675 3211 3731 et
3266 3667 3286 3729 i
3336 3665 3396 3731 si
3437 3666 3580 3730 Deo
3635 3664 3977 3748 gigantum
4034 3684 4213 3728 more
4270 3663 4517 3730 bellum
4558 3663 4765 3729 inferre

2872 3762 2985 3816 tan
3032 3772 3183 3817 uam
3220 3772 3291 3816 so
3318 3752 3379 3815 io
3414 3750 3754 3833 spoliaturi
3789 3748 4116 3826 videntur,
4155 3750 4267 3831 qui
4301 3748 4580 3834 gloriam
4613 3765 4764 3814 suam

2871 3857 2997 3920 apu
3122 3836 3418 3902 homines
3496 3844 3839 3919 quaerunt.
3958 3832 4228 3901 Accedit
4295 3846 4364 3901 et
4429 3834 4598 3900 aliud
4658 3850 4765 3896 non

2870 3922 3087 3988 minus
3120 3924 3387 3990 vitium:
3423 3932 3584 4005 puta
3619 3921 4084 4003 proximorum,
4121 3941 4286 4004 quos
4321 3941 4446 4004 pro
4483 3922 4765 3986 donorum

2870 4027 2912 4074 a
2956 4008 3098 4074 Deo
3155 4017 3562 4092 acceptorum
3618 4026 3927 4073 mensura
3979 4008 4205 4071 iuvare
4268 4008 4625 4092 oportebat,
4685 4003 4764 4068 in-

2868 4095 3041 4161 iuria
3105 4104 3173 4159 et
3234 4092 3649 4174 contumelia,
3726 4113 3875 4158 cum
3938 4091 4184 4158 iniusta
4248 4092 4676 4159 dominatione
4713 4095 4766 4152 et

2868 4201 3061 4279 saepe
3081 4179 3343 4245 fastidio
3361 4182 3724 4246 coniuncta.
3786 4178 4252 4245 Intolerandus
4286 4199 4448 4244 sane
4484 4177 4765 4243 donorum

2868 4265 3000 4330 Dei
3064 4265 3322 4331 abusus.
3409 4264 3853 4346 Quamobrem
3921 4273 4105 4329 tanto
4170 4265 4485 4330 maiorem
4540 4263 4604 4328 in
4662 4260 4767 4327 illis

2868 4371 3013 4417 esse
3055 4352 3456 4428 modestiam,
3516 4372 3680 4434 quos
3723 4351 3903 4417 Deus
3960 4348 4042 4414 ad
4096 4350 4535 4417 ministerium
4594 4353 4768 4422 vocat,

2870 4444 3142 4519 oportet,
3203 4447 3449 4519 quanto
3515 4436 3762 4503 maiora
3808 4435 3980 4501 dona
4035 4446 4193 4501 sunt
4244 4435 4654 4519 consequuti:
4709 4437 4768 4496 ut

2869 4523 3049 4588 vitae
3112 4522 3411 4605 exemplo
3476 4523 3756 4605 reliquos
3819 4522 3901 4586 ad
3962 4522 4085 4586 Dei
4147 4523 4398 4590 cultum
4445 4521 4765 4606 pellicient·

2917 4607 3104 4674 uibus
3170 4608 3489 4674 donorum
3554 4607 3944 4674 excellentia
4006 4611 4258 4690 praeire
4327 4607 4510 4674 Deus
4573 4603 4765 4671 voluit.

2929 4703 3219 4758 aeterum
3288 4696 3501 4759 omnis
3558 4692 3872 4760 adversus
3929 4694 4228 4760 inimicos
4286 4693 4594 4778 fugienda
4647 4690 4763 4754 vin·

2868 4779 3044 4844 dicta
3107 4790 3173 4844 et
3237 4779 3527 4854 saevitia,
3594 4780 3746 4846 licet
3809 4791 4028 4844 tamen
4098 4781 4324 4846 multis
4390 4779 4645 4845 iniuriis
4699 4771 4764 4837 ab

2869 4866 3029 4950 ipsis
3094 4866 3440 4949 provocati.
3521 4866 3843 4948 Exemplo
3908 4866 4094 4933 nobis
4171 4879 4310 4932 esto
4377 4866 4594 4930 David
4658 4860 4764 4933 ille,

2869 4951 3054 5017 cuius
3099 4953 3169 5017 in
3212 4952 3388 5034 ipsos
3429 4951 3729 5018 inimicos
3761 4963 3920 5016 nota
3953 4950 4444 5018 benevolentia:
4487 4951 4637 5035 Epo,
4677 4947 4760 5010 in·

2870 5039 3014 5121 quit
3048 5035 3127 5102 de
3167 5037 3463 5102 hostibus
3508 5037 3796 5119 loquens,
3839 5058 4034 5120 quum
4076 5039 4443 5105 laborarunt
4474 5036 4652 5102 indui
4688 5049 4766 5096 m

2868 5143 3066 5205 saoce,
3110 5121 3322 5205 afflixi
3381 5124 3620 5188 ieiunio
3661 5125 3946 5190 animam
3987 5144 4224 5191 meam:
4277 5130 4334 5189 et
4390 5125 4596 5188 oratio
4646 5134 4762 5184 mou

2870 5210 2938 5273 in
2965 5211 3180 5276 sinum
3222 5229 3427 5276 meum
3465 5229 3647 5276 versa
3688 5215 3794 5276 est.
3867 5210 4065 5291 Quasi
4106 5212 4332 5292 socius,
4375 5210 4564 5290 quasi
4591 5208 4765 5290 frater
