5059 6059
851 357 974 420 387
2442 354 2854 422 HOMILIA
2899 354 3240 421 LXXVII
3246 403 3261 418 .
4628 363 4694 426 3⁷38

857 551 1081 630 fugere
1127 558 1192 609 et
1233 545 1326 607 illi
1377 566 1516 609 sese
1561 545 1838 608 tradere.
1929 543 2122 607 Hanc
2171 544 2371 626 igitur
2408 548 2486 607 ob
2535 565 2796 609 eausam

858 636 924 695 in
969 631 1413 697 sanctuarium
1463 634 1686 694 venire
1722 650 1917 712 quam
1963 630 2033 692 in
2080 629 2281 693 alium
2330 630 2532 694 ullum
2580 632 2797 694 locum
2850 662 2854 697 a

857 718 1108 795 maluit,
1145 716 1296 781 licet
1333 737 1461 781 non
1508 716 1722 782 dubiis
1752 715 2140 781 coniecturis
2184 716 2626 798 suspicaretur
2663 718 2798 780 fore
2847 720 2853 755 ²

858 814 931 868 ut
975 803 1067 868 ibi
1111 802 1442 867 videretur
1488 812 1553 866 et
1598 802 1677 866 ad
1724 822 1943 885 regem
1995 800 2372 866 deferretur.
2463 801 2798 882 Quemad-
2849 774 2854 889 ξ

757 942 784 969 ,
858 889 1119 955 modum
1165 889 1514 971 contigisse
1557 888 1830 952 inferius
1873 887 2153 953 infelicis
2198 887 2376 952 illius
2427 888 2633 970 Doegi
2681 888 2799 951 mi-

856 976 1125 1042 nisterio
1187 975 1570 1040 videbimus.
1664 974 1913 1039 Verum
1973 973 2146 1036 enim
2211 995 2361 1038 vero
2421 994 2553 1037 non
2614 973 2798 1038 dubi-

859 1064 1023 1127 tavit
1078 1062 1236 1145 quin
1293 1062 1466 1124 Deus
1523 1061 1735 1143 ipsum
1795 1060 2249 1136 misereretur,
2311 1069 2376 1123 et
2429 1059 2799 1142 profugium
2849 1110 2855 1147 ι

857 1149 982 1231 ipsi
1021 1147 1399 1212 concederet
1434 1167 1508 1210 eo
1545 1148 1700 1223 loco,
1747 1156 1821 1209 ut
1861 1156 2271 1227 praesentem
2312 1145 2597 1227 alioquin
2637 1165 2801 1207 mor·
2848 1150 2855 1223 -ξ

857 1244 991 1301 tem
1032 1233 1369 1318 effugeret.
1456 1231 1687 1315 Itaque
1734 1251 1862 1294 non
1910 1230 2179 1295 dubium
2224 1242 2350 1307 est,
2411 1232 2599 1312 quin,
2658 1242 2803 1313 post

859 1321 1044 1385 varia
1091 1341 1254 1402 quae
1300 1318 1517 1384 animo
1561 1318 1842 1401 agitavit
1885 1317 2182 1393 consilia,
2230 1316 2497 1380 tandem
2543 1316 2800 1381 conclu-

861 1407 1047 1484 serit,
1103 1405 1358 1469 nullum
1399 1404 1524 1468 sibi
1571 1405 1777 1468 tutius
1814 1404 2181 1484 profugium
2229 1423 2422 1484 quam
2472 1402 2683 1466 locum
2729 1402 2796 1464 in

856 1513 983 1576 quo
1030 1491 1210 1556 Deus
1254 1490 1562 1556 adoratur
1621 1500 1689 1553 et
1732 1510 1818 1553 ex
1875 1509 2001 1570 quo
2045 1489 2347 1570 promisit
2401 1508 2471 1552 se
2532 1508 2795 1551 suorum
2848 1468 2853 1541 l

854 1600 1077 1663 preces
1123 1577 1605 1648 exauditurum,
1649 1575 2097 1655 virtutemque
2141 1594 2326 1637 suam
2374 1594 2528 1655 erga
2575 1594 2798 1636 omncs
2849 1576 2853 1641 l

854 1668 1070 1749 ipsum
1115 1665 1494 1727 invocantes
1537 1676 1968 1725 exsarturum.
2059 1659 2382 1725 Davidem
2432 1662 2652 1741 itaque
2700 1659 2800 1723 vi·
2850 1672 2854 1721 τ

857 1750 1086 1815 demus
1133 1770 1263 1812 non
1311 1748 1403 1811 ita
1447 1749 1642 1810 fuisse
1702 1746 2036 1811 affectibus
2082 1755 2147 1808 et
2211 1746 2620 1827 passionibus
2663 1746 2800 1809 suis
2849 1728 2853 1783 Ι

858 1837 1223 1909 turbatum,
1284 1834 1440 1915 quin
1488 1833 1702 1895 animo
1757 1831 1957 1912 ipsius
2004 1831 2286 1895 haeserit
2344 1845 2520 1895 certa
2562 1830 2801 1894 fiducia
2848 1826 2853 1869 ¹

858 1923 983 1986 Dei
1030 1942 1187 2004 erga
1238 1920 1448 1999 ipsum
1499 1917 1993 1983 misericordiae.
2085 1916 2306 1997 Quare
2362 1916 2513 1981 licet
2560 1915 2800 1980 multas

857 2008 1182 2091 lacrymas
1227 2004 1534 2069 effuderit
1586 2017 1650 2068 et
1705 2025 1775 2068 se
1821 2001 2088 2067 dubium
2136 2004 2332 2068 animi
2396 2023 2538 2067 esse
2581 2012 2797 2067 osten·
2848 2046 2854 2057 ·

859 2093 1048 2175 derit,
1112 2113 1241 2155 non
1302 2091 1446 2155 ideo
1507 2102 1723 2154 tamen
1793 2109 1922 2152 non
1970 2090 2264 2170 confugit
2310 2089 2390 2153 ad
2437 2088 2566 2151 Dei
2614 2089 2798 2151 auxi-

859 2179 1038 2253 lium,
1084 2186 1151 2241 et
1197 2197 1324 2241 non
1373 2177 1662 2259 speravit
1705 2176 1869 2251 fore,
1934 2186 2006 2237 ut
2049 2174 2260 2255 ipsum
2310 2175 2492 2238 Deus
2539 2173 2798 2237 taudem

857 2265 1045 2329 velut
1111 2286 1191 2328 ex
1236 2264 1465 2327 mortis
1512 2261 1811 2342 sepulcro
1856 2260 2219 2324 redivivum
2272 2272 2623 2339 revocaret,
2687 2260 2800 2325 sed

859 2351 1042 2413 illum
1105 2348 1391 2431 oportuit
1436 2347 1751 2412 adversus
1799 2346 2071 2410 affectus
2131 2366 2425 2428 pugnare
2471 2360 2534 2408 et
2585 2344 2801 2411 carnis

857 2435 1243 2500 infirmitate
1280 2435 1504 2515 premi,
1556 2432 1819 2496 ut'fides
1859 2432 2064 2513 ipsius
2101 2432 2309 2514 magis
2353 2452 2427 2495 ae
2453 2432 2661 2514 magis
2700 2452 2797 2495 ro·

860 2521 1197 2586 beraretur
1241 2535 1304 2583 et
1359 2520 1548 2583 firma
1598 2517 1727 2582 fide
1770 2520 1839 2581 in
1885 2517 2010 2581 Dei
2056 2518 2596 2599 promissionibus
2657 2537 2802 2581 oon·

862 2607 1240 2689 quiesceret.
1335 2605 1423 2668 Et
1468 2604 1755 2686 profecto
1799 2623 2000 2685 quum
2044 2606 2164 2666 Dei
2213 2603 2567 2668 bonit-atem
2612 2624 2797 2686 prae·

861 2693 1054 2775 dicat,
1092 2712 1282 2775 quam
1325 2693 1396 2754 in
1432 2690 1660 2754 mediis
1696 2688 2152 2754 afflictionibus
2188 2691 2406 2762 sensit,
2446 2709 2576 2753 non
2614 2708 2799 2753 suam

860 2778 1304 2843 fortitudinem
1351 2776 1710 2859 praedicat,
1762 2795 1894 2839 non
1939 2774 2008 2837 in
2049 2775 2234 2839 malis
2278 2772 2623 2840 ἅπᾰθειανε
2687 2775 2797 2839 sed

859 2865 1077 2947 potius
1103 2871 1414 2928 terrorem
1453 2870 1519 2925 et
1551 2859 1962 2925 formidinem
2001 2882 2186 2925 suam
2225 2862 2539 2943 agnoseit.
2620 2861 2798 2942 Que-

861 2949 1274 3014 madmodum
1313 2948 1563 3030 psalmo
1601 2946 1724 3011 106
1767 2947 1880 3023 ait,
1926 2945 2064 3029 Eyo
2112 2946 2248 3010 dixi
2292 2948 2362 3011 in
2396 2947 2803 3028 trepidatione

858 3057 1024 3108 mea,
1086 3034 1288 3099 omnis
1329 3034 1509 3098 homo
1551 3032 1837 3098 mendax.
1929 3031 2185 3113 Quibus
2245 3034 2461 3097 verbis
2517 3032 2804 3097 ostendit

857 3143 926 3186 se
965 3142 1100 3185 nou
1139 3120 1362 3202 procul
1399 3141 1437 3183 a
1473 3119 1656 3201 lapsu
1694 3118 1910 3183 fuisse.
2003 3116 2568 3197 Quemadmodum
2596 3118 2801 3183 homi-

861 3229 1010 3273 nem
1057 3207 1123 3270 in
1172 3204 1405 3271 declivi
1464 3218 1831 3271 currentem
1880 3204 2065 3268 facile
2124 3204 2357 3285 aliquis
2401 3206 2515 3268 dat
2564 3205 2805 3289 praeci·

863 3294 1083 3376 pitem.
1175 3291 1390 3355 David
1438 3292 1638 3372 igitur
1682 3290 1770 3379 in·
1798 3290 1932 3354 suis
1977 3290 2105 3354 illis
2152 3291 2471 3373 augustiis
2517 3293 2804 3374 agnovit,

864 3401 992 3444 non
1039 3377 1280 3443 habere
1327 3378 1622 3441 homines
1670 3396 1795 3457 quo
1843 3376 2201 3455 glorientur
2246 3386 2311 3440 et
2348 3376 2427 3441 de
2471 3378 2608 3442 suis
2656 3377 2808 3440 viri-

867 3465 984 3529 bus
1010 3463 1251 3545 aliquid
1277 3477 1723 3546 praesumant:
1764 3462 2081 3542 siquidem
2117 3472 2351 3526 natura
2374 3464 2587 3526 omnis
2614 3463 2808 3527 homo

867 3549 1149 3614 mendax
1185 3560 1252 3612 et
1289 3569 1499 3613 vanus
1535 3562 1653 3627 est,
1699 3557 1771 3611 ut
1809 3567 2229 3629 quaecunque
2265 3546 2566 3613 videatur
2601 3551 2812 3613 inesse

2902 567 3026 628 que
3082 547 3258 628 ipsos
3304 542 3426 609 hac
3471 545 3721 608 ratione
3766 543 4049 609 deiicere
4092 562 4411 624 suamque
4465 544 4579 627 ipsis
4604 549 4695 612 iufir-

2904 632 3198 695 mitatem
3273 630 3613 694 ostendere
3676 629 3975 693 voluisse.
4078 628 4346 692 Mentiri
4420 649 4549 692 sane
4591 654 4700 715 neque

2903 716 3087 782 licuit
3122 737 3332 798 neque
3368 718 3759 797 permissum
3797 717 3920 779 fuit
3952 714 4192 779 Davidi
4230 731 4469 779 etcum
4505 736 4699 799 nonposse

2902 804 3263 867 rationibus
3307 802 3458 867 ullis
3503 803 3800 867 excusari
3845 815 4095 867 certum
4142 812 4268 874 est,
4330 813 4404 864 ut
4458 801 4543 883 qui
4571 804 4619 868 de
4643 808 4697 872 illo

2902 887 3316 953 iustificando
3363 889 3486 953 hac
3546 890 3613 952 in
3660 909 3730 952 re
3788 887 4094 952 laborant
4151 899 4408 969 tempus
4462 898 4516 950 et
4555 911 4699 972 opernm

2906 974 3200 1057 perdant,
3253 974 3601 1056 Deumque
3647 973 3831 1037 velut
3874 982 4163 1039 autorem
4210 972 4516 1037 mendacii
4547 978 4698 1041 fatiant:

2904 1058 3018 1124 sed
3062 1073 3290 1125 contra
3333 1081 3416 1125 ex
3460 1061 3734 1125 istorum
3780 1060 4164 1123 infirmitate
4207 1057 4504 1123 docemur
4520 1063 4701 1145 nobisip-

2904 1147 2995 1211 sis
3040 1164 3272 1212 eavere
3330 1145 3852 1228 quandoquidem
3898 1145 4341 1209 sanctissimos
4401 1165 4622 1228 quosque
4654 1154 4700 1211 vi·

2905 1231 3161 1309 demus;
3221 1231 3770 1315 quemadmodum
3821 1238 3886 1294 et
3930 1229 4055 1294 hoe
4115 1229 4250 1294 loeo
4298 1231 4600 1308 Davidem,
4633 1248 4703 1298 tum

2904 1318 3090 1383 facile
3133 1319 3348 1399 lapsos
3393 1339 3555 1382 esse.
3647 1320 3822 1381 Ante
3867 1314 4150 1381 vidimus
4180 1315 4499 1381 Davidem
4533 1328 4622 1382 tam
4647 1341 4703 1383 ei·

2902 1403 3288 1468 cellentibus
3331 1405 3602 1486 spiritus
3649 1402 3773 1466 Dei
3818 1401 4006 1467 donis
4050 1412 4387 1483 ornatum,
4433 1414 4496 1467 ut
4526 1406 4703 1469 omnibu

2904 1488 3336 1554 admiratione
3380 1488 3613 1553 fuerit:
3657 1509 3834 1553 nune
3872 1508 4027 1552 vero
4073 1488 4456 1552 infirmitate
4482 1488 4703 1571 lapsumot

2903 1576 2969 1638 in
3018 1575 3304 1658 periculo
3351 1574 3834 1656 deprehensum
3893 1576 4329 1656 conspicimus
4376 1595 4494 1638 non
4540 1580 4703 1656 potuisse

2904 1682 2973 1726 se
3019 1661 3210 1726 aliter
3256 1661 3382 1726 nisi
3426 1659 3765 1726 mendacio
3805 1660 4026 1724 tutari.
4118 1661 4331 1724 Tanto
4371 1662 4546 1743 igitur
4578 1662 4707 1725 ardea

2904 1747 3034 1811 tius
3079 1746 3297 1812 Deum
3345 1748 3594 1828 precari
3661 1744 4001 1821 debemus,
4066 1760 4136 1807 nt
4196 1767 4317 1809 nos
4360 1747 4487 1829 ipse
4532 1760 4704 1829 tegata

2902 1834 3202 1914 spiritum
3250 1833 3498 1899 consilii
3544 1833 3611 1895 in
3657 1833 3952 1914 angustis
3995 1844 4061 1896 et
4105 1830 4317 1895 dubiis
4375 1833 4543 1897 rebus
4574 1854 4708 1913 suppa

2905 1919 3096 1999 ditet,
3162 1919 3322 1983 adeo
3381 1930 3458 1982 ut
3521 1938 3948 2000 quaecunque
4006 1919 4407 1981 tentationes
4458 1920 4706 2000 ingruerint

2902 2004 3131 2088 lingua
3175 2016 3396 2069 nostra
3434 2024 3767 2085 nunquam
3811 2021 4167 2085 peccemus.
4259 2003 4491 2069 Actum
4520 2005 4711 2068 enimet

2904 2111 3097 2172 quam
3135 2090 3364 2174 fragile
3401 2089 3767 2154 membrum
3816 2088 4046 2171 lingua
4076 2090 4182 2153 sit.
4242 2089 4415 2154 Nam
4448 2093 4545 2154 etsi
4577 2102 4708 2153 etoor

2905 2177 3077 2258 poris
3123 2186 3191 2241 et
3233 2176 3433 2240 animi
3483 2184 3702 2258 partes
3747 2176 4009 2258 fragiles
4053 2182 4227 2252 sunt,
4290 2175 4554 2259 linguam
4585 2184 4710 2238 tama

2903 2262 3191 2327 omnium
3234 2261 3648 2345 fragillimam
3689 2281 3829 2325 esse
3865 2261 4315 2343 conspicimus.
4409 2261 4709 2342 Quamobrem

2904 2349 3084 2411 illam
3131 2368 3169 2410 a
3205 2348 3348 2412 Deo
3394 2360 3701 2429 tanquam
3749 2347 3922 2410 intra
3964 2355 4223 2427 septum
4273 2347 4517 2412 retineri
4554 2366 4709 2411 necess

2906 2444 3024 2512 est,
3071 2443 3136 2498 et
3179 2432 3260 2498 ab
3304 2435 3445 2515 ipso
3490 2453 3823 2497 sermones
3867 2444 4123 2497 nostros
4164 2435 4324 2516 regi,
4371 2434 4518 2515 quod
4557 2434 4613 2497 ab
4640 2434 4713 2512 ipa

2905 2520 3204 2601 precibus
3246 2520 3601 2602 impetrare
3626 2517 3901 2582 Davidis
3947 2539 4065 2581 nos
4104 2520 4465 2600 exemplum
4507 2519 4710 2582 admonet

2906 2604 3085 2687 Quin
3148 2612 3214 2669 et
3268 2605 3484 2687 ipsum
3543 2604 3866 2668 Davidem
3938 2605 4058 2668 bac
4118 2606 4507 2687 experientia
4559 2606 4715 2667 doctum

2852 2736 2855 2755 .
2908 2692 3107 2755 fuisse
3153 2700 3399 2756 certum
3448 2704 3573 2768 cst,
3635 2712 3830 2772 quum
3883 2690 4149 2753 Psalmo
4197 2691 4280 2755 39
4328 2693 4391 2753 iu
4438 2691 4568 2755 haec
4602 2690 4711 2752 verta

2907 2779 3152 2858 erupit:
3228 2775 3484 2842 Custodi
3526 2776 3669 2841 vias
3715 2796 3901 2853 meaa,
3948 2782 4019 2839 ut
4061 2796 4185 2840 non
4218 2778 4551 2857 delinquam
4586 2778 4631 2838 iu
4648 2775 4719 2837 lin-

2905 2884 3035 2945 qua
3079 2883 3234 2939 mea,
3277 2882 3434 2944 pone
3475 2863 3572 2926 ori
3616 2882 3745 2926 meo
3789 2861 4155 2940 custodiam,
4208 2882 4347 2925 cum
4390 2863 4617 2927 comem
4638 2880 4714 2940 pa·

2905 2954 3075 3013 octor
3118 2950 3449 3014 adversum
3491 2968 3604 3011 me.
3694 2946 4069 3012 Revocabat
4113 2949 4316 3031 igitur
4344 2947 4537 3012 David
4574 2948 4625 3009 in
4653 2966 4715 3009 mt—

2911 3036 3179 3097 moriam
3228 3055 3392 3116 quae
3438 3054 3664 3117 passus
3708 3044 3883 3105 erat,
3932 3054 4132 3115 quum
4180 3033 4393 3099 Deum
4440 3048 4551 3096 tam
4589 3031 4718 3096 sedulo

2909 3128 3288 3204 precaretur
3327 3129 3401 3183 ut
3444 3120 3542 3183 ori
3590 3139 3708 3185 suo
3765 3119 4125 3184 custodiam
4188 3134 4525 3202 apponeret
4558 3116 4717 3198 nequid

2910 3217 3153 3271 temere
3194 3205 3504 3270 effutiret.
3595 3206 3800 3270 Porro
3848 3204 4173 3269 Davidem
4223 3204 4504 3270 videmus
4542 3227 4635 3269 non
4664 3225 4721 3284 po

2911 3293 3114 3356 tuisse
3171 3292 3293 3356 sibi
3354 3312 3428 3357 ac
3482 3294 3652 3355 vitae
3713 3292 4080 3365 consulere.
4142 3292 4268 3356 nisi
4328 3292 4607 3356 sacerdoti
4645 3309 4720 3371 [ισο-

2910 3376 3191 3443 suadens
3248 3398 3318 3442 se
3376 3399 3414 3440 a
3468 3399 3619 3460 rege
3667 3376 3868 3442 Saule
3928 3378 4007 3441 ad
4065 3396 4305 3442 areana
4362 3378 4631 3460 quaedam
4670 3397 4726 3436 ne·

2914 3465 3085 3545 gotia
3135 3464 3492 3527 dimissum.
3583 3461 3734 3544 Qua
3780 3464 3845 3526 in
3907 3483 3977 3527 re
4036 3473 4307 3547 apparet
4361 3483 4538 3545 quam
4586 3462 4723 3525 misen

2918 3550 3191 3614 Davidis
3252 3549 3447 3612 fuerit
3501 3548 3809 3614 conditio:
3873 3569 4024 3612 nam
4082 3549 4191 3631 qui
4254 3571 4291 3614 a
4340 3550 4473 3612 Deo
4525 3571 4617 3612 rex
4654 3560 4728 3608 eut

870 3635 1070 3699 animi
1119 3633 1448 3710 fortitude,
1494 3640 1827 3697 momento
1875 3634 2118 3711 effluat,
2166 3633 2289 3697 nisi
2341 3636 2521 3698 Deus
2571 3636 2811 3698 virtute
2916 3634 3323 3718 designatus,
3387 3635 3496 3716 qui
3561 3635 3763 3716 ipsius
3822 3634 4089 3699 Domini
4145 3636 4346 3698 nostri
4412 3636 4541 3699 lesu
4579 3630 4727 3696 Christ

871 3741 989 3785 sua
1033 3721 1363 3784 retineret.

1044 3803 1357 3887 Sequitur
1381 3806 1683 3887 deinceps
1699 3804 2098 3869 sacerdotem
2127 3805 2432 3869 miratum
2459 3827 2617 3883 esse,
2643 3806 2813 3888 quod

874 3903 1022 3955 eu‘m
1069 3891 1278 3956 solum
1342 3890 1521 3956 vidit.
1613 3889 1759 3955 Non
1808 3889 1978 3971 quod
2023 3890 2247 3954 multis
2306 3891 2589 3975 stipatus
2647 3906 2817 3958 esset

873 3977 1166 4051 famulis,
1227 3975 1337 4040 sed
1398 3976 1568 4059 quod
1614 3996 1747 4040 non
1794 3996 1867 4039 eo
1912 3997 2101 4058 quem
2148 3991 2575 4041 consueverat
2618 3979 2815 4044 comi-

876 4075 1013 4127 tatu
1063 4062 1375 4143 stipatum
1431 4062 1693 4127 videret.
1783 4062 1951 4126 Nam
2015 4071 2209 4125 antea
2253 4060 2538 4127 vidimus
2596 4085 2815 4148 regem

876 4147 1146 4216 Saulem
1212 4148 1425 4231 ipsum
1487 4147 1709 4212 multis
1768 4158 1834 4213 et
1891 4146 2208 4212 militibus
2263 4157 2328 4211 et
2384 4151 2577 4213 terris
2630 4171 2817 4233 prae-

871 4235 1103 4301 fecisse
1164 4242 1230 4297 et
1287 4253 1489 4314 quum
1536 4238 1709 4315 regis
1753 4255 1953 4316 gener
1997 4244 2199 4313 esset,
2246 4235 2459 4315 ipsum
2531 4237 2819 4319 oportuit

876 4341 1114 4403 magno
1171 4320 1386 4401 aliquo
1436 4317 1826 4383 famulorum
1886 4330 1953 4383 et
2010 4318 2292 4383 militum
2351 4323 2659 4386 comitatu
2720 4325 2816 4386 in-

874 4411 1127 4491 signem
1169 4406 1329 4470 fieri.
1418 4403 1737 4470 Sacerdos
1773 4405 1975 4488 igitur
2011 4404 2288 4469 miratur
2323 4429 2469 4470 eum
2505 4418 2815 4489 tanquam

877 4496 1188 4558 miserum
1258 4510 1334 4556 ac
1377 4489 1724 4574 profugum
1773 4492 1913 4554 sine
1958 4511 2219 4555 annona
2278 4494 2447 4556 fame
2503 4493 2814 4575 quodam-

874 4579 1087 4645 modo·
1137 4578 1360 4662 premi.
1463 4577 1670 4642 Porro
1728 4573 1946 4640 David
2012 4577 2346 4642 mendacio
2404 4578 2679 4661 quodam
2753 4590 2819 4644 et

878 4666 1042 4730 falso
1086 4671 1394 4747 pretextu
1437 4683 1505 4727 se
1550 4661 1722 4744 apud
1769 4662 2161 4727 sacerdotem
2210 4676 2481 4729 excusat
2514 4686 2584 4729 se
2630 4665 2819 4730 nimi·

879 4774 1024 4816 rum
1064 4773 1105 4815 a.
1139 4770 1291 4832 rege
1327 4749 1407 4812 ad
1443 4768 1756 4813 arcanum
1794 4747 2053 4830 aliquod
2085 4753 2415 4833 negotium
2457 4750 2817 4832 dimissum,

879 4859 1023 4903 eum
1071 4836 1398 4918 expressis
1441 4833 1770 4898 mandatis
1827 4855 1908 4899 ne
1950 4834 2053 4897 cui
2104 4855 2238 4899 rem
2282 4836 2695 4917 patefaceret,
2757 4850 2820 4903 et

878 4922 1121 4988 idcirco
1168 4921 1362 4985 etiam
1407 4940 1479 4985 se
1505 4940 1707 4984 unum
1754 4930 1868 4985 aut
1912 4920 2190 4985 alterum
2232 4942 2448 4987 secum
2499 4922 2819 4989 famulum

878 5007 1243 5075 clanculum
1303 5006 1760 5087 assumpsisse,
1826 5015 1894 5071 et
1954 5007 2162 5070 locum
2229 5007 2509 5089 aliquem
2570 5021 2817 5074 certum

883 5093 1252 5159 condixisse
1296 5093 1577 5157 famulis.
1629 5093 1814 5158 Ficta
1872 5094 1996 5157 ista
2041 5093 2260 5157 omnia
2306 5097 2819 5175 suntaDavide‚

880 5198 966 5244 ex
1009 5179 1242 5261 quibus
1277 5189 1546 5261 apparet
1581 5177 1707 5243 Dei
1752 5200 1993 5256 servos,
2039 5180 2344 5246 maximis
2381 5182 2576 5246 etiam
2613 5182 2819 5248 virtu·

885 5264 1061 5330 tibus
1102 5263 1441 5346 praeditos,
1481 5263 1706 5328 multis
1729 5273 1950 5331 tamen
1978 5265 2158 5331 vitiis
2194 5266 2517 5331 laborare:
2567 5268 2818 5334 Deum·

2917 3723 3128 3803 figura
3172 3731 3313 3785 erat
3360 3723 3649 3800 futurus,
3707 3722 3776 3784 in
3820 3741 3964 3785 eam
4013 3721 4459 3786 necessitatem
4516 3719 4735 3800 redigunt

2919 3819 2992 3870 ut
3029 3808 3199 3874 vitae
3244 3806 3581 3871 consulere
3620 3806 3745 3871 nisi
3790 3805 4129 3871 mendacio
4160 3829 4285 3871 non
4334 3828 4515 3888 posse
4535 3805 4732 3870 videatur.

2920 3895 3202 3977 Magnae
3247 3894 3447 3974 igitur
3472 3891 3748 3956 Davidis
3794 3894 4063 3956 fuerunt
4099 3893 4509 3957 difficultates
4545 3913 4573 3956 e
4600 3887 4734 3972 quita

2920 4000 3256 4062 emergere
3301 3999 3433 4041 non
3480 4000 3665 4060 posse
3711 3978 3974 4042 videtur
4010 3979 4136 4043 nisi
4175 4000 4427 4043 summo
4451 3978 4719 4042 discrimine

2922 4066 3081 4130 haec
3124 4066 3457 4128 intuentes
3504 4064 3830 4128 discamus
3882 4062 4018 4128 Deo
4067 4085 4186 4131 uos
4244 4064 4670 4130 commendare.
4701 4072 4729 4111 s

2922 4151 3205 4215 maxime
3251 4169 3453 4231 quum
3504 4171 3620 4213 nos
3658 4150 4115 4232 exploraturus
4162 4154 4227 4215 in
4268 4162 4479 4215 tantas
4520 4145 4739 4229 angusti&

2920 4237 3201 4317 rediget,
3265 4248 3338 4298 ut
3383 4235 3563 4299 nulla
3607 4236 3835 4300 salutis
3876 4239 4045 4300 ratio
4095 4250 4408 4322 appareat
4464 4253 4635 4298 coram
4678 4230 4737 4288 ΙΝ·

2918 4322 3225 4387 minibus.
3314 4320 3588 4385 Interim
3623 4322 3820 4385 etiam
3845 4322 4210 4389 videbimus
4234 4334 4607 4404 quantopere
4623 4315 4740 4379 Dm·

2919 4410 3065 4473 dem
3092 4408 3451 4491 oportuerit
3497 4405 3573 4469 de
3597 4407 3721 4472 isto
3769 4408 4102 4473 mendacio
4151 4410 4366 4473 dolere
4389 4417 4456 4470 et
4488 4404 4613 4486 augi
4644 4393 4735 4479 qual

2919 4495 3316 4561 occasionem
3367 4491 3664 4574 praebuit
3720 4493 3898 4558 caedi
3944 4496 4385 4567 sacerdotum,
4438 4503 4507 4557 ut
4543 4510 4634 4553 suo
4666 4486 4737 4545 {⁰02³

2923 4579 3301 4647 videbimus.
3416 4579 3555 4643 Nae
3615 4579 3938 4643 Davidem
4004 4580 4200 4647 huius
4255 4579 4472 4645 caedis
4524 4572 4737 4640 confisum

2919 4666 3187 4731 minime
3248 4664 3446 4729 fuisse
3499 4676 3746 4730 certum
3810 4678 3939 4744 est,
4004 4688 4211 4749 neque
4268 4665 4483 4731 teneri
4537 4658 4739 4725 rationem

2923 4752 3065 4817 Deo
3111 4749 3327 4815 Saulis
3382 4749 3786 4816 crudelitatis
3847 4752 4134 4819 reddere.
4228 4751 4357 4818 Sed
4422 4762 4606 4814 tamen
4642 4744 4739 4831 Dr&

2917 4840 3136 4920 ipsum
3184 4836 3306 4900 hac
3350 4836 3601 4901 ratione
3658 4839 3869 4923 magis
3914 4859 3989 4903 ae
4031 4842 4237 4923 magis
4295 4839 4560 4903 deiicere
4603 4828 4737 4893 volus·-

2920 4933 2987 4990 et
3028 4921 3371 5005 specialem
3434 4922 3637 5003 ipsius
3692 4944 3912 4988 curam
3975 4924 4426 4991 demonstrare
4481 4938 4637 5003 quum
4676 4928 4737 4972 ω·

2922 5029 3101 5075 seros
3146 5007 3512 5072 sacerdotes
3571 5008 3649 5071 ad
3700 5008 4023 5073 lanienam
4088 5012 4254 5076 trahi
4321 5029 4539 5094 passus
4582 5008 4735 5090 est}

2920 5093 3271 5163 crudeliter
3325 5092 3504 5159 caedi
3563 5104 3827 5177 propter
3876 5096 4155 5161 Davidis
4210 5094 4607 5161 mendacium.
4666 5084 4737 5145 Νύξ

2921 5201 3080 5247 vero
3109 5178 3260 5244 huic
3301 5180 3525 5243 utilem
3553 5181 3738 5246 nobis
3776 5182 4139 5248 doctrinam
4168 5183 4534 5248 referamus.
4586 5171 4733 5247 Νῶϊ*

2920 5267 3074 5333 licet
3107 5264 3439 5329 neminem
3474 5264 3698 5333 fallere
3732 5268 4069 5335 mendacio
4105 5268 4407 5344 velimus,
4446 5280 4616 5345 neque
4638 5254 4735 5317 Μ
