5059 6059
448 302 588 369 365

446 512 683 560 eorum
741 492 1046 577 conditio,
1111 492 1285 576 quod
1341 495 1425 561 ad
1482 494 1758 562 salutem
1820 498 2061 565 attinet
2113 519 2280 582 quae
2338 501 2410 566 in

455 577 733 645 Ohristo
820 579 975 645 Iesu
1066 581 1489 663 promittitur.
1581 582 1752 648 Nam
1842 583 2067 650 fideles
2145 584 2409 669 quidem

453 685 680 750 saepe,
724 664 898 749 quod
943 663 1025 731 ad
1070 668 1435 749 praesentis
1481 669 1654 734 vitae
1696 681 1938 736 statum
1982 670 2242 750 attinet,
2289 673 2408 737 du-

458 755 608 815 rius
679 751 827 816 aliis
891 765 1302 830 exercentur,
1369 764 1436 817 et
1492 755 1904 835 gravioribus
1970 757 2201 839 poenis
2266 759 2408 823 affi-

456 837 752 916 ciuntur,
809 837 955 902 Deo
997 838 1261 902 interim
1306 838 1659 905 incredulis
1704 853 2029 924 parcente,
2095 855 2163 908 et
2206 843 2407 909 vitam

454 922 831 1007 longiorem
888 943 1006 988 sue
1064 926 1423 990 maiestatis
1466 925 2027 1009 contemptoribus
2072 929 2408 1012 largiente,

457 1008 581 1073 aed
639 1009 710 1073 in
771 1011 1063 1092 ipsorum
1121 1010 1392 1093 gravius
1444 1010 1774 1087 iudicium,
1829 1023 1900 1078 et
1939 1016 2405 1081 confusionem.

458 1092 722 1160 Contra
780 1114 938 1159 vero
996 1095 1297 1161 fidelibus
1340 1096 1494 1163 lieet
1536 1099 1648 1163 vix
1692 1099 2082 1166 mediocrem
2129 1112 2404 1167 aetatem

458 1181 850 1264 assequutis,
908 1202 1042 1247 non
1102 1181 1294 1247 modo
1337 1204 1469 1247 non
1515 1183 1925 1266 detrimento,
2003 1186 2118 1251 sed
2183 1200 2409 1254 contra

461 1287 726 1331 summo
772 1266 937 1332 bono
980 1267 1169 1345 cedit,
1216 1268 1271 1333 si
1315 1289 1353 1333 e
1397 1271 1588 1335 terris
1631 1282 1891 1336 mature
1934 1272 2266 1340 tollantur.

640 1350 987 1417 Caeterum
1034 1373 1201 1436 quae
1245 1353 1551 1438 deinceps
1574 1373 1935 1439 sequnntur
1971 1359 2202 1425 leviter
2224 1380 2407 1443 prae-

460 1437 788 1503 tereunda
832 1459 966 1502 non
1010 1453 1186 1517 sunt,
1232 1441 1470 1523 quibus
1513 1441 1775 1507 divinae
1818 1447 2181 1510 sententiae
2220 1466 2406 1512 seve-

457 1525 632 1589 ritas
687 1522 1168 1607 quodammodo
1222 1525 1484 1603 lenitur,
1545 1547 1802 1611 nempe,
1858 1548 1926 1594 se
1978 1552 2101 1597 non
2153 1533 2405 1612 penum

453 1629 542 1675 aa:
582 1608 700 1675 hac
738 1609 998 1692 seruilia
1050 1612 1258 1676 virum
1320 1612 1675 1678 ablaturum
1733 1633 1815 1679 cx
1869 1615 2065 1682 altari
2117 1637 2254 1698 suo,
2305 1638 2409 1683 ne-

452 1716 583 1777 que
610 1697 872 1778 penitus
913 1696 1068 1762 Heli
1096 1702 1387 1778 posteros
1420 1697 1464 1762 ὰ
1504 1699 1880 1767 sacerdotali
1920 1722 2176 1768 manem
2217 1703 2404 1770 reiec-

456 1788 693 1848 turum.
784 1782 972 1863 Quae
1016 1783 1217 1848 verba
1262 1803 1606 1865 possumus
1655 1788 1725 1851 in
1773 1786 1948 1854 hunc
1991 1810 2256 1854 sensum
2306 1791 2404 1855 in·

458 1870 839 1951 terpretari,
882 1869 1069 1951 qnasi
1118 1870 1302 1935 Deus
1344 1871 1706 1953 punitionis
1749 1876 2288 1956 exsequutionem
2333 1876 2400 1941 in

456 1956 733 2038 longum
779 1965 1040 2038 tempus
1084 1955 1481 2021 remitteret:
1524 1956 1695 2039 qnod
1747 1966 1818 2022 et
1861 1978 1931 2025 re
1974 1962 2115 2043 ipsa
2158 1962 2400 2027 factum

451 2051 595 2114 est:
656 2060 812 2104 nam
855 2041 1051 2124 longo
1111 2040 1374 2106 demum
1418 2056 1569 2126 post
1611 2056 1902 2127 tempore
1946 2046 2213 2111 divinae
2254 2068 2402 2113 sen-

454 2126 709 2190 tentiae
788 2131 1107 2192 severitas
1170 2126 1478 2193 effectum
1543 2148 1735 2194 suum
1803 2141 1905 2197 est
1982 2144 2399 2216 consequuta.

458 2211 769 2294 Namque
807 2211 1133 2277 Abiathar
1176 2212 1259 2278 ab
1279 2211 1436 2278 Heli
1483 2217 1758 2298 posteris
1799 2216 2119 2284 oriundus
2164 2219 2402 2284 multos

461 2311 619 2380 post
682 2318 891 2363 annos
953 2299 1336 2364 sacerdotali
1411 2319 1685 2366 munere
1755 2315 2219 2370 exauctoratus
2280 2315 2398 2371 est.

458 2383 638 2449 Nam
711 2384 926 2449 David
994 2386 1154 2450 satis
1232 2385 1345 2450 diu
1411 2389 1750 2470 regnavit,
1828 2400 1897 2454 et·
1961 2390 2123 2456 satis
2211 2391 2402 2475 longo

460 2470 783 2552 temporis
826 2470 1173 2535 intervallo
1223 2469 1494 2536 Samuel
1553 2493 1772 2539 rerum
1821 2474 2261 2558 gubernacula
2306 2489 2400 2541 te-

457 2557 631 2633 nuit,
676 2566 1027 2639 antequam
1051 2577 1171 2622 rex
1194 2557 1370 2622 nllus
1390 2556 1661 2624 Israelis
1702 2571 1884 2625 ortus
1929 2574 2118 2627 esset.
2180 2561 2403 2644 Quare

456 2641 889 2725 conspicuum
935 2652 1038 2706 est
1083 2644 1297 2708 Deum
1343 2663 1472 2710 non
1513 2644 1731 2718 subito
1770 2649 2167 2712 sententiam
2213 2670 2399 2714 suam

460 2727 791 2794 adversus
834 2727 986 2793 Heli
1030 2740 1467 2811 exsequutum
1513 2750 1675 2810 esec,
1719 2732 1832 2796 sed
1877 2731 1958 2795 ad
2005 2745 2265 2816 tempus
2309 2735 2401 2800 ei·

455 2812 617 2879 dem
663 2816 1048 2898 pepercisse.
1116 2815 1326 2881 Porro
1368 2816 1538 2898 quod
1582 2837 1654 2882 se
1692 2817 2012 2883 Dominus
2055 2819 2403 2901 pollicetur

456 2922 549 2966 ex
606 2901 731 2965 hac
786 2900 1035 2966 familia
1092 2901 1307 2966 virum
1368 2921 1499 2968 non
1558 2902 1933 2969 ablaturum
1991 2907 2270 2987 penitus,
2316 2907 2399 2972 ad

458 2984 848 3053 Solomonis
892 2998 1190 3070 tempora
1231 2987 1425 3052 referi
1468 2988 1730 3071 quidem
1774 3001 2007 3071 potest,
2052 3003 2126 3055 ut
2159 2991 2240 3056 ad
2288 2992 2400 3058 illa

458 3093 677 3156 usqne
733 3091 1141 3139 successores
1186 3071 1341 3137 Heli
1403 3094 1535 3139 non
1595 3075 2082 3152 exscindantur,
2138 3099 2398 3143 verum-

458 3169 689 3224 tamen
746 3157 916 3242 quod
975 3159 1045 3223 in
1105 3159 1531 3242 sequentibus
1568 3160 1893 3242 adiicitur,
1944 3181 2077 3227 non
2121 3183 2397 3245 perven-

458 3257 649 3310 turos
691 3247 773 3309 ad
817 3244 1092 3311 senilem
1136 3257 1415 3310 aetatem
1456 3245 1664 3329 ipsius
1709 3258 2020 3330 posteros,
2067 3250 2161 3314 sie
2204 3250 2396 3314 intel-

458 3331 805 3416 ligendum
830 3332 1041 3415 magis
1072 3329 1355 3409 videtur,
1394 3333 1581 3413 quasi
1605 3333 1925 3398 Dominus
1947 3352 1990 3399 a
2012 3335 2399 3401 sacerdotali

456 3417 725 3501 quidem
770 3437 1046 3481 munere
1086 3417 1470 3500 polliceatur
1512 3438 1643 3482 non
1688 3421 1954 3484 omnino
1988 3418 2144 3486 Heli
2189 3433 2398 3504 poste·

454 3522 573 3569 roe
625 3503 1028 3584 reiiciendos,
1084 3502 1199 3567 ced
1261 3523 1595 3586 nunquam
1651 3513 1874 3570 tamen
1933 3503 2015 3570 ad
2072 3528 2400 3574 summam

456 3590 789 3673 pontificis
831 3588 1215 3672 dignitatem
1260 3589 1664 3655 evehendos:
1715 3591 1829 3656 sed
1873 3592 2091 3674 potius
2133 3593 2215 3658 iis
2256 3594 2397 3676 qui·

452 3676 581 3741 bns
625 3689 819 3741 antea
862 3674 1371 3740 dominabantur
1412 3676 1864 3743 subiiciendos.
1953 3677 2399 3746 Nihilominus

452 3773 704 3842 tamen,
748 3760 832 3826 ad
877 3759 1133 3828 virilem
1178 3770 1458 3825 aetatem
1504 3781 1707 3844 quum
1761 3766 2200 3846 pervenerint,
2259 3787 2397 3831 mo·

454 3848 705 3914 rituros
749 3848 1006 3931 repetit,
1051 3865 1126 3912 ac
1169 3845 1253 3911 ad
1297 3857 1699 3914 senectutem
1749 3858 2069 3914 maturam
2110 3871 2239 3915 non
2287 3851 2398 3917 de-

456 3945 800 3999 venturos.
888 3932 1082 3999 Unde
1154 3932 1656 4015 observandum,
1727 3932 1869 4000 Deo
1926 3956 2395 4018 nonnunquam

452 4021 938 4089 correctionum
996 4040 1073 4085 ac
1125 4038 1484 4101 poenarum
1542 4024 1755 4085 minas
1812 4036 2222 4105 prorogante,
2266 4044 2398 4088 non

450 4105 608 4172 ideo
668 4106 854 4170 nobie
908 4105 1311 4170 occasionem
1359 4105 1793 4171 indurationis
1837 4108 2155 4190 praeberi,
2211 4111 2395 4190 quasi

452 4191 762 4276 supplicii
828 4190 1059 4256 dilatio
1124 4190 1283 4255 illud
1350 4193 1658 4257 auferret.
1747 4195 1966 4275 Atque
2032 4195 2398 4260 necessaria

450 4279 645 4346 nobis
691 4276 850 4344 haec
895 4276 1186 4342 doctrina
1226 4287 1343 4341 est.
1413 4275 1632 4356 Quam
1675 4278 1916 4343 multos
1951 4279 2127 4344 enim
2172 4280 2396 4347 videas

452 4385 729 4430 suorum
826 4364 1186 4427 facinorum
1268 4383 1509 4444 poenas
1611 4362 1861 4429 ablatas
1944 4367 2398 4432 existimantes

452 4449 628 4535 quod
676 4449 1083 4528 differantur,
1127 4458 1196 4513 et
1237 4448 1695 4531 impunitatem
1741 4450 1860 4515 sibi
1906 4451 2283 4533 pollicentes
2325 4453 2395 4517 in

452 4536 733 4621 quaevis
788 4536 1038 4618 flagitia
1096 4533 1304 4599 factos
1362 4533 1743 4601 audaciores
1808 4545 1875 4600 et
1937 4537 2398 4605 insolentiores

452 4621 700 4688 ruere?
788 4620 1087 4703 Namque
1143 4619 1639 4685 malefactorum
1695 4623 2014 4687 rationem
2062 4645 2395 4707 nunquam

451 4705 862 4774 reddendam
906 4707 1031 4773 eibi
1075 4708 1389 4789 persuasi,
1435 4706 1516 4771 ad
1561 4708 1828 4789 quaevis
1872 4709 2126 4789 flagitia
2170 4710 2398 4775 fraena

450 4796 708 4866 laxant,
756 4803 823 4858 et
866 4793 1330 4876 impunitatem
1374 4792 1440 4856 in
1487 4805 1876 4876 perpetuum
1922 4806 2208 4876 sperant.
2300 4799 2397 4862 Ac

450 4903 617 4947 sane
664 4879 847 4945 Deus
905 4898 1375 4961 nonnunquam
1422 4878 1505 4942 ad
1548 4879 1899 4962 impiorum
1949 4881 2201 4964 flagitia
2243 4903 2395 4947 con·

450 4971 689 5032 nivere
754 4963 1034 5044 videtur,
1102 4963 1308 5029 donec
1376 4964 1687 5029 nimirum
1755 4965 2024 5047 impleta
2091 4987 2398 5032 mensura

450 5055 726 5138 gravius
768 5052 899 5116 illis
941 5051 1285 5116 incumbat
1327 5049 1657 5117 iudicium.
1714 5049 2156 5133 Quamobrem
2202 5055 2394 5134 agite,

450 5144 706 5213 fratres.
778 5139 994 5203 Deum
1062 5138 1419 5201 minantem
1487 5147 1873 5217 metuamus,
1939 5158 2014 5203 ac
2071 5138 2153 5203 de
2210 5139 2396 5205 nobis

453 5227 631 5295 serio
690 5227 1077 5313 cogitantes,
1137 5243 1253 5288 nos
1296 5222 1474 5305 ipsos
1514 5223 1981 5306 expendamus,
2018 5243 2092 5289 ac
2137 5233 2398 5291 senten-

1817 307 1914 374 ΙΝ
1961 306 2017 374 Ι.
2063 308 2244 376 LIB.
2293 308 2697 377 SAMUEL.
2743 307 2941 375 OAP.
2985 307 3079 375 11.

4323 310 4456 377 366

2511 499 2673 565 tiam
2738 497 3087 564 adversum
3153 517 3277 564 nos
3341 497 3659 577 feramus,
3727 507 3804 562 ut
3867 495 4180 563 iudicium
4245 499 4454 583 ipsius

2513 585 3021 669 praevenientes
3053 585 3250 650 etiam
3285 582 3410 667 ipsi
3455 582 3971 649 reconciliemur.
4020 587 4119 651 Ac
4145 584 4299 649 licet
4320 607 4452 651 non

2511 681 2869 754 appareant
2912 682 3092 737 certa
3133 681 3199 736 et
3244 669 3606 735 indubitata
3652 671 3842 753 signa
3886 670 4146 735 divinae
4171 671 4452 750 ultionis,

2510 757 2622 822 ubi
2679 757 2967 840 primum
3028 757 3532 839 peccaverimus,
3602 755 4058 842 nihilominus,
4119 778 4450 839 nunquam

2510 842 2700 908 nobis
2755 843 2822 907 in
2869 843 3229 910 crastinum
3275 843 3445 908 seria
3489 843 3889 924 poenitentia
3918 851 4022 907 est
4061 841 4451 908 reiicienda:

2511 949 2662 993 nam
2709 947 2838 1011 quo
2883 927 3130 995 diutius
3152 931 3220 993 in
3267 940 3637 994 nostrarum
3682 927 3974 993 sordium
4015 947 4217 993 coeno
4262 929 4449 994 volu·

2511 1015 2818 1091 tabimur‚
2862 1035 2938 1079 eo
2982 1014 3192 1097 magis
3234 1013 3682 1079 sordescemur
3725 1033 3800 1078 ac
3842 1013 4448 1079 contaminabimur.

2510 1099 2818 1184 Denique
2886 1099 3212 1166 discamus
3272 1100 3396 1165 Dei
3453 1099 3694 1164 iudicia
3750 1100 3876 1164 etsi
3930 1098 4154 1181 procul
4234 1101 4450 1165 adhuc

2510 1185 2755 1266 dissita,
2799 1196 3022 1251 tamen
3053 1186 3296 1251 intueri
3340 1195 3646 1268 tanquam
3690 1186 4088 1267 praesentia:
4136 1187 4449 1250 memoria

2510 1282 2913 1355 repetentes:
2957 1272 3295 1337 Noachum
3340 1281 3496 1335 ante
3531 1270 3848 1336 diluvium
3896 1291 4016 1353 per
4056 1271 4296 1336 multos
4331 1292 4448 1336 an·

2509 1380 2632 1423 nos
2675 1379 2890 1424 arcam
2934 1360 3361 1436 exstruxisse,
3417 1360 3486 1422 in
3533 1376 3662 1439 qua
3699 1358 3838 1439 ipse
3881 1376 4030 1422 cum
4076 1367 4216 1423 tota
4255 1358 4448 1422 fami-

2512 1445 2600 1510 lia
2660 1452 2725 1508 et
2782 1445 3224 1510 animantibus
3281 1447 3323 1509 a
3382 1442 3629 1508 diluvio
3693 1453 4089 1521 servaretur,
4164 1452 4234 1507 et
4296 1463 4446 1508 cum

2511 1530 2713 1614 priori
2751 1530 3016 1608 mundo,
3076 1529 3290 1595 minas
3335 1529 3432 1593 illi
3477 1531 3912 1593 intentantem
3949 1528 4149 1593 futuri
4194 1527 4445 1609 diluvii,

2506 1617 2710 1682 fuisse
2752 1617 3208 1681 colluctatum:
3261 1635 3339 1680 ac
3382 1614 3834 1706 triumphante
3877 1614 4125 1678 mundo
4169 1625 4236 1678 et
4279 1614 4445 1680 nihil

2510 1703 2638 1768 nisi
2697 1701 2952 1766 delitias
3010 1703 3133 1767 sibi
3191 1701 3467 1766 faciente
3510 1698 3851 1764 Noachum
3910 1700 4326 1784 ingemuisse,
4371 1720 4447 1767 ae

2508 1788 2717 1852 multo
2761 1807 2905 1852 cum
2955 1787 3192 1862 labore.
3238 1806 3398 1852 eura
3442 1796 3510 1852 et
3552 1785 3991 1851 sollieitudine
4035 1804 4253 1851 arcam
4287 1805 4443 1853 con·

2507 1875 2856 1939 struxisse:
2918 1871 3463 1956 quemadmodum
3508 1872 3649 1955 ipse
3688 1890 3808 1936 nos
3853 1871 4176 1936 Dominus
4218 1882 4444 1939 noster

2506 1960 2694 2025 Iesus
2739 1959 3048 2025 Christus
3092 1956 3415 2034 admonet,
3465 1967 3533 2022 et
3577 1957 3657 2021 ad
3703 1958 3878 2023 vitae
3919 1955 4440 2024 emendationem

2506 2055 2575 2110 et
2632 2039 2956 2126 μετάνοιαν
2998 2045 3328 2129 proposito
3386 2042 3637 2109 Noachi
3682 2041 3984 2125 exemplo
4041 2042 4438 2110 cohortatur.

2506 2130 2684 2212 Quid
2730 2132 2821 2196 ita
2866 2152 3020 2196 vero
3042 2152 3184 2196 sese
3227 2129 3539 2196 Noachus
3573 2128 3872 2212 angebat,
3916 2148 4114 2210 quum
4152 2129 4441 2213 undique

2507 2238 2726 2281 rerum
2771 2236 3230 2300 prosperarum
3276 2228 3428 2281 ante
3471 2214 3694 2281 oculos
3715 2214 3914 2279 facies
3936 2215 4437 2281 obversaretur?

2505 2303 2759 2385 Nempe
2805 2303 2929 2368 Dei
2967 2303 3165 2368 verbo
3208 2300 3595 2379 admonitus,
3640 2301 3889 2376 metuit,
3934 2311 4002 2364 et
4037 2310 4348 2382 tanquam
4368 2301 4439 2366 in

2505 2388 2771 2471 speculo
2818 2388 3211 2455 horrendam
3254 2387 3440 2453 illam
3483 2388 3647 2451 iram
3673 2396 3739 2451 et
3783 2383 4136 2451 vindictam
4162 2384 4290 2450 Dei
4317 2387 4440 2452 toti

2506 2475 2753 2540 mundo
2802 2475 3258 2539 imminentem
3317 2484 3415 2538 est
3469 2470 3970 2557 contemplatus,
4011 2469 4091 2536 de
4136 2492 4268 2556 qua
4309 2473 4442 2538 fne-

2506 2573 2611 2625 rat
2647 2559 2908 2627 oraculo
2967 2560 3363 2626 admonitus.
3450 2558 3598 2624 Hoc
3657 2578 3776 2622 nos
3831 2558 4208 2640 exemplum
4253 2556 4442 2625 decet

2504 2647 2771 2714 imitari.
2861 2645 3031 2711 Nam
3088 2646 3213 2711 sibi
3258 2643 3479 2710 omnia
3536 2643 3893 2727 tranquilla
3934 2656 4002 2708 et
4045 2644 4258 2709 felicia
4300 2644 4439 2729 pol-
4484 2709 4487 2712 ,

2508 2733 2854 2798 licentibns
2912 2732 3244 2815 improbis,
3309 2731 3587 2795 exitium
3649 2729 3936 2794 maxime
3999 2730 4437 2813 propinquum

2505 2828 2626 2883 est.
2714 2816 2940 2898 Quare
3003 2818 3239 2883 merito
3292 2814 3421 2881 Dei
3487 2815 3871 2881 iudiciorum
3939 2827 4119 2880 metu
4183 2835 4441 2899 semper

2506 2904 2824 2969 deterreri
2889 2924 3008 2969 nos
3072 2923 3112 2967 a
3169 2902 3363 2980 malo,
3431 2902 3557 2967 etsi
3620 2901 3813 2966 rebus
3870 2920 4180 2984 prospere
4233 2915 4300 2966 et
4354 2922 4440 2966 ex

2503 2991 2723 3056 animo
2785 2988 3189 3070 cedentibus,
3267 2997 3539 3071 oportet,
3609 3008 3692 3052 ne
3749 2985 4134 3050 thesaurum
4191 2986 4329 3052 irae
4372 2999 4441 3051 et

2502 3075 2833 3141 vindictae
2881 3075 3089 3160 ipsius
3140 3095 3218 3139 eo
3272 3075 3581 3139 maiorem
3626 3072 3698 3137 in
3741 3085 3964 3137 nostra
4008 3072 4224 3154 capita
4267 3071 4439 3137 deri-

2506 3182 2754 3239 vemus,
2812 3183 2939 3244 quo
2997 3160 3405 3226 diuturniore
3447 3159 3765 3243 patientia
3811 3177 3931 3222 nos
3973 3157 4054 3223 ad
4101 3155 4440 3240 poeniten-

2501 3248 2663 3312 tiam
2724 3247 3039 3313 invitarit.
3129 3247 3221 3311 Et
3280 3246 3599 3312 hactenus
3656 3243 3736 3309 de
3789 3244 4290 3310 comminatione
4326 3242 4441 3309 illu

2503 3333 2747 3398 dietum
2794 3344 2948 3409 esto,
2995 3353 3123 3415 qua
3167 3343 3457 3416 posteros
3501 3327 3657 3395 Heli
3702 3327 4218 3396 exauctorandos
4252 3329 4438 3393 audi·

2504 3420 2752 3484 vimus:
2798 3419 2985 3485 cuius
3010 3431 3228 3483 tamen
3257 3418 3641 3501 prophetiae
3684 3417 3981 3481 effectum
4022 3434 4435 3498 nequaqnam

2499 3505 2644 3588 ipse
2688 3516 2788 3569 est
2833 3504 3140 3570 intuitus:
3185 3524 3270 3568 ex
3305 3523 3432 3586 qua
3475 3502 3636 3568 haec
3678 3502 3745 3566 in
3790 3521 4046 3566 summa
4076 3501 4436 3581 retinenda,

2500 3606 2570 3656 et
2626 3590 2705 3656 ad
2763 3611 2957 3656 usum
3019 3589 3389 3657 revocanda
3441 3586 3736 3654 doctrina
3778 3600 3899 3666 est,
3953 3607 4149 3670 quam
4191 3589 4436 3669 saepic-

2501 3677 2668 3742 sime
2719 3678 3044 3759 scriptura
3100 3676 3400 3749 inculcat,
3467 3687 3540 3738 ut
3604 3671 4148 3757 quemadmodum
4218 3673 4437 3738 animo

2503 3764 2795 3846 patiente
2863 3762 3235 3826 divinarum
3313 3761 3813 3843 promissionum
3888 3759 4436 3841 complementum

2502 3863 2976 3930 exspectamus,
3036 3849 3130 3912 sic
3173 3847 3493 3929 vicissim,
3554 3857 3806 3910 attenta
3850 3854 3915 3910 et
3973 3844 4161 3929 vigili
4217 3857 4437 3909 mente

2501 3933 3039 4001 comminationes
3095 3934 3298 4016 ipsius
3364 3942 3754 4010 metuamus,
3822 3932 4057 4015 quibus
4122 3941 4435 4013 tanquam

2501 4020 2954 4104 praesentibus
2993 4020 3374 4094 afficiamur,
3420 4019 3542 4082 etsi
3584 4019 3777 4083 rebus
3825 4017 4150 4100 prosperis
4193 4028 4263 4080 et
4304 4016 4438 4082 alta

2502 4128 2660 4190 paee
2727 4127 2802 4172 ac
2868 4105 3344 4188 tranquillitate
3399 4105 3714 4169 fruamur.
3802 4104 3907 4167 lta
3961 4106 4256 4168 futurum
4315 4113 4434 4176 est,

2503 4205 2577 4257 ut
2633 4191 2857 4257 fideles
2915 4192 3091 4257 nullo
3154 4210 3441 4273 unquam
3501 4191 3742 4274 gaudio
3799 4190 3894 4255 sic
3939 4189 4328 4265 afficiantur,
4367 4199 4439 4258 et

2502 4278 2704 4344 nullis
2750 4299 3037 4359 unquam
3085 4277 3279 4342 rebus
3324 4277 3460 4341 suis
3498 4274 3800 4341 secundis
3845 4275 4192 4352 laetentur,
4239 4286 4308 4336 ut
4355 4267 4433 4337 il-

2500 4363 2607 4437 lis,
2663 4375 2740 4428 ut
2796 4363 3010 4428 solent
3075 4362 3414 4440 increduli,
3483 4362 3841 4426 efferantur
3892 4373 3958 4425 et
4011 4358 4434 4424 insolescant:

2502 4471 2713 4533 neque
2777 4450 3062 4514 vicissim
3133 4449 3327 4513 rebus
3392 4448 3687 4512 adversis
3768 4449 4254 4530 opprimantur,
4320 4447 4432 4510 sed

2502 4558 2607 4601 res
2653 4535 2963 4600 adversas
3009 4536 3338 4618 prosperis
3383 4544 3769 4617 temperent.
3835 4536 4082 4598 Contra
4121 4531 4432 4595 infideles.

2500 4622 2673 4686 Nam
2698 4620 2842 4685 Deo
2871 4620 2953 4686 ad
2991 4632 3251 4704 tempus
3282 4621 3669 4684 iudiciorum
3696 4639 3962 4685 suorum
3990 4617 4431 4700 impletionem

2502 4709 2865 4782 differente,
2933 4715 3001 4772 et
3055 4707 3238 4770 velut
3296 4706 3376 4770 ad
3445 4708 3734 4791 ipsorum
3804 4723 4043 4789 poenas
4109 4702 4436 4778 tardante,

2499 4795 2740 4859 mirum
2817 4793 2887 4857 in
2951 4792 3212 4857 modum
3261 4791 3675 4869 insolescunt,
3736 4790 4153 4870 divinamque
4205 4789 4434 4854 doetri-

2501 4901 2652 4945 nam
2707 4879 2936 4944 sannis
2978 4878 3336 4962 excipiunt,
3395 4891 3464 4943 et
3506 4876 3789 4941 ludibrio
3836 4876 4095 4953 habent,
4142 4897 4216 4940 ac
4254 4874 4439 4940 velut

2498 4967 2819 5030 immanes
2862 4966 3058 5044 ferae,
3103 4965 3458 5028 indomitae
3501 4983 3577 5028 ac
3621 4962 4016 5026 effraenatae
4059 4962 4436 5027 calcitrant:

2498 5053 2735 5134 opibus
2794 5052 2932 5115 suis
2989 5060 3056 5115 et
3126 5054 3475 5115 autoritate
3531 5050 3625 5114 sic
3682 5047 4110 5127 inebriantur,
4165 5060 4241 5113 ut
4312 5049 4436 5114 sibi

2498 5138 2757 5220 quidvis
2793 5137 2988 5203 licere
3031 5137 3427 5212 existiment,
3474 5155 3550 5199 ac
3591 5136 3658 5198 in
3706 5133 4003 5198 sordibus
4046 5136 4182 5199 suis
4227 5135 4442 5218 magis

2502 5224 2847 5307 magisque
2903 5222 3300 5290 volutentur.
3390 5224 3490 5287 Ac
3544 5219 3657 5286 nbi
3719 5241 3792 5286 se
3848 5218 4129 5285 vindicis
4169 5219 4271 5285 ire
4315 5242 4437 5285 nu-
