5059 6059
290 326 363 393 33
1563 321 1658 388 IN
1701 321 1754 386 Ι.
1803 318 1982 385 LIB.
2030 317 2432 385 SAMUEL.
2477 318 2675 386 OAP.
2719 319 2911 388 xlv.
4130 324 4221 393 34

284 522 399 579 tem
452 518 771 576 servatum
832 511 932 587 iri,
985 510 1140 577 licet
1182 518 1375 575 antea
1417 528 1729 574 numerus
1771 508 2069 573 infinitus
2113 522 2179 573 et

280 594 601 665 multitudo
653 595 912 661 infinita
954 595 1253 662 fuissent.
1343 593 1477 660 Sed
1522 615 1668 660 ecce
1712 613 1912 676 quam
1955 594 2177 660 miseri

280 697 344 751 ut
392 681 564 748 velut
619 703 776 748 oves
819 683 887 746 in
933 682 1191 747 leonum
1240 692 1584 746 versentur
1625 678 1950 745 faucibus:
2017 700 2177 763 quos

279 769 373 836 vel
432 765 640 832 odium
707 768 1070 834 vicinorum
1137 768 1395 850 premit,
1463 766 1566 832 vel
1620 766 2003 845 calumniae,
2075 766 2176 830 vel

278 855 529 936 denique
573 853 906 919 molestiae
943 854 1166 918 variae
1199 855 1501 933 obruunt,
1547 864 1622 916 ut
1655 850 1937 917 hostium
1973 853 2176 917 furori

275 940 525 1025 expositi
594 938 1025 1021 undequaque
1070 938 1435 1004 videantur.
1525 936 1659 1002 Sed
1705 957 1816 1003 eos
1860 936 2177 1020 propheta

273 1025 638 1093 consolatur.
729 1026 819 1089 Et
889 1026 1220 1108 proposita
1286 1024 1534 1089 visione
1595 1043 1791 1105 quam
1857 1022 2177 1088 habuerat

273 1115 343 1179 de
406 1111 784 1178 candelabro
849 1122 917 1175 et
981 1110 1406 1193 lampadibus,
1489 1108 1708 1175 adiicit·
1773 1110 1935 1173 duas
1999 1110 2175 1174 oleas

272 1200 465 1271 fuisse.
524 1198 763 1279 quibus
819 1196 1222 1280 figurabatur
1281 1207 1467 1261 vetus
1526 1194 1651 1260 lex.
1738 1194 1956 1276 Atque
2015 1194 2176 1259 duas

270 1285 400 1348 illas
440 1282 612 1347 oleas
654 1283 840 1349 docet
886 1297 1199 1366 perpetuo
1242 1282 1542 1360 stillasse,
1606 1303 1688 1345 ne
1731 1279 2064 1363 lampades
2106 1282 2173 1345 in

267 1370 512 1436 molesia
558 1369 1151 1452 exstinguerentur.
1202 1367 1457 1432 Deinde
1497 1366 1658 1431 illud
1708 1387 1915 1448 neque
1962 1368 2025 1431 vi
2071 1389 2173 1431 ar·

267 1477 518 1531 morum,
577 1474 787 1536 neque
832 1454 960 1518 alia
1001 1454 1067 1517 vi
1112 1452 1472 1536 perfectum
1511 1453 1591 1517 iri
1639 1452 1842 1529 docet,
1888 1453 1999 1518 sed
2045 1452 2174 1535 spi-

265 1542 382 1606 ritu
426 1543 561 1622 ipso
607 1539 913 1606 Iehovae.
1000 1540 1108 1604 Ex
1153 1539 1388 1621 quibus
1424 1538 1736 1604 discimus
1773 1537 1987 1602 Deum
2025 1559 2173 1603 con-

263 1628 429 1692 iectis
483 1626 619 1692 suis
677 1624 978 1691 fidelibus
1025 1626 1094 1688 in
1140 1634 1357 1689 tantas
1401 1625 1756 1707 angust-ias,
1816 1637 1887 1688 ut·
1933 1624 2011 1689 de
2055 1644 2175 1689 sua

263 1714 457 1778 salute
499 1710 864 1794 desperent,
908 1710 1081 1793 quod
1129 1731 1262 1775 non
1307 1711 1439 1774 sint
1484 1731 1672 1793 pares
1708 1709 2002 1775 hostibus
2036 1710 2175 1775 suis

260 1798 619 1871 resistendo,
665 1802 774 1879 qui
820 1798 1079 1880 magnis
1124 1797 1372 1862 viribus
1416 1797 1699 1861 inermes
1741 1805 1810 1860 et
1851 1796 2174 1861 inhabiles

259 1882 647 1962 adoriuntur,
695 1884 914 1948 hostes
959 1882 1107 1946 illos
1152 1882 1584 1948 debellantem
1631 1894 1694 1945 et
1732 1880 2173 1964 dissipantem,

259 1970 416 2034 velle
458 1990 649 2035 suum
694 1990 856 2051 opus
893 1967 1176 2053 agnosci,
1223 1966 1638 2050 debitumque
1672 1980 2018 2049 propterea
2056 1967 2176 2031 sibi

259 2055 555 2120 honorem
649 2054 849 2120 reddi.
940 2053 1383 2135 Quamobrem
1465 2075 1592 2117 non
1661 2065 1916 2134 oportet
1980 2053 2174 2117 fidem

253 2152 526 2206 nostram
605 2142 732 2205 niti
799 2161 1011 2223 neque
1079 2139 1498 2204 multitudine
1565 2139 1875 2219 militum,
1966 2159 2174 2221 neque

253 2227 658 2292 terrestribus
717 2226 870 2291 ullis
929 2226 1154 2291 rebus:
1220 2224 1332 2291 sed
1385 2226 1604 2308 potius
1648 2245 1789 2289 esse
1833 2244 2175 2307 persuasos

256 2313 434 2378 rebus
463 2313 608 2378 istis
638 2313 942 2377 omnibus
987 2312 1348 2387 destitutos,
1393 2326 1613 2375 tamen
1657 2309 1901 2392 reipsa
1943 2330 2173 2393 exper-

251 2408 419 2463 turos
475 2401 638 2464 satis
696 2418 1002 2481 magnam
1062 2418 1203 2461 esse
1250 2397 1375 2460 Dei
1423 2398 1731 2461 virtutem
1777 2396 1856 2461 ad
1904 2417 2022 2462 nos
2067 2405 2170 2461 tu-

253 2484 471 2548 tandos
536 2496 606 2549 et
665 2505 746 2548 ex
812 2484 1086 2548 summis
1139 2482 1440 2564 periculis
1485 2482 1825 2559 ervendos,
1892 2482 1958 2546 in
2005 2501 2173 2563 quae

253 2568 325 2633 ad
378 2590 495 2634 nos
537 2568 977 2651 explorandos
1020 2569 1162 2650 ipse
1203 2569 1564 2637 coniecerit.
1653 2568 1758 2633 Ad
1807 2588 1924 2631 nos
1967 2566 2172 2651 igitur

249 2655 430 2719 etiam
469 2655 587 2721 illa
624 2655 978 2738 prophetae
1014 2654 1212 2719 verba
1253 2654 1596 2734 pertinent.
1687 2653 1958 2719 Certum
1994 2654 2167 2716 enim

247 2753 338 2805 est-
394 2742 781 2824 prophetam
844 2739 973 2805 illis
1033 2738 1392 2804 declarasse
1447 2740 1660 2821 qualis
1718 2739 1806 2803 sit
1863 2738 2172 2804 ecclesiae

247 2827 516 2892 conditio
586 2850 667 2891 ex
735 2847 859 2908 quo
905 2845 944 2888 a
986 2825 1368 2907 captivitate
1416 2825 1795 2908 babylonica
1835 2825 2170 2907 redempta

244 2911 376 2994 fuit,
419 2915 551 2978 imo
600 2934 681 2977 ex
729 2933 856 2995 quo
904 2913 1226 2976 Dominus
1270 2924 1493 2974 noster
1533 2910 1722 2976 Iesus
1759 2910 2064 2976 Christus
2098 2913 2164 2973 in

244 2995 410 3063 hunc
441 2999 763 3063 mundum
802 2997 1002 3063 venit.
1079 2995 1609 3078 Quotiescunque
1643 2997 1842 3078 igitur
1880 2997 2166 3061 hostium

245 3084 656 3148 multitudine
700 3094 769 3148 et
809 3083 1005 3147 minis
1054 3082 1458 3163 terrebimur,
1520 3082 1692 3165 quod
1738 3084 1818 3147 ab
1863 3082 1994 3146 illis
2039 3083 2165 3145 iam

242 3168 366 3232 iam
406 3170 704 3235 laniandi
742 3169 1091 3241 videamur.
1141 3167 1220 3231 ad
1261 3168 1450 3231 istam
1493 3170 1976 3250 promissionem
2014 3188 2164 3233 con-

246 3255 583 3338 fugiamus,
630 3257 920 3320 futurum
971 3254 1153 3317 nobis
1189 3257 1394 3317 instar
1433 3254 1930 3319 fortissimorum
1969 3274 2164 3337 agge·

246 3362 378 3404 rum
415 3351 485 3406 et
507 3343 971 3419 munitionum,
1019 3360 1270 3420 nempe,
1303 3362 1429 3402 non
1457 3339 1820 3404 habendam
1857 3340 2039 3404 nobis
2069 3361 2165 3403 ra·

245 3428 473 3491 tionem
547 3448 760 3508 neque
825 3426 1186 3509 gladiorum
1255 3447 1462 3506 neque
1534 3427 1972 3491 exercituum:
2052 3425 2163 3489 sed

243 3526 573 3578 contentos
641 3535 780 3577 esse
826 3526 1124 3595 oportere
1169 3512 1406 3574 virtute
1449 3511 1718 3575 Domini
1765 3513 1966 3576 nostri
2014 3511 2163 3577 Iesu

243 3598 505 3681 Christi,
588 3620 753 3680 quae
833 3600 911 3660 ad
980 3598 1255 3660 salutem
1321 3608 1612 3662 nostram
1681 3599 2015 3662 victoriam
2086 3596 2165 3663 de

239 3682 524 3751 hostibus
589 3694 997 3766 reportatura
1057 3696 1172 3748 est.
1265 3686 1480 3764 Atque
1539 3705 1622 3747 ex
1666 3683 1786 3747 hoc
1831 3684 1968 3748 loco
2013 3683 2162 3749 doc·

237 3771 404 3834 trina
467 3773 631 3835 haec
678 3780 809 3846 tam
858 3770 1036 3833 utilis
1079 3767 1366 3832 eruenda
1407 3783 1537 3833 est:
1599 3778 1665 3832 et
1711 3782 1967 3852 praeter
2010 3769 2163 3834 doc-

239 3857 466 3920 trinam
534 3858 694 3921 utile
753 3870 852 3920 est
910 3855 1107 3917 etiam
1154 3854 1472 3935 exemplis
1514 3855 1905 3930 confirmari,
1969 3854 2163 3937 quale

237 3940 349 4005 hoc
406 3942 552 4008 loco
617 3941 837 4008 Saulis
879 3941 1176 4018 occurrit,
1235 3942 1343 4021 qui
1389 3962 1536 4004 cum
1584 3941 1909 4006 sexcentis
1953 3940 2158 4004 homi·

236 4027 416 4093 nibus
484 4044 747 4092 tantum
818 4027 1132 4090 mansisse
1178 4026 1355 4089 solus
1400 4026 1656 4103 dicitur,
1731 4027 2160 4109 undequaque

235 4124 442 4177 tamen
489 4114 781 4179 hostibus
816 4114 1066 4194 ingenti
1098 4111 1516 4176 muftitudine
1539 4113 1720 4178 illum
1745 4112 2160 4195 cingentibus

233 4210 303 4261 ut
358 4205 705 4281 desperata
759 4200 935 4263 salus
979 4197 1445 4273 Israelitarum,
1506 4215 1570 4262 et
1614 4198 1819 4263 facilis
1866 4198 2160 4263 hostibus

231 4284 519 4364 victoria,
564 4287 763 4349 etiam
803 4305 932 4348 non
970 4283 1281 4347 districtis
1317 4284 1546 4367 gladiis
1585 4285 1931 4349 videretur.
2025 4285 2160 4347 Ita·

233 4390 351 4450 que
396 4386 536 4435 tum
589 4371 810 4434 hostes
854 4368 1216 4452 triumphos
1259 4373 1440 4451 quasi
1488 4372 1615 4434 iam
1662 4383 1848 4452 parta
1894 4372 2159 4435 victoria

231 4459 579 4522 canebant:
627 4468 693 4521 et
738 4457 1004 4519 minime
1049 4456 1314 4520 dubium
1362 4456 1517 4538 quin
1558 4455 1683 4519 Dei
1721 4478 1956 4521 nomen
1997 4456 2158 4520 blas-

230 4541 480 4621 phemis
553 4543 691 4607 suis
759 4543 1024 4605 vocibus
1093 4542 1467 4605 lacerarent.
1553 4540 1691 4604 Deo
1757 4541 1837 4605 ad
1904 4556 2159 4623 tempus

231 4626 368 4692 illos
427 4630 701 4695 ferente.
795 4626 928 4693 Sed
990 4628 1251 4691 tandem
1314 4649 1382 4692 re
1427 4629 1564 4709 ipsa
1611 4627 1792 4691 Deus
1839 4628 2157 4708 patefecit,

229 4733 480 4779 omnem
553 4716 735 4778 illam
805 4713 1085 4777 hostium
1158 4735 1295 4778 sese
1363 4725 1500 4777 tam
1563 4714 1692 4777 alte
1747 4714 2154 4778 efferentium

229 4803 666 4885 arrogantiam
714 4800 782 4864 in
828 4820 1154 4864 summum
1190 4800 1477 4881 ipsorum
1517 4799 1793 4864 dedecus
1828 4812 1894 4863 et
1929 4801 2155 4864 confu-

229 4885 473 4950 sionem
584 4886 769 4951 verti.
867 4884 1304 4964 Quamobrem
1393 4885 1521 4950 Dei
1607 4885 2159 4968 contemptoribus

227 4972 524 5054 superbia
592 4985 657 5036 et
723 4971 1096 5053 arrogantia
1161 4972 1590 5054 turgentibus,
1670 4984 1731 5035 et
1794 4973 1859 5034 in
1928 4972 2156 5037 fideles

227 5056 581 5124 crudeliter
613 5055 1070 5127 saevientibus.
1107 5069 1288 5122 tanto
1311 5057 1837 5140 propinquiorem
1859 5058 2153 5140 ipsorum

229 5143 488 5209 ruinam
549 5153 618 5209 et
673 5141 950 5207 dedecus
1006 5163 1147 5207 esse
1201 5145 1499 5210 sciamus.
1586 5142 1678 5208 Et
1733 5143 1789 5207 si
1846 5144 2024 5209 Deus
2076 5164 2155 5209 eo

227 5248 423 5313 usque
467 5251 596 5295 nos
637 5227 1013 5311 explorarit,
1057 5238 1131 5293 ut
1174 5230 1390 5296 hostes
1432 5230 1746 5299 adversus
1792 5249 1908 5293 nos
1953 5230 2157 5295 multa

456 5330 685 5387 Gabinii
710 5346 903 5401 opera.
941 5330 1058 5387 Vol.
1082 5330 1276 5386 XXX.

2280 508 2635 573 moliantur
2677 518 2746 574 et
2787 507 3276 593 aggrediantur,
3317 511 3432 576 illo
3477 512 3914 597 permittente,
3972 522 4041 579 et
4081 512 4215 581 illis

2281 613 2364 658 ex
2422 595 2625 658 animi
2685 595 3013 660 sententia
3069 617 3175 661 res
3231 597 3604 675 succedant,
3663 596 3824 663 adeo
3868 613 3944 663 ut
3987 611 4215 667 nostra

2279 680 2456 745 salus
2502 680 2837 763 deplorata
2880 681 3198 759 videatur,
3244 703 3329 749 ne
3372 696 3588 748 tamen
3636 684 4009 750 dubitemus
4052 686 4212 768 quin

2278 765 2418 847 ipse
2461 766 2742 831 debitam
2787 766 2920 831 illis
2965 768 3328 833 mercedem
3363 772 3797 852 praepararit:
3843 782 3911 834 et
3955 771 4092 836 loco
4135 791 4211 839 ao

2279 862 2573 934 tempore
2616 851 2963 935 patefaciat
3006 874 3078 918 se
3122 856 3328 920 nostri
3365 856 3726 936 misertum,
3771 856 3890 922 etsi
3927 855 4009 920 ad
4046 869 4210 923 tem·

2279 957 2401 1019 pus
2447 938 2674 1001 faciem
2719 958 2903 1003 suam
2950 960 2989 1003 a
3032 940 3217 1006 nobis
3259 942 3615 1007 occultasse
3658 944 3837 1008 visus
3879 943 3982 1008 sit.

2450 1023 2541 1087 Et
2596 1023 2676 1087 de
2732 1024 2878 1090 istis
2925 1024 3275 1106 hactenus;
3333 1037 3738 1093 transeamus
3798 1026 3882 1092 ad
3924 1048 3999 1093 ea
4043 1048 4207 1112 quae

2280 1107 2359 1172 de
2403 1109 2772 1174 Ionathano
2810 1110 3133 1177 dicuntur.
3199 1112 3298 1177 Ac
3343 1114 3552 1196 primo
3598 1113 3853 1195 quidem
3899 1112 4208 1197 adspectu

2281 1194 2557 1259 nimium
2613 1196 2813 1262 fuisse
2873 1199 3257 1262 temerarius
3313 1199 3726 1276 iudicabitur,
3784 1201 3924 1264 sine
3968 1200 4207 1266 iudicio

2278 1294 2347 1344 et
2401 1282 2545 1346 sine
2603 1282 3065 1347 moderatione.
3167 1283 3334 1348 Nam
3395 1282 3560 1350 Saul
3630 1285 3802 1351 solos
3871 1301 4206 1352 sexcentos

2276 1365 2558 1448 reliquos
2619 1366 2861 1431 milites
2919 1380 2986 1431 et
3028 1370 3290 1450 quidem
3336 1372 3616 1434 inermes
3661 1369 3933 1436 habebat
3976 1372 4206 1436 adver·

2275 1473 2390 1517 sus
2452 1452 2741 1516 hostium
2796 1466 2894 1518 tot
2938 1454 3162 1531 millia,
3226 1454 3649 1520 nihilominus
3707 1468 3927 1520 tamen
3972 1457 4206 1523 castris

2275 1537 2442 1602 clam
2510 1538 2845 1622 egreditur
2903 1560 3048 1604 cum
3112 1542 3431 1624 armigero
3485 1562 3622 1624 suo,
3688 1553 3754 1605 et
3809 1542 4072 1624 quidem
4130 1565 4206 1609 eo

2276 1636 2573 1707 tempore
2629 1645 2757 1706 quo
2812 1635 2945 1689 tres
2990 1625 3270 1691 hostium
3330 1627 3628 1692 cohortes
3673 1649 3971 1710 egressae
4016 1637 4205 1694 erant

2275 1721 2428 1774 ante
2472 1709 2755 1791 primum
2802 1730 3035 1794 agmen
3075 1712 3154 1776 ad
3193 1712 3497 1795 praedam
3533 1712 3926 1778 faciendam:
3970 1714 4203 1796 quibus

2275 1794 2688 1860 Ionathanus
2746 1807 2992 1861 temere
3049 1800 3344 1875 occurrit,
3401 1808 3469 1863 et
3524 1796 3786 1880 quidem
3845 1799 4050 1865 inscio
4091 1820 4206 1883 pa-

2278 1894 2396 1946 tre.
2489 1883 2809 1947 Armatus
2873 1881 3132 1965 quidem
3202 1883 3280 1947 ad
3351 1883 3593 1948 bellum
3660 1885 3814 1957 exit,
3881 1883 3997 1950 sed
4055 1885 4211 1969 quid

2278 1987 2452 2032 unus
2497 1967 2813 2034 adversus
2871 1979 2967 2034 tot
3023 1968 3364 2034 cohortes?
3455 1968 3631 2050 Quin
3679 1968 3964 2054 armiger
4008 1972 4217 2054 ipsius

2277 2072 2460 2117 arma
2525 2054 2758 2135 quibus
2823 2076 2892 2119 se
2958 2066 3254 2119 tueretur
3312 2075 3442 2119 non
3502 2054 3798 2134 habebat,
3863 2056 3991 2122 nisi
4050 2059 4212 2122 forte

2277 2150 2540 2204 rutrum
2584 2149 2700 2204 ant
2743 2140 3044 2217 securim,
3090 2149 3159 2205 et
3200 2140 3462 2223 quidem
3510 2141 3933 2208 commodato.
4021 2141 4209 2207 Vidi-

2275 2245 2425 2290 mus
2484 2225 2661 2289 enim
2715 2246 2914 2309 supra
2973 2225 3483 2292 Philistaeorum
3542 2225 3768 2291 fraude
3825 2226 4070 2293 factum
4132 2239 4209 2294 ut

2276 2310 2448 2393 apud
2494 2310 2832 2377 Hebraeos
2876 2311 3098 2377 nullus
3144 2313 3321 2377 faber
3364 2313 3799 2377 inveniretur:
3848 2333 3923 2378 ac
3967 2314 4025 2378 si
4060 2322 4207 2379 tan·

2276 2396 2421 2461 dem
2483 2396 2851 2462 libertatem
2910 2396 3282 2462 habuerunt
3340 2398 3421 2462 ad
3478 2400 3876 2463 ferramenta
3943 2402 4206 2467 confici-

2276 2482 2462 2558 enda,
2521 2494 2587 2546 et
2644 2482 2884 2547 molam
2930 2482 3012 2547 ad
3056 2483 3452 2562 exacuenda,
3510 2504 3640 2548 non
3696 2485 3839 2549 sine
3883 2496 4063 2551 metu
4109 2496 4205 2550 ta-

2276 2589 2424 2632 men
2470 2580 2535 2632 et
2582 2580 2827 2633 terrore
2872 2570 3011 2634 fuit.
3102 2568 3323 2650 Quare
3369 2571 3599 2634 merito
3641 2569 4044 2637 Ionathanus
4090 2572 4209 2636 ho-

2275 2656 2527 2718 minum
2572 2655 2875 2737 opinione
2920 2656 3303 2721 temerarius
3347 2667 3521 2720 esset
3563 2654 3970 2732 iudicandus,
4032 2655 4201 2738 quod

2275 2739 2587 2806 adversus
2632 2752 2726 2805 tot
2773 2741 2993 2805 hostes
3037 2741 3215 2805 solus
3257 2760 3557 2824 egressus
3598 2742 3703 2820 sit,
3763 2753 3828 2806 et
3873 2756 4206 2823 praeterea

2273 2826 2565 2892 ordinem
2636 2827 2960 2891 everterit.
3048 2826 3219 2890 Nam
3284 2828 3338 2890 si
3408 2827 3556 2891 belli
3625 2834 3913 2909 tempore
3979 2828 4203 2894 liceret

2273 2913 2497 2994 positis
2542 2914 2789 2991 castris,
2848 2922 2914 2977 et
2958 2912 3254 2978 hostibus
3298 2912 3730 2994 undequaque
3772 2914 4201 2996 cingentibus,

2273 3009 2513 3063 temere
2558 2998 2793 3081 cuique
2835 2996 3054 3082 egredi
3099 3019 3135 3061 e
3179 2998 3480 3075 statione,
3535 2996 3686 3081 quid
3732 2998 3883 3062 inde
3927 2999 4201 3081 periculi

2271 3083 2648 3149 crearetur?
2738 3084 2879 3149 Nae
2934 3082 3199 3165 capitali
3263 3084 3574 3166 supplicio
3620 3083 3798 3166 digni
3854 3096 4028 3161 sunt,
4086 3085 4199 3167 qui

2273 3169 2420 3235 belli
2463 3180 2756 3252 tempore
2799 3171 2940 3235 sine
2975 3169 3154 3234 iussu
3195 3170 3601 3252 imperatoris
3637 3171 3985 3234 stationem
4024 3170 4199 3235 dese-

2270 3267 2455 3321 runt:
2515 3276 2667 3319 nam
2713 3256 2948 3337 alioqui
2996 3255 3249 3320 nullam
3294 3256 3710 3320 autoritatem
3759 3257 4086 3334 retineret,
4132 3268 4197 3320 et

2268 3362 2524 3406 summa
2583 3364 2799 3407 rerum
2846 3341 3272 3406 inveheretur
3315 3342 3626 3406 confusio.
3718 3340 4015 3422 Denique
4060 3362 4193 3407 me-

2268 3427 2510 3491 tuenda
2556 3442 2809 3511 strages
2853 3440 3042 3501 esset,
3102 3429 3159 3491 si
3208 3425 3393 3508 pauci
3438 3427 3579 3490 sine
3626 3436 3878 3491 maturo
3926 3428 4193 3492 consilio

2264 3524 2329 3577 et
2385 3513 2848 3579 deliberatione
2907 3514 3137 3578 castris
3179 3513 3659 3596 egrederentur.
3749 3512 4188 3591 Quamobrem

2268 3598 2472 3663 videri
2531 3611 2745 3683 potest
2798 3599 3209 3663 Ionathanus
3267 3612 3514 3678 patrem
3563 3597 3670 3661 hic
3712 3597 3777 3661 in
3827 3598 4187 3665 maximum

2264 3685 2611 3750 discrimen
2677 3685 3061 3750 coniecisse:
3143 3700 3209 3747 et
3274 3704 3391 3765 per
3454 3683 3666 3765 ipsum
3735 3704 3863 3747 non
3931 3686 4188 3752 stetisse

2260 3772 2415 3852 quin
2459 3772 2599 3854 ipse
2643 3784 2832 3854 pater
2873 3791 3018 3835 cum
3060 3768 3280 3850 paucis
3316 3768 3581 3850 reliquis
3618 3768 3935 3835 militibus
3968 3773 4187 3855 oppri-

2261 3867 2574 3921 meretur.
2677 3856 2931 3920 Deinde
2990 3875 3289 3938 egressus
3349 3853 3544 3918 audet
3604 3853 3906 3937 progredi
3977 3877 4185 3940 usque

2259 3942 2339 4005 ad
2389 3942 2629 4007 milites
2669 3941 2785 4025 qui
2829 3942 2893 4006 in
2941 3940 3229 4005 excubiis
3274 3952 3479 4004 erant.
3571 3941 3659 4004 Et
3702 3940 3846 4005 ideo
3882 3940 4186 4007 dicuntur

2258 4028 2344 4092 ibi
2391 4029 2591 4093 fuisse
2635 4028 2764 4092 duo
2807 4026 3056 4110 scopuli
3092 4027 3158 4090 in
3198 4025 3459 4090 modum
3499 4024 3793 4090 dentium
3829 4030 4182 4110 praerupti.

2258 4113 2335 4177 Id
2383 4124 2655 4197 apparet
2697 4114 2762 4177 in
2809 4113 3140 4177 montibus
3186 4126 3251 4175 et
3295 4111 3569 4176 collibus
3616 4114 3862 4188 vicinis,
3931 4116 3993 4176 in
4041 4115 4181 4195 qui·

2260 4201 2379 4263 bus
2440 4201 2900 4265 eminentiores
2958 4198 3204 4281 scopuli
3266 4219 3423 4280 prae
3482 4220 3550 4262 se
3595 4199 3813 4262 ferunt
3857 4199 4178 4280 quandam

2257 4285 2472 4370 abyssi
2535 4286 2831 4368 speciem,
2899 4295 3015 4348 aut
3078 4285 3361 4367 ingentis
3429 4284 3765 4349 cuiusdam
3836 4284 4179 4365 voraginis.

2258 4371 2388 4435 Hic
2432 4372 2636 4453 igitur
2690 4369 2815 4435 duo
2862 4371 3059 4435 fuisse
3107 4371 3298 4435 vicini
3346 4370 3588 4451 scopuli
3634 4369 3956 4446 dicuntur,
4016 4388 4180 4449 quos

2261 4456 2605 4521 Philistaei
2660 4469 3153 4538 occupaverant,
3206 4470 3270 4519 et
3329 4456 3634 4520 excubias
3688 4455 3770 4518 ibi
3833 4453 4178 4529 habebant,

2262 4556 2336 4606 ut
2395 4563 2587 4607 nemo
2648 4542 2791 4606 illac
2848 4552 3075 4625 aperta
3119 4553 3186 4605 et
3230 4543 3410 4624 regia
3454 4542 3563 4605 via
3605 4551 3815 4622 posset
3862 4539 4177 4602 transire:

2260 4638 2442 4694 tanta
2486 4629 2659 4692 enim
2706 4640 2846 4692 erat
2889 4627 3172 4692 hostium
3213 4627 3562 4690 multitudo
3598 4637 3669 4689 ut
3708 4624 3926 4688 nullus
3962 4623 4178 4689 aditus

2257 4714 2336 4779 ad
2396 4714 2540 4779 illos
2600 4726 2865 4797 pateret.
2955 4713 3177 4793 Quare
3233 4712 3632 4777 Ionathanus
3674 4730 3749 4773 eo
3800 4707 4067 4792 pedibus
4112 4722 4180 4774 et

2255 4801 2559 4865 manibus
2603 4810 2870 4880 reptans
2924 4810 3195 4863 conatur
3240 4795 3603 4862 ascendere.
3692 4793 3823 4861 Sed
3870 4816 3952 4859 an
4000 4795 4177 4859 defa-

2256 4889 2499 4968 tigatus
2529 4908 2611 4949 ex
2650 4888 2751 4950 via
2795 4885 2976 4950 invia
3020 4894 3274 4967 poterat
3307 4904 3452 4946 cum
3491 4881 3783 4948 hostibus
3822 4880 4173 4963 congredi?

2255 4972 2435 5052 Quin
2474 4973 2670 5035 etiam
2733 4971 3066 5035 videamus
3110 4990 3238 5051 quo
3282 4968 3563 5032 maxime
3605 4964 4027 5032 fundamento
4072 4968 4172 5032 ni·

2257 5070 2467 5122 tatur:
2531 5058 3027 5135 Adscendamm,
3080 5055 3311 5136 inquit,
3371 5053 3455 5118 ad
3495 5053 3845 5119 incredulos
3886 5058 3944 5118 et
3982 5054 4174 5118 incir-

2253 5145 2555 5209 cumcisos
2593 5144 2763 5227 istos,
2808 5147 2865 5207 et
2904 5162 3018 5207 nos
3058 5141 3150 5206 eis
3191 5144 3552 5222 reteyamua
3638 5138 3763 5219 Qui
3800 5140 3862 5204 si
3900 5139 4175 5205 dixerim

2253 5230 2603 5296 adscendite
2640 5230 2725 5295 ad
2766 5248 2898 5308 nos,
2941 5232 3073 5292 tum
3113 5225 3407 5292 audacter
3446 5225 3774 5290 adversum
3816 5226 3989 5308 ipsos
4019 5246 4177 5308 pro-
