5059 6059
762 341 891 408 311

779 558 857 605 ac
917 534 1199 605 vindicis
1255 534 1490 602 dextra
1546 533 1882 602 fraenatur
1926 542 1995 600 at
2032 534 2104 600 in
2148 555 2372 603 orcum
2418 534 2728 602 detruda-

778 632 910 690 tur.
998 622 1107 687 En
1151 642 1269 688 cur
1333 640 1530 705 saepe
1594 619 1768 704 apud
1832 620 2188 706 prophetas
2253 631 2553 689 occurrat
2608 621 2727 687 illa

776 709 1058 796 phrasis,
1123 727 1315 773 omna
1372 706 1616 773 labium
1673 728 1892 774 coram
1948 709 2089 792 ipso
2133 705 2584 790 fraenandam,
2647 718 2727 773 ut

780 796 1094 863 nimirum
1139 793 1267 859 Dei
1322 791 1604 860 vindicis
1656 813 1733 858 ac
1786 813 2008 860 rarum
2057 794 2349 860 omnium
2395 795 2724 860 instaura·

779 883 943 949 toris
986 879 1396 946 maiestatem
1443 878 1836 961 describant,
1892 875 1975 945 ad
2033 899 2227 963 quam
2284 879 2394 946 val
2442 881 2727 946 maxima

779 969 855 1035 in
912 967 1177 1034 nomina
1230 966 1439 1050 ipsius
1494 963 2006 1050 blasphemando
2066 965 2343 1032 audaces
2392 967 2722 1032 obmutes-

780 1074 928 1123 cere
987 1053 1254 1137 penitus
1307 1060 1622 1136 oporteat,
1690 1062 1765 1117 ut
1827 1073 1913 1118 na
1977 1072 2196 1119 coram
2262 1052 2404 1136 ipso
2458 1052 2725 1135 quidem

778 1141 1034 1208 hiscere
1093 1138 1393 1205 audeant.
1499 1137 1726 1219 Quare
1784 1139 1979 1222 agite,
2038 1159 2240 1221 quum
2298 1138 2391 1203 ita
2449 1158 2520 1204 se
2566 1139 2727 1203 haec

780 1227 1086 1303 habeant,
1142 1225 1201 1290 si
1255 1224 1608 1307 flagitiosos
1668 1233 1733 1289 at
1788 1223 2120 1307 improbos
2173 1223 2475 1290 homines
2518 1225 2722 1290 conti·

783 1312 958 1399 gerit
1000 1310 1314 1376 adversus
1347 1311 1472 1375 Dai
1515 1309 1808 1375 tribunal
1856 1310 2270 1393 blasphemas
2314 1329 2506 1375 voces
2551 1329 2728 1374 arro·

782 1409 1020 1485 gauter
1062 1415 1381 1477 evomere,
1425 1396 1752 1478 patienter
1793 1397 2207 1479 praefinitum
2253 1418 2292 1461 a
2317 1397 2457 1461 Dao
2498 1395 2724 1461 iudicii

783 1495 1043 1567 tempus
1065 1493 1538 1566 exspectemus,
1573 1483 1785 1547 iustas
1807 1503 1883 1548 ac
1906 1482 2173 1547 maritas
2196 1503 2440 1565 poenas
2475 1481 2558 1547 ab
2593 1482 2726 1546 illis

781 1570 1161 1654 repetitura.
1260 1567 1432 1634 Nam
1498 1568 1889 1633 nominatim
1954 1566 2062 1633 hic
2136 1567 2376 1634 dicitur
2446 1569 2585 1633 fore
2651 1576 2728 1634 ut

780 1657 855 1723 in
896 1655 1161 1721 tenebris
1202 1655 1631 1731 conticescant,
1695 1651 1764 1717 id
1808 1660 1909 1719 ast
1971 1651 2392 1719 consiliorum
2456 1675 2723 1720 suorum

781 1744 982 1810 finem
1026 1760 1442 1824 nequaquam
1485 1748 1937 1823 assequantur,
1981 1739 2091 1805 sad
2140 1760 2349 1808 vanus
2393 1753 2458 1804 et
2500 1741 2727 1806 irritus

782 1830 919 1894 fiat.
985 1826 1251 1892 Interea
1285 1824 1547 1908 quidam
1582 1826 1652 1889 in
1689 1825 1908 1908 aliqua
1950 1824 2124 1909 ipsos
2167 1826 2520 1892 autoritate
2563 1848 2723 1903 assa,

784 1934 861 1981 ac
926 1933 1080 1978 suos
1139 1909 1507 1994 triumphos
1564 1909 1756 1976 adera
1816 1912 2051 1991 fateor,
2124 1911 2241 1976 sed
2312 1913 2507 1996 paulo
2581 1921 2730 1995 post

785 1999 1010 2066 divina
1054 2018 1258 2063 manu
1289 1995 1831 2079 praecipitandos,
1877 2006 1951 2062 61
1974 1998 2299 2080 patefacta
2322 1998 2729 2083 turpitudine

784 2094 924 2152 1016
967 2083 1085 2150 illa
1126 2081 1413 2148 insolens
1466 2081 1851 2164 petulantia,
1909 2093 1976 2147 et
2031 2083 2252 2148 inanis
2308 2105 2383 2151 ac
2447 2085 2729 2168 superba

782 2170 1097 2324 {actantia
1161 2177 1540 2235 coerceatur
1604 2175 1802 2252 atqua
1868 2167 2220 2233 fraenatur.
2330 2171 2423 2236 Et
2476 2170 2558 2235 da
2624 2170 2731 2236 hia

832 2268 1124 2323 actenus.

955 2341 1294 2424 Sequitur,
1336 2338 1579 2404 viribus
1619 2339 1760 2404 suis
1800 2340 2107 2405 neminem
2148 2338 2434 2421 obtinere,
2491 2340 2730 2424 quibus

784 2428 1005 2496 verbis
1062 2435 1309 2511 quanta
1365 2424 1675 2489 facilitate
1721 2425 1904 2489 Deus
1960 2446 2084 2492 sua
2127 2425 2369 2492 iudicia
2413 2448 2728 2510 exsequa-

783 2524 895 2580 tur
962 2512 1275 2579 advarsns
1338 2509 1577 2592 impios
1646 2510 1941 2576 homines
2023 2511 2365 2593 docemur,
2447 2533 2727 2596 qnorum

785 2599 963 2668 viras
1027 2619 1102 2665 ac
1156 2594 1468 2662 fortitudo
1525 2597 1737 2662 omnis
1789 2616 2006 2663 coram
2053 2596 2199 2663 Deo
2243 2619 2329 2663 na
2370 2599 2729 2665 subsistere

786 2683 1053 2771 quidem
1128 2682 1350 2767 possit.
1474 2681 1838 2747 Verissima
1916 2684 2094 2748 anim
2173 2683 2290 2749 illa
2366 2683 2728 2767 prophatae

787 2770 993 2838 verba
1056 2778 1211 2835 sunt
1275 2767 1468 2852 longo
1531 2789 1658 2836 666
1722 2768 2160 2850 comprobata,
2236 2768 2728 2853 deprimendam

787 2854 1204 2930 altitudinem
1261 2854 1601 2919 hominum
1662 2859 1729 2917 at
1777 2875 2039 2920 omnam
2082 2875 2349 2921 carnem
2392 2876 2535 2923 asse
2579 2875 2728 2941 gra·

786 2937 958 3018 m'an,
1005 2951 1072 3007 at
1112 2941 1394 3008 similem
1436 2961 1578 3006 essa
1612 2939 1760 3005 flori
1796 2941 1973 3024 agri:
2020 2962 2400 3008 exarescere
2433 2963 2730 3025 gramen,

789 3028 1087 3098 decidere
1140 3029 1369 3093 florem
1428 3046 1631 3109 quum
1694 3026 1963 3108 spiritus
2007 3026 2293 3094 Iahovaa
2348 3029 2584 3111 perflat
2631 3027 2731 3111 ip·

788 3137 956 3182 sum.
1014 3114 1247 3197 Itaque
1288 3109 1718 3194 expendenda
1763 3110 1924 3177 haec
1945 3112 2184 3179 Annae
2227 3114 2447 3195 verba,
2488 3113 2736 3180 viribus

787 3203 928 3270 mois
982 3199 1291 3265 nminem
1348 3198 1635 3279 obtinere,
1701 3217 1778 3262 ao
1835 3198 2206 3266 accuratius
2263 3221 2392 3284 660
2449 3220 2733 3284 propan-

788 3291 994 3357 sioras
1048 3305 1279 3351 sumus
1334 3284 1415 3348 ad
1468 3284 1760 3367 iniquam
1806 3282 2150 3350 hominum
2194 3286 2731 3353 aestimationem.

787 3375 961 3442 Nam
1005 3371 1061 3437 61
1104 3391 1299 3453 quem
1341 3370 1409 3434 in
1455 3370 1809 3435 autoritate
1844 3370 2064 3458 aliqua
2100 3392 2241 3438 essa
2276 3371 2732 3456 conspicimus,

789 3469 983 3543 atque
1047 3456 1208 3521 adeo
1272 3475 1547 3539 magnos
1609 3453 1891 3522 honores
1955 3467 2410 3540 assequutum,
2482 3457 2731 3523 idolum

791 3544 980 3613 nobis
1019 3542 1351 3626 fingimus,
1408 3560 1485 3606 ac
1542 3540 1760 3607 nescio
1817 3542 1972 3624 quid
2021 3542 2367 3609 immotum
2414 3550 2481 3608 at
2524 3554 2733 3608 aetar-

795 3650 955 3698 num
1017 3627 1477 3711 imaginamur,
1542 3626 1823 3710 danique
1887 3649 2226 3712 nunquam
2291 3631 2731 3696 interiturum.

791 3718 1046 3782 Varum
1090 3735 1279 3779 mans
1322 3723 1546 3779 nostra
1590 3714 2089 3798 cogitationibus
2131 3714 2500 3781 istiusmodi
2542 3736 2732 3798 praa·

791 3811 1104 3884 occupata
1147 3807 1400 3863 rectum
1446 3798 1527 3862 de
1572 3799 1768 3864 rebus
1809 3800 1955 3866 istis
1998 3799 2314 3867 iudicium
2357 3799 2544 3866 nobis
2592 3799 2731 3867 adi-

791 3890 932 3964 mit,
978 3891 1174 3968 atqua
1215 3903 1441 3968 pacem
1488 3884 1689 3950 ullam
1733 3885 1803 3950 in
1849 3886 2268 3954 conscientiis
2315 3887 2554 3952 habere
2598 3907 2732 3952 non

793 3975 982 4044 sinit:
1029 3971 1309 4053 danique
1353 3970 1703 4053 tranquille
1745 3972 1949 4037 vitam
1995 3970 2231 4056 degere
2271 3972 2413 4037 Deo
2455 3973 2570 4039 uni
2613 3993 2733 4038 nos

796 4055 1234 4139 subiicientes,
1272 4057 1607 4138 vitamque
1650 4066 1942 4123 nostram
1979 4057 2080 4123 illi
2113 4059 2569 4142 permittentes
2596 4079 2732 4123 non

792 4146 1064 4234 patitur.
1148 4141 1402 4225 Nempe
1461 4142 1584 4224 ipsi
1640 4164 1759 4208 nos
1801 4144 1873 4208 in
1919 4143 2040 4211 has
2084 4143 2310 4210 turbas
2353 4145 2734 4211 coniicimus

793 4232 1015 4301 stultis
1058 4226 1345 4306 iudiciis,
1408 4248 1609 4310 quum
1666 4228 1830 4294 tales
1890 4229 1969 4295 da
2027 4229 2222 4296 rebus
2265 4231 2501 4296 creatis
2558 4231 2732 4313 cogi-

793 4320 1077 4386 tationes
1141 4315 1328 4398 parvi
1407 4316 1718 4380 momenti
1795 4314 2180 4382 iudicamus.
2289 4314 2732 4397 Quamobrem

793 4406 969 4473 hanc
1021 4400 1354 4467 mentibus
1412 4401 1651 4464 nostris
1712 4399 2072 4467 doctrinam
2122 4400 2316 4467 altius
2360 4402 2733 4486 infigamus,

796 4510 1038 4574 nempe
1092 4486 1312 4551 nullas
1373 4484 1715 4552 hominum
1777 4508 1920 4553 assa
1963 4489 2030 4552 in
2078 4488 2203 4553 1166
2245 4488 2494 4553 mundo
2537 4487 2733 4566 vires,

791 4578 1047 4646 nullum
1102 4572 1472 4657 imparium,
1530 4571 1789 4638 nullum
1842 4594 2125 4657 ragnum
2169 4572 2486 4653 durabile,
2538 4582 2736 4656 atque

797 4665 959 4732 adeo
1019 4678 1188 4743 quaa
1244 4658 1531 4723 maxima
1586 4655 2176 4743 florentissimaque
2232 4671 2393 4725 sunt
2442 4660 2737 4742 imparia,

795 4750 905 4818 val
948 4747 1032 4814 ad
1077 4763 1276 4811 aurae
1317 4743 1687 4810 levissimae
1743 4747 1995 4826 flatum,
2054 4744 2314 4813 volante
2376 4745 2537 4822 Deo,
2597 4765 2735 4809 mo-

798 4844 1021 4902 mento
1080 4830 1476 4896 corruitura:
1550 4850 1678 4912 quo
1764 4839 2073 4914 tanquam
2128 4833 2351 4897 fraeno
2422 4831 2737 4913 improbis

798 4921 1171 5007 petulanter
1212 4926 1279 4982 at
1320 4914 1599 4998 superbe
1642 4936 1786 4982 6666
1821 4916 2257 4996 afferentibus,
2302 4928 2366 4982 at
2402 4916 2565 4982 nihil
2603 4936 2736 4982 606

799 5006 972 5072 laxis
1031 5003 1111 5068 ad
1156 4997 1431 5086 quodvis
1474 5002 1799 5085 flagitium
1846 5003 2121 5070 habenis
2167 5002 2583 5088 audentibus,
2633 5023 2736 5069 ra·

799 5093 1147 5169 tineamur,
1205 5088 1482 5154 scientes
1528 5089 1653 5154 Dei
1711 5088 2034 5155 vindicem
2091 5110 2358 5155 manum
2404 5090 2578 5171 ipsos
2622 5110 2736 5155 ne-

801 5196 1127 5264 quaquam
1165 5174 1569 5256 effugituros,
1614 5173 1727 5241 sad
1764 5184 1831 5241 et
1866 5174 2222 5241 honoribus
2255 5182 2320 5239 at
2364 5176 2735 5253 autoritate,

2458 345 2872 414 HOMILIA
2915 348 3072 416 VII.

4610 348 4708 416 312

2827 557 3068 621 poenas
3110 542 3574 620 reportaturos.
3662 533 3802 600 Nos
3845 554 4004 600 varo
4051 533 4214 616 Deo,
4258 535 4313 600 si
4355 533 4426 600 in
4466 533 4712 619 aliquam

2828 623 3213 707 dignitatem
3279 622 3606 701 evexerit,
3668 619 3843 686 hanc
3907 619 4181 701 gloriam
4247 618 4607 697 tribuamus,
4658 629 4719 688 ut

2826 709 3005 775 illius
3062 709 3262 774 unius
3321 709 3565 773 virtute
3622 707 3977 773 subsistere
4021 725 4142 771 606
4187 726 4618 791 agnoscamus,
4656 726 4718 776 ae

2827 795 2973 861 sina
3015 794 3130 860 illa
3173 793 3354 859 bravi
3392 792 3784 859 deiiciendos
3819 803 3885 857 at
3918 793 3987 857 in
4025 792 4304 859 nihilum
4342 792 4714 875 redigendos:

2826 882 3100 964 ideoque
3173 879 3560 944 modestiam
3653 879 3961 953 colamus.
4041 878 4315 945 minima
4392 875 4719 945 dubitantes

2826 968 2983 1051 quin
3046 966 3219 1033 vires
3272 967 3413 1049 ipsa
3469 964 3774 1050 sufficiat,
3833 963 4023 1030 modo
4081 965 4162 1031 ad
4224 966 4364 1030 eius
4410 964 4634 1031 cultum
4671 973 4725 1031 et

2827 1053 3105 1138 gloriam
3166 1052 3389 1118 omnia
3446 1062 3675 1117 nostra
3730 1052 4125 1116 referamus:
4185 1062 4378 1134 atque
4426 1051 4561 1134 ipsa
4612 1072 4724 1132 nos,

2828 1139 3112 1204 mundus
3154 1139 3308 1204 licat
3350 1159 3465 1204 sus
3512 1137 3721 1220 deque
3765 1138 4032 1218 feratur,
4075 1147 4289 1202 sartos
4333 1147 4534 1203 tectos
4574 1145 4724 1202 tuea-

2829 1234 2953 1290 tur.
3041 1224 3294 1290 Idcirco
3351 1225 3691 1307 saquantia
3748 1243 4010 1306 660666
4067 1223 4254 1287 nobis
4318 1222 4728 1305 expandenda,

2828 1310 3067 1394 quibus
3125 1309 3365 1375 dicitur
3410 1311 3590 1375 Deus
3647 1309 3939 1374 inimicos
3993 1308 4395 1384 cona-iturae,
4452 1312 4730 1389 ten-aeque

2822 1397 2983 1479 fines
3025 1396 3448 1477 iudicatur-ue,
3493 1393 3726 1478 quibus
3761 1395 4102 1478 superiora
4137 1395 4348 1479 magis
4382 1395 4734 1460 conflrman-

2827 1492 2955 1548 tur.
3044 1483 3215 1548 Nam
3282 1482 3621 1548 obiecisset
3687 1481 3944 1564 aliquis,
4006 1481 4338 1564 improbos
4399 1501 4439 1545 a
4496 1479 4627 1545 Deo
4671 1479 4730 1543 in

2830 1576 3082 1635 tantam
3128 1567 3512 1651 dignitatem
3559 1578 3833 1646 avectos,
3879 1587 4008 1631 666
4053 1567 4401 1650 ignorante
4441 1565 4585 1648 qnid
4624 1564 4731 1631 illis

2827 1656 3125 1720 futurum
3169 1667 3358 1733 assat,
3402 1663 3578 1719 stare
3622 1667 3841 1718 autam
3890 1653 4066 1737 ipsos
4108 1663 4177 1717 at
4210 1653 4279 1717 in
4318 1651 4545 1717 eodem
4576 1661 4728 1716 statu

2828 1761 3230 1824 permanare.
3319 1739 3544 1821 Quare
3589 1749 3663 1804 ut
3706 1759 3964 1803 omnam
4009 1740 4298 1821 ipsorum
4357 1736 4733 1820 splendorem

2829 1836 2895 1892 et
2934 1826 3213 1912 gloriam
3256 1826 3329 1890 in
3372 1827 3583 1891 fumos
3627 1826 3977 1906 abituram,
4034 1844 4109 1889 ac
4169 1824 4537 1906 triumphos
4590 1822 4735 1906 peri-

2830 1923 3033 1994 turos,
3089 1921 3282 1995 atque
3342 1933 3459 1995 pro
3510 1910 3832 1995 dignitate
3873 1920 3941 1974 at
3985 1908 4338 1975 honoribus
4383 1908 4648 1973 dedecus
4683 1916 4735 1972 et

2829 1999 3256 2083 ignominiam
3301 2008 3745 2080 reportaturos
3790 1997 4089 2074 sciamus,
4135 1994 4320 2061 Deus
4357 1994 4576 2060 hostes
4613 2013 4737 2059 6666

2830 2085 3238 2151 contriturus
3279 2092 3622 2167 terraeque
3665 2084 3832 2148 fines
3876 2082 4280 2148 iudicaturus
4327 2079 4737 2165 praedicatur:

2831 2171 3066 2255 quibus
3110 2169 3330 2234 verbis
3378 2169 3559 2235 Dans
3605 2190 3747 2234 essa
3793 2169 3975 2233 Deus
4020 2166 4356 2247 asseritur,
4417 2177 4486 2233 at
4538 2165 4738 2249 impio·

2832 2277 2978 2322 rum
3026 2256 3301 2321 exitium
3347 2255 3768 2340 praedicitur.
3861 2253 4086 2338 Digna
4126 2275 4287 2320 sane
4321 2252 4739 2320 observatione

2832 2342 3154 2425 repetitio,
3201 2349 3279 2406 ut
3326 2342 3541 2406 Deum
3583 2338 3814 2406 mundi
3858 2340 4137 2406 iudicem
4184 2360 4324 2405 assa
4368 2339 4641 2405 sciamus
4673 2335 4738 2401 ad

2831 2428 3066 2511 impios
3092 2426 3494 2493 iudicandos.
3562 2426 3661 2493 Ac
3707 2427 3784 2500 si,
3827 2435 3900 2490 ut
3942 2445 4142 2510 supra
4187 2425 4437 2490 dictum
4484 2434 4596 2499 est,
4636 2443 4740 2486 uon

2834 2524 3103 2598 repente
3147 2512 3230 2579 ad
3274 2512 3585 2579 iudicium
3631 2511 3906 2595 prosilit,
3967 2513 4081 2576 sed
4139 2510 4314 2576 lento
4360 2508 4570 2595 gradu
4619 2528 4740 2592 pro·

2835 2600 3149 2684 graditur,
3214 2600 3309 2664 ita
3354 2599 3687 2683 explorari
3743 2608 3809 2664 at
3853 2596 4144 2663 exerceri
4189 2608 4487 2662 nostram
4528 2594 4741 2678 patien-

2834 2686 2994 2751 tiam
3029 2695 3387 2763 teneamus,
3431 2696 3505 2751 ut
3544 2686 3865 2769 patienter
3906 2682 4096 2748 illum
4141 2690 4527 2765 exspectare
4566 2680 4739 2745 disca-

2835 2793 3000 2837 mus.
3059 2771 3594 2854 Quotiescunque
3636 2770 3842 2854 igitur
3876 2768 4092 2834 Deum
4139 2767 4458 2852 appellari
4502 2766 4741 2832 iudicem

2836 2856 3066 2923 mundi
3111 2856 3433 2937 audimus,
3477 2857 3793 2922 memoria
3838 2855 4219 2935 recolamus,
4264 2854 4488 2938 ipsum
4534 2854 4741 2950 impro-

2835 2945 2954 3010 bos
2997 2944 3454 3019 contriturum,
3512 2964 3588 3009 66
3633 2940 3911 3024 desuper
3954 2942 4319 3005 maiestatis
4378 2959 4539 3005 6666
4588 2954 4744 3022 signa

2838 3028 3144 3095 daturum
3226 3028 3308 3094 ad
3374 3028 3704 3111 improbos
3769 3027 4060 3092 numinis
4126 3028 4229 3092 sui
4295 3033 4742 3108 contemptores

2838 3113 3206 3199 perdendos
3251 3121 3318 3179 at
3353 3113 3629 3180 fulmina
3663 3132 3785 3178 660
3824 3108 4164 3177 feriendos.
4235 3110 4422 3177 Hinc
4455 3110 4743 3176 discamus

2837 3201 3288 3285 improborum
3345 3200 3541 3265 rebus
3590 3198 3891 3265 secundis
3935 3207 4001 3262 et
4045 3197 4399 3280 triumphis
4443 3217 4572 3262 non
4611 3193 4745 3258 invi·

2839 3287 3013 3372 dare,
3058 3293 3122 3353 at
3167 3285 3318 3351 licet
3360 3285 3583 3352 omnia
3624 3284 3788 3368 ipsis
3831 3303 3912 3349 ax
3958 3282 4163 3348 animi
4198 3283 4530 3348 sententia
4562 3298 4744 3347 succe·

2839 3374 3028 3452 daut,
3115 3381 3337 3438 tamen
3418 3371 3805 3437 indiciorum
3883 3368 4013 3434 Dei
4109 3372 4365 3435 exitum
4455 3367 4744 3451 patienter

2836 3458 3331 3544 praestolamur.
3417 3456 3684 3522 Interea
3725 3475 3881 3522 vero
3944 3455 4308 3522 cavendum
4374 3453 4563 3521 nobis
4606 3469 4744 3516 sum·

2837 3564 3101 3630 mopere
3194 3565 3277 3609 na
3356 3541 3762 3609 tremendam
3846 3538 4373 3624 horrendamque
4439 3539 4569 3605 Dei
4637 3556 4744 3602 ma-

2836 3652 2994 3696 num
3062 3628 3411 3696 adversum
3478 3651 3597 3695 nos
3664 3645 4126 3712 provocemus:
4206 3628 4398 3692 cuius
4467 3624 4570 3690 val
4630 3623 4744 3707 ipsa

2837 3717 3128 3782 tonitrua
3149 3737 3225 3782 ac
3261 3724 3684 3799 tempestatas
3719 3716 3910 3799 signa
3945 3712 4308 3779 certissima
4338 3721 4517 3779 sunt.
4561 3709 4745 3792 Atque

2836 3803 3013 3868 enim
3058 3801 3342 3868 vicissim
3387 3800 3753 3868 cavendum
3798 3821 3882 3865 na
3924 3798 4057 3864 illis
4102 3811 4493 3874 terreamur,
4537 3793 4642 3862 sad
4673 3793 4747 3857 di·

2835 3888 3029 3954 vinae
3087 3887 3449 3953 maiestatis
3507 3906 3650 3952 assa
3702 3887 3895 3970 signa
3937 3884 4235 3959 sciamus.
4287 3895 4365 3949 ut
4410 3884 4553 3950 eius
4592 3899 4747 3965 prae·

2836 3972 3049 4040 santia
3092 3973 3241 4039 frati
3278 3995 3411 4038 uno
3447 3972 3560 4037 illo
3598 3972 3907 4049 nitamur,
3955 3980 4148 4054 atqua
4172 3969 4504 4036 diabolum
4528 3983 4747 4033 omnes·

2835 4081 2961 4144 qua
3015 4059 3314 4125 inimicos
3373 4057 3807 4142 despiciamus
3865 4067 4061 4140 atqua
4111 4056 4285 4121 ultro
4329 4070 4744 4139 provocamus,

2833 4147 3011 4212 vires
3054 4145 3244 4211 nobis
3283 4144 3494 4210 Deum
3542 4143 3966 4210 suffecturum
4012 4142 4315 4227 66166166,
4362 4142 4597 4227 quibus
4635 4156 4744 4203 6111·

2837 4251 2951 4297 666
2993 4230 3016 4295 1
3062 4251 3282 4296 601661
3327 4240 3598 4296 6666166
3641 4249 4045 4313 6666161666.

3076 4318 3336 4400 6166666
3382 4336 3537 4380 varo
3585 4316 3766 4380 Deus
3811 4314 4049 4380 dicitur
4086 4314 4250 4397 fiaes
4289 4317 4503 4380 testae
4540 4309 4746 4403 iudice

2833 4408 3037 4479 turus,
3080 4408 3137 4468 et
3165 4403 3600 4485 fortitudinem
3631 4403 3772 4485 reqi
3804 4421 3918 4466 suo
3959 4402 4246 4481 ἀαίαηιε,
4289 4405 4346 4465 et
4388 4419 4580 4466 cornu
4607 4396 4746 4462 ands

2834 4490 2942 4555 aui
3006 4489 3310 4554 elaturus.
3401 4487 3589 4569 Quae
3648 4490 3702 4552 si
3764 4507 3883 4570 pro
3942 4488 4256 4570 temporis
4300 4485 4490 4551 illius
4531 4483 4746 4549 ratione

2836 4573 3347 4653 considerantur,
3395 4573 3778 4657 scrupulum
3815 4572 4096 4655 aliquam
4148 4572 4390 4637 afferre
4441 4573 4744 4655 poterunt;

2837 4660 2952 4725 sad
2998 4682 3079 4725 ex
3124 4660 3480 4744 prophatae
3522 4681 3721 4725 sensu
3766 4658 4151 4742 simpliciter
4189 4657 4492 4741 exposita
4534 4653 4747 4722 nullam

2837 4748 2902 4811 in
2950 4767 3020 4811 se
3065 4745 3513 4813 difficultatem
3560 4744 3918 4810 habebunt.
3999 4743 4171 4810 Nam
4217 4744 4337 4809 atsi
4385 4742 4745 4833 peculim-en

2836 4832 2962 4898 sibi
3027 4839 3187 4899 tunc
3252 4832 3559 4916 populum
3631 4831 3814 4897 Deus
3881 4829 4187 4915 elegerat,
4253 4850 4450 4912 quam
4512 4829 4745 4909 impono

2838 4938 2961 4984 suo
3005 4926 3277 5000 regerat,
3337 4940 3471 4984 606
3533 4927 3756 4983 tamen
3799 4938 4062 4982 omnem
4105 4915 4348 4999 reliqui
4397 4912 4618 4980 mundi
4654 4927 4743 4974 cu·

2838 5024 2984 5070 ram
3026 5002 3336 5070 abiecisse
3428 5002 3717 5070 utandus
3762 5015 3881 5069 ast.
3948 5001 4182 5085 Itaque
4226 5003 4393 5068 haec
4436 5002 4565 5066 duo
4600 4998 4745 5061 inter

2837 5110 2908 5155 se
2966 5090 3337 5167 cohaerent,
3421 5089 3702 5154 ahovam
3760 5090 3928 5156 fines
3974 5099 4187 5154 tarrae
4229 5087 4655 5155 iudicaturum
4692 5081 4745 5174 ef

2835 5175 2978 5260 regi
3041 5196 3163 5241 suo
3230 5174 3680 5242 fortitudinem
3741 5173 4068 5254 daturum,
4136 5181 4331 5257 atqua
4416 5169 4590 5239 uncti
4658 5181 4743 5230 σω

801 5284 1002 5351 66661
1037 5281 1076 5328 6
1110 5259 1254 5325 Deo
1276 5271 1682 5344 acceperant,
1726 5263 1963 5329 abusos
2011 5262 2148 5329 suis
2190 5260 2458 5345 flagitiis
2502 5260 2738 5345 dignas
2782 5281 2793 5337 ι
2839 5281 3041 5326 66166
3099 5262 3561 5329 exaltaturum.
3649 5261 3893 5329 Nullus
3951 5280 4146 5346 porro
4203 5268 4362 5325 tunc
4420 5259 4490 5325 in
4529 5248 4742 5322 lamala
