5059 6059
258 307 362 374 149

242 515 377 564 sane
415 494 675 569 iactura,
733 491 842 558 vel
885 493 1133 575 uxoris,
1193 490 1301 557 vel
1359 490 1712 557 liberorum
1757 490 1987 555 laetari
2030 488 2157 553 mi-

242 582 399 647 nime
449 579 698 661 poterit,
759 578 943 662 quasi
1001 598 1084 643 ex
1143 578 1347 642 animi
1411 577 1738 642 sententia
1779 589 1847 642 et
1888 574 2158 640 arbitrio

243 667 353 749 ipsi
391 663 746 738 cessissent,
803 666 917 729 sed
977 664 1179 730 variis
1236 663 1458 745 potius
1499 663 1674 727 curis
1731 676 1796 727 et
1838 661 2160 726 molestiis

243 763 508 835 angetur,
546 770 754 831 neque
797 750 998 814 etiam
1044 751 1179 816 lacr
1224 750 1351 814 mis
1386 761 1456 813 et
1496 748 1834 830 questibus
1877 746 2161 812 abstine·

239 838 340 904 bit.
419 832 674 915 Quaero
727 836 946 917 itaque
1005 855 1091 901 an
1132 834 1175 899 il
1206 855 1244 899 e
1283 834 1371 900 sit
1413 847 1680 917 propter
1723 833 2048 916 lacrymas
2090 847 2160 897 et

240 941 407 989 curas
444 918 995 986 condemnandus.
1084 922 1362 986 Minime
1420 920 1735 1003 gentium.
1827 919 2018 996 Nam,
2062 918 2159 983 uti

238 1008 388 1086 dixi,
447 1006 596 1072 licet
638 1026 867 1071 omnes
912 1007 1183 1072 humani
1231 1006 1504 1071 affectus
1550 1027 1678 1070 non
1721 1006 1858 1071 sint
1899 1005 2159 1068 divinae

237 1091 531 1158 voluntati
589 1093 1089 1175 consentientes,
1154 1113 1284 1156 non
1351 1091 1498 1156 ideo
1561 1104 1784 1157 tamen
1848 1088 2160 1157 contrarii

235 1194 336 1244 aut
371 1191 833 1261 repugnantes.
906 1177 1007 1243 Ac
1050 1198 1209 1242 sane
1253 1179 1440 1242 modo
1484 1177 1571 1241 sit
1611 1176 2052 1261 lacrymarum
2094 1185 2161 1241 et

231 1263 426 1329 luctus
489 1264 722 1346 aliquis
786 1262 1040 1339 modus,
1106 1276 1174 1329 et
1237 1262 1646 1343 impatientia
1700 1282 1833 1327 non
1876 1261 2159 1337 accedat,

231 1350 329 1433 qui
388 1348 467 1414 ob
529 1370 639 1414 res
702 1348 1012 1416 adversas
1077 1351 1200 1416 sibi
1265 1370 1307 1414 a
1345 1347 1492 1414 Deo
1550 1348 1876 1414 immissas
1928 1346 2162 1431 lugent

233 1434 422 1519 magis
475 1456 660 1500 suam
720 1434 1161 1500 obedientiam
1210 1432 1515 1518 produnt,
1572 1453 1770 1516 quam
1812 1432 2006 1498 multi
2048 1433 2161 1516 qui

232 1520 516 1586 videntur
581 1520 844 1604 quidem
905 1521 1176 1586 omnino
1240 1540 1383 1585 sese
1440 1520 1571 1584 Dei
1630 1518 1952 1585 voluntati
2016 1539 2158 1602 per-

229 1608 486 1685 mittere,
529 1621 600 1671 et
643 1608 783 1672 eius
824 1605 1136 1673 mandata
1180 1606 1353 1671 ultro
1397 1606 1683 1689 exsequi,
1737 1607 2024 1689 quorum‘
2057 1617 2159 1669 ta-

228 1712 360 1756 men
427 1691 603 1757 mala
666 1713 854 1758 mens
916 1704 986 1756 et
1049 1692 1263 1757 malus
1326 1703 1430 1757 est
1484 1691 1763 1757 animus.
1848 1689 2159 1773 Exempli

226 1779 450 1861 gratia:
497 1780 556 1843 si
593 1778 742 1861 quis
777 1798 1069 1854 uxorem,
1114 1777 1370 1855 liberos,
1415 1787 1772 1859 parentem,
1816 1788 1936 1842 aut
1955 1775 2158 1842 alium

226 1865 576 1946 quempiam
626 1863 974 1947 propinato
1009 1882 1266 1928 veneno
1311 1862 1524 1944 tollat,
1568 1861 1700 1928 Dei
1743 1862 2008 1946 quidem
2052 1861 2159 1928 de-

223 1963 453 2013 cretum
518 1949 711 2015 illum
774 1950 1043 2032 exsequi
1107 1960 1361 2016 certum
1418 1962 1538 2025 est,
1597 1947 1785 2014 cuius
1838 1948 1909 2013 in
1953 1968 2158 2014 manu

221 2034 345 2099 vita
386 2035 680 2100 omnium
724 2034 1063 2100 hominum
1109 2035 1324 2119 posita
1367 2051 1485 2114 est,
1537 2054 1733 2117 quam
1776 2032 1903 2117 ipsi
1947 2055 2158 2116 neque

218 2121 509 2205 retinere,
556 2140 768 2203 neque
791 2120 1172 2204 producere,
1208 2142 1291 2186 ne
1325 2119 1409 2185 ad
1447 2132 1851 2186 momentum
1875 2119 2157 2202 quidem,

220 2207 346 2270 sine
407 2205 554 2271 Deo
623 2218 921 2289 possunt.
1011 2205 1260 2271 Verum
1330 2217 1553 2272 tamen
1619 2205 1806 2271 illum
1873 2206 2156 2271 eundem

220 2291 333 2356 Dei
378 2291 702 2357 voluntati
746 2312 1011 2376 prorsus
1054 2311 1423 2376 repugnare
1464 2306 1532 2358 et
1552 2290 1994 2358 contradicere
2015 2311 2156 2357 cer-

218 2393 342 2441 tum
386 2391 502 2455 est,
549 2390 872 2461 quatenus
913 2399 1101 2445 suam
1146 2378 1552 2444 voluntatem
1597 2377 1785 2443 Deus
1832 2379 2155 2462 patefecit,

217 2478 274 2527 et
312 2463 605 2530 officium
647 2464 879 2546 cuique
922 2464 1361 2549 praescripsit.
1448 2463 1679 2546 Itaque
1722 2485 1805 2528 ex
1850 2464 1998 2529 istis
2041 2483 2152 2546 ap-

217 2562 383 2629 paret
435 2569 633 2632 posse
688 2547 952 2633 quidem
1014 2548 1315 2614 homines
1371 2549 1831 2617 afflictionibus
1889 2567 2058 2632 quae
2115 2570 2156 2616 a

215 2631 346 2700 Deo
400 2636 865 2701 immittuntur
919 2635 1172 2702 moveri
1237 2647 1306 2701 et
1368 2635 1639 2702 tristitia
1696 2635 1885 2712 affici,
1945 2656 2155 2719 neque

215 2736 416 2785 tamen
462 2719 613 2786 ideo
656 2733 884 2788 contra
915 2721 1121 2806 ipsius
1158 2720 1561 2787 voluntatem
1596 2719 1939 2787 reluctari:
1982 2721 2152 2803 quod

213 2804 302 2869 illi
340 2806 619 2874 affectus
659 2807 798 2873 sint
839 2807 1191 2890 naturales,
1248 2819 1318 2873 et
1372 2807 1513 2873 fieri
1572 2828 1700 2871 non
1745 2806 1954 2890 possit
1996 2808 2152 2888 quin

211 2890 569 2960 istiusmodi
611 2893 874 2960 casibus
906 2895 1333 2960 vehementer
1372 2904 1611 2958 natura
1654 2891 1819 2958 duce
1861 2893 2153 2959 affician-

214 2989 330 3043 tur.
372 2977 634 3044 Verum
678 2978 804 3045 hoc
843 3000 1027 3063 opus,
1070 2978 1179 3045 hic
1200 2978 1383 3044 labor
1404 2989 1523 3055 est,
1569 2978 1911 3044 affectibus
1931 2979 2152 3045 istius-

212 3062 377 3129 modi
418 3066 697 3132 modum
743 3085 1002 3148 ponere,
1057 3064 1320 3130 eosdem
1362 3065 1679 3139 fraenare,
1725 3077 2152 3148 agnoscentes

211 3148 368 3216 hanc
409 3152 712 3216 omnium
755 3149 1181 3218 afflictionum
1227 3165 1294 3216 et
1337 3150 1632 3216 luctuum
1667 3149 2149 3217 conclusionem

213 3255 341 3301 esse
379 3252 721 3319 oportere,
787 3248 864 3300 ut
904 3235 1050 3301 Deo
1108 3236 1390 3302 debitam
1443 3235 1877 3300 obedientiam
1924 3235 2148 3301 redda-

209 3340 361 3398 mus,
421 3322 701 3404 eiusque
762 3322 1048 3387 nominis
1090 3322 1333 3405 gloriae
1377 3337 1443 3385 et
1486 3322 1974 3404 amplificationi
2016 3341 2151 3386 ma-

209 3407 300 3487 gis
342 3429 418 3475 ac
446 3407 668 3491 magis
706 3406 1108 3480 studeamus,
1153 3421 1222 3473 et
1264 3407 1347 3472 ad
1391 3408 1533 3473 eius
1580 3430 1697 3472 nos
1746 3407 2145 3472 voluntatem

207 3494 335 3556 sine
379 3496 824 3577 repugnantia
843 3513 1329 3576 componamus.
1374 3495 1724 3558 Caeterum
1760 3492 1933 3574 quod
1978 3493 2147 3558 dixi·

209 3597 341 3643 mus
369 3579 709 3645 Samuelis
731 3578 982 3644 luctum
1011 3579 1216 3644 videri
1243 3580 1529 3662 potuisse
1550 3578 1702 3644 fidei
1724 3580 2147 3662 contrarium,

204 3661 677 3732 observandum
745 3685 864 3730 nos
929 3668 996 3729 in
1062 3666 1257 3731 rebus
1314 3665 1461 3730 istis
1527 3666 1936 3746 temporariis
1993 3686 2148 3729 non·

205 3769 538 3834 nunquam
589 3751 749 3816 adeo
794 3751 1151 3826 caecutire,
1216 3765 1288 3816 ut
1354 3750 1718 3833 perspicere
1763 3770 1897 3815 non
1942 3751 2146 3833 possi·

201 3854 340 3902 mus
385 3838 514 3905 Dei
556 3836 870 3915 consilia,
930 3856 1099 3919 quae
1145 3851 1361 3901 tamen
1407 3837 1547 3918 ipse
1590 3835 1780 3901 nobis
1824 3836 2144 3918 patefece-

203 3923 300 3987 rit.
341 3923 661 4007 Exempli
705 3926 949 4007 gratia,
1008 3921 1280 3989 Samuel
1336 3920 1629 3987 audierat
1672 3918 1940 3985 Domini
1995 3943 2145 3987 sen-

204 4010 471 4074 tentiam
519 4009 604 4073 de
648 4007 849 4074 Saule
892 4009 1410 4089 exauctorando,
1474 4019 1542 4073 et
1583 4006 1664 4071 de
1708 4006 1890 4088 regia
1931 4005 2145 4090 digni-

202 4105 324 4159 tate
359 4095 807 4161 deturbando:
850 4094 964 4159 sed
989 4107 1206 4159 tamen
1233 4116 1363 4160 non
1401 4108 1618 4176 potest
1650 4091 1862 4175 primo
1899 4092 2143 4158 intuitu

199 4180 458 4259 quinam
501 4180 577 4247 id
621 4181 738 4245 fiat
781 4178 1319 4246 animadvertere.
1401 4180 1478 4243 In
1524 4180 1669 4244 istis
1713 4191 1932 4244 tamen
1970 4177 2141 4244 diffi-

197 4265 547 4334 cultatibus
605 4263 877 4331 Samuel
932 4265 1302 4349 generalem
1347 4265 1548 4330 fidem
1596 4265 1853 4342 retinet,
1919 4286 2142 4330 eorum

200 4368 354 4429 quae
413 4352 501 4419 de
570 4351 777 4418 Saule
840 4350 1027 4416 Deus
1091 4350 1500 4418 decreverat:
1587 4350 1743 4416 hinc
1813 4352 2144 4433 lacrymae

199 4435 411 4517 ipsius,
458 4438 624 4505 hinc
664 4437 882 4504 luctus
925 4436 1037 4501 ille
1079 4450 1459 4520 perpetuus:
1504 4434 1664 4501 adeo
1706 4447 1783 4500 ut
1825 4435 1989 4501 nihil
2041 4437 2143 4501 bic

200 4535 432 4590 temere
478 4523 865 4606 susceperit,
912 4535 984 4587 ut
1027 4522 1240 4589 solent
1283 4522 1551 4587 fanatici
1594 4521 1892 4587 homines
1924 4520 2138 4604 indig-

197 4610 363 4689 nari,
419 4609 560 4676 nisi
604 4607 789 4675 Deus
831 4609 1051 4673 omnia
1093 4630 1175 4673 ex
1217 4607 1506 4690 ipsorum
1551 4606 1889 4673 voluntate
1933 4607 2140 4672 admi-

199 4692 443 4762 nistret.
519 4695 616 4761 At
659 4694 928 4761 Samuel
972 4713 1336 4778 agnoscens
1379 4703 1652 4759 unctum
1698 4689 1965 4758 Saulem
2012 4691 2142 4757 Dei

199 4780 523 4860 mandato,
573 4802 700 4846 non
738 4791 952 4862 potest
973 4795 1242 4862 repente
1266 4779 1697 4845 reverentiam
1733 4778 1915 4843 illam
1942 4798 2138 4860 quam

198 4861 452 4932 domino
507 4879 580 4932 et
611 4870 751 4952 regi
787 4864 1060 4931 debebat
1094 4865 1372 4932 abiicere
1407 4877 1476 4930 et
1509 4863 1822 4930 oblivioni
1857 4862 2140 4943 tradere,

198 4950 364 5016 unde
406 4966 687 5037 apparet
729 4952 914 5017 illum
976 4972 1109 5016 non
1153 4965 1386 5036 sponte
1430 4972 1472 5016 a
1516 4950 1640 5016 Dei
1686 4950 1885 5014 verbo
1929 4971 2138 5015 reces-

196 5035 382 5104 sisse:
442 5038 568 5106 sed
625 5056 846 5106 tamen
906 5058 1035 5102 non
1094 5037 1255 5103 satis
1310 5038 1380 5102 in
1440 5035 1753 5119 peculiari
1805 5033 1925 5101 hoc
1967 5035 2139 5102 facto

195 5123 756 5200 animadvertisse,
819 5122 976 5207 quid
1034 5144 1075 5187 a
1129 5143 1200 5188 se
1246 5124 1429 5188 Deus
1470 5120 1851 5205 postularet,
1907 5142 2140 5204 nempe

195 5219 266 5272 ut
304 5220 689 5295 agnosceret
729 5210 950 5276 Deum
994 5208 1167 5274 velle
1204 5206 1390 5275 Sauli
1432 5207 1747 5292 abrogare
1788 5206 2138 5291 imperium

1540 300 1639 367 IN
1685 301 1738 367 1.
1783 300 1967 366 LIB.
2014 298 2414 368 SAMUEL.
2458 299 2659 365 OAP.
2702 298 2895 366 XVI.

4085 294 4212 362 150

2263 484 2436 569 quod
2479 485 2766 566 dederat,
2827 486 2998 572 quod
3039 487 3248 572 ipsius
3290 487 3438 554 voci
3481 506 3617 552 non
3662 487 4209 570 obtemperasset:

2261 586 2328 638 et
2369 591 2559 656 posse
2619 573 2810 639 rebus
2853 572 3208 657 deploratis
3262 593 3656 649 succurrere,
3717 581 3911 656 atque
3968 571 4211 639 idcirco

2262 657 2346 723 ab
2408 659 2617 741 ipsius
2679 659 3088 743 providentia
3152 658 3569 743 pendendum
3635 679 3797 725 esse.
3887 655 4022 724 Sed
4080 660 4212 724 ista

2262 741 2535 810 Samuel
2603 764 2736 809 non
2804 745 3015 828 potuit
3071 744 3474 812 discernere.-
3530 764 3605 811 ac
3664 743 3933 826 proinde
3992 742 4213 810 luctus

2262 841 2328 894 et
2370 829 2698 915 lacrymas
2742 830 2948 914 ipsius
3007 830 3297 897 dicemus
3341 851 3476 897 non
3517 830 3600 896 ab
3642 829 4025 895 infidelitate
4069 849 4210 893 ma·

2263 935 2487 994 nasse,
2553 915 2667 982 sed
2710 917 2792 982 ab
2837 918 3209 1000 ignorantia
3252 937 3475 982 eorum
3522 936 3691 999 quae
3735 915 4057 980 Dominus
4102 914 4211 979 hic

2261 1002 2683 1085 singulariter
2727 1001 3120 1068 decreverat.
3179 1003 3328 1069 Etsi
3371 1004 3647 1085 ipsemet
3688 1022 3890 1085 supra
3932 1000 4208 1078 dixerat,

2263 1087 2532 1152 Fortem
2575 1087 2840 1153 Israelis
2882 1088 3146 1153 mentiri
3202 1108 3333 1154 non
3387 1108 3574 1170 posse
3616 1108 3828 1171 neque
3872 1085 4020 1153 duci
4063 1107 4211 1172 poe·

2263 1174 2542 1238 nitentia
2557 1196 2595 1237 :-
2643 1194 2890 1252 verum,
2957 1173 3128 1258 quod
3187 1175 3380 1239 homo
3444 1186 3602 1253 erat,
3669 1172 3872 1238 veluti
3927 1172 4211 1238 nubibus

2263 1257 2647 1341 quibusdam
2692 1272 2761 1323 et
2803 1258 3005 1325 densa
3061 1260 3339 1344 caligine
3398 1258 3778 1344 prohibetur
3822 1257 4062 1325 claram
4104 1255 4209 1324 lu·

2261 1365 2403 1411 cem
2446 1345 2724 1410 intueri:
2783 1366 2859 1412 ac
2918 1345 3190 1427 proinde
3232 1345 3480 1414 luctum
3525 1346 3733 1428 ipsius
3775 1343 4210 1410 condemnare

2263 1450 2393 1495 non
2439 1452 2788 1514 possumus
2832 1442 3142 1515 tanquam
3185 1431 3510 1497 voluntati
3546 1429 3675 1495 Dei
3712 1441 4208 1515 repugnantem,

2262 1526 2377 1581 aut
2417 1536 2459 1580 a
2500 1516 2653 1582 fidei
2694 1515 3141 1582 fundamentis
3182 1517 3491 1583 alienum.
3569 1514 3752 1599 Quin
3797 1517 3929 1581 imo
3974 1516 4052 1581 fit
4093 1535 4211 1579 no·

2266 1600 2364 1667 bis
2428 1601 2537 1670 hic
2600 1602 3055 1686 conspicuum,
3119 1623 3250 1686 qua
3315 1603 3561 1668 virtute
3624 1614 3692 1666 et
3754 1598 4211 1687 magnitudine

2260 1687 2492 1767 animi,
2548 1708 2680 1771 qua
2733 1689 3103 1755 constantia
3159 1688 3515 1773 prophetae
3569 1688 3854 1753 officium
3914 1686 4208 1768 fecerint,

2260 1772 2414 1839 licet
2478 1775 2849 1841 tenerrimis
2912 1773 3258 1841 affectibus
3320 1773 3626 1841 commoti
3687 1774 3947 1839 fuerint.
4034 1772 4208 1840 Nam

2259 1860 2479 1925 iussus
2521 1858 2794 1925 Samuel
2837 1857 3107 1927 Saulem
3153 1860 3418 1945 alloqui,
3466 1877 3600 1925 non
3644 1859 4097 1926 reformidabit
4137 1859 4209 1924 in

2258 1943 2452 2009 osilli
2495 1943 2729 2025 dicere,
2772 1944 2953 2012 Deus
2993 1965 3400 2012 sumerem
3442 1950 3498 2011 te
3537 1944 3847 2011 meliorem
3887 1945 4101 2030 eleyit:
4142 1950 4211 2011 tu

2257 2031 2439 2113 reqia
2479 2030 2781 2114 diynitate
2821 2052 2888 2098 es
2928 2032 3248 2116 indiyms.
3292 2032 3395 2097 Ne
3439 2044 3597 2115 puta
3618 2030 3833 2096 Deum
3857 2052 3988 2096 non
4019 2051 4211 2115 posse

2259 2127 2450 2199 teque
2508 2118 2735 2200 tuique
2791 2116 3117 2184 similibus
3172 2137 3439 2185 carere:
3498 2137 3649 2182 nam
3710 2116 3853 2181 sine
3897 2129 3963 2182 te
4007 2117 4209 2182 ratio·

2260 2221 2408 2268 nem
2480 2202 2793 2270 ecclesiae
2856 2224 3017 2269 suae
3080 2203 3441 2270 servandae
3507 2202 3812 2269 facillime
3874 2202 4205 2268 inveniet:

2259 2300 2333 2356 tu
2390 2308 2552 2354 vero
2597 2288 2894 2355 funditus
2951 2289 3356 2356 exscinderis
3410 2299 3480 2355 et
3521 2286 4006 2371 exstirpaberis.
4094 2288 4203 2354 En

2259 2394 2419 2440 sane
2476 2375 2792 2440 invictam
2850 2374 3211 2459 prophetae
3275 2375 3707 2443 constantiam
3753 2385 3822 2439 et
3861 2375 4207 2459 magnani-

2260 2460 2580 2537 mitatem,
2646 2480 2840 2542 quam
2900 2460 3086 2526 nulla
3143 2460 3434 2528 humana
3491 2460 3749 2526 affectio
3794 2458 3904 2526 vel
3946 2475 4207 2543 pertur-

2259 2544 2433 2611 batio
2496 2545 2950 2613 labefactavit:
3019 2546 3135 2613 sed
3199 2567 3367 2630 quae
3431 2546 3645 2630 potius
3708 2547 3921 2611 instar
3984 2545 4206 2630 angeli

2255 2631 2599 2698 cuiusdam
2656 2633 2782 2697 ista
2825 2630 3119 2698 humana
3173 2633 3395 2699 omnia
3448 2633 3804 2717 superavit.
3893 2632 4070 2698 Sane
4109 2632 4205 2697 ita

2254 2716 2382 2782 Dei
2428 2717 2698 2801 spiritus
2740 2717 3120 2785 Samuelem
3162 2717 3246 2784 ad
3288 2719 3574 2785 officium
3619 2717 3742 2783 sibi
3784 2719 4203 2784 commissum

2256 2801 2628 2869 faciendum
2671 2803 2931 2887 impulit
2987 2813 3057 2870 et
3096 2802 3508 2889 gubernavit.
3595 2803 3827 2885 Neque
3870 2816 4090 2868 tamen
4134 2802 4203 2869 id

2255 2889 2508 2955 obstitit
2548 2892 2898 2973 quominus
2940 2910 3101 2974 erga
3121 2888 3392 2956 Saulem
3435 2910 3577 2955 sese
3622 2900 3698 2953 ut
3737 2909 3859 2972 par
3898 2900 4043 2953 erat
4083 2889 4203 2953 mi·

2254 2973 2646 3041 sericordem
2711 2976 3112 3059 praebuerit,
3201 2975 3407 3058 ipsius
3464 2973 4064 3041 exauctorationem
4131 2986 4200 3040 et

2253 3062 2747 3145 abrogationem
2792 3060 3038 3128 deflens
3080 3074 3147 3127 et
3189 3061 3443 3145 lugens.
3487 3058 3673 3125 Idem
3718 3059 3799 3125 de
3829 3057 3974 3124 aliis
3995 3061 4200 3125 omni·

2255 3147 2374 3212 bus
2437 3145 2772 3230 prophetis
2835 3146 3280 3231 sentiendum,
3357 3166 3638 3230 quorum
3702 3144 3872 3210 idem
3939 3146 4198 3212 animus

2253 3233 2396 3298 fuit.
2485 3232 2654 3297 Nam
2699 3253 2902 3315 quum
2960 3235 3030 3298 in
3072 3234 3406 3316 improbos
3450 3231 3748 3298 homines
3788 3231 4198 3296 invehuntur

2252 3329 2317 3382 et
2384 3316 2464 3382 de
2527 3320 2810 3402 ‘peccatis
2876 3319 3019 3385 illos
3074 3332 3385 3403 arguunt,
3453 3330 3521 3384 et
3576 3315 4197 3384 comminationibus

2252 3420 2753 3487 persequuntur,
2812 3404 2987 3471 dicas
3043 3424 3156 3471 eos
3212 3406 3431 3471 furore
3484 3405 3700 3487 potius
3743 3402 3957 3485 aliquo
3999 3423 4197 3486 quam

2251 3491 2539 3556 humano
2598 3491 2831 3574 spiritu
2895 3491 3164 3574 impelli,
3227 3503 3295 3557 et
3338 3511 3409 3556 se
3452 3489 3748 3555 homines
3792 3502 3977 3554 natos
4034 3487 4197 3553 obli·

2251 3576 2427 3640 vioni
2475 3575 2837 3654 tradidisse,
2882 3589 2948 3642 et
2990 3597 3101 3643 eos
3144 3596 3309 3659 quos
3353 3574 3746 3658 compellant
3790 3594 3920 3638 non
3953 3595 4192 3659 agnos·

2247 3683 2395 3727 cere
2437 3660 2677 3727 fratres
2721 3683 2872 3728 suos
2914 3676 2981 3728 et
3023 3662 3462 3745 propinquos:
3523 3672 3707 3726 tanta
3762 3673 3859 3724 est
3905 3663 4191 3743 ipsorum

2246 3748 2315 3812 in
2361 3747 2778 3830 increpandis
2816 3747 3190 3814 hominibus
3233 3745 3669 3827 vehementia,
3713 3758 3787 3811 ut
3829 3765 4027 3829 quum
4062 3747 4190 3812 Dei

2249 3834 2512 3898 nomine
2569 3834 2807 3900 iudicia
2865 3835 3023 3917 ipsis
3067 3832 3482 3912 denunciant,
3540 3853 3674 3897 non
3717 3852 3860 3896 esse
3905 3832 4189 3915 amplius

2245 3918 2547 3984 homines
2589 3919 2957 3985 videantur.
3044 3919 3137 3984 Et
3194 3918 3618 3985 nihilominus
3676 3927 3895 3981 tamen
3953 3939 4187 3983 eorun-

2247 4004 2395 4070 dem
2439 4006 2640 4070 etiam
2681 4026 2841 4088 quos
2884 4005 3304 4087 increpabant
3361 4006 3569 4071 vicem
3629 4003 3912 4069 doluisse
3955 4015 4022 4068 et
4066 4006 4187 4067 mi-

2244 4103 2451 4157 sertos
2505 4111 2649 4156 esse
2705 4091 3155 4175 conspicimus,
3214 4091 3421 4174 deque
3462 4091 3751 4174 ipsorum
3795 4088 4005 4154 salute
4047 4109 4186 4153 ma-

2244 4177 2422 4241 xime
2490 4176 2806 4243 sollicitos
2881 4178 3113 4242 fuisse:
3199 4193 3396 4260 atque
3474 4174 3713 4243 idcirco
3791 4194 4185 4257 magnopere

2246 4262 2511 4328 affectos
2568 4282 2766 4345 quum
2821 4263 3273 4328 imminentem
3329 4264 3398 4327 in
3455 4260 3603 4327 illos
3646 4259 3772 4325 Dei
3832 4258 4184 4324 vindictam

2243 4348 2675 4427 intuerentur,
2753 4368 2947 4429 quam
3030 4347 3336 4428 lacrymis
3414 4361 3709 4413 avertere
3786 4344 4182 4410 nitebantur.

2243 4432 2350 4498 Ita
2427 4433 2774 4499 Ieremiam
2852 4433 3222 4500 audivimus
3302 4433 3721 4499 vehementer
3785 4430 4183 4514 ingemuisse

2242 4533 2510 4603 propter
2564 4521 3002 4603 propinquum
3045 4519 3543 4604 Hierosolymae
3588 4514 3910 4582 excidium
3931 4566 3945 4590 ,
4005 4526 4071 4579 et
4111 4516 4182 4580 in

2244 4617 2556 4687 perpetuo
2594 4605 2772 4671 luctu
2818 4608 3109 4687 iacuisse,
3167 4618 3502 4690 optantem
3559 4602 3773 4669 oculos
3832 4622 3981 4667 suos
4038 4601 4181 4666 fieri

2241 4692 2484 4756 fontem
2546 4711 2900 4773 perennem
2952 4692 3389 4777 lacrymarum
3448 4703 3672 4755 noctes
3730 4687 3990 4769 diesque
4049 4707 4183 4752 ma-

2244 4776 2563 4841 nantium.
2649 4776 2818 4841 Nam
2884 4777 3075 4860 quale
3118 4776 3290 4843 istud
3334 4788 3559 4841 votum
3602 4785 3702 4838 est
3747 4773 3991 4837 fontem
4036 4773 4182 4838 fieri

2241 4863 2682 4946 lacrymarum
2729 4864 2964 4941 oculos,
3022 4863 3149 4928 nisi
3206 4861 3378 4946 quod
3436 4862 3528 4925 ita
3584 4872 3863 4924 testatur
3920 4879 3991 4925 se
4049 4878 4179 4924 non

2240 4968 2429 5032 posse
2470 4948 2891 5034 lacrymando
2949 4960 3017 5014 et
3073 4947 3367 5015 deflendo
3418 4947 3730 5012 miserum
3784 4944 4007 5029 populi
4051 4956 4180 5009 sta·

2241 5046 2381 5100 tum
2426 5035 2672 5116 satiari,
2733 5055 2922 5118 quem
2989 5036 3247 5117 propria
3305 5046 3512 5097 morte
3553 5031 3771 5113 cupiat
3814 5028 4176 5096 redimere?

2242 5120 2331 5185 Et
2375 5131 2596 5187 tamen
2644 5120 2803 5204 quid
2847 5119 3024 5186 aliud
3084 5119 3257 5185 dicas
3298 5117 3650 5203 prophetas
3686 5118 3937 5200 spirare
3980 5137 4177 5201 quam

2239 5207 2428 5291 ignes
2466 5218 2534 5272 et
2574 5207 2867 5285 fulmina,
2924 5206 3173 5291 quoties
3232 5215 3414 5271 tanto
3471 5203 3701 5269 ardore
3743 5203 3872 5269 Dei
3915 5215 4183 5270 senten-
