5059 6059
818 321 957 388 475

2494 309 2910 377 HOMILIA
2951 308 3151 378 XXI.

4633 319 4725 388 476

820 516 1084 585 inorbos
1137 508 1467 577 immissos
1521 505 1592 571 in
1638 501 1942 587 pudenda
1997 521 2119 567 sua
2161 501 2403 565 iustam
2449 521 2594 566 esse
2637 498 2765 565 Dei
2873 502 3122 584 cepisse
3165 500 3311 567 illos
3345 498 3727 586 negaverit?
3775 499 3882 565 Ex
3919 498 4153 582 quibus
4187 500 4480 567 omnibus
4508 507 4729 575 maxim

825 600 1092 670 Israelis
1159 597 1240 661 de
1299 591 1578 676 peccatis
1635 591 1927 672 ipsorum
1973 607 2215 672 poenas
2256 586 2577 651 sumentis
2621 586 2766 651 vin·

827 690 1101 755 dictam:
1140 681 1375 747 deinde
1411 680 1610 743 latam
1647 677 1717 740 in
1755 695 1827 739 se
1862 673 2261 740 sententiam
2301 683 2766 755 exsequuntur,

826 795 1028 860 quum
1088 769 1340 835 faciunt
1395 761 1859 831 similitudines
1913 780 2190 824 anorum
2247 779 2519 824 suorum
2574 764 2643 823 et
2685 759 2769 823 si·

827 857 1230 927 militudines
1275 852 1584 926 murium,
1644 847 2128 920 similitudines,
2171 845 2464 927 inquam,
2508 842 2768 908 morbo-

828 968 976 1013 rum
1029 954 1095 1008 et
1151 938 1600 1006 calamitatum
1658 953 1823 1016 quas
1868 932 2041 1014 passi
2081 932 2357 995 fuerant.
2446 930 2642 996 Hanc
2683 930 2765 995 ob

827 1049 1092 1101 causam
1170 1024 1415 1091 Paulus
1474 1021 1682 1104 primo
1734 1019 1948 1102 capite
2006 1017 2191 1100 epist.
2269 1014 2352 1080 ad
2397 1016 2591 1080 Rom.
2656 1016 2766 1095 ait,

827 1139 939 1185 eos
983 1115 1096 1199 qui
1141 1131 1342 1195 quum
1383 1107 1600 1173 Deum
1635 1104 2081 1187 cognoverint,
2127 1100 2285 1188 (non
2323 1123 2408 1167 ex
2444 1102 2589 1185 lege
2624 1122 2765 1179 sua,

826 1203 942 1270 sed
1010 1211 1265 1265 tantum
1331 1214 1418 1259 ex
1482 1193 1804 1275 operibus,
1871 1198 2030 1271 puta
2094 1187 2272 1255 coelo
2329 1199 2398 1252 et
2456 1185 2658 1273 terra)
2702 1199 2766 1251 et

828 1311 962 1356 non
1024 1296 1242 1351 tamen
1305 1291 1378 1344 ut
1437 1279 1652 1343 Deum
1705 1275 2238 1360 glorificaverint,
2284 1281 2536 1338 tantam
2581 1275 2652 1336 in
2696 1293 2768 1338 se

829 1375 959 1442 Dei
1015 1370 1367 1438 vindictam
1427 1374 1835 1439 attracturos,
1891 1371 1969 1426 ut
2009 1381 2118 1426 eos
2162 1357 2380 1424 tradat
2422 1358 2630 1424 foedis
2672 1359 2768 1423 af-

826 1460 1119 1535 fectibus,
1178 1465 1245 1520 et
1301 1453 1371 1516 in
1431 1451 1783 1534 reprobum
1826 1467 2087 1512 sensum
2133 1445 2454 1520 coniiciat,
2513 1453 2590 1510 ut
2628 1464 2769 1508 om-

827 1568 979 1614 nem
1039 1544 1449 1607 honestatem
1506 1547 1576 1601 et
1632 1536 1942 1617 pudorem
1997 1531 2322 1597 abiiciant.
2411 1530 2634 1613 Atque
2677 1530 2772 1594 ita

828 1632 1125 1699 videmus
1170 1648 1280 1691 eos
1318 1624 1431 1706 qui
1475 1621 1724 1706 gloriae
1766 1640 1921 1684 suae
1964 1617 2245 1682 tuendae
2288 1627 2426 1682 tam
2470 1627 2627 1681 sunt
2661 1636 2772 1681 ou-

828 1718 984 1804 pidi,
1054 1713 1348 1780 omnium
1408 1705 1752 1791 opprobrio
1803 1717 1871 1769 et
1928 1703 2222 1769 ludibriis
2284 1704 2546 1786 exponi.
2634 1702 2770 1766 Nos

827 1804 1033 1889 igitur
1089 1821 1171 1864 ex
1217 1797 1339 1862 hoc
1380 1795 1522 1859 loco
1566 1792 1891 1857 discamus
1936 1790 2150 1854 Deum
2199 1790 2517 1854 honorare
2560 1797 2628 1852 et
2670 1808 2773 1853 co-

827 1892 983 1967 lere,
1042 1887 1097 1952 si
1158 1883 1345 1948 nobis
1405 1881 1718 1945 honorem
1779 1875 1961 1940 reddi
2016 1875 2333 1957 cupimus,
2396 1874 2582 1939 utin
2630 1870 2772 1938 Deo

826 1977 918 2042 sit
955 1971 1171 2037 omnis
1208 1978 1433 2032 nostra
1469 1966 1694 2049 gloria.
1763 1962 2011 2028 Contra
2044 1982 2202 2025 vero
2237 1960 2518 2025 sciamus
2556 1957 2771 2023 Deum

826 2066 1323 2129 contemnentes
1378 2073 1506 2116 non
1568 2052 1837 2131 impune
1895 2056 2335 2128 contemptum
2382 2046 2567 2110 illum
2614 2045 2777 2109 latu·

828 2169 957 2224 ros,
1003 2143 1117 2210 sed
1162 2137 1422 2205 tandem
1467 2137 1592 2201 Dei
1638 2134 1880 2200 iudicio
1925 2134 2220 2198 omnium
2256 2131 2535 2196 ludibrio
2578 2150 2776 2211 expo-

825 2230 1097 2313 nendos,
1141 2239 1207 2292 et
1249 2236 1560 2306 tanquam
1604 2222 1776 2287 luem
1821 2218 2048 2285 muudi
2090 2219 2506 2283 aasentinam
2534 2216 2778 2281 haben-

831 2319 946 2384 dos
990 2327 1056 2381 et
1090 2308 1593 2379 exhauriendos.
1682 2307 1932 2370 Verum
1971 2304 2230 2387 quidem
2265 2303 2441 2369 istud
2476 2321 2775 2386 agnosco,

828 2403 1058 2469 fideles
1126 2416 1592 2477 nonnunquam
1646 2392 1834 2457 obrui
1894 2391 2207 2455 dedecore
2264 2400 2328 2454 et
2383 2388 2775 2470 ignominia:

828 2486 999 2574 quod
1061 2482 1300 2549 Davidi
1347 2503 1558 2564 saepe,
1616 2489 1684 2544 et
1725 2479 1795 2543 in
1840 2498 2079 2561 genere
2124 2473 2349 2540 multis
2394 2474 2520 2538 Dei
2567 2474 2774 2538 servis

828 2572 1178 2654 contigisse
1237 2568 1565 2634 videmus:
1640 2563 1755 2629 sed
1814 2562 1983 2646 quod
2042 2562 2320 2627 dedecus
2377 2559 2642 2625 tandem
2700 2559 2773 2622 in

830 2677 1155 2725 summam
1216 2654 1491 2738 gloriam
1534 2652 1959 2726 convertitur,
2018 2645 2564 2731 quemadmodum
2609 2644 2776 2710 solet

830 2746 1016 2810 Deus
1058 2741 1368 2806 discussis
1412 2737 1699 2803 tenebris
1741 2756 2028 2813 suorum,
2091 2733 2301 2798 lucem
2348 2743 2414 2796 et
2457 2730 2770 2795 laetitiam

828 2829 990 2915 ipsis
1034 2828 1308 2906 adferre,
1351 2846 1548 2909 quum
1594 2822 1821 2887 multis
1855 2818 2333 2888 calamitatibus
2370 2817 2549 2883 velut
2582 2817 2772 2882 obru-

828 2929 948 2990 tos,
1018 2914 1282 2978 tandem
1349 2932 1430 2975 ex
1498 2910 1729 2974 iisdem
1797 2928 1908 2972 eos
1969 2905 2221 2971 liberat.
2311 2904 2563 2970 Contra
2619 2923 2772 2968 vero

827 3023 955 3087 quo
998 2999 1454 3066 insolentiores
1497 2993 1780 3078 improbi
1822 2994 2088 3067 fuerint,
2146 2989 2491 3073 Deumque
2536 2989 2770 3054 viven-

827 3099 960 3153 tem
1027 3085 1493 3158 lacessiverint,
1567 3081 1828 3145 tandem
1889 3099 2038 3142 cum
2096 3077 2342 3141 maiore
2395 3075 2772 3141 confusione

826 3173 1296 3258 deprimentur,
1356 3189 1432 3234 ac
1475 3168 1544 3231 in
1597 3188 1668 3231 se
1709 3166 1884 3248 ipsos
1928 3163 2100 3228 ferre
2144 3164 2559 3244 sententiam,
2619 3181 2773 3225 ean·

827 3260 1104 3341 demque
1148 3255 1415 3336 exsequi
1461 3261 1796 3336 cogentur,
1857 3258 1931 3313 ut
1968 3269 2168 3331 supra
2212 3248 2473 3313 dictum.
2559 3246 2773 3311 Porro

828 3346 1011 3410 nobis
1058 3344 1163 3408 hic
1198 3339 1650 3406 observandae
1686 3345 1844 3402 sunt
1877 3334 2218 3399 illusiones
2254 3333 2511 3398 diaboli.
2599 3333 2772 3397 Nam

826 3431 1169 3496 Philistaei
1230 3437 1378 3511 post
1437 3428 1673 3490 factam
1732 3422 2124 3487 oblationem
2169 3419 2309 3484 suis
2353 3419 2564 3503 plagis
2608 3418 2772 3483 rele-

826 3517 962 3583 vati
1023 3527 1209 3580 suut:
1272 3514 1410 3577 Deo
1455 3522 1672 3575 tamen
1719 3529 1847 3572 non
1895 3505 2294 3589 approbante
2334 3508 2623 3588 ipsorum
2667 3523 2774 3568 sa-

826 3602 1162 3676 crificium,
1211 3609 1283 3664 ut
1326 3598 1611 3663 vidimus
1655 3603 1723 3659 et
1766 3593 2071 3675 deinceps
2117 3593 2320 3657 visuri
2357 3611 2616 3656 sumus:
2664 3590 2772 3653 ob·

828 3688 1123 3753 tulerunt
1165 3686 1338 3748 enim
1383 3681 1844 3748 similitudines
1881 3700 2156 3743 anorum
2195 3698 2481 3752 suorum,
2525 3688 2593 3740 et
2627 3697 2773 3740 mu-

828 3774 1020 3839 rium.
1131 3770 1323 3850 Quod
1407 3767 1781 3849 exemplum
1872 3764 2062 3830 hodie
2151 3765 2437 3846 papistas
2525 3762 2773 3827 imitari

827 3858 1282 3938 conspicimus,
1340 3855 1453 3937 qui
1513 3854 1907 3918 Philistaeos
1965 3849 2149 3933 sequi
2215 3849 2510 3913 doctores
2576 3869 2772 3931 quam

828 3944 1042 4027 legem
1102 3965 1173 4007 ac
1222 3942 1575 4024 prophetas
1619 3939 2015 4002 maluerunt.
2104 3937 2273 4001 Nam
2319 3936 2370 4000 si
2418 3956 2583 4017 quae
2628 3955 2773 3998 mu·

830 4031 952 4095 lier
1014 4047 1447 4091 mammarum
1506 4025 1795 4089 dolorem
1855 4044 2050 4107 passa
2106 4031 2225 4102 est,
2280 4021 2451 4085 idolo
2488 4021 2772 4103 cuipiam

828 4114 1291 4181 similitudines
1350 4130 1779 4176 mammarum
1840 4131 1923 4174 ex
1978 4129 2144 4184 cera,
2214 4118 2329 4172 aut
2372 4107 2499 4171 alia
2542 4107 2772 4189 quavis

828 4203 1103 4267 materia
1150 4202 1214 4262 in
1280 4198 1586 4261 honorem
1633 4198 2018 4260 offeruntur.
2109 4192 2220 4259 Sic
2264 4193 2377 4275 qui
2423 4193 2619 4272 tibiis,
2660 4201 2775 4257 aut

829 4287 1101 4371 pedibus
1147 4286 1541 4356 laborarunt,
1610 4281 1849 4365 pedum
1895 4290 2012 4346 aut
2056 4279 2362 4345 tibiarum
2405 4278 2774 4343 similitudi-

830 4395 947 4438 nes
992 4375 1127 4437 suis
1173 4370 1380 4442 idolis,
1446 4368 1645 4433 veluti
1695 4367 1764 4433 S.
1810 4365 2121 4444 Antonio,
2181 4364 2283 4429 vel
2329 4364 2441 4428 alii
2485 4365 2771 4442 cuilibet,

830 4460 1051 4524 dicant
1098 4457 1199 4521 vel
1250 4454 1523 4530 indusia,
1571 4453 1678 4518 vel
1723 4453 1968 4535 caligas
2013 4452 2202 4516 foeno
2240 4450 2346 4515 vel
2387 4451 2600 4514 farina
2638 4451 2771 4531 ple-

829 4565 981 4609 nas:
1042 4543 1548 4608 Philistaeorum
1604 4536 2088 4603 idololatrarum
2146 4557 2393 4600 morem
2437 4546 2506 4601 et
2549 4556 2768 4600 exem-

825 4633 1007 4714 plum
1075 4629 1335 4713 sequuti
1402 4641 1469 4691 et
1535 4626 1774 4690 imitati
1842 4627 2053 4706 potius
2113 4643 2311 4705 quam
2370 4642 2595 4687 verum
2641 4621 2770 4687 Dei

824 4719 1076 4783 cultum
1129 4714 1323 4778 verbo
1367 4712 1573 4794 ipsius
1621 4712 2111 4794 praescriptum.
2198 4708 2424 4790 Neque
2469 4728 2624 4773 vero
2660 4708 2770 4773 de·

828 4816 985 4868 sunt
1047 4802 1205 4884 ipsis
1266 4800 1615 4882 legitimae,
1681 4809 1754 4862 ut
1811 4797 2012 4873 aiunt,
2058 4796 2530 4874 excusationes,
2600 4795 2769 4876 quod

828 4890 1137 4953 nimirum
1196 4886 1309 4949 illa
1370 4886 1500 4948 sint
1549 4892 1971 4947 monumenta
2017 4883 2464 4947 restituturum
2506 4879 2589 4944 ab
2637 4885 2771 4945 An·

829 4975 1004 5037 tonio
1066 4974 1392 5036 tibiarum.
1485 4969 1757 5050 Verum,
1823 4968 2109 5044 obsecro,
2182 4988 2396 5031 nonne
2450 4975 2769 5047 quantum

829 5061 1020 5121 rebus
1080 5060 1313 5122 creatis
1378 5055 1698 5130 tribuunt,
1760 5064 2016 5120 tantum
2079 5053 2158 5118 de
2215 5052 2339 5116 Dei
2398 5052 2605 5135 gloria
2666 5053 2770 5116 de·

828 5145 1146 5207 trahunt?
1236 5144 1476 5224 Ecquis
1536 5144 1737 5226 igitur
1802 5141 2165 5218 ridiculam,
2232 5139 2434 5202 immo
2498 5138 2766 5222 impiam

825 5228 998 5296 hanc
1041 5231 1517 5296 caeremoniam
1564 5251 1602 5293 a
1638 5228 2019 5294 Philistaeis
2062 5246 2198 5291 non
2242 5224 2370 5289 Dei
2414 5225 2625 5291 servis
2669 5246 2770 5291 ao-

2870 589 2948 652 fit
3006 589 3444 670 conspicuum,
3513 605 3930 669 quascunque
3992 585 4193 651 bonas
4248 586 4605 656 intentiones
4648 593 4733 659 hc-

2871 674 3082 738 mines
3138 681 3545 756 praetexant,
3602 692 3859 754 semper
3916 670 3997 735 ad
4051 670 4307 736 laevam
4351 682 4459 737 aut
4496 672 4730 745 dextram

2869 771 3123 842 partem
3188 757 3644 835 declinaturos,
3713 778 3789 824 ac
3848 756 4073 822 multis
4125 757 4585 840 impedimentis
4627 773 4730 828 tur·

2874 843 3138 920 bandos,
3200 845 3328 908 nisi
3372 844 3555 912 verbi
3598 842 3726 908 Dei
3774 844 4062 926 puritate
4106 852 4175 907 et
4217 844 4617 926 simplicitate,
4657 851 4733 915 cui

2869 929 3036 995 nihil
3082 929 3380 1007 addatur,
3426 929 3590 994 nihil
3634 928 4033 1005 detrahatur,
4080 928 4205 994 sibi
4247 931 4629 1013 praelucente
4660 957 4731 1000 re-

2870 1016 3240 1081 tineantur:
3306 1035 3382 1081 ao
3446 1014 3722 1098 proinde
3787 1017 3897 1097 qui
3962 1015 4185 1081 cultus
4251 1017 4393 1081 Deo
4453 1029 4645 1099 gratus
4675 1021 4736 1085 sit

2865 1111 3306 1186 agnoscentes,
3352 1102 3618 1167 abiectis
3662 1101 3964 1166 omuibus
4007 1101 4140 1166 illis
4184 1102 4372 1166 bonis
4412 1102 4727 1169 intentioni·

2872 1188 2993 1254 bus
3070 1188 3140 1254 in
3220 1188 3337 1252 illo
3413 1208 3484 1252 se
3560 1196 3927 1253 exerceant.
4017 1186 4249 1269 Itaque
4319 1186 4522 1253 danda
4578 1191 4736 1258 omnis

2868 1294 3067 1357 opera
3131 1281 3250 1354 est,
3327 1281 3405 1339 ut
3471 1274 3773 1356 quoniam
3841 1271 4201 1337 inordinati
4258 1285 4415 1337 sunt
4465 1273 4736 1341 hominum

2871 1361 3215 1442 appetitus,
3280 1359 3548 1424 omnino
3615 1359 4047 1442 deponantur,
4129 1368 4197 1423 et
4257 1379 4477 1424 omnes
4536 1364 4672 1426 ritus
4712 1383 4741 1427 s

2874 1444 3016 1511 Deo
3061 1468 3187 1511 non
3233 1445 3616 1529 praescripti
3660 1443 3742 1509 ad
3785 1444 3994 1527 ipsius
4040 1444 4312 1521 cultum,
4355 1464 4601 1527 prorsus
4633 1447 4742 1512 reii-

2871 1534 3148 1596 ciuntur.

3043 1617 3384 1683 Hactenus
3426 1615 3507 1682 de
3542 1619 3759 1682 fructu
3794 1625 3860 1682 et
3894 1614 4193 1681 doctrina
4226 1635 4422 1699 quam
4458 1614 4744 1682 eruendam

2874 1702 3211 1768 docuimus
3255 1723 3338 1767 ex
3381 1723 3456 1767 eo
3499 1702 3670 1785 quod
3715 1701 4058 1767 Philistaei
4101 1721 4381 1766 anorum
4424 1712 4490 1765 et
4521 1703 4743 1766 murium

2876 1787 3336 1853 similitudines
3392 1789 3619 1854 fecisse
3677 1787 4001 1854 dicuntur.
4090 1788 4296 1853 Porro
4353 1797 4586 1870 quanta
4619 1787 4746 1853 solli·

2877 1874 3094 1940 eitudo
3159 1873 3552 1940 Philistaeos
3607 1875 3972 1940 exercuerit
4030 1894 4112 1939 ex
4156 1874 4241 1939 iis
4285 1884 4562 1957 apparet,
4617 1871 4745 1956 quod

2878 1980 3012 2024 non
3069 1961 3466 2044 simpliciter,
3533 1959 3855 2043 quomodo
3912 1961 4000 2025 sit
4054 1981 4206 2025 arca
4264 1957 4369 2024 dei
4415 1959 4652 2023 Israelis
4684 1958 4748 2023 di·

2878 2045 3217 2127 mittenda,
3284 2045 3400 2111 sed
3457 2047 3655 2112 etiam
3707 2045 3941 2129 quibus
3996 2045 4228 2110 hostiis
4272 2045 4395 2110 deo
4437 2044 4665 2110 Israelis
4695 2045 4747 2109 li·

2880 2143 3072 2210 tetur,
3118 2144 3184 2197 et
3217 2153 3346 2215 qua
3381 2133 3631 2196 ratione
3665 2151 3819 2198 arca
3853 2131 4222 2196 dimittatur
4257 2131 4604 2214 inquirunt.
4675 2130 4750 2194 Ex

2878 2219 3113 2300 quibus
3136 2228 3410 2301 apparet
3451 2238 3579 2301 quo
3623 2215 3817 2282 modo
3864 2218 4180 2296 homines,
4226 2238 4390 2299 quos
4425 2218 4542 2282 Dei
4573 2234 4750 2280 manus

2879 2304 3290 2387 persequitur
3345 2313 3412 2368 et
3468 2315 3676 2387 urget,
3737 2303 4109 2369 excitentur
4160 2324 4202 2367 a
4259 2304 4473 2387 priore
4522 2313 4751 2379 veterno,

2878 2400 3073 2473 atque
3138 2389 3593 2455 afflictionibus
3636 2389 3841 2455 veluti
3887 2390 3982 2455 rei
4026 2390 4154 2455 Dei
4199 2389 4436 2454 iudicio
4478 2389 4749 2462 sistantur,

2878 2480 2986 2559 qui
3046 2477 3225 2559 prius
3267 2475 3459 2541 rebus
3502 2475 3805 2542 secundis
3848 2485 4123 2558 utentes,
4191 2486 4257 2540 et
4302 2477 4447 2539 Deo
4489 2474 4653 2538 velut
4683 2473 4750 2536 in·

2878 2562 3103 2628 ducias
3146 2562 3551 2641 concedente,
3594 2564 3809 2627 securi
3852 2572 3919 2625 et
3963 2561 4106 2625 sine
4139 2560 4570 2626 sollieitudine
4602 2559 4750 2623 vitam

2878 2649 3183 2735 agebant.
3303 2650 3519 2729 Atque
3613 2647 3720 2712 hie
3803 2646 4306 2712 animadvertite
4397 2644 4751 2730 profanorum

2876 2735 3213 2801 hominum
3273 2733 3694 2816 impietatem,
3753 2734 3864 2815 qui
3923 2751 4081 2815 pace
4139 2743 4204 2797 et
4262 2733 4461 2798 rebus
4513 2726 4753 2796 mundis

2878 2832 3131 2887 utentes
3175 2839 3399 2884 secure
3444 2818 3571 2884 Dei
3616 2818 3859 2884 iudicia
3900 2828 4349 2895 contemnunt,
4415 2818 4551 2893 etsi,
4603 2816 4752 2880 fateor

2875 2904 3093 2992 (atque
3149 2907 3400 2970 utinam
3458 2925 3543 2968 ne
3599 2905 3786 2969 multi
3831 2903 3977 2970 sitis
4021 2905 4088 2969 in
4132 2925 4209 2969 eo
4253 2901 4550 2989 numero)
4592 2899 4750 2965 Deum

2876 3004 3155 3058 externa
3197 2990 3479 3073 quadam
3539 2991 3947 3055 caeremonia
3988 3000 4364 3072 precantur,
4397 2998 4466 3054 et
4503 2985 4753 3055 concioni-

2879 3078 3001 3144 bus
3055 3079 3385 3142 intersunt
3440 3076 3684 3159 aliquid
3729 3075 4041 3152 audituri,
4100 3075 4214 3142 sed
4258 3076 4530 3140 minime
4571 3072 4673 3139 Dei
4702 3090 4753 3134 os

2878 3163 3359 3246 interrogaturi,
3397 3183 3605 3246 neque
3641 3162 3918 3246 gratiam
3954 3163 4162 3227 saneti
4201 3162 4473 3246 spiritus
4495 3159 4754 3226 exanimo

2877 3249 3222 3333 precaturi,
3286 3249 3413 3313 nisi
3470 3250 3734 3331 gravior
3787 3246 4103 3331 quaedam
4146 3268 4256 3313 eos
4299 3247 4632 3313 necessitas
4665 3244 4754 3306 im·

2877 3336 3136 3419 pulerit.
3227 3338 3351 3400 Ast
3423 3334 3535 3400 ubi
3591 3334 3774 3400 Deus
3833 3335 4129 3399 incautos
4186 3331 4681 3417 apprehenderit,
4711 3333 4756 3390 st

2878 3422 3141 3506 propius
3207 3421 3464 3503 urserit,
3541 3430 3685 3485 tum
3751 3420 3871 3485 soli
3934 3421 4235 3503 gemitus,
4303 3420 4541 3504 prioris
4600 3411 4754 3498 negli-

2876 3510 3134 3592 gentiae
3194 3515 3391 3573 testes
3445 3506 3822 3584 audiuntur,
3879 3514 4019 3570 tum
4063 3504 4348 3588 denique
4392 3515 4698 3570 veternum
4728 3515 4755 3559 ⁸

2876 3616 3003 3677 quo
3028 3594 3283 3658 fuerant
3307 3593 3622 3675 occupati,
3669 3603 3735 3658 et
3781 3593 4135 3658 vanitatem
4182 3612 4455 3657 suarum
4491 3603 4754 3654 caerem>

2877 3682 3157 3760 uiarum,
3201 3677 3434 3762 quibus
3481 3690 3791 3760 tanquam
3836 3677 4002 3742 ebrii
4044 3678 4341 3743 immersi
4388 3677 4648 3752 fuerant,
4679 3689 4757 3752 ag·

2877 3777 3174 3832 noscunt.
3271 3764 3502 3847 Itaque
3559 3764 3746 3828 Deus
3802 3762 4261 3829 afflictionibus
4322 3784 4437 3827 eos
4497 3759 4704 3825 excitat
4731 3773 4759 3816 s

2877 3865 3166 3934 veterno,
3239 3871 3401 3933 quos
3471 3852 3573 3914 sui
3627 3861 3889 3932 ceperat
3943 3848 4203 3914 oblivio.
4292 3850 4444 3915 Hoc
4502 3847 4556 3913 si
4608 3839 4758 3908 Phili·

2876 3940 3040 4004 staei
3081 3937 3336 4021 experti
3383 3945 3554 4016 sunt,
3601 3936 3757 4019 quid
3795 3933 4001 4016 nobis,
4040 3956 4298 4019 quaeso,
4345 3936 4626 4000 futurum
4655 3923 4756 3993 est?

2877 4026 3018 4090 Nae
3090 4022 3466 4106 pudendum
3530 4033 3630 4086 est
3695 4044 3816 4088 nos
3883 4021 3964 4087 ad
4030 4022 4247 4087 Deum
4303 4044 4450 4096 ,non
4514 4014 4758 4084 accedero

2878 4112 3000 4176 nisi
3040 4110 3296 4196 magnis
3332 4108 3536 4174 veluti
3575 4106 3962 4172 malleorum
3997 4108 4232 4174 ictibus
4266 4108 4547 4184 adactos,
4581 4116 4758 4194 verunt

2877 4209 3099 4262 tamen
3174 4195 3383 4262 serius
3447 4203 3737 4276 praestat
3800 4214 3997 4276 quam
4065 4213 4435 4277 nunquam:
4516 4191 4675 4256 cuius
4720 4202 4759 4246 ei

2877 4303 3143 4347 manum
3201 4283 3592 4348 contrariam
3653 4281 3992 4355 sentimus,
4055 4299 4287 4362 nempe
4331 4278 4485 4344 inde
4527 4279 4598 4342 fit
4634 4265 4760 4356 quod

2876 4368 3266 4451 stupidiores
3319 4368 3633 4431 fuerimus
3676 4378 3743 4430 et
3786 4366 3859 4430 in
3903 4364 4017 4430 illo
4061 4365 4434 4448 quaerendo
4479 4360 4756 4453 tardiores

2876 4455 3101 4537 Quare
3168 4475 3296 4518 non
3352 4466 3506 4518 sunt
3564 4451 3751 4518 nobis
3806 4453 3876 4516 in
3933 4450 4055 4517 hoo
4099 4452 4400 4516 imitandi
4448 4448 4756 4515 Philistum,

2875 4541 2986 4625 qui
3032 4539 3480 4623 superstitiose
3525 4538 3863 4603 tardantes
3907 4550 3975 4602 et
4016 4537 4088 4601 in
4133 4537 4303 4602 diem
4348 4559 4432 4601 ex
4477 4537 4579 4599 die
4615 4527 4758 4624 diffq-

2875 4637 3110 4702 rentes,
3179 4625 3650 4709 quaesiverunt
3707 4625 3941 4707 quibus
3998 4624 4205 4689 modis
4262 4643 4480 4688 aream
4537 4616 4650 4683 Dei
4695 4609 4761 4676 d!-

2874 4716 3229 4786 mitterent,
3296 4713 3592 4792 iramque
3636 4710 3738 4775 dei
3782 4710 4050 4776 Israelis
4097 4709 4461 4792 placarent:
4515 4704 4618 4770 sed
4656 4716 4759 4763 111⁸·

2875 4800 2954 4864 lis
3023 4797 3425 4882 urgentibus,
3495 4806 3672 4861 recta
3737 4817 3854 4862 nos
3912 4797 4132 4862 Deum
4191 4795 4495 4861 accedere
4537 4789 4756 4873 oporte&

2875 4907 3004 4951 non
3066 4897 3319 4948 tantum
3374 4881 3653 4964 aliquam
3700 4883 4190 4949 conversionem
4236 4881 4625 4952 simulantes,
4672 4865 4758 4967 ⁸⁰3¹

2876 4992 2995 5036 nos
3062 4972 3125 5035 in
3193 4971 3331 5034 eius
3396 4967 3794 5050 obsequium,
3876 4976 3944 5033 et
4006 4968 4087 5034 ad
4154 4982 4386 5032 nutum
4453 4965 4759 5030 voluntati·

2873 5067 3352 5139 componentes.
3443 5055 3685 5120 Caecos
3771 5055 3972 5139 igitur
4047 5054 4127 5119 ad
4194 5054 4321 5118 Dei
4390 5053 4605 5135 plagas
4661 5060 4759 5108 1¹⁰³

2874 5144 3329 5226 resipiscentes
3375 5161 3493 5207 nee
3541 5151 3803 5223 peccata
3844 5142 4201 5207 sentientes
4243 5139 4414 5204 absit
4446 5137 4758 5222 imitemur}

2874 5230 3035 5314 quin
3094 5230 3313 5314 potius
3370 5230 3543 5292 ultro
3586 5237 3654 5291 et
3698 5248 3829 5293 non
3872 5226 4078 5294 coacti
4122 5225 4205 5293 ad
4249 5228 4485 5302 Deum,
4543 5219 4758 5287 etiamn
