5059 6059
2518 217 2536 258 ἱ

819 298 954 369 615
2428 308 2843 379 HOMILIA
2879 307 3215 379 XXXIV.
4653 311 4746 378 616

832 503 1225 582 foveremus,
1271 500 1330 568 si
1352 499 1653 566 omnibus
1697 498 1886 566 donis
1907 498 2152 584 singuli
2182 503 2402 565 essent
2421 498 2769 566 instructi?
2877 503 3155 568 tantium
3199 508 3267 567 et
3308 500 3547 569 leviter
3589 501 3717 568 Dei
3759 520 3957 585 opera
3999 499 4577 584 praetereuntium!
4617 497 4756 566 Sane

839 588 1103 655 Deinde
1145 586 1480 655 accederet
1514 585 1716 656 etiam
1761 586 1956 670 longe
1998 585 2270 670 gravius
2312 585 2586 664 malum,
2634 586 2772 651 vir-
2874 599 3030 655 sunt
3085 588 3410 655 inhabiles
3453 597 3519 654 et
3559 588 3766 671 inepti
3808 595 4048 653 natura
4089 585 4172 653 ad
4217 586 4344 653 Dei
4389 585 4669 652 virtutem
4703 598 4754 653 et

832 681 1045 741 tutem
1089 684 1439 759 superante
1479 672 1801 823 superbia.
1892 669 2335 753 Quamobrem
2377 670 2460 736 ad
2505 671 2773 738 societa—
2873 674 3232 758 potentiam
3280 673 3778 759 agnoscendam,
3823 673 3976 740 lieet
4019 694 4091 739 se
4135 672 4293 738 satis
4338 671 4574 754 apertis
4609 674 4752 738 testi·

844 762 933 829 tis
976 761 1304 826 humanae
1361 759 1559 826 vineu

833 852 938 914 est
981 865 1103 913 nos
1144 846 1553 930 imperfectos
1597 843 1811 911 adhue
1854 864 2014 924 esse,
2069 851 2149 909 ut
2189 843 2372 909 intra
2413 839 2770 909 modestiae

832 939 903 999 et
946 931 1338 999 humilitatis
1380 931 1544 996 fines
1586 930 2058 1007 contineamur,
2102 937 2171 995 et
2213 948 2523 994 mensura
2568 928 2769 995 dono·

829 1037 983 1085 rum
1025 1018 1156 1084 Dei
1200 1016 1490 1085 contenti
1533 1017 1757 1082 simus.
1823 1013 2075 1081 Idcirco
2117 1015 2363 1100 singuli
2387 1035 2550 1098 quas
2585 1013 2770 1080 dotes

827 1113 1219 1187 acceperunt
1274 1104 1343 1168 in
1402 1123 1743 1169 commune
1798 1103 2093 1168 conferre
2156 1109 2495 1171 tenentur:
2556 1111 2623 1167 et
2673 1104 2769 1166 ita

834 1189 1055 1257 officio
1100 1191 1284 1273 fungi
1341 1208 1462 1273 pro
1518 1187 1836 1253 donorum
1898 1206 2226 1265 mensura,
2281 1193 2358 1251 ut
2414 1185 2494 1251 ad
2555 1193 2764 1253 totam

833 1276 1173 1344 ecelesiam
1216 1276 1466 1341 utilitas
1510 1274 1751 1340 redeat.
1837 1272 1987 1339 Hoc
2039 1272 2227 1339 facile
2277 1273 2408 1350 fiet,
2466 1272 2523 1338 si
2577 1272 2768 1339 dotes

828 1382 996 1445 quas
1039 1361 1404 1444 accepimus
1443 1379 1592 1428 cum
1634 1360 1718 1426 iis
1759 1360 2168 1427 conferamus
2190 1378 2353 1441 quas
2394 1376 2528 1423 non
2566 1357 2765 1424 habe-

834 1466 1022 1515 mus:
1099 1457 1164 1514 et
1229 1446 1383 1513 inde
1446 1466 1569 1512 nos
1630 1446 1700 1511 in
1768 1444 2083 1511 modestia
2147 1442 2528 1509 continendi
2606 1446 2767 1511 satis

836 1533 1125 1619 amplam
1190 1536 1593 1601 occasionem
1658 1530 2060 1598 habebimus.
2170 1529 2429 1596 Deinde
2502 1529 2561 1597 si
2642 1549 2765 1597 nos

834 1620 1032 1685 etiam
1079 1639 1226 1686 eum
1273 1619 1435 1698 aliis,
1478 1625 1831 1701 nostraque
1873 1636 2021 1684 cum
2061 1616 2347 1699 ipsorum
2385 1614 2572 1682 donis
2618 1635 2766 1681 eon-

834 1704 1204 1783 tulerimus,
1264 1703 1544 1788 exempli
1603 1704 1846 1788 gratia:
1905 1703 1959 1767 si
2006 1703 2109 1767 vir
2152 1701 2479 1785 quispiam
2538 1701 2766 1787 singu-

842 1790 969 1856 lari
1009 1789 1355 1875 prudentia
1398 1793 1467 1856 et
1508 1788 1942 1874 intelligentia
1984 1788 2218 1868 clarus,
2262 1808 2406 1854 sese
2449 1808 2608 1889 cum·
2642 1790 2763 1853 im-

820 1884 1451 2046 fflffigsiffiffi’
1481 1877 2001 2027 ὥῖιῖῗῗῖοὶιὲἒὶη
2009 1893 2179 2024 ²:1¹3:
2185 1873 2765 2042 ’ἓῖἱέῖηῖἶὶῖἰῖῗ

821 2049 942 2115 fiet
1006 2058 1085 2114 ut
1146 2047 1512 2129 concludat,
1576 2066 1709 2111 non
1776 2046 1980 2131 igitur
2042 2065 2184 2111 esse
2247 2044 2434 2110 illum
2478 2054 2765 2112 contem-

822 2135 1140 2201 nendum.
1228 2134 1614 2200 Praeterera
1674 2131 1886 2198 danda
1939 2151 2137 2214 opera
2189 2142 2308 2210 est,
2368 2138 2442 2196 ut
2499 2130 2762 2216 quibus·

827 2237 1085 2304 cunque
1141 2219 1329 2287 donis
1371 2218 1786 2299 excellamus,
1842 2225 2063 2283 tamen
2107 2214 2464 2283 eorundem
2510 2237 2551 2282 a
2614 2215 2763 2283 Deo

825 2305 1402 2407 amplificatione-m
1474 2312 1543 2371 et
1599 2305 1967 2370 auctionem
2025 2301 2480 2402 deprecemur:
2548 2323 2763 2386 neque

820 2390 1650 2561 ssessffiosszffisstss.
1666 2409 2102 2558 fflffiqtzffi
2127 2408 2515 2540 „zffiffl
2535 2408 2765 2540 0:¹33:

820 2562 1255 2641 abundantes,
1315 2571 1387 2628 ut
1429 2562 1678 2646 expleti
1721 2560 1957 2628 simus:
2016 2578 2093 2625 ac
2133 2556 2410 2645 proinde
2451 2559 2764 2646 fugienda

825 2648 1044 2716 omnis
1065 2648 1442 2734 arrogantia
1465 2655 1582 2727 est,
1622 2667 1750 2731 qua
1784 2648 1863 2713 fit
1878 2655 1956 2712 nt
1990 2643 2138 2713 aliis
2171 2666 2396 2712 carere
2418 2663 2539 2712 nos
2573 2665 2762 2729 posse

819 2734 1013 2801 nobis
1071 2733 1597 2818 persuadeamus.
1687 2731 1937 2800 Contra
1977 2739 2291 2815 perpetua
2326 2732 2499 2797 fame
2541 2738 2613 2797 et
2653 2733 2761 2799 siti

819 2819 955 2887 Dei
1011 2818 1324 2885 donorum
1385 2818 1797 2903 amplificatio
1855 2815 2045 2885 nobis
2098 2826 2199 2884 est
2254 2816 2636 2901 expetenda,
2694 2828 2763 2883 et

816 2902 1123 3008 precibus
1173 2907 1369 2972 etiam
1425 2903 1875 2989 impetrandas
1920 2910 2024 2969 est
2065 2902 2425 2970 eorundem
2465 2922 2629 2969 usus
2668 2902 2760 2968 le—

889 2993 1135 3060 timus.'

812 3013 884 3080 ει
994 3079 1213 3161 Atque
1258 3076 1338 3142 de
1379 3077 1522 3143 istis
1565 3073 1920 3141 hactenus:
1964 3072 2269 3158 deinceps
2304 3074 2616 3159 sequitur,
2658 3095 2766 3143 eos

818 3164 936 3248 qui
988 3163 1247 3230 Saulem
1301 3166 1599 3228 noverant
1650 3160 1789 3227 hm·
1829 3165 1886 3227 et
1926 3160 2166 3227 studim
2207 3165 2445 3243 ἰοήὴιε,
2501 3158 2596 3261 (id
2640 3172 2760 3242 est,

815 3258 1033 3331 antea,
1092 3271 1173 3316 ex
1234 3248 1553 3315 hebraeae
1616 3245 1883 3331 linguae
1942 3243 2096 3333 usn)
2151 3246 2394 3314 dixisse
2444 3246 2621 3313 aleus
2673 3247 2763 3313 ad

817 3336 1102 3416 alem,
1177 3335 1341 3417 quod
1401 3338 1557 3400 esset
1617 3351 1759 3399 cum
1810 3331 2152 3415 prophetis,
2232 3337 2291 3398 et
2340 3331 2763 3416 prophetaret.-

825 3421 1150 3505 Quaenam
1210 3440 1317 3487 res
1366 3419 1594 3488 accidit
1649 3418 1787 3500 filio
1833 3416 1994 3485 053?
2083 3416 2263 3484 Num
2303 3424 2361 3484 et
2403 3416 2565 3485 Saul
2600 3420 2764 3485 inter

810 3506 1209 3591 prophetas?
1250 3505 1341 3571 Et
1378 3506 1549 3572 alius
1590 3505 1935 3586 respondit:
1980 3502 2070 3571 Et
2108 3505 2468 3587 quispam
2498 3503 2764 3571 eorum?

823 3591 1171 3676 Propterea
1223 3611 1471 3658 versum
1528 3596 1615 3656 est
1668 3591 1741 3656 in
1785 3589 2218 3674 proverbium:
2283 3590 2459 3655 Num
2500 3595 2558 3656 et
2601 3589 2765 3656 Saul

818 3678 989 3745 inter
1028 3678 1417 3762 prophetae?
1503 3676 1876 3743 Admiratio
1916 3675 2032 3741 illa
2074 3677 2241 3741 satis
2283 3674 2570 3741 ostendit
2612 3675 2760 3741 nul-

814 3763 954 3829 lam
1007 3765 1078 3830 in
1124 3762 1324 3831 Saule
1371 3763 1569 3829 fuisse
1611 3762 2172 3846 praeparationem
2214 3781 2431 3845 neque
2482 3759 2760 3846 disposi-

820 3850 1070 3916 tionem
1142 3848 1224 3914 ad
1288 3848 1733 3933 prophetiam:
1813 3868 1889 3914 ae
1948 3847 2222 3931 proinde
2286 3847 2566 3933 gratiam
2634 3847 2761 3912 Dei

820 3944 968 4001 tum
1010 3935 1104 4000 ita
1142 3934 1345 4002 fuisse
1386 3932 1775 4000 nominatim
1819 3935 2208 4017 patefactam
2245 3946 2310 3999 et
2341 3933 2758 3999 illustratam.

818 4020 1054 4105 Neque
1118 4021 1295 4087 enim
1351 4029 1536 4085 tanta
1578 4020 1858 4085 fuissent
1900 4019 2118 4086 affecti
2160 4019 2258 4084 illi
2301 4017 2603 4084 homines
2645 4018 2758 4084 ad·

818 4107 1194 4184 miratione,
1252 4107 1309 4173 si
1366 4105 1528 4173 Saul
1585 4105 1715 4170 iam
1771 4125 1812 4170 a
1854 4106 2097 4172 teneris
2141 4105 2336 4171 annis
2378 4105 2645 4171 edoctus
2685 4105 2757 4170 in

821 4192 1064 4261 scholis
1111 4192 1378 4258 tandem
1421 4189 1893 4275 prophetasset,
1934 4189 2106 4275 quod
2154 4199 2349 4257 antea
2390 4188 2651 4258 doctum
2694 4199 2762 4256 et

820 4280 1170 4347 formatum
1245 4277 1444 4344 fuisse
1500 4277 1714 4360 ipsum
1778 4276 2287 4358 existimassent,
2357 4295 2433 4342 ac
2486 4275 2760 4360 proinde

819 4366 955 4432 iam
1015 4371 1477 4448 praeparatum
1532 4372 1597 4427 et
1650 4360 1977 4428 eruditum
2030 4382 2166 4428 non
2220 4363 2497 4428 fuissent
2540 4362 2762 4428 mirati

816 4452 1246 4537 prophetare:
1301 4469 1512 4533 neque
1551 4456 1626 4513 ut
1666 4469 1805 4513 rem
1851 4468 2091 4515 novam
2136 4455 2205 4513 et
2245 4448 2574 4514 insolitam
2618 4469 2761 4515 sus-

816 4538 1175 4621 cepissent:
1225 4536 1447 4619 itaque
1493 4533 1617 4599 Dei
1662 4534 1907 4599 donum
1951 4535 2158 4600 veluti
2203 4533 2488 4600 tenebris
2530 4533 2760 4602 obseu-

815 4633 1038 4689 ratum
1102 4622 1418 4698 latuisset,
1484 4617 1654 4703 quod
1719 4618 1905 4686 Deus
1967 4620 2050 4686 ad
2114 4620 2218 4685 sui
2283 4620 2560 4719 gloriam
2618 4641 2763 4687 esse

815 4709 1106 4774 maxime
1177 4707 1599 4790 conspicuum
1658 4705 1941 4772 volebat.
2027 4705 2144 4772 Pit
2190 4726 2377 4772 ‘enlm
2434 4713 2515 4771 ut
2570 4707 2761 4773 nobis

816 4813 983 4877 quae
1039 4792 1368 4859 ordinaria
1425 4799 1492 4858 et
1544 4793 1919 4857 communia
1975 4800 2149 4869 sunt,
2193 4792 2512 4859 vilescant
2554 4801 2621 4858 et
2664 4792 2758 4857 ef-

812 4880 1046 4944 fluant.
1134 4877 1267 4946 Sed
1312 4899 1515 4963 quum
1561 4878 1741 4944 Deus
1786 4885 2115 4945 momento
2159 4877 2403 4961 aliquid
2442 4879 2758 4944 eximium

813 4964 1018 5030 oeulis
1061 4965 1299 5040 obiicit,
1344 4972 1412 5029 et
1452 4963 1841 5029 miraculum
1888 4963 2155 5028 evidens
2197 4964 2369 5041 facit,
2424 4972 2565 5031 tum
2610 4986 2759 5031 sen-

815 5069 932 5115 sus
990 5058 1246 5116 nostros
1288 5049 1563 5116 excitari
1604 5050 1930 5130 convenit,
1989 5058 2057 5115 et
2100 5072 2181 5115 ex
2225 5059 2489 5134 stupore
2535 5056 2599 5115 et
2643 5050 2758 5116 ad-

814 5134 1162 5201 miratione
1206 5137 1276 5201 in
1320 5137 1533 5219 operis
1578 5134 1783 5200 divini
1828 5135 2231 5221 agnitionem
2279 5135 2528 5202 deduci.
2621 5134 2759 5202 Sed

816 5228 1101 5305 quantus
1164 5230 1264 5288 est
1318 5222 1427 5287 hic
1484 5220 1825 5287 hominum
1881 5230 2130 5305 stupor,
2204 5220 2482 5288 subinde
2541 5221 2755 5289 haesi·

1588 779 1697 824 um
1757 766 1824 824 et
1882 756 2442 825 conservationem
2506 777 2772 824 necesse
2873 761 3108 827 moniis
3163 760 3545 844 patefaciat:
3603 760 3731 826 nisi
3782 758 3966 825 Deus
4015 759 4161 843 ipse
4215 767 4471 826 mentes
4511 758 4752 841 ipsorum

2874 829 3131 925 efcitet,
3189 855 3258 912 et
3313 846 3522 912 veluti
3579 865 3780 911 manu
3834 844 3915 910 ad
3965 844 4408 929 cognitionem
4450 845 4548 908 sui
4585 846 4754 927 operis

2871 931 3167 998 deducat.
3254 931 3578 1016 Exemplo
3620 940 3816 998 sunto
3856 931 3965 998 isti
4010 930 4330 1009 homines,
4377 929 4491 1013 qui
4530 928 4754 996 Saulem

2868 1017 3126 1101 quidem
3186 1017 3577 1102 prophetare
3632 1017 3974 1093 mirantur,
4045 1015 4161 1083 sed
4214 1025 4479 1100 praeter
4527 1028 4753 1081 naturae

2868 1105 3164 1170 ordinem
3214 1102 3279 1168 id
3324 1105 3465 1170 fieri
3509 1125 3639 1170 non
3685 1101 4245 1169 animadvertunt.
4332 1099 4511 1168 Sane
4542 1100 4670 1167 illos
4691 1102 4752 1167 ad

2867 1188 3085 1256 Deum
3155 1209 3517 1275 assurgere,
3581 1195 3649 1255 et
3712 1209 3875 1273 opus
3938 1188 4146 1272 ipsius
4201 1205 4554 1271 agnoscere
4609 1206 4755 1271 opor·

2868 1275 3078 1342 tebet:
3155 1285 3351 1359 atque
3417 1274 3721 1341 miraculi
3784 1273 3958 1340 illius
4016 1281 4324 1340 eventum
4379 1272 4755 1356 praestolari:

2866 1360 3038 1444 quod
3112 1382 3246 1427 non
3311 1369 3567 1445 poterat
3627 1362 3771 1426 sine
3835 1378 4074 1427 arcana
4139 1358 4267 1425 Dei
4331 1360 4575 1424 virtute
4629 1359 4755 1424 fieri.

2863 1446 3116 1513 Verum
3158 1448 3229 1512 in
3272 1456 3538 1531 stupore
3580 1466 3699 1513 suo
3739 1455 4053 1530 tanquam
4089 1444 4352 1510 attoniti
4389 1456 4753 1528 permanent,

2866 1540 2932 1598 et
2987 1533 3142 1616 quid
3188 1532 3323 1615 filio
3384 1531 3495 1599 Gis
3532 1532 3772 1615 facua»
3813 1533 3915 1610 sit,
3972 1528 4428 1597 tantummodo
4472 1550 4614 1596 cum
4649 1539 4755 1597 stu·

2865 1638 3022 1701 pore
3100 1619 3444 1684 mirantur.
3530 1617 3709 1683 Hinc
3784 1637 3943 1683 vero
4008 1615 4393 1682 discendum
4458 1623 4577 1698 est,
4645 1614 4756 1680 Deo

2865 1705 3058 1789 signa
3121 1724 3279 1771 suae
3335 1704 3607 1769 virtutis
3647 1701 3968 1788 quaedam
4011 1702 4201 1769 nobis
4243 1700 4458 1778 dante.
4526 1702 4614 1765 ita
4647 1720 4756 1766 esse

2864 1810 3013 1856 cum
3058 1789 3491 1856 admiratione
3532 1788 3933 1872 excipienda,
3992 1797 4070 1853 ut
4112 1795 4367 1856 mentes
4413 1797 4663 1853 nostras
4694 1785 4755 1851 ad

2863 1875 3117 1941 coelum
3160 1896 3365 1959 usque
3405 1875 3801 1960 attollamus,
3871 1873 4146 1958 Deoque
4188 1872 4452 1939 laudem
4495 1893 4650 1956 quae
4681 1872 4756 1936 illi

2866 1959 3139 2027 debetur
3194 1961 3576 2027 reddamus:
3636 1969 3831 2044 atque
3882 1979 3963 2026 ea
4014 1960 4108 2027 sie
4160 1978 4556 2042 usurpemus
4597 1957 4755 2023 usin

2865 2048 3141 2148 terrenis
3179 2056 3247 2112 et
3292 2045 3552 2113 caducis
3583 2047 3729 2114 istis
3763 2047 4152 2145 haereamus
4183 2065 4336 2112 cum
4370 2043 4756 2110 admiratione

2862 2130 3690 2284 &33:2022521532522
3711 2139 4756 2294 ffssffiffessffissffiii

2863 2304 3066 2371 Saule
3108 2304 3309 2371 fuisse
3349 2304 3445 2370 sic
3489 2312 3849 2388 operatum,
3892 2310 3972 2369 ut
4009 2300 4313 2370 omnibus
4353 2309 4673 2386 stuporem
4705 2309 4757 2365 et

2863 2386 3356 2456 admirationem
3422 2388 3575 2456 faeti
3633 2389 3813 2456 illius
3868 2388 4195 2471 iniecerit3
4262 2394 4338 2452 ut
4393 2387 4496 2452 ita
4535 2405 4757 2471 praepa-

2862 2486 3168 2542 rarentur
3221 2473 3303 2542 ad
3356 2474 3544 2541 illum
3603 2495 3644 2540 a
3696 2475 3840 2541 Deo
3894 2493 4120 2560 regem
4185 2471 4583 2539 destinatum
4629 2469 4755 2537 aeci·

2861 2560 3191 2645 piendum,
3248 2561 3393 2628 Deo
3446 2562 3593 2627 istis
3645 2560 3852 2628 veluti
3889 2558 4345 2627 stemmatibus
4385 2558 4576 2625 illum
4612 2557 4756 2623 nobi·

2864 2647 3113 2713 litante.
3201 2648 3419 2731 Atque
3459 2646 3616 2714 hinc
3657 2646 3982 2732 generalis
4025 2644 4323 2712 doctrina
4357 2652 4465 2712 eet
4495 2640 4754 2718 eruenda,

2863 2731 3008 2799 Deo
3073 2752 3192 2800 nos
3259 2732 3334 2798 in
3398 2732 3484 2800 ali
3532 2753 3683 2799 uem
3745 2731 4082 2819 dignitatis
4139 2730 4425 2815 gradum
4486 2729 4758 2797 evehente

2866 2818 3041 2887 hunc
3083 2817 3458 2885 habendum
3488 2753 3835 2899 (honorem,
3876 2826 3952 2883 ut
3983 2817 4082 2882 illi
4115 2815 4337 2886 omnia
4369 2825 4597 2884 noan-a
4626 2813 4757 2880 dom

2863 2905 3150 2972 feramus
3204 2914 3485 2988 amepta.
3574 2903 3768 2986 Quod
3827 2903 4080 2971 Paulus
4120 2901 4203 2969 de
4246 2902 4456 2968 totius
4497 2900 4757 2969 oooloeino

2860 2989 3113 3075 origine
3155 2991 3355 3091 verba
3392 2989 3639 3058 faciens
3682 3010 3805 3056 nos
3844 2987 4141 3141 pwo·
4161 2985 4755 3155 domuiidquuffffl

2861 3074 3070 3142 Deum
3132 3075 3384 3161 cloys-sse
3665 3074 3857 3142 stulta
4109 3095 4184 3141 m
4221 3094 4287 3139 m
4429 3094 4466 3140 o

2860 3160 3139 3247 ivtfima,
3193 3166 3252 3227 et
3305 3096 3837 3247 mmm,
3889 3164 3960 3228 ui
4010 3179 4091 3227 m
4131 3124 4756 3244 ρῖονὶὡιαάῑῑαοσο

2859 3245 4757 3348 commeo,eedquiqloriaturinDomimqloridar:at·

2860 3353 2987 3417 que
3043 3334 3138 3400 ita
3192 3333 3451 3417 sapiens
3508 3333 3633 3400 sibi
3694 3331 3862 3399 nihil
3917 3338 4196 3417 arroget,
4255 3328 4373 3398 sed
4430 3352 4473 3399 a
4514 3331 4646 3397 Deo
4677 3347 4755 3393 ae-

2860 3426 3113 3502 oeptam
3156 3419 3546 3505 sapientiam
3589 3419 3779 3485 ferat.
3878 3418 4111 3499 Videte,
4151 3417 4390 3501 inquit,
4436 3418 4659 3501 fretra
4682 3432 4755 3480 vo·

2858 3504 3156 3571 emtionem
3211 3509 3500 3585 vestram,
3554 3524 3665 3572 vos
3714 3523 3838 3572 non
3892 3524 4026 3572 esse
4078 3504 4309 3570 :naues
4348 3503 4754 3585 sapientes&

2858 3591 3132 3657 cundum
3192 3610 3459 3670 caman,
3538 3610 3666 3657 non
3719 3590 3957 3657 multus
4006 3593 4305 3673 poteram,
4379 3607 4519 3656 non
4575 3585 4756 3654 muas

2859 3675 3112 3743 nobiles.
3201 3675 3410 3758 Quasi
3452 3674 3658 3743 dicat:
3704 3675 3933 3742 Potuit
3972 3675 4239 3760 quidem
4277 3674 4467 3741 Deus
4502 3696 4586 3741 ex
4617 3670 4758 3740 vobis

2860 3762 3372 3846 sapientissimos
3414 3770 3483 3827 et
3526 3761 3958 3829 nobilissimos
4000 3780 4287 3846 quosque
4328 3759 4593 3845 eligere,
4637 3775 4758 3823 nam

2862 3859 3006 3914 tum
3061 3847 3254 3915 multi
3314 3847 3631 3931 praeclari
3689 3847 3823 3914 viri
3878 3856 3947 3913 et
4003 3846 4324 3931 sapientia
4379 3846 4666 3931 insignes
4709 3849 4758 3906 et

2862 3932 3197 4000 nobilitate
3249 3932 3409 4000 clari
3466 3934 3641 3999 inter
3684 3931 4061 4000 Corinthios
4103 3931 4502 4013 eminebant,
4563 3927 4757 4014 quibus

2859 4027 3121 4104 poterat
3188 4020 3314 4086 Dei
3371 4019 3582 4105 gloria
3634 4018 3983 4085 illustrari:
4054 4017 4171 4085 sed
4226 4037 4365 4083 non
4422 4018 4632 4084 visum
4680 4021 4756 4079 est

2863 4107 3007 4172 Deo
3049 4104 3131 4173 ab
3173 4105 3304 4171 illis
3337 4104 3681 4171 exordium
3717 4105 3951 4171 faeere.
4040 4102 4223 4185 Quos
4266 4104 4493 4188 igitur,
4537 4119 4754 4186 quaem.

2859 4191 3046 4257 Deus
3122 4190 3363 4276 elegit?
3450 4190 3781 4276 Ignobiles
3858 4189 4348 4268 homunciones,
4437 4188 4659 4255 idiotas
4702 4189 4753 4249 et

2858 4277 3221 4355 illiteratos,
3281 4276 3529 4343 nullius
3582 4276 3757 4359 apud
3812 4275 4117 4341 homines
4175 4276 4461 4343 nominis
4503 4285 4568 4340 et
4606 4283 4751 4338 auto·

2861 4362 3098 4429 ritatis.
3186 4363 3406 4445 Atque
3449 4362 3608 4428 adeo
3650 4369 3788 4427 tam
3830 4361 4122 4445 insignis,
4151 4360 4265 4426 illa
4299 4361 4574 4426 mutatio
4605 4373 4750 4441 prae·

2862 4449 3005 4515 buit
3072 4449 3472 4515 occasionem
3536 4449 3749 4533 magis
3810 4468 3887 4514 ae
3950 4447 4160 4529 magis
4215 4444 4607 4532 suspiciendi
4653 4440 4752 4507 Dei

2860 4533 3375 4601 misericordiam
3430 4540 3498 4599 et
3552 4535 3888 4600 caritatem
3943 4553 4103 4618 erga
4158 4552 4368 4685 {enus
4411 4532 4750 4598 humanum.

2860 4620 3093 4705 Itaque
3157 4620 3301 4685 viae
3359 4619 3632 4685 Domini
3688 4628 3842 4686 sunt
3914 4616 4025 4686 hic
4082 4639 4164 4684 no
4211 4619 4266 4684 is
4325 4612 4748 4688 observandae,

2861 4708 2994 4790 qui,
3063 4713 3146 4771 ut
3198 4705 3619 4772 illustriorem
3674 4725 3864 4773 suam
3923 4702 4205 4790 gratiam
4263 4703 4438 4789 apud
4495 4699 4748 4770 homines

2858 4794 3075 4871 faciat,
3140 4791 3414 4858 miseros
3475 4800 3542 4857 et
3581 4791 3864 4858 abiectos
3904 4789 4229 4870 homines,
4280 4800 4350 4856 et
4389 4799 4465 4856 ut
4508 4785 4748 4872 loquitur

2858 4879 3197 4963 propheta,
3265 4878 3338 4944 in
3404 4878 3557 4943 fimo
3617 4878 3903 4944 iacentes
3965 4873 4190 4943 evehit
4253 4875 4336 4943 ad
4393 4889 4746 4943 summorum

2858 4986 3086 5050 regum
3146 4962 3452 5032 tribunal.
3541 4961 4072 5046 Quotiescunque
4113 4961 4318 5048 igitur
4360 4962 4540 5028 Deus
4580 4958 4746 5026 abieo-

2857 5058 2961 5117 tos
3005 5049 3186 5134 prius
3230 5058 3298 5115 et
3339 5048 3506 5116 viles
3549 5048 3846 5116 homines
3889 5048 4130 5130 evehit,
4174 5057 4241 5116 et
4283 5050 4352 5115 in
4393 5048 4604 5130 aliquo
4633 5041 4744 5123 dig·

2857 5137 3085 5202 nitatis
3148 5135 3359 5222 gradu
3424 5136 3780 5215 constitnit,
3846 5134 4132 5201 sciamus
4199 5155 4323 5201 nos
4381 5134 4450 5199 in
4515 5129 4742 5196 admin-

2855 5223 3100 5289 tionem
3167 5221 3335 5304 duci,
3399 5229 3474 5288 ut
3538 5228 3792 5288 tantam
3851 5220 4282 5287 mutationem
4333 5219 4646 5285 intuentes
4679 5206 4742 5275 nd
