5059 6059
849 341 979 408 559

2547 339 2957 406 HOMILIA
3003 340 3187 409 XCI.
4655 351 4739 419 560

857 529 1376 614 perventurum?
1447 527 1894 610 Quamobrem
1954 549 2029 593 eo
2100 529 2420 612 insignior
2481 527 2802 613 Abigailis
2849 532 2855 572 ¹
2906 550 3052 593 rum
3099 529 3463 597 actionibus
3486 530 3695 613 ipsius
3731 552 3967 596 nomen
3994 531 4461 614 praedicemus,
4499 535 4631 616 quod
4662 559 4741 606 nos

857 616 1038 695 fides,
1103 636 1234 697 quo
1299 614 1707 681 constantior
1773 615 1916 693 fuit,
1981 623 2049 678 et
2107 615 2432 697 superatis
2496 615 2801 680 omnibus

854 702 984 768 illis
1029 699 1523 766 difficultatibus
1567 698 1802 782 quibus
1839 700 2127 766 exerceri
2149 699 2480 765 Davidem
2514 699 2798 777 videbat,

853 786 1239 870 simpliciter
1318 786 1449 851 Dei
1524 784 2064 869 promissionibus
2143 786 2529 868 acquiescit:
2607 805 2799 869 quem

852 873 1111 938 fidelem
1177 893 1322 937 esse
1386 880 1813 955 cognoverat,
1878 892 1953 937 ac
2027 870 2303 955 proinde
2367 892 2530 955 quae
2595 872 2800 954 ipsius

851 958 1163 1024 mandato
1201 956 1530 1040 praedicta
1570 964 1726 1021 sunt
1782 977 1902 1022 suo
1952 966 2244 1041 tempore
2287 959 2618 1041 perficere.
2689 956 2797 1020 ld·

850 1044 1023 1111 circo
1070 1044 1349 1110 Davidis
1393 1063 1669 1126 regnum
1694 1041 1958 1126 Abigail
1995 1053 2214 1107 mente
2248 1044 2566 1125 concepit,
2611 1043 2798 1107 cuius

858 1129 1199 1194 hominum
1245 1128 1483 1194 iudicio
1528 1128 1711 1193 nulla
1757 1138 1900 1193 crat
1943 1149 2108 1210 spes.

1029 1215 1352 1298 Deinceps
1424 1215 1721 1297 sequitur
1780 1212 2106 1278 Davidem
2180 1212 2276 1277 illi
2350 1213 2794 1279 benedixisse:

859 1302 972 1367 sed
1033 1303 1104 1365 in
1163 1302 1391 1383 primis
1453 1301 1666 1364 Deum
1729 1298 2066 1376 laudasse,
2125 1309 2191 1363 et
2244 1298 2453 1364 eidem
2513 1298 2797 1382 Abigaili

855 1388 1260 1470 gratulatum
1318 1386 1538 1466 fuisse,
1598 1396 1664 1449 et
1721 1387 1966 1468 gratias
2025 1386 2270 1468 egisse,
2330 1383 2503 1466 qu'od
2565 1384 2796 1465 optimi

855 1472 1110 1538 consilii
1156 1474 1383 1537 fuisset
1423 1471 1550 1555 ipsi
1594 1481 1836 1548 auctor,
1895 1481 1963 1535 et
2005 1470 2086 1535 ab
2131 1470 2418 1536 humano
2476 1471 2797 1553 sanguine

854 1558 1185 1622 fundendo
1229 1556 1593 1622 avertisset.
1665 1557 1767 1621 Ex
1814 1577 1939 1639 quo
1985 1566 2254 1638 apparet
2285 1555 2614 1620 Davidem
2657 1557 2794 1620 suis

854 1645 1192 1709 affectibus
1238 1665 1369 1708 non
1411 1641 1794 1707 indulsisse:
1840 1640 1954 1706 sed
2002 1642 2180 1707 velut
2224 1642 2478 1707 iniectis
2527 1639 2796 1706 habenis

854 1749 896 1793 a
952 1728 1235 1794 Domino
1295 1729 1463 1793 ira‘m
1523 1728 1926 1811 repressisse,
1989 1741 2056 1792 et
2113 1749 2152 1792 a
2211 1728 2545 1810 proposita
2598 1726 2796 1791 caede

854 1816 1056 1880 fuisse
1100 1814 1505 1890 deterritum,
1551 1813 1823 1896 Deoque
1847 1813 2093 1897 gratias
2138 1814 2348 1897 egisse
2392 1811 2563 1894 quod
2612 1820 2794 1876 tanto

851 1901 1026 1965 malo
1079 1921 1197 1965 sua
1259 1899 1666 1982 providentia
1731 1900 2135 1964 occurrisset.
2223 1897 2520 1980 Dignum
2576 1897 2796 1962 obser-

855 1988 1115 2051 vatione
1161 1984 1482 2069 singulari
1525 1985 1791 2050 factum.
1882 1983 2052 2050 Nam
2111 1984 2498 2067 plerumque
2543 1983 2795 2049 vindie-

855 2083 963 2137 tae
1005 2071 1224 2155 cupidi
1269 2072 1589 2148 homines,
1636 2080 1703 2134 et
1744 2070 1878 2134 suis
1915 2071 2255 2136 affectibus
2293 2069 2504 2135 locum
2544 2070 2794 2146 dantes,

855 2178 1191 2240 nunquam
1251 2157 1719 2239 conquiescunt
1773 2156 1900 2220 nisi
1963 2175 2035 2220 re
2092 2155 2412 2240 perfecta,
2473 2163 2539 2219 et
2598 2174 2795 2237 quam

855 2243 1029 2328 apud
1074 2264 1143 2308 se
1187 2253 1559 2309 statuerunt
1614 2242 1862 2306 ultione
1919 2241 2115 2306 facta:
2179 2241 2341 2306 adeo
2399 2241 2661 2323 quidem
2721 2250 2798 2305 ut

855 2330 914 2394 si
982 2349 1178 2412 quam
1242 2329 1376 2392 illis
1447 2329 1630 2393 Deus
1695 2347 2011 2392 remoram
2082 2337 2196 2392 aut
2257 2326 2792 2409 impedimentum

853 2416 1120 2490 iniiciat,
1168 2413 1470 2479 dentibus
1515 2412 1948 2487 infrendeant,
1995 2420 2062 2476 et
2105 2424 2426 2494 tanquam·
2449 2413 2627 2476 ferae
2674 2412 2793 2475 im-

862 2521 1092 2566 manes
1136 2501 1432 2565 fraenum
1477 2498 1835 2574 mordeant,
1882 2508 1949 2561 et
1970 2497 2287 2563 adversus
2310 2497 2529 2562 Deum
2576 2501 2793 2580 ipsum

860 2588 1228 2669 ringantur.
1317 2586 1409 2650 At
1461 2596 1694 2651 contra
1735 2582 1955 2648 David
2014 2582 2121 2647 hic
2178 2584 2391 2666 palam
2452 2583 2797 2666 profitetur

861 2692 934 2737 se
976 2673 1057 2736 ab
1101 2670 1469 2735 istiusmodi
1514 2669 1856 2734 affectibus
1899 2668 2393 2745 alienissimum,
2455 2668 2634 2734 nolle
2679 2667 2793 2733 ad-

858 2777 1087 2825 versus
1133 2757 1348 2822 Deum
1404 2756 1774 2840 insurgere:
1835 2763 1900 2818 et
1955 2755 2107 2820 licet
2159 2754 2463 2820 nonnihil
2522 2753 2796 2819 humani

857 2863 1089 2927 passus
1134 2851 1321 2919 esset,
1381 2840 1630 2925 placida
1673 2849 1892 2905 mente
1948 2841 2241 2905 mulieris
2301 2838 2645 2906 consilium
2681 2837 2796 2903 ad-

855 2929 1129 3004 misisse,
1175 2948 1370 3011 quam
1417 2949 1456 2991 a
1485 2928 1624 2992 Deo
1650 2927 2072 3008 praemissam
2094 2927 2382 3010 agnovit,
2426 2938 2503 2989 ut
2538 2945 2793 2991 summo

857 3014 1031 3079 malo
1071 3016 1202 3078 iret
1244 3013 1527 3078 obviam.
1615 3010 1864 3076 Idcirco
1921 3014 1989 3076 in
2050 3012 2280 3095 primis
2328 3012 2543 3076 Deum
2600 3009 2793 3075 bene-

860 3100 1051 3175 dicit,
1138 3120 1499 3182 agnoseens
1574 3119 1708 3162 non
1787 3096 1986 3163 fuisse
2053 3098 2399 3162 fortuitum
2465 3095 2795 3181 Abigailis

860 3205 1221 3262 occursum,
1268 3204 1396 3268 quo
1439 3184 1666 3249 sedata
1708 3183 1914 3266 ipsius
1957 3183 2059 3249 ira
2099 3183 2348 3249 fuisset.
2414 3183 2595 3247 Rara
2639 3202 2795 3247 sane

860 3272 928 3336 in
978 3271 1353 3336 hominibus
1398 3270 1627 3349 virtus,
1672 3288 1832 3351 quos
1878 3269 2256 3352 plerumque
2316 3269 2647 3334 cernimus
2705 3268 2798 3332 ita

862 3358 998 3423 suis
1042 3355 1383 3422 affectibus
1429 3365 1836 3420 transversos
1893 3355 2000 3438 agi
2057 3363 2123 3418 et
2181 3354 2656 3436 praeoccupari,
2723 3362 2800 3418 ut

861 3443 1060 3508 nullis
1103 3440 1653 3506 admonitionibus
1696 3440 1912 3507 locum
1953 3440 2346 3522 relinquant,
2392 3460 2603 3521 neque
2646 3459 2716 3504 se
2759 3460 2799 3503 a

862 3528 1191 3611 proposito
1237 3526 1553 3592 dimoveri
1598 3526 1951 3608 patiantur.
2024 3524 2188 3590 Inde
2232 3527 2435 3608 igitur
2476 3546 2561 3590 ex
2603 3525 2798 3589 affec·

867 3628 1053 3679 tuum
1097 3613 1406 3678 nimirum
1455 3611 1872 3678 vehementia
1916 3613 2210 3677 nascitur
2267 3614 2334 3675 in
2379 3611 2604 3694 pravis
2648 3629 2796 3674 con-

865 3699 1032 3765 siliis
1073 3698 1508 3781 exsequendis
1552 3699 1927 3780 pertinacia.
2016 3697 2078 3762 N
2081 3716 2154 3762 os
2209 3697 2414 3782 igitur
2472 3695 2801 3760 diseamus

862 3784 1062 3850 officii
1139 3784 1456 3849 admoniti
1530 3785 1612 3848 ab
1692 3784 1951 3867 incepto
2018 3782 2363 3861 desistere,
2428 3801 2512 3848 ne
2579 3781 2799 3846 Deum

865 3871 1076 3954 magis
1119 3870 1189 3933 in
1233 3890 1352 3934 nos
1389 3890 1832 3952 provocemus,
1878 3868 1990 3933 sed
2028 3888 2177 3933 eum
2203 3869 2416 3951 potius
2439 3887 2799 3951 precemur,

865 3967 943 4022 ut
984 3956 1218 4038 spiritu
1262 3974 1383 4020 suo
1428 3976 1542 4020 nes
1586 3967 1792 4039 regat,
1850 3955 1990 4019 sine
2032 3954 2223 4021 cuius
2281 3974 2403 4037 ope
2461 3973 2721 4034 semper
2761 3972 2802 4016 a

865 4054 1047 4108 reeta
1111 4041 1221 4106 via
1286 4040 1718 4105 deflectemus.
1810 4039 2015 4116 Nam,
2082 4059 2357 4123 quaeso,
2423 4058 2507 4102 an
2576 4035 2799 4103 David

864 4130 1040 4193 ultro
1084 4125 1383 4192 cessisset
1430 4125 1702 4204 mulieri,
1760 4126 1888 4190 nisi
1933 4125 2117 4190 Deus
2162 4125 2289 4209 ipsi
2333 4123 2571 4189 bonam
2614 4144 2799 4188 men·-

865 4226 996 4278 tem
1055 4213 1401 4290 iniecisset,
1457 4231 1774 4294 suumque
1831 4212 2131 4276 timorem
2194 4211 2261 4275 in
2322 4210 2527 4293 ipsius
2583 4210 2802 4274 animo

868 4297 1359 4381 insculpsisset?
1407 4295 1586 4363 Sane
1628 4316 1827 4378 quum
1870 4297 2011 4361 sine
2041 4296 2460 4362 altercat-ione
2504 4295 2803 4360 mulieris

867 4385 1045 4450 illius
1090 4383 1308 4466 verbis
1349 4381 1565 4449 sedari
1609 4403 1680 4447 se
1723 4401 1951 4464 passus
1995 4389 2110 4461 est,
2167 4391 2235 4447 et
2290 4380 2579 4447 consiliis
2624 4380 2802 4446 illius

867 4470 1357 4552 obtemperavit,
1402 4468 1663 4552 signum
1704 4468 1830 4532 fuit
1864 4469 2080 4551 ipsum
2103 4489 2235 4533 non
2271 4468 2340 4531 in
2365 4468 2488 4532 hac
2523 4466 2801 4534 muliere

868 4556 1266 4622 substitisse:
1320 4553 1435 4618 sed
1493 4553 1688 4618 altius
1732 4553 1814 4617 ad
1859 4553 2074 4618 Deum
2120 4553 2575 4631 assurrexisse,
2619 4557 2803 4617 cuius

867 4640 1287 4725 providentia
1327 4658 1461 4704 non
1485 4649 1703 4704 autem
1725 4659 1881 4705 casu
1925 4637 2190 4704 fortuito
2214 4638 2338 4705 sibi
2358 4639 2535 4704 facta
2574 4639 2805 4704 fuisset

869 4727 1084 4792 obvia.
1153 4725 1331 4791 Hinc
1375 4724 1697 4790 discamus
1742 4723 2054 4807 prohibiti
2092 4724 2265 4808 quod
2309 4725 2526 4789 animo
2570 4724 2805 4790 consti-

871 4825 1205 4877 tueramus
1241 4812 1527 4893 exsequi,
1559 4831 1950 4895 cognoscere
1975 4811 2189 4876 Deum
2215 4812 2418 4876 nostri
2456 4809 2799 4874 misertum

868 4898 1085 4973 fuisse,
1145 4897 1459 4979 nobisque
1517 4916 1835 4960 remoram
1894 4917 1975 4960 ne
2031 4896 2204 4961 ultra
2262 4894 2804 4979 progrederemur

870 4984 1187 5048 iniecisse.
1279 4982 1368 5047 Et
1430 4983 1486 5047 si
1550 4982 1823 5047 consilia
1888 4993 2113 5046 nostra
2179 4981 2386 5046 fracta
2450 4992 2637 5059 sunt,
2718 5001 2803 5044 ne

871 5069 1139 5133 moleste
1176 5069 1481 5145 feramus,
1526 5088 1693 5132 neve
1738 5066 2161 5151 indignemur
2194 5066 2542 5132 cohibitam
2588 5077 2657 5131 et
2699 5086 2801 5130 re-

871 5175 1162 5238 pressam
1206 5153 1608 5219 iracundiam
1654 5165 1947 5219 nostram
1981 5153 2199 5230 fuisse,
2246 5173 2453 5234 neque
2488 5151 2804 5216 adversus

873 5242 1090 5306 Deum
1134 5239 1634 5306 contendamus:
1691 5238 1804 5305 sed
1849 5238 2066 5322 potius
2108 5236 2412 5304 laudibus
2455 5244 2523 5303 et
2567 5237 2804 5321 gratia·

2905 615 3113 698 abripi
3159 637 3200 681 a
3243 616 3710 699 cupiditatibus
3756 619 3999 682 nostris
4046 638 4173 681 non
4222 619 4581 701 permiserit.

3075 701 3395 784 Sequitur
3434 703 3740 785 deinceps
3784 704 4135 786 gratulatio
4159 702 4435 768 Davidis
4474 705 4744 786 adAbigsi·

2903 784 3063 850 lem:
3090 786 3499 854 Benedidum
3533 789 3862 854 consilium
3896 795 4091 867 tuum,
4117 788 4532 871 benedictaque
4556 797 4611 855 tu
4636 793 4744 875 ἰρεα,

2900 892 3062 953 quae
3103 874 3473 938 continuisti
3513 893 3612 937 me
3650 873 3759 940 Ιιοο
3801 876 3940 955 ipso
3981 875 4087 940 die
4126 893 4204 939 ne
4245 875 4469 939 inirem
4503 878 4684 956 caedes,
4713 887 4747 944 α

2901 958 3244 1023 vindicaret
3321 979 3418 1023 me
3494 979 3727 1024 mnus
3800 979 3957 1025 mea.
4070 957 4437 1024 Consilium
4512 963 4747 1046 Abigailin

2904 1042 3296 1109 benedicens
3334 1044 3675 1126 profitetur
3732 1066 3803 1110 se
3861 1065 4212 1128 agnoscere
4270 1066 4309 1108 a
4352 1045 4607 1111 Domino
4648 1069 4746 1130 pro·

2901 1130 3177 1194 fectum:
3239 1142 3306 1194 et
3350 1131 3562 1213 ipsam
3606 1130 3804 1194 etiam
3852 1130 4246 1197 benedicens
4290 1141 4555 1196 testatur
4589 1154 4645 1197 se
4675 1134 4748 1199 sd·

2903 1214 3293 1280 monitiones
3317 1217 3520 1297 ipsius
3562 1228 3823 1281 sanctas
3846 1215 4209 1292 admittere,
4256 1228 4325 1280 et
4343 1231 4557 1298 sponte
4574 1219 4748 1296 cedere,

2901 1316 2965 1364 et
3010 1300 3457 1385 obtemperare
3502 1300 3668 1366 bene
3714 1304 4007 1365 monenti
4054 1313 4349 1385 paratum
4396 1322 4547 1367 esse.
4621 1303 4752 1385 Quod

2899 1385 3355 1452 observatione
3398 1407 3655 1451 summa
3699 1386 3968 1470 dignum
4014 1399 4146 1451 est:
4205 1386 4674 1470 quandoquidem
4708 1391 4751 1453 in

2899 1473 3303 1536 contrarium
3366 1472 3521 1537 ferri
3580 1470 3884 1538 homines
3945 1482 4180 1536 natura
4238 1493 4360 1537 sua
4415 1487 4635 1538 certum
4678 1487 4754 1540 est

2902 1557 3068 1621 Nam
3114 1558 3249 1622 fere
3293 1577 3520 1622 omnes
3581 1557 3808 1623 videas
3868 1559 3990 1622 etsi
4047 1558 4382 1624 convictos
4436 1559 4511 1623 de
4561 1559 4753 1636 malitis,

2900 1655 2967 1707 et
3011 1642 3095 1707 ab
3140 1644 3277 1725 ipso
3325 1642 3610 1708 Domino
3657 1644 3989 1726 coercitos,
4036 1653 4109 1707 ut
4152 1643 4235 1707 ad
4281 1643 4599 1709 meliorem
4635 1667 4758 1709 meu·

2901 1741 3030 1792 tem
3058 1739 3492 1805 revertantur,
3534 1727 3963 1794 nihilominus
4001 1741 4217 1794 tamen
4243 1729 4326 1793 iis
4350 1730 4533 1794 irasci
4555 1751 4756 1812 quorum

2898 1815 3263 1878 ministerio
3324 1814 3506 1879 Deus
3564 1815 3643 1878 ad
3700 1814 3845 1879 illos
3901 1814 4343 1880 admonendos
4414 1836 4559 1880 usus
4607 1816 4758 1890 fuerit,

2899 1912 2965 1964 et
3022 1900 3167 1964 istis
3226 1921 3304 1964 ac
3360 1900 3685 1965 similibus
3745 1900 4009 1965 vocibus
4076 1900 4433 1983 increpare.
4518 1899 4667 1981 Quid
4700 1901 4759 1964 illi

2899 2005 3154 2050 mecum
3200 1986 3296 2049 rei
3340 1997 3456 2058 est,
3502 2006 3620 2051 cur
3664 2006 3783 2050 sua
3819 2006 3951 2050 nou
3996 1996 4200 2065 curat,
4243 2007 4395 2051 mea
4438 1986 4585 2051 mihi
4623 1987 4760 2052 relin-

2897 2072 3037 2153 quit
3082 2070 3388 2153 negotia?
3435 2071 3685 2136 Oontra
3729 2091 3882 2136 vero
3906 2070 4233 2135 Davidem
4279 2082 4414 2136 tam
4462 2093 4637 2155 agere
4669 2071 4767 2136 Deo

2898 2158 3144 2240 gratias
3168 2156 3494 2221 videmus:
3542 2157 3714 2239 quod
3760 2158 3970 2238 ipsum
4017 2178 4057 2220 a
4098 2156 4299 2222 caede
4340 2157 4623 2223 facienda
4639 2158 4766 2223 cohi·

2897 2242 3128 2318 buerit,
3174 2252 3240 2306 et
3283 2262 3529 2324 pravae
3573 2261 3729 2307 suae
3787 2242 4127 2325 cupiditati
4176 2242 4467 2307 habenas
4505 2244 4765 2308 iniecerit:

2897 2349 3091 2411 quam
3137 2327 3332 2393 simul
3378 2329 3573 2392 etiam
3633 2327 3891 2391 mulieri
3945 2328 4040 2392 illi
4096 2329 4478 2394 benedicere
4531 2349 4675 2411 quae
4712 2327 4766 2390 sd

2897 2414 3160 2479 caedem
3240 2413 3574 2477 festinanti
3655 2415 3943 2478 venisset
4019 2414 4280 2478 obviam
4300 2465 4314 2490 ,
4398 2429 4464 2479 et
4536 2412 4769 2479 fidelibus

2899 2501 3162 2564 monitis
3205 2500 3421 2582 ipsum
3468 2520 3505 2562 a
3551 2501 3882 2581 proposito
3921 2499 4320 2565 dimovisset.
4391 2500 4590 2564 Porro
4614 2497 4769 2563 David

2901 2586 3040 2650 istis
3087 2583 3304 2649 verbis
3348 2583 3636 2668 Abigaili
3682 2585 3911 2649 tribuit
3954 2586 4123 2667 quod
4168 2584 4430 2669 Abigail
4477 2583 4768 2649 antsaDeo

2899 2672 3255 2745 tribuerat,
3315 2691 3516 2752 quum
3577 2671 3876 2752 superius
3935 2670 4149 2753 ipsum
4223 2672 4558 2753 alloquens
4626 2669 4773 2733 dixit:

2903 2757 3092 2821 Nunc
3133 2775 3299 2840 erqo,
3342 2757 3589 2820 domine
3630 2756 3751 2834 mi,
3811 2761 3883 2820 ut
3937 2756 4092 2820 vivit
4142 2756 4409 2836 Iebova,
4461 2761 4515 2820 et
4560 2761 4621 2819 ut
4666 2755 4772 2817 vivis

2899 2843 3121 2907 anima
3162 2846 3290 2924 tua,
3336 2841 3830 2923 quandoquidem
3870 2840 4099 2906 cohibet
4156 2847 4211 2906 te
4254 2841 4491 2907 lebona
4544 2863 4614 2905 ne
4649 2843 4775 2904 inm

2897 2928 3128 2994 anates.
3231 2927 3398 2991 Nam
3476 2927 3738 3012 Abigail
3808 2926 4038 2991 divina
4111 2928 4527 3009 providentia
4593 2929 4773 2990 factum

2899 3015 3272 3095 profitetur,
3356 3025 3431 3076 ut
3490 3013 3706 3077 David
3789 3012 4112 3077 cohibitus
4177 3035 4215 3078 a
4281 3014 4483 3079 caede
4548 3009 4778 3078 faciendi

2899 3099 3118 3175 fuerit,
3163 3108 3229 3162 et
3273 3120 3312 3163 a
3355 3098 3624 3164 Nabalis
3667 3098 3918 3163 familia
3961 3098 4376 3178 destruenda,
4421 3096 4774 3181 quemadmo-

2901 3185 3058 3248 dum
3126 3185 3249 3248 sibi
3317 3193 3759 3267 proposuerat.
3846 3181 4070 3248 David
4137 3204 4297 3249 vero
4367 3195 4599 3250 contra
4652 3180 4780 3252 dicit

2900 3269 3224 3353 Abigailis
3268 3290 3467 3353 opera
3525 3281 3589 3333 et
3641 3268 3911 3334 consilio
3967 3289 4039 3334 se
4096 3268 4500 3335 abstinuisse
4556 3291 4593 3333 a
4637 3265 4779 3334 caede

2898 3366 2967 3420 et
3007 3354 3316 3420 vindicta.
3407 3354 3540 3421 Sed
3587 3355 3715 3420 ista
3758 3364 3978 3420 tamen
4023 3355 4296 3437 pulchre
4342 3358 4523 3420 inter
4574 3376 4640 3420 se
4674 3372 4780 3417 con·

2901 3441 3195 3506 veniunt.
3285 3440 3398 3506 Sic
3456 3441 3629 3504 enim
3690 3442 3902 3504 utitur
3964 3441 4143 3506 Deus
4202 3441 4581 3506 mortalium
4637 3457 4783 3521 opera

2901 3526 3059 3591 dum
3115 3539 3450 3608 operatur,
3510 3535 3582 3590 ut
3637 3526 3982 3592 videantur
4038 3526 4341 3592 homines
4408 3528 4612 3592 facere
4659 3518 4781 3605 quod

2902 3611 3236 3696 proprium
3303 3620 3402 3677 est
3465 3631 3633 3694 opus
3697 3611 3988 3677 Domini.
4079 3613 4390 3694 Exempli
4466 3613 4692 3695 gratia,
4750 3607 4784 3670 si

2901 3700 3047 3781 quis
3094 3696 3337 3762 bonum
3383 3696 3728 3762 consilium
3774 3696 3958 3761 nobis
3992 3699 4422 3781 suggesserit,
4468 3710 4535 3762 et
4567 3717 4605 3760 a
4636 3711 4786 3778 prm

2903 3783 3366 3848 deliberatione
3411 3797 3479 3847 et
3520 3783 3851 3865 proposito
3895 3782 4260 3863 dimoverit,
4320 3804 4451 3849 nos
4507 3782 4599 3847 illi
4640 3779 4788 3864 pluri·

2905 3891 3082 3934 mum
3129 3889 3204 3934 eo
3240 3870 3505 3934 nomine
3541 3867 3877 3934 devinctos
3912 3889 4260 3951 agnoscere
4296 3867 4640 3934 debemus:
4680 3881 4785 3928 nam

2904 3954 3141 4038 alioqui
3200 3975 3524 4020 summum
3600 3964 3772 4018 esset
3840 3954 4339 4038 ingratitudinis
4402 3951 4788 4021 testimonium

2903 4061 3037 4105 non
3081 4060 3430 4124 agnoscere
3474 4053 3541 4104 et
3582 4051 3845 4123 gratum
3866 4041 4160 4104 animum
4204 4042 4437 4106 testari
4463 4057 4617 4123 erga
4650 4036 4785 4100 illum

2902 4128 3089 4192 euius
3132 4146 3328 4207 opera
3384 4137 3452 4189 et
3508 4125 3779 4190 consilio
3834 4146 4167 4190 summum
4223 4126 4399 4209 quod
4469 4119 4789 4213 imminebo}

2905 4210 3272 4294 periculum
3319 4211 3674 4276 evasimus:
3721 4219 3789 4274 et
3832 4211 3925 4275 ita
3968 4208 4266 4276 videmus
4290 4212 4603 4276 homines
4623 4223 4785 4288 msgm

2903 4298 3043 4362 fieri
3089 4309 3397 4379 tanquam
3448 4297 3572 4361 Dei
3618 4297 3895 4361 vicarios
3940 4304 4006 4361 et
4047 4298 4256 4379 ipsius
4301 4317 4477 4381 opus
4522 4296 4785 4363 facientes

2904 4383 3153 4448 Verum
3200 4391 3421 4447 tamen
3479 4402 3609 4447 non
3654 4382 3749 4447 ita
3810 4381 4116 4446 laudandi
4174 4393 4338 4448 sunt
4394 4383 4697 4456 homines,
4738 4381 4788 4437 1¹²

2905 4470 3154 4534 interea
3225 4468 3409 4533 Deus
3474 4467 3787 4533 oblivioni
3852 4465 4185 4545 tradatur,
4245 4478 4314 4533 et
4384 4470 4461 4533 in
4521 4466 4783 4532 hominem

2907 4555 3244 4620 mortalem
3299 4553 3513 4618 omnis
3567 4554 3782 4636 operis
3852 4553 4032 4617 illius
4088 4553 4298 4637 gloria
4374 4554 4787 4639 transferatur}
4888 4569 4889 4574 ¹

2905 4661 3059 4705 nam
3118 4639 3313 4704 altius
3371 4639 3558 4705 nobis
3601 4639 4079 4723 assurgendum
4136 4649 4253 4717 est,
4314 4639 4403 4705 ad
4452 4640 4675 4712 Deum,
4715 4649 4788 4713 qm
4888 4669 4889 4672 π

2907 4726 3019 4791 tali
3066 4726 3503 4791 instrumento
3549 4724 3632 4789 ad
3675 4737 3967 4790 nostram
4001 4724 4281 4790 salutem
4326 4725 4433 4790 uti
4470 4725 4686 4790 voluit.
4734 4714 4791 4780 a·

2905 4810 3168 4895 quidem
3215 4831 3292 4875 eo
3337 4808 3714 4894 diligentius
3735 4809 4144 4876 observanda
4188 4819 4289 4876 est
4334 4810 4506 4876 haee
4539 4805 4786 4873 doctrin&

2903 4917 3030 4981 quo
3076 4897 3286 4981 magis
3308 4894 3624 4962 adversus
3647 4917 3791 4960 eam
3836 4917 3877 4961 a
3920 4896 4245 4978 plerisque
4290 4899 4484 4962 varie
4529 4905 4790 4979 pesum?-

2903 4982 3039 5047 Alii
3075 4981 3337 5066 quidem
3375 5002 3581 5065 aequo
3614 4981 3834 5045 animo
3870 5002 3941 5046 se
3962 4981 4322 5060 admoneri,
4359 4983 4477 5047 alii
4511 4977 4789 5064 impab‘oess

2904 5078 3026 5149 ter,
3051 5068 3163 5133 alii
3189 5066 3469 5151 denique
3489 5069 3750 5151 ingrate
3771 5070 4006 5136 ferunt.
4054 5067 4118 5131 N
4119 5081 4225 5131 am
4249 5069 4449 5133 aiunt
4470 5059 4792 5133 istifamtitl

2904 5174 3062 5220 sane
3109 5154 3438 5219 homines:
3486 5154 3664 5231 Esto,
3691 5151 3935 5218 bonum
3977 5152 4093 5218 ille
4134 5152 4304 5217 mihi
4326 5152 4655 5238 suggessit
4685 5164 4791 5210 con·

2904 5239 3151 5320 silium,
3209 5240 3322 5305 ille
3367 5260 3471 5305 me
3515 5259 3554 5303 e
3594 5238 3906 5322 perieulis
3948 5239 4153 5306 variis
4196 5239 4471 5323 eripuit,
4530 5236 4635 5303 ille
4680 5245 4791 5298 snm
