5059 6059
249 323 361 390 289
1478 317 1576 383 IN
1622 317 1676 383 1.
1723 318 1903 385 LIB.
1951 316 2354 386 SAMUEL.
2401 317 2597 386 CAP.
2644 319 2910 387 XVIII.
4077 322 4210 388 290
4330 320 4335 325 ’

243 510 470 594 arripit,
525 506 761 589 quibus
802 508 1131 590 improbos
1173 507 1242 572 in
1285 504 1739 572 confusionem
1784 518 1850 572 et
1892 506 2153 572 ruinam
2258 512 2464 574 autem
2506 508 2877 592 eyressionis
2914 526 3130 575 eorum
3155 507 3540 590 prudentius
3578 529 3645 575 se
3681 508 3930 594 yerobat
3960 510 4205 589 David,

241 599 339 663 det
368 593 767 678 praecipites,
801 602 868 658 et
902 594 1142 658 inscios
1175 592 1401 657 fideles
1436 605 1657 656 servet
1691 601 1758 656 et
1792 613 1878 659 ex
1912 593 2153 674 impro-

243 684 450 748 borum
504 680 792 746 faucibus
851 677 1123 763 eripiat?
1192 677 1301 742 Illi
1360 677 1622 761 quidem
1664 676 1734 741 in
1781 677 1926 743 Deo
1970 699 2152 763 spem

238 787 407 834 susm
461 766 795 844 collocant,
848 775 916 830 et
971 767 1041 830 in
1100 763 1399 848 angustis
1457 763 1653 828 rebus
1708 764 2031 828 auxilium
2073 763 2156 829 ab

241 857 365 937 ipso
427 860 708 934 sperant,
776 849 890 916 sed
955 852 1242 916 rationes
1305 850 1539 933 quibus
1608 848 1789 915 Deus
1854 849 2151 933 ipsorum

240 941 320 1003 eit
357 938 737 1003 miserturus
779 938 1108 1020 ignorant,
1168 955 1330 1019 quas
1372 943 1636 1018 praeter
1676 936 1966 1018 ipsorum
2013 936 2152 1019 opi-

243 1026 480 1089 nionem
523 1022 839 1106 producit,
886 1031 952 1086 et
996 1024 1247 1087 fructus
1280 1021 1542 1086 illarum
1588 1021 1939 1105 participes
1976 1020 2151 1087 facit.

243 1111 312 1174 Iu
367 1110 505 1174 istis
561 1109 758 1184 igitur
815 1119 1127 1192 tanquam
1184 1107 1255 1171 in
1300 1106 1561 1189 speculo
1605 1105 1734 1171 Dei
1795 1107 2152 1172 bonitatem

240 1209 297 1259 et
351 1192 855 1259 misericordiam
922 1214 1078 1278 erga
1144 1213 1295 1258 suos
1362 1192 1511 1257 licet
1573 1193 2022 1277 contemplari,
2088 1203 2154 1257 et

240 1281 599 1344 nominatim
637 1281 703 1345 in
748 1280 871 1344 hoc
904 1279 1206 1363 exemplo
1245 1276 1480 1356 Saulis,
1526 1278 1640 1360 qui
1684 1278 1838 1342 licet
1881 1281 2151 1343 frustra·

238 1379 332 1430 tus
372 1363 691 1430 Davidem
747 1375 921 1431 esset
964 1366 1208 1429 maiore
1269 1374 1428 1428 natu
1477 1363 1626 1441 filia,
1685 1364 2009 1428 minorem
2056 1364 2152 1428 illi

241 1450 583 1533 despondit,
650 1471 921 1532 remque
980 1460 1233 1535 gratam
1278 1449 1520 1515 habuit.
1609 1448 1779 1514 Nam
1822 1470 2028 1533 quum
2075 1471 2153 1514 ea

237 1539 473 1600 ratione
508 1535 748 1602 Davidi
791 1536 969 1602 dolos
1007 1544 1313 1615 necteret,
1349 1535 1473 1600 sibi
1509 1535 1633 1617 ipsi
1669 1534 1917 1600 malum
1955 1556 2151 1619 quae-

235 1622 395 1699 sivit,
438 1623 611 1705 quod
669 1632 888 1687 tamen
941 1622 1123 1687 nulla
1166 1631 1419 1705 poterat
1460 1622 1717 1704 assequi
1760 1622 2152 1705 coniectura,

233 1709 617 1773 eontrarium
694 1729 963 1790 prorsus
1027 1717 1341 1772 eventum
1408 1706 1530 1771 sibi
1597 1704 1955 1791 pollicitus:
2036 1707 2151 1772 sed

235 1792 400 1860 Deus
462 1815 584 1860 sua
651 1792 1058 1877 providentia
1120 1793 1292 1857 rexit
1354 1792 1482 1858 ista
1537 1794 1757 1857 omnia
1813 1794 1882 1857 in
1939 1793 2153 1859 fidelis

236 1880 324 1943 sui
379 1884 548 1945 servi
609 1879 1019 1944 commodum
1085 1887 1151 1944 et
1216 1878 1585 1945 utilitatem.
1690 1879 1866 1945 Hinc
1933 1880 2184 1964 itaque¹

235 1964 542 2030 discamus
589 1964 772 2030 nulla
816 1965 1152 2031 hominum
1195 1963 1485 2044 consilia,
1541 1964 1760 2030 nullas
1816 1965 2153 2030 hominum

235 2051 397 2116 viros
437 2072 629 2133 posse
664 2050 792 2117 Dei
838 2051 1313 2134 providentiam
1350 2052 1663 2117 remorari
1700 2061 1766 2114 et
1800 2049 2147 2135 impedire:

234 2156 300 2200 ac
344 2136 491 2202 licet
534 2136 689 2203 hinc
732 2136 885 2202 inde
929 2139 1272 2221 agitemur,
1316 2148 1383 2201 et
1426 2136 1585 2203 diris
1629 2136 2154 2203 comminationi-

236 2223 343 2286 bus
384 2232 769 2304 terreamur,
831 2223 1140 2305 quamdiu
1199 2233 1417 2287 tamen
1476 2244 1595 2289 nos
1635 2222 1757 2305 ipsi
1805 2222 2152 2288 subieceri-

234 2328 385 2387 mus,
430 2322 494 2372 et
529 2322 765 2393 sponte
801 2310 881 2374 ad
917 2310 1119 2390 ipsius
1155 2307 1530 2391 obsequium
1565 2310 2154 2391 composuerimus:

235 2414 307 2456 ne
362 2392 736 2460 dubitemus
795 2397 950 2478 quin
1013 2394 1350 2461 brachium
1394 2415 1588 2459 snum
1634 2393 1716 2459 ad
1762 2413 1883 2460 808
1928 2393 2153 2459 defen-

233 2477 466 2545 dendos
487 2492 768 2560 exserat,
812 2489 879 2544 et
909 2480 1093 2545 donis
1137 2482 1270 2545 suis
1315 2478 1571 2544 abunde
1605 2483 1970 2546 cumulatos
2007 2500 2153 2563 pro·

233 2574 418 2647 tegat,
461 2576 530 2631 et
576 2565 659 2631 ab
701 2566 1003 2631 omnibus
1047 2565 1340 2631 hostibus
1385 2565 1637 2631 liberet.

389 2651 529 2717 Iam
574 2673 734 2717 vero
778 2653 970 2738 agite,
1014 2657 1118 2718 etc.

771 3047 1264 3130 HOM'ILIA
1315 3045 1615 3129 LXIX.

388 3251 494 3317 22.
586 3249 677 3315 Et
727 3251 1054 3317 mandavit
1100 3249 1260 3316 Saul
1316 3252 1516 3316 servis
1558 3253 1729 3317 suis:
1794 3253 2159 3336 Loquimini

230 3333 549 3402 adDavid
581 3337 742 3402 elam
775 3356 888 3414 me,
926 3336 1225 3404 dicentes.-
1258 3337 1416 3402 Ecce
1441 3337 1653 3417 places
1688 3339 1839 3423 reqi,
1874 3344 2158 3403 damnes

230 3421 385 3486 servi
440 3423 584 3489 eius
704 3423 920 3504 ‘iqunt
973 3428 1066 3487 te.-
1133 3443 1299 3488 nunc
1353 3443 1492 3488 ero
1549 3427 1674 3489 esto
1730 3445 1921 3509 yencr
1971 3425 2155 3506 repis.

232 3505 327 3571 23.
412 3508 503 3574 Et
559 3509 798 3589 loquuti
852 3513 997 3573 sunt
1051 3510 1218 3573 servi
1276 3507 1368 3575 Sa
1493 3509 1563 3573 in
1616 3511 1884 3575 auribus
1939 3507 2160 3574 David

232 3594 433 3658 omnia
472 3594 664 3659 verba
704 3592 887 3660 haec.-
926 3598 985 3658 et
1023 3595 1117 3658 ait
1153 3593 1399 3660 David.-
1449 3593 1622 3658 Num
1652 3617 1883 3677 parum
1916 3595 2160 3660 videtur

229 3678 393 3742 vobis
428 3699 724 3762 yenerum
763 3699 895 3744 esse
936 3679 1152 3763 repis?
1193 3677 1332 3764 qu
1363 3685 1575 3745 autem
1607 3702 1746 3746 sum
1781 3682 1884 3745 vir
1908 3702 2158 3764 pauper

233 3767 286 3825 et
322 3767 543 3830 tenuis.
617 3764 721 3829 24.
765 3763 855 3830 Et
893 3767 1401 3833 renuntiaverunt
1440 3767 1609 3830 servi
1657 3766 1818 3832 Saul
1859 3767 2157 3833 dicentes.-

235 3846 678 3917 Huiuseemodi
734 3850 919 3916 verba
969 3852 1262 3931 loquutus
1323 3856 1410 3916 est
1477 3850 1713 3916 David.
1802 3850 1905 3918 25.
1967 3853 2180 3918 Dixit·

233 3940 430 4000 autem
481 3936 671 4002 Saul.-
713 3935 822 4001 Sic
860 3935 1186 4018 loquimini
1228 3936 1313 4001 ad
1354 3936 1604 4002 David:
1653 3937 1797 4002 Non
1832 3937 2011 4002 habet
2043 3958 2156 4003 rex

226 4022 547 4099 sponsalia
587 4042 845 4098 necesse,
890 4023 1020 4086 nisi
1061 4027 1302 4087 tantum
1345 4028 1582 4087 eentum
1618 4025 1958 4105 praeputia
1995 4022 2150 4088 Phi·

226 4103 596 4186 listinorum,
640 4114 709 4172 ut
744 4108 858 4189 fiat
899 4107 1057 4172 ultio
1083 4108 1160 4172 de
1201 4109 1479 4174 inimicis
1511 4110 1702 4191 repis.
1749 4107 1952 4173 Porro
1992 4110 2155 4175 Saul

229 4192 522 4271 coquebat
598 4195 845 4258 tradem
928 4192 1139 4258 David
1216 4194 1285 4258 in
1361 4214 1588 4259 manus
1651 4193 2151 4260 Philistinorum.

229 4275 326 4341 26.
389 4278 716 4361 Quumque
767 4281 1237 4345 renunciassent
1297 4281 1465 4344 servi
1519 4281 1656 4345 eius
1697 4279 1915 4346 David
1971 4281 2155 4346 verba

230 4381 378 4442 quae
439 4366 693 4431 dixerat
759 4364 934 4441 Saul,
992 4366 1236 4447 placuit
1289 4384 1489 4430 sermo
1545 4367 1615 4430 in
1670 4366 1864 4432 oeulis
1915 4365 2152 4446 David,

230 4453 295 4511 ut
342 4448 516 4528 fieret
569 4471 755 4534 yener
810 4450 999 4533 reyis.
1089 4451 1195 4516 27.
1254 4450 1346 4516 Et
1379 4456 1519 4532 post
1553 4472 1796 4534 paucos
1835 4453 1972 4517 dies
2013 4472 2152 4518 sur·

231 4552 377 4613 yens
426 4535 661 4616 David,
704 4535 862 4601 abiit
902 4556 1042 4601 enom
1079 4538 1240 4603 viris
1280 4537 1394 4618 qui
1426 4537 1542 4601 sub
1576 4558 1644 4602 eo
1686 4543 1882 4621 mam,
1926 4543 1982 4602 et
2008 4558 2156 4619 per-

232 4622 420 4685 missit
461 4642 540 4686 ex
587 4621 955 4687 Philistaeis
1011 4623 1298 4689 ducentos
1351 4623 1536 4702 viros,
1595 4628 1651 4687 et
1692 4624 1903 4688 attulit
1943 4644 2154 4688 eorum

225 4709 576 4788 praeputia,
639 4712 695 4773 et
754 4710 1194 4773 annumeravit
1259 4729 1333 4773 ea
1396 4710 1529 4792 reyi
1542 4759 1556 4786 ,
1621 4713 1691 4773 ut
1745 4714 1905 4774 esset
1969 4729 2155 4792 yener

234 4790 379 4857 eius.
426 4792 620 4860 Dedit
651 4795 862 4875 itaque
898 4792 1061 4858 Saul
1090 4794 1151 4859 ei
1179 4792 1414 4860 Miehol
1434 4793 1640 4876 tiliam
1673 4814 1859 4859 suam
1877 4815 2153 4862 uxorem.

237 4874 333 4940 28.
419 4878 512 4944 Et
551 4880 709 4945 vidit
752 4877 931 4955 Saul,
991 4884 1049 4943 et
1090 4880 1388 4946 intellexit
1427 4882 1588 4962 quod
1634 4880 1949 4945 Dominus
2002 4888 2156 4946 esset

234 4979 365 5025 cum
409 4963 662 5030 David.-
719 4962 955 5031 Michol
996 4970 1205 5031 autem
1243 4965 1383 5047 filia
1431 4966 1588 5031 Saul
1642 4965 1941 5048 diliyebat
1994 4986 2152 5033 eum.

233 5044 331 5111 29.
423 5048 511 5114 R
557 5050 718 5116 Saul
771 5051 975 5134 maqis
1027 5053 1218 5132 coepit
1270 5053 1483 5117 timere
1540 5051 1774 5130 David,
1830 5052 2156 5135 factusque

234 5138 320 5195 est
384 5133 546 5200 Saul
604 5137 902 5202 inimicus
967 5136 1184 5203 David
1256 5139 1493 5204 cunctis
1567 5138 1800 5203 diebus.
1899 5137 2000 5202 30.
2068 5138 2158 5204 Et

236 5222 467 5299 egressi
532 5226 679 5288 suist
736 5223 1060 5306 principes
1131 5221 1651 5290 Philistinorum:
1727 5243 1770 5287 a
1836 5225 2156 5307 principio

445 5320 664 5379 Gali-ini
686 5337 869 5391 opera.
917 5324 1041 5381 Vol.
1065 5324 1260 5383 XXX.

2255 613 2448 693 quam
2497 591 3143 694 onutessoevissaul,
3199 592 3796 678 eteelebrefaotum
3852 601 4205 664 estnmen

2254 699 2395 745 etus
2437 698 2654 746 nimus.

2425 849 2758 916 Hesterna
2800 850 3110 916 concione
3153 850 3484 934 coepimus
3528 849 3857 918 declarare
3899 871 4195 919 amorem

2252 935 2441 1001 illum
2498 956 2629 1019 quo
2685 935 2932 1003 Michol
2990 935 3127 1002 filia
3182 934 3403 1003 Saulis
3462 935 3783 1005 Davidem
3843 957 4198 1023 proseque-

2255 1022 2468 1098 batur,
2513 1021 2595 1087 ab
2641 1040 2879 1087 arcano
2922 1019 3051 1086 Dei
3094 1022 3363 1089 consilio
3393 1023 3775 1105 profectum,
3820 1024 3935 1107 qui
3970 1044 4196 1092 rerum

2254 1118 2622 1173 creatarum
2658 1105 2859 1172 corda
2899 1109 2992 1172 sie
3036 1107 3221 1172 novit
3263 1108 3618 1188 inflectere,
3664 1118 3740 1173 ut
3782 1129 3953 1192 opus
3998 1130 4196 1176 suum

2254 1191 2337 1257 ad
2380 1213 2529 1259 eum
2577 1194 2776 1258 finem
2819 1214 3012 1277 quem
3058 1193 3348 1260 decrevit
3390 1193 3722 1278 perducat.
3768 1194 3959 1261 Sauli
3999 1213 4195 1277 porro

2254 1279 2572 1361 placuisse
2641 1278 2877 1344 dicitur
2942 1298 3128 1346 amor
3190 1279 3302 1344 ille
3365 1299 3493 1363 quo
3560 1278 3885 1346 Davidem
3944 1281 4195 1349 Michol

2254 1365 2388 1430 filia
2451 1365 2659 1448 ipsius
2725 1365 3267 1449 prosequebatur:
3352 1365 3622 1432 minime
3693 1366 3958 1450 quidem
4026 1367 4197 1451 quod

2254 1453 2469 1535 ipsum
2528 1450 2889 1549 poeniteret
2942 1451 3094 1516 facti
3158 1458 3228 1517 et
3270 1451 3449 1535 ‚elusi
3505 1451 3803 1533 Davidis,
3872 1453 4200 1537 velletque

2253 1537 2377 1619 ipsi
2432 1535 2830 1603 satisfacere:
2889 1535 3004 1603 sed
3067 1536 3239 1621 quod
3292 1538 3418 1604 1180
3462 1537 3716 1604 ratione
3751 1538 3954 1604 semel
3993 1540 4213 1605 animo

2252 1633 2636 1705 conceptum
2702 1622 2925 1687 odium
2986 1633 3056 1687 et
3129 1643 3352 1688 necem
3420 1622 3700 1689 Davidis
3766 1635 4066 1709 speraret
4131 1645 4203 1691 88

2253 1728 2443 1793 posse
2485 1707 2568 1771 ad
2612 1728 2805 1773 suum
2850 1709 3050 1773 finem
3088 1708 3460 1792 perducere,
3508 1708 3827 1775 tradendo
3864 1711 4083 1794 ipsum
4128 1712 4200 1776 in

2253 1813 2493 1859 manus
2539 1791 3065 1860 Philistaeorum.
3155 1793 3407 1861 Idcirco
3464 1794 3706 1862 dicitur
3764 1815 3991 1861 servos
4049 1817 4202 1862 81108

2255 1879 2623 1959 adornasse,
2672 1880 2781 1963 qui
2825 1878 3151 1944 Davidem
3194 1879 3280 1945 ad
3325 1880 3676 1963 petendam
3719 1881 3926 1946 filiam
3973 1880 4202 1949 Saulis

2261 1965 2614 2032 Micholam
2651 1964 3096 2031 sollicitarent.
3145 1966 3252 2030 Ex
3294 1966 3529 2050 quibus
3567 1976 3838 2049 apparet
3876 1968 4001 2032 Dei
4048 1988 4209 2034 con-

2258 2061 2613 2135 temptores
2669 2071 2927 2134 semper
2972 2050 3304 2118 fraudibus
3362 2061 3427 2115 et
3482 2051 3647 2116 dolis
3691 2072 3765 2117 ac
3810 2053 4002 2119 malis
4048 2053 4212 2118 arti-

2256 2139 2375 2202 bus
2420 2136 2724 2217 intentos,
2792 2137 3074 2220 obliquis
3142 2138 3283 2213 viis,
3360 2148 3434 2202 ut
3498 2137 3827 2220 scriptura
3900 2137 4216 2221 loquitur,

2260 2223 2629 2289 ambulare:
2689 2243 2888 2306 quare
2949 2244 3069 2288 808
3125 2233 3355 2290 contra
3402 2223 3682 2288 Paulum
3743 2222 4207 2289 exhortantem

2258 2308 2602 2374 audiamus
2647 2327 2875 2372 omnes
2930 2308 3171 2385 fideles,
3230 2320 3306 2373 ut
3348 2309 3413 2373 in
3459 2307 3880 2391 simplicitate
3925 2320 3992 2374 et
4034 2311 4209 2374 inte-

2261 2395 2499 2477 gritate
2565 2392 2917 2479 ambulent,
2990 2404 3055 2459 et
3125 2414 3274 2459 cum
3342 2395 3658 2476 proximis
3697 2394 4000 2471 candide,
4074 2416 4207 2459 11011

2260 2489 2482 2544 autem
2541 2479 2798 2562 oblique
2851 2490 2916 2544 81
2958 2488 3249 2545 tortuose
3293 2490 3653 2545 versentur.
3747 2480 3835 2561 Et
3879 2481 3933 2545 si
3983 2479 4213 2547 Saulis

2261 2563 2645 2648 perfidiosus
2709 2564 2972 2628 animus
3044 2586 3082 2629 a
3150 2565 3335 2630 nobis
3402 2566 3636 2630 merito
3703 2565 4209 2650 condemnatur,

2259 2653 2542 2717 sciamus
2601 2672 2718 2716 nos
2777 2648 2901 2713 Dei
2965 2651 3167 2716 verbo
3233 2651 3461 2732 teneri,
3528 2672 3659 2715 non
3720 2660 3985 2716 tantum
4055 2673 4208 2739 cum
4343 2710 4346 2714 .

2261 2736 2694 2802 familiaribus
2754 2746 2824 2800 et
2879 2737 3191 2821 cognatis,
3256 2737 3371 2801 sed
3427 2758 3575 2802 cum
3636 2737 3945 2803 omnibus
4003 2737 4209 2803 etiam

2263 2844 2457 2907 agere
2513 2821 2790 2887 candide
2832 2830 2900 2886 et
2940 2821 3339 2905 simpliciter.
3424 2823 3638 2889 Porro
3687 2824 3756 2887 in
3807 2821 4007 2889 Saule
4053 2823 4212 2889 licet

2265 2910 2454 2974 nobis
2497 2928 2723 2975 eorum
2758 2907 2999 2972 intueri
3036 2923 3265 2988 mores,
3308 2911 3420 2991 qui
3458 2908 3796 2974 fraudibus
3833 2908 4211 2992 indulgent,

2263 3014 2339 3060 ac
2383 2994 2767 3078 praesertim
2815 2993 3176 3060 aulicorum
3219 2993 3511 3073 technas,
3558 3014 3762 3077 quum
3811 2993 3969 3060 Saul
4021 2992 4214 3060 ador-

2266 3091 2381 3145 nat
2436 3090 2646 3146 certos
2702 3080 2811 3164 qui
2874 3078 3201 3144 Davidem
3261 3078 3583 3145 amicitiae
3642 3092 3999 3163 praetextu
4048 3076 4211 3144 deli-

2264 3168 2471 3247 niant,
2516 3176 2582 3230 et
2617 3166 2687 3229 in
2732 3166 3025 3230 animum
3059 3163 3391 3242 inducant,
3440 3176 3514 3230 ut
3550 3167 3723 3248 regis
3761 3165 3970 3230 filiam
4009 3171 4207 3248 petat,

2265 3267 2578 3334 tanquam
2623 3253 2749 3335 ipsi
2793 3251 3269 3335 gratificantes:
3317 3248 3588 3318 Saulem
3626 3251 4051 3316 dissimulent
4084 3252 4216 3318 ista

2261 3337 2428 3402 scire
2473 3348 2587 3403 aut
2630 3337 2825 3401 velle:
2872 3338 3071 3401 immo
3108 3336 3372 3421 fingant
3417 3357 3488 3402 88
3522 3340 3753 3401 timere
3797 3356 3879 3402 ne
3918 3334 4001 3401 ad
4041 3338 4216 3422 regis

2262 3442 2451 3488 aures
2510 3423 2855 3506 perveniat
2897 3421 3089 3487 istius
3130 3442 3202 3487 se
3246 3423 3337 3487 rei
3383 3432 3642 3488 autores
3687 3421 3940 3487 Davidi
3988 3424 4212 3490 fuisse.

2265 3508 2446 3576 Haec
2503 3520 2639 3573 tota
2697 3504 3025 3575 simulatio
3070 3506 3285 3590 prodit
3325 3506 3550 3574 Saulis
3592 3506 3845 3573 malum
3892 3507 4214 3586 animum,

2258 3598 2443 3661 cuius
2495 3595 2764 3660 consilia
2824 3596 3090 3661 fuerunt
3147 3603 3224 3660 ut
3284 3593 3610 3660 Davidem
3669 3594 4210 3661 circumveniret.

2259 3679 2394 3749 Sed
2454 3701 2658 3764 quum
2717 3681 2937 3745 omnia
2989 3679 3153 3744 bene
3210 3678 3529 3762 disposita
3586 3700 3709 3744 sua
3768 3680 4047 3744 consilia
4091 3681 4220 3746 sibi

2262 3766 2624 3850 persuadet,
2682 3778 2749 3830 et
2792 3764 3006 3849 laquei
3053 3762 3242 3842 tensi,
3286 3766 3521 3848 quibus
3563 3763 3889 3829 Davidem
3937 3766 4214 3845 irretiat,

2261 3852 2585 3931 videntur,
2644 3853 2703 3916 ei
2747 3852 3021 3934 contigit
3077 3851 3246 3934 quod
3293 3870 3476 3917 sacra
3534 3852 3862 3933 scriptura
3908 3860 4212 3931 testatur,

2265 3938 2473 4002 Deum
2518 3935 3004 4020 deprehendere
3039 3937 3364 4019 sapientes
3399 3937 3468 4000 in
3506 3936 3643 4001 suis
3679 3936 3964 4003 astutiis.
4011 3935 4208 4020 Quod

2261 4044 2413 4088 vero
2470 4024 2793 4105 scriptura
2833 4025 3160 4106 sapientes
3216 4023 3527 4102 nominat,
3584 4042 3718 4087 uon
3762 4023 3841 4087 fit
3887 4022 4060 4107 quod
4105 4044 4210 4089 re-

2256 4128 2417 4174 vera
2473 4110 2750 4192 sapiant,
2809 4108 2922 4173 sed
2984 4130 3065 4172 ex
3127 4106 3464 4173 hominum
3524 4108 3834 4192 opinione
3897 4117 3967 4173 et
4007 4129 4205 4176 sensu

2256 4195 2570 4278 loquitur:
2631 4195 2741 4278 qui
2803 4214 3037 4276 pravos
3096 4192 3395 4259 homines
3448 4204 3513 4259 et
3570 4195 3860 4259 maxime
3904 4202 4209 4261 versutos

2261 4300 2499 4365 magno
2561 4280 2829 4364 ingenio
2896 4289 2962 4343 81
3029 4288 3218 4343 acuto
3277 4300 3419 4346 esse
3484 4279 3887 4345 existimant.
3979 4277 4208 4362 Quare

2255 4368 2581 4450 scriptura
2645 4365 2777 4430 illis
2835 4364 3098 4448 quidem
3159 4365 3421 4431 titulum
3468 4364 3772 4430 attribuit
3817 4365 4202 4446 sapientiae,

2255 4452 2368 4517 sed
2427 4452 2695 4518 interim
2754 4451 3042 4517 ostendit
3098 4452 3487 4533 sapientiam
3554 4451 3732 4515 illam
3797 4451 3962 4515 nihil
4024 4451 4202 4516 aliud

2255 4559 2395 4603 esse
2444 4559 2641 4622 qnam
2701 4537 2965 4604 fraudes
3028 4546 3097 4601 et
3146 4536 3354 4604 dolos.
3454 4537 3689 4620 Itaque
3749 4534 4070 4620 propheta
4130 4539 4201 4603 in

2256 4624 2539 4689 Psalmis
2575 4623 2728 4689 dicit
2764 4622 2909 4689 illos
2947 4645 2986 4688 a
3019 4623 3164 4688 Deo
3201 4623 3596 4707 deprehendi
3632 4622 3951 4698 incautos,
3999 4642 4199 4704 quum

2257 4709 2337 4774 ad
2397 4711 2648 4775 exitum
2707 4729 2826 4774 sua
2883 4708 3152 4773 consilia
3211 4708 3592 4793 perduxisse
3673 4703 3797 4770 sibi
3867 4707 4197 4773 videntur.

2253 4795 2400 4861 Hoc
2461 4797 2526 4860 in
2575 4793 2777 4861 Saule
2819 4795 3270 4878 conspicuum:
3335 4815 3535 4878 quare
3590 4792 4053 4876 coniungenda
4096 4805 4201 4859 est

2255 4880 2416 4946 haec
2483 4882 2758 4947 historia
2822 4900 2971 4945 cnm
3039 4878 3349 4959 doctrina,
3424 4888 3491 4944 et
3557 4899 3690 4942 non
3758 4876 4194 4945 dubitandum

2253 4967 2430 5049 quin,
2475 4988 2676 5050 quum
2726 4967 2946 5031 hostes
2990 4963 3275 5049 quotidie
3319 4965 3527 5028 multa
3571 4964 3949 5042 moliantur,
3995 4975 4060 5030 et
4105 4965 4193 5031 la·

2254 5073 2454 5136 queos
2501 5053 2744 5118 multos
2780 5062 3046 5135 ponant,
3092 5052 3161 5114 in
3200 5070 3358 5133 quos
3394 5049 3783 5133 praecipites
3819 5050 3973 5114 ferri
4015 5052 4193 5117 vide-

2256 5150 2452 5204 antur
2498 5137 2738 5218 fideles,
2794 5136 2977 5203 Deus
3021 5146 3237 5200 tamen
3284 5137 3418 5201 suis
3459 5133 3824 5218 provideat,
3871 5157 4003 5200 non
4047 5146 4192 5203 tan-

2257 5234 2398 5289 tum
2459 5224 2722 5309 laqueos
2780 5221 3155 5305 frangendo,
3215 5220 3325 5285 sed
3383 5222 3582 5287 etiam
3643 5221 3713 5285 in
3771 5221 4029 5287 eosdem
4088 5244 4201 5290 eos

3720 5322 3790 5378 19
