5059 6059
664 326 795 393 399

664 514 1063 591 mordentes,
1122 516 1187 575 et
1240 506 1545 575 dentibus
1601 505 1984 572 frendentes
2042 503 2340 571 videmus
2378 503 2450 569 in
2493 505 2617 571 has
2665 523 2674 574 ι
2721 528 2833 573 ore
2875 508 3097 575 clauso
3127 505 3609 584 substistamus,
3656 526 3774 571 nos

667 622 862 672 voces
905 614 1280 681 erumpere:
1344 593 1675 659 Dominus
1729 600 1850 672 est,
1905 591 2107 658 faciat
2165 589 2341 674 quod
2406 590 2611 670 volet,

711 688 817 754 uis
879 684 1061 750 illius
1121 679 1456 746 voluntati
1520 677 1827 745 resistat?
1920 676 2054 744 Sed
2114 696 2246 741 non
2306 697 2386 742 ea
2429 697 2619 742 mens

668 711 825 842 {eli
868 769 1014 849 fuit,
1069 766 1259 835 cuius
1317 764 1706 830 modestiam
1749 774 1818 829 ει
1861 764 2305 830 reverentiam
2350 762 2618 828 divinae

668 854 1032 926 maiestatis
1090 854 1161 919 in
1214 853 1364 918 istis
1417 847 1930 935 pronunciandis
1990 847 2255 915 vocibus
2321 847 2617 914 animad-

671 944 1009 1022 vertimus,
1073 938 1203 1004 etsi
1258 958 1391 1003 non
1450 938 1538 1003 sit
1596 957 1674 1001 ea
1729 937 1801 1000 in
1859 955 1933 1000 re
1989 934 2187 1017 plane
2243 935 2456 1000 officio
2499 955 2618 999 suo

670 1030 1035 1097 defunctus.
1125 1023 1348 1106 Quare
1403 1020 1622 1087 danda
1662 1020 1878 1086 omnis
1922 1040 2140 1102 opera,
2185 1027 2260 1085 ut
2303 1041 2433 1085 non
2478 1029 2620 1084 tan-

668 1127 813 1183 tum
871 1134 985 1180 ore
1026 1110 1171 1177 Deo
1228 1109 1503 1194 gloriam
1563 1129 1683 1191 pro
1729 1107 2050 1191 sapientia
2091 1126 2213 1171 sua
2256 1113 2324 1172 et
2365 1105 2621 1170 iustitia

670 1224 748 1271 ac
789 1197 1183 1266 rectitudine
1228 1193 1616 1272 tribuamus,
1658 1191 1771 1258 sed
1807 1192 2318 1276 quotiescunque
2353 1190 2434 1255 ad
2472 1212 2620 1273 poe-

671 1287 1022 1355 nitentiam
1066 1281 1150 1348 ab
1191 1281 1336 1364 ipso
1382 1277 1886 1355 stimulabimur,
1944 1279 2017 1343 in
2078 1279 2280 1345 vitam
2326 1290 2618 1343 nostram

675 1371 973 1442 severine
1011 1368 1442 1452 inquiramus,
1489 1376 1565 1430 ιιι
1609 1364 1912 1448 deinceps
1956 1384 2076 1447 pro
2119 1365 2401 1447 peccatis
2444 1362 2621 1444 apud

678 1462 897 1527 Deum
965 1473 1342 1539 gemamus,
1409 1460 1476 1518 et
1530 1450 1694 1518 vitia
1747 1458 1883 1516 toto
1941 1451 2162 1515 animo
2222 1449 2621 1515 demstemur

678 1569 755 1614 ac
808 1543 1156 1626 fugiamus.
1244 1536 1572 1603 Davidem
1629 1536 1902 1601 ulterius
1957 1536 2154 1601 etiam
2199 1555 2620 1619 progressum

677 1630 976 1696 videmus
999 1678 1016 1706 ,
1067 1634 1143 1693 ut
1209 1646 1293 1689 ex
1362 1622 1443 1689 15
1507 1643 1645 1705 cap.
1714 1622 1822 1688 lib.
1890 1622 1932 1686 2
2012 1622 2427 1705 perspicuum
2492 1628 2615 1685 est.

678 1717 905 1798 Quum
948 1713 1127 1778 euim
1171 1710 1255 1776 ab
1297 1709 1442 1793 ipso
1481 1708 1617 1773 filio
1660 1728 1781 1773 suo
1823 1707 2181 1774 Absalomo
2226 1728 2429 1792 regno
2478 1705 2621 1788 pul-

684 1823 798 1870 sus
855 1810 1044 1878 esset,
1095 1795 1268 1880 quod
1321 1794 1517 1878 longe
1574 1794 1839 1877 gravius
1888 1792 1989 1860 illi
2031 1794 2153 1857 fuit
2195 1813 2391 1876 quam
2434 1791 2492 1857 si
2537 1813 2618 1858 ex

679 1886 922 1955 mundo
976 1905 1124 1950 cum
1185 1891 1322 1947 tota
1380 1878 1629 1944 familia
1670 1880 1917 1944 eiectus
1956 1879 2206 1955 fuisset,
2257 1889 2323 1943 et
2367 1877 2621 1944 videret

678 1973 1094 2043 coniuratum
1137 1966 1487 2033 adversum
1529 1986 1600 2031 εε
1653 1964 1887 2042 filium,
1937 1976 2004 2030 et
2046 1973 2256 2030 totum
2301 1964 2619 2046 populum

678 2064 1219 2131 commoventem,
1278 2050 1455 2117 nudo
1511 2050 1727 2134 capite
1768 2049 2034 2130 incedit,
2092 2061 2161 2115 et
2212 2050 2418 2116 veluti
2466 2070 2620 2115 reus

677 2146 962 2212 latebras
1004 2160 1315 2225 quaerere
1359 2134 1624 2203 videtur
1656 2136 1893 2218 quibus
1928 2134 2207 2201 dedecus
2239 2144 2308 2201 et
2341 2145 2621 2200 mortem

679 2230 912 2317 fugiat.
957 2227 1102 2293 Imo
1146 2245 1349 2309 quum
1394 2243 1612 2289 arcam
1655 2220 1934 2287 foederis
1976 2221 2116 2287 loco
2152 2232 2393 2286 motam
2440 2219 2618 2286 vide-

680 2331 803 2396 ret,
862 2327 928 2380 et
984 2314 1058 2377 in
1115 2312 1215 2377 sui
1265 2310 1548 2394 gratiam
1591 2307 2014 2385 circumferri,
2080 2308 2151 2371 in
2195 2305 2409 2372 locum
2474 2327 2619 2371 eam

681 2400 911 2472 referri
951 2398 1206 2477 iubens,
1249 2398 1374 2460 ait:
1445 2393 1522 2459 Si
1571 2394 1850 2478 qratiam
1907 2394 2082 2474 apud
2124 2392 2470 2459 Dominum
2516 2392 2619 2458 in-

680 2489 841 2566 veni,
899 2484 1060 2550 mihi
1110 2481 1328 2548 reduci
1381 2480 1752 2545 monstrabit
1801 2500 1957 2556 eam,
2009 2484 2066 2545 et
2104 2498 2293 2544 suum
2333 2478 2618 2543 taberna·

679 2574 910 2642 culum.
980 2568 1155 2652 Quod
1185 2567 1248 2632 si
1279 2566 1550 2633 dixerit.-
1589 2565 1736 2631 Non
1764 2567 1986 2647 places
2027 2564 2203 2644 mihi,
2247 2584 2324 2629 en
2357 2565 2619 2646 inquam

757 2679 822 2737 o,
899 2654 1161 2734 adsum,
1236 2652 1314 2719 de
1377 2672 1473 2718 me
1534 2651 1934 2733 quodcunque
1985 2650 2303 2731 placuerit
2364 2655 2616 2715 statuat.

683 2681 875 2826 ⁴{guae
921 2738 1199 2807 Davidis
1263 2736 1467 2824 verba
1529 2736 1725 2820 longe
1788 2737 1917 2802 alia
1972 2744 2130 2801 sunt
2188 2755 2384 2817 quam
2442 2733 2618 2800 Heli.

681 2831 814 2897 Hic
866 2827 1045 2894 enim
1101 2833 1418 2907 tanquam
1461 2823 1781 2887 attonitus
1824 2831 1891 2886 et
1934 2819 2015 2887 de
2059 2820 2348 2887 remedio
2393 2818 2620 2902 despe-

682 2937 858 2993 rans,
925 2911 1280 2993 abstupnit,
1347 2908 1533 2992 quasi
1595 2929 1815 2974 secum
1886 2909 2045 2972 haec
2101 2906 2426 2991 cogitans:
2496 2906 2623 2993 Eia

683 3000 844 3087 quid
887 2996 1304 3083 promovebo,
1344 2995 1401 3061 si
1443 2992 1618 3077 apud
1679 2994 1901 3059 Deum
1956 3003 2225 3076 questus
2289 2993 2492 3070 fuero,
2556 3002 2624 3055 st

684 3091 853 3156 cum'
880 3086 1019 3170 ipso
1061 3079 1499 3149 contendero?
1559 3079 1768 3145 satius
1824 3087 1926 3144 est
1968 3076 2170 3145 semel
2215 3077 2463 3143 victum
2510 3076 2622 3142 de-

683 3175 885 3241 misso
927 3169 1140 3255 capite
1182 3167 1412 3247 iacere,
1468 3173 1539 3230 et
1594 3185 1759 3247 quae
1804 3164 2063 3231 decreta
2106 3173 2261 3229 sunt
2303 3162 2625 3246 patienter

684 3260 983 3327 tolerare.
1071 3253 1198 3319 Ille
1257 3272 1412 3318 vero
1454 3248 1673 3316 David
1729 3250 1801 3314 in
1854 3270 2115 3317 omnem
2158 3257 2471 3314 eventum
2514 3268 2626 3332 pa·

685 3353 871 3411 ratus
928 3349 1049 3421 est,
1117 3358 1318 3421 seque
1375 3355 1448 3401 re
1490 3336 1635 3418 ipsa
1677 3334 1761 3400 ad
1807 3336 2021 3401 Deum
2080 3354 2462 3419 quacunque
2507 3333 2627 3399 du-

687 3431 860 3497 xerit
915 3423 1320 3509 sequendum
1365 3430 1666 3506 paratum
1709 3441 1851 3486 esse
1895 3420 2315 3487 demonstrat.
2393 3419 2627 3502 Itaque

686 3517 844 3582 hinc
880 3511 1145 3599 quidem
1190 3531 1260 3575 se
1303 3529 1344 3572 a
1379 3508 1521 3573 Deo
1556 3506 2035 3573 restituendum
2079 3507 2161 3572 iri
2205 3517 2271 3571 et
2314 3506 2627 3588 pristinae

687 3598 995 3685 dignitati
1039 3617 1114 3662 ac
1150 3595 1313 3661 solio
1348 3593 1528 3679 regio
1562 3591 1965 3658 reddendum
2001 3600 2237 3675 sperat,
2279 3591 2433 3656 inde
2467 3612 2626 3657 vero

688 3708 760 3752 se
817 3683 901 3751 ad
958 3682 1294 3769 graviores
1353 3700 1541 3745 casus
1601 3677 1901 3744 ferendos
1943 3685 2296 3759 comparat,
2355 3697 2430 3742 ac
2473 3678 2628 3742 licet

690 3790 894 3855 regno
936 3765 1399 3851 expellendum
1443 3785 1519 3830 ac
1559 3762 2002 3844 reiiciendum,
2058 3761 2202 3829 Deo
2254 3773 2474 3829 tamen
2513 3763 2627 3829 ob-

691 3863 1075 3939 sequentem
1111 3873 1187 3918 ac
1222 3852 1625 3934 morigerum
1659 3870 1802 3916 sese
1837 3848 2138 3915 exhibet:
2184 3869 2320 3913 non
2363 3847 2628 3931 quidem

692 3939 1059 4007 absolutam
1123 3937 1220 4002 illi
1287 3935 1792 4001 dominationem
1812 3985 1828 4015 ,
1909 3944 1989 3999 ut
2050 3933 2267 3999 solent
2328 3935 2628 4017 improbi,

693 4027 1009 4104 tribuens,
1044 4022 1159 4089 sed
1182 4021 1402 4086 Deum
1424 4042 1633 4096 suum,
1669 4032 1738 4086 et
1771 4019 2034 4104 quidem
2069 4040 2327 4103 semper
2361 4021 2627 4101 iustum,

690 4131 1071 4199 agnoscens.
1159 4108 1367 4172 Porro
1426 4127 1630 4191 quum
1689 4106 1815 4171 ait:
1873 4104 1948 4172 Si
2004 4127 2112 4171 me
2155 4107 2448 4172 reiecerit
2491 4106 2630 4171 Do·

692 4199 930 4275 minus,
993 4192 1364 4262 cavendum
1407 4201 1508 4258 est
1550 4213 1633 4256 ne
1677 4193 2091 4258 reiectionem
2133 4190 2319 4256 illam
2363 4191 2443 4256 de
2484 4211 2627 4256 coe-

693 4285 844 4351 lesti
886 4283 1018 4348 vita
1060 4279 1522 4363 intelligamus,
1582 4277 1767 4361 quasi
1825 4299 1909 4342 ex
1951 4277 2117 4342 libro
2161 4278 2335 4344 vitae
2379 4277 2631 4343 deletus

695 4376 886 4436 esset.
974 4368 1145 4432 Nam
1205 4365 1431 4429 haeret
1488 4364 1685 4429 altius
1728 4364 1947 4428 animo
1989 4362 2208 4428 defixa
2248 4384 2416 4445 spes,
2475 4384 2546 4428 se
2591 4385 2631 4428 a

694 4456 839 4521 Deo
893 4452 1097 4521 semel
1149 4452 1220 4516 in
1264 4449 1574 4515 ecclesiae
1617 4450 1986 4515 membrum
2022 4448 2422 4531 adoptatum,
2467 4470 2630 4513 nun-

695 4562 895 4626 quam
938 4537 1022 4604 ab
1064 4535 1291 4603 eadem
1335 4534 1745 4613 eiiciendum,
1795 4534 1908 4599 sed
1954 4533 2172 4599 Deum
2230 4545 2628 4600 servatorem

695 4634 1145 4710 experturum.
1231 4622 1467 4705 Regno
1530 4641 1682 4686 vero
1740 4619 2086 4704 temporali
2127 4620 2225 4685 ita
2267 4641 2408 4686 sese
2449 4619 2628 4684 abdi-

695 4720 802 4778 cat
841 4721 908 4778 ει
948 4709 1140 4788 cedit,
1179 4715 1254 4771 ut
1298 4728 1336 4772 a
1372 4706 1516 4771 Deo
1559 4726 1629 4772 se
1656 4706 1962 4788 castigari
2001 4714 2197 4788 petat,
2233 4727 2313 4770 ea
2355 4706 2627 4785 ratione,

697 4807 776 4864 ut
817 4799 905 4865 sit
943 4796 1126 4862 utilis
1168 4793 1295 4876 ipsi
1330 4802 1397 4857 et
1430 4792 1762 4857 fructuosa
1794 4791 2156 4876 castigatio.
2223 4791 2401 4857 Hinc
2423 4790 2630 4873 igitur

697 4882 1044 4958 discamus,
1101 4897 1517 4963 quascunque
1559 4878 2018 4961 castigationes
2063 4875 2245 4942 Deus
2287 4877 2633 4942 immiserit

698 4972 792 5036 sic
835 4969 919 5034 ab
961 4966 1170 5052 ipsius
1213 4984 1413 5030 manu
1456 4961 1809 5046 proficisci,
1877 4972 1952 5028 ut
1992 4984 2125 5027 non
2171 4964 2258 5028 sit
2300 4962 2484 5028 nobis
2527 4984 2630 5029 re-

698 5054 1164 5137 sponsandum,
1208 5059 1325 5116 aut
1348 5070 1496 5115 cum
1524 5049 1665 5114 Deo
1708 5046 2258 5113 contendendum.
2316 5049 2406 5113 Et
2427 5070 2628 5131 quum

700 5159 872 5204 nova
913 5148 980 5204 ει
1020 5137 1372 5203 insolentia
1430 5133 1827 5201 videbuntur
1882 5134 2024 5199 eius
2078 5134 2339 5210 iudicia,
2396 5136 2631 5218 quibus

699 5223 933 5291 merito
974 5244 1162 5307 posse
1206 5221 1649 5288 contradicere
1708 5242 1829 5287 nos
1881 5219 2349 5300 existimemus,
2406 5229 2628 5286 tamen

2361 316 2776 385 HOMILIA
2817 318 2974 386 XV.

4541 314 4669 381 400

3775 512 4040 589 traeque
4075 514 4353 572 naturae
4386 506 4667 571 infirmi-

2723 605 2928 659 tatem
2973 593 3372 675 humanique
3403 592 3630 659 iudicii
3662 589 4178 658 imbecillitatem
4210 601 4664 676 agnoscentes,

2720 679 2853 746 illis
2916 678 3168 763 placide
3234 678 3739 762 acquiescamus.
3843 680 3942 745 Ac
3998 676 4272 760 proinde
4329 678 4662 761 passiones

2718 766 2775 831 si
2820 766 3257 831 effervescant
3311 765 3381 830 in
3422 762 3632 844 nobis,
3692 772 3760 828 ει
3800 776 3991 829 extra
4034 764 4305 830 rationis
4348 763 4661 829 terminos

2720 850 3056 934 ebulliant,
3116 851 3375 917 easdem
3427 870 3842 916 coerceamus
3900 858 3967 914 ει
4022 868 4529 932 compescamus,
4585 870 4661 916 ac

2722 958 2839 1002 nos
2895 937 3073 1019 ipsos
3117 936 3200 1001 ad
3246 935 3374 1001 Dei
3426 935 3833 1001 maiestatem
3877 932 4326 1018 expendentes
4367 935 4466 1002 sic
4509 956 4660 999 exa·

2720 1023 3070 1089 minemus:
3141 1023 3320 1088 Tene
3391 1040 3547 1089 vero
3603 1023 3916 1086 miserum
3975 1020 4481 1087 homuncionem
4545 1020 4658 1085 ad·

2721 1129 2951 1175 versus
3009 1109 3227 1174 Deum
3285 1107 3695 1184 contendere,
3753 1115 3823 1172 et
3880 1106 4195 1172 adversus
4245 1108 4391 1172 eius
4432 1117 4658 1188 poten·

2724 1194 2881 1259 tiam
2948 1193 3173 1275 obniti,
3238 1203 3307 1258 et
3375 1191 4012 1276 incomprehensibili
4070 1192 4399 1257 maiestati
4456 1192 4657 1275 ipsius

2723 1278 3075 1346 reluctari?
3179 1278 3623 1361 Quamobrem
3680 1300 3809 1345 non
3868 1277 4058 1343 modo
4111 1279 4207 1346 sic
4247 1276 4657 1362 agnoscenda

2722 1365 2851 1431 Dei
2914 1366 3205 1449 potentia
3269 1374 3387 1449 est,
3468 1373 3547 1431 ιιι
3624 1366 3953 1430 ιιειιιίιιειιι
4017 1363 4149 1447 ipsi
4212 1384 4403 1448 posse
4449 1362 4656 1429 reluc-

2722 1451 2848 1516 tari
2906 1453 3248 1532 fateamur,
3306 1460 3374 1516 et
3418 1452 3742 1534 patienter
3783 1448 3956 1533 quod
3998 1450 4126 1534 ipsi
4170 1449 4503 1516 videbitur
4545 1470 4656 1513 cx·

2723 1536 3150 1620 spectandum
3192 1537 3516 1603 dicamus:
3560 1535 3674 1603 sed
3710 1544 3786 1601 ut
3821 1536 4194 1602 fructuosae
4228 1536 4363 1601 sint
4386 1533 4660 1600 Domini

2722 1622 3205 1705 castigationes,
3250 1632 3563 1706 tanquam
3608 1630 3955 1707 paternae:
4014 1642 4090 1688 ac
4133 1620 4409 1706 proinde
4450 1621 4546 1687 sic
4585 1631 4662 1684 ut

2723 1707 3005 1773 iudicem
3068 1720 3440 1774 metuamus
3505 1729 3588 1773 ne
3650 1727 3939 1791 unquam
3997 1706 4078 1770 de
4132 1716 4407 1791 paterna
4459 1707 4660 1789 ipsius

2724 1814 2880 1878 erga
2924 1815 3045 1859 nos
3091 1795 3381 1860 bonitate
3425 1793 3814 1860 dubitemus.
3905 1792 4038 1860 Sed
4097 1794 4170 1858 in
4213 1792 4447 1876 primis
4489 1793 4658 1857 frae-

2723 1878 2944 1960 nanda
2985 1889 3088 1945 est
3143 1891 3371 1946 nostra
3426 1880 3764 1945 curiositas
3820 1888 3889 1944 et
3945 1879 4343 1963 arrogantia,
4403 1899 4488 1943 ne
4531 1876 4658 1942 Dei

2722 1964 2968 2032 iudicia
3009 1965 3091 2030 ad
3135 1974 3434 2031 nostrum
3477 1965 3794 2032 iudicium
3832 1964 4295 2048 expendamus,
4352 1963 4468 2029 sed
4518 1963 4658 2030 eius

2723 2054 3110 2117 immensam
3179 2062 3246 2117 ει
3307 2052 3637 2116 infinitam
3703 2050 4095 2135 sapientiam
4151 2048 4533 2130 adoremus,
4594 2060 4658 2115 et

2721 2136 2961 2203 iudicia
3024 2137 3477 2204 inscrutabilia
3539 2137 4005 2222 suspiciamus,
4078 2143 4146 2201 ει
4211 2136 4396 2202 velut
4457 2135 4659 2201 oculis

2722 2220 2962 2289 clausis
3005 2223 3225 2307 ipsum
3261 2243 3649 2306 quocunque
3683 2222 3950 2288 tandem
3987 2221 4251 2288 duxerit
4285 2240 4656 2303 saquamur.

2725 2308 2815 2373 Et
2859 2308 3020 2374 haec
3060 2309 3321 2392 quidem
3368 2310 3705 2376 hactenus.

2894 2393 3158 2459 Interea
3215 2394 3484 2461 Samuel
3543 2393 3826 2462 crevisse
3871 2393 4128 2472 dicitur,
4190 2405 4257 2457 et
4312 2413 4462 2459 cum
4522 2393 4659 2476 ipso

2726 2480 3050 2545 Dominus
3103 2480 3321 2558 fuisse,
3366 2501 3450 2545 ex
3493 2501 3621 2564 quo
3657 2480 3986 2556 discimus,
4042 2477 4358 2561 quidquid
4405 2477 4661 2544 honesti

2724 2587 2799 2631 ac
2864 2564 3017 2630 boni
3080 2565 3405 2650 contingit
3477 2565 3884 2645 hominibus,
3963 2564 4094 2629 Dei
4173 2564 4421 2630 donum
4501 2585 4660 2643 esse,

2724 2673 2854 2716 nou
2903 2671 2944 2716 a
2993 2662 3230 2716 natura
3276 2673 3563 2718 manare.
3632 2651 3811 2734 Quin
3858 2652 3991 2715 imo
4039 2670 4461 2734 quaecunque
4493 2648 4662 2716 dona

2724 2736 3041 2802 habemus
3076 2757 3115 2801 a
3161 2747 3419 2817 natura,
3468 2738 3613 2803 Deo
3656 2745 3811 2803 sunt
3856 2744 4122 2820 accepta
4163 2735 4450 2814 ferenda,
4493 2734 4662 2818 quod

2725 2823 2805 2889 ab
2870 2823 3012 2906 ipso
3076 2822 3390 2889 bonorum
3456 2824 3750 2889 omnium
3816 2824 3994 2888 fonte
4051 2835 4341 2887 manent.
4422 2821 4661 2887 Cuius-

2726 2907 2902 2973 modi
2970 2909 3355 2974 beneficium
3419 2920 3539 2988 est,
3604 2908 3780 2992 quod
3837 2908 4136 2973 homines
4200 2907 4536 2986 formarit,
4598 2922 4662 2972 et

2726 2993 3057 3078 singulare
3115 2996 3316 3077 ipsius
3374 3005 3474 3059 εει
3522 2995 3645 3061 hoc
3689 2994 4097 3060 beneficium.
4183 2993 4358 3058 Nam
4404 3002 4659 3076 poterat

2725 3078 2922 3145 bruta
2984 3101 3128 3145 esse
3188 3080 3433 3146 iubere.
3545 3080 3801 3147 Deinde
3866 3080 3977 3163 qui
4042 3077 4292 3164 ingenii
4351 3078 4660 3159 bonitate,

2727 3165 3258 3249 promptitudine,
3318 3176 3434 3231 aut
3487 3167 3602 3250 qui
3657 3167 3785 3231 alio
3835 3165 4003 3231 dono
4047 3164 4385 3248 praeditus
4428 3174 4550 3240 est,
4589 3178 4664 3230 ut

2725 3263 2880 3316 sunt
2920 3252 3102 3318 varia
3125 3252 3390 3317 Domini
3427 3251 3598 3318 dona
3641 3263 3710 3318 ει
3749 3273 3829 3318 ea
3872 3252 4052 3318 varie
4094 3250 4392 3335 largitur,
4440 3271 4662 3316 annon

2727 3337 2869 3403 Deo
2913 3357 3031 3420 pro
3073 3338 3204 3403 illis
3247 3339 3493 3420 gratias
3537 3359 3733 3423 agere
3777 3336 3986 3414 debet,
4029 3337 4336 3422 ingratus
4379 3334 4664 3419 alioquin

2727 3442 2884 3507 erga
2925 3423 3140 3489 Deum
3187 3423 3471 3500 futurus,
3537 3436 3605 3490 et
3648 3424 3885 3491 merita
3928 3424 4147 3506 ipsum
4191 3421 4386 3487 lande
4430 3423 4662 3506 spolia·

2729 3508 2959 3574 turus?
3048 3509 3301 3575 Verum
3366 3510 3703 3576 enimvero
3762 3510 4090 3594 peculiare
4154 3506 4400 3590 aliquid
4468 3508 4664 3574 habet

2729 3594 2837 3660 hic
2896 3594 3096 3678 locus,
3155 3615 3282 3678 quo
3340 3596 3651 3662 docemur
3694 3616 3831 3661 non
3873 3593 4067 3659 modo
4111 3615 4255 3660 esse
4305 3614 4663 3677 agnoscen-

2728 3677 2881 3744 dum
2927 3681 3052 3745 Dei
3097 3680 3505 3747 liberalitatis
3547 3702 3706 3767 erga
3749 3702 3870 3746 nos
3909 3679 4357 3746 testimouium
4407 3680 4584 3763 quod
4627 3702 4665 3743 a

2728 3777 2967 3831 natura
3009 3766 3259 3832 donum
3317 3769 3714 3852 accepimus:
3778 3765 3892 3832 sed
3927 3768 4126 3831 etiam
4162 3766 4307 3831 eius
4343 3764 4660 3831 donorum

2727 3852 3280 3918 continuationem
3301 3874 3444 3920 esse
3466 3853 3920 3931 necessariam,
3966 3867 4036 3918 et
4067 3851 4451 3918 noverimus
4479 3850 4666 3935 quid-

2729 3936 2886 4019 quid
2943 3939 3012 4002 in
3079 3938 3268 4004 nobis
3332 3939 3649 4005 eximium
3707 3948 3809 4004 εει
3865 3949 3934 4004 ει
3991 3937 4183 4003 laude
4226 3937 4526 4021 dignum,
4588 3935 4665 4002 ab

2731 4023 2875 4088 eius
2940 4022 3340 4107 benignitate
3393 4044 3797 4108 promanare,
3858 4044 3991 4107 qua
4046 4023 4175 4107 ipsi
4223 4022 4479 4106 placuit
4521 4043 4658 4090 sese

2729 4107 2916 4174 nobis
2959 4109 3338 4191 patefacere.
3407 4112 3499 4176 Et
3540 4110 3775 4176 horum
3820 4109 4082 4193 quidem
4127 4109 4477 4175 verborum
4521 4129 4660 4175 sen-

2730 4215 2845 4259 sus
2885 4205 3018 4259 est:
3064 4194 3278 4261 Deum
3317 4197 3518 4279 fuisse
3558 4217 3699 4262 oum
3743 4195 4046 4261 Samuele.
4115 4195 4446 4277 Deinceps
4486 4197 4661 4262 enim

2730 4288 2978 4362 quanta
3041 4282 3238 4346 fuerit
3295 4283 3501 4366 ipsius
3564 4283 3926 4367 integritas,
3989 4291 4276 4365 quantus
4333 4283 4532 4348 ardor
4592 4282 4660 4346 in

2730 4365 2858 4430 Dei
2902 4366 3111 4449 gloria
3155 4367 3611 4451 promovenda,
3654 4379 3899 4452 quanta
3941 4369 4172 4450 pietas,
4218 4376 4470 4449 quanta
4507 4386 4664 4433 cura

2730 4459 2798 4514 et
2839 4451 3204 4518 sollicitudo
3246 4455 3319 4517 in
3363 4453 3878 4522 administrando
3921 4454 4064 4519 iure
4107 4473 4184 4518 ac
4227 4452 4515 4536 regendo

2731 4537 2900 4618 pulo,
2955 4559 3149 4621 quam
3211 4540 3490 4623 denique
3548 4541 3746 4605 fuerit
3785 4538 4065 4623 insignis
4111 4539 4430 4622 propheta
4483 4474 4664 4606 vif·-

2729 4621 2961 4689 bimus.
3064 4623 3291 4707 Itaque
3358 4636 3435 4689 ιιι
3497 4645 3963 4709 cognoscamus
4020 4625 4241 4690 Deum
4305 4624 4538 4691 haberi
4598 4635 4667 4689 et

2730 4709 2992 4792 agnosci
3055 4709 3229 4775 velle
3294 4711 3612 4777 bonorum
3679 4712 3975 4777 omnium
4036 4721 4392 4789 auctorem,
4458 4731 4667 4794 neque

2728 4814 2916 4875 posse
2974 4795 3146 4860 ferre
3201 4805 3276 4860 ut
3327 4796 3452 4862 sibi
3510 4797 3623 4861 illa
3680 4798 3976 4863 homines
4033 4797 4331 4863 tribuant
4375 4805 4443 4861 et
4487 4818 4667 4863 arro-

2730 4886 2915 4961 gent,
2998 4880 3158 4947 haec
3220 4881 3427 4948 verba
3493 4883 3696 4948 veluti
3759 4882 4073 4966 praefatio
4136 4881 4460 4965 quaedam
4522 4882 4668 4949 istis

2732 4974 3241 5047 praeponuntur.
3330 4967 3553 5048 Quare
3597 4990 4024 5052 agnoscamus
4067 4968 4287 5033 Deum
4333 4990 4456 5034 sua
4496 4969 4668 5034 dona

2731 5049 3115 5133 largientem
3170 5051 3345 5118 nolle
3394 5075 3433 5117 a
3489 5055 3675 5120 nobis
3733 5054 4011 5138 sepeliri,
4069 5065 4136 5120 et
4193 5054 4665 5138 ingratitudine

2734 5149 2957 5202 nostra
3014 5137 3291 5222 gloriam
3351 5159 3538 5204 suam
3596 5141 3945 5220 obscurari,
4011 5139 4124 5207 sed
4187 5140 4544 5223 praedicari
4599 5151 4666 5206 et

2731 5224 3002 5289 summis
3065 5224 3369 5291 laudibus
3434 5226 3686 5308 efferri,
3765 5236 3838 5293 ut
3901 5248 4051 5293 cum
4109 5226 4403 5309 apostolo
4461 5227 4664 5294 Paulo
