5059 6059
822 329 949 394 727

826 538 978 585 cere
1021 519 1233 599 ipsum
1280 515 1593 598 colemus,
1636 533 1842 596 eaque
1877 512 2256 595 integritate
2293 531 2422 593 qua
2457 507 2788 574 debemus.

832 603 1060 685 Quare
1101 622 1303 685 quum
1350 600 1649 665 hostibus
1694 617 1800 662 res
1844 596 2171 664 secundae
2215 595 2585 675 succedent,
2628 592 2789 658 adeo

833 699 909 754 ut
966 688 1287 753 adversus
1344 705 1582 770 puram
1643 684 2024 768 religionem
2094 702 2289 765 quam
2336 702 2376 745 a
2422 681 2565 745 Deo
2608 698 2787 743 acce-

831 775 1051 857 pimus
1097 773 1476 845 efferantur,
1513 780 1578 835 et
1613 791 1756 835 eam
1793 770 2221 846 subsannent,
2266 766 2333 831 id
2371 765 2514 831 fieri
2552 785 2788 847 agnos-

835 878 1062 924 camus
1119 859 1294 940 quod
1354 877 1432 920 ea
1490 857 1699 921 simus
1759 855 1963 933 abusi,
2020 863 2088 917 et
2145 852 2452 916 simulate
2512 858 2584 914 et
2638 869 2790 914 oum

834 944 1169 1028 hypocrisi
1217 943 1441 1006 Deum
1487 941 1916 1006 coluerimus:
1964 946 2081 1003 aut
2124 952 2302 1002 asote
2348 947 2416 1001 et
2451 935 2789 1000 luxuriose

832 1029 1219 1103 vixerimus,
1281 1029 1591 1110 Deusque
1653 1025 1840 1090 nobis
1900 1024 2022 1089 hoc
2067 1044 2186 1088 suo
2231 1022 2466 1087 iudicio
2506 1021 2788 1104 flagitio-

834 1135 980 1178 rum
1043 1122 1415 1179 nostrorum
1472 1113 1886 1176 acerbitatem
1936 1119 2004 1174 et
2049 1106 2574 1191 magnitudinem
2624 1105 2789 1170 velit

831 1198 1194 1263 ostendere.
1285 1196 1634 1278 Quantum
1671 1196 1863 1267 enim,
1911 1195 2192 1270 obsecre,
2232 1193 2409 1258 istud
2447 1200 2785 1274 peccatum

834 1294 954 1358 est,
1002 1303 1264 1348 causam
1311 1293 1380 1347 et
1422 1283 1825 1348 occasionem
1875 1301 2019 1345 esse
2064 1289 2138 1343 ut
2175 1279 2301 1343 Dei
2339 1298 2578 1342 nomen
2617 1274 2786 1339 blas·

830 1368 1088 1451 phemis
1166 1370 1589 1452 profanorum
1652 1366 1917 1432 vocibus
1976 1362 2292 1440 laedatur,
2368 1370 2789 1428 sacrosancta

830 1453 1040 1536 ipsius
1100 1455 1406 1518 maiestas
1469 1452 1782 1528 violetur,
1849 1462 2332 1516 sacrosanctum
2380 1448 2593 1530 ipsius
2635 1467 2787 1510 ver-

831 1539 988 1604 bum
1045 1560 1175 1604 non
1237 1538 1430 1602 modo
1490 1546 1973 1612 contemnatur,
2047 1534 2162 1600 sed
2238 1534 2438 1598 etiam
2511 1530 2787 1615 pedibus

832 1624 1272 1703 conculcetur,
1336 1644 1573 1699 nonne,
1639 1624 1927 1703 inquam,
1975 1620 2102 1685 ista
2146 1629 2303 1684 sunt
2346 1616 2678 1682 horrenda
2722 1626 2788 1679 et

835 1708 1206 1792 stupenda?
1298 1707 1556 1788 Quibus
1615 1727 1813 1789 quum
1870 1705 2272 1771 occasionem
2332 1704 2783 1787 praebeamus,

832 1804 898 1860 et
938 1804 1197 1859 autores
1243 1815 1469 1859 eorum
1516 1793 1725 1875 ipsius
1770 1791 1977 1857 sancti
2014 1790 2284 1872 spiritus
2321 1809 2433 1853 ore
2470 1788 2784 1863 dicamur,

832 1900 1053 1944 nonne
1096 1879 1331 1943 merito
1375 1879 1653 1960 spoliare
1697 1898 1816 1942 nos
1861 1886 2018 1940 nota
2062 1876 2192 1953 illa,
2250 1894 2445 1956 quam
2493 1872 2784 1956 dederat,

831 1965 1159 2048 gratuitae
1204 1963 1573 2046 adoptionis
1611 1962 1865 2046 potest?
1915 1980 2132 2027 nonne
2169 1981 2207 2024 a
2243 1981 2314 2025 se
2350 1959 2574 2042 procul
2612 1958 2783 2024 able·

831 2071 1004 2132 gare,
1053 2060 1365 2131 tanquam
1411 2049 1716 2133 indignos
1762 2068 1925 2130 quos
1971 2056 2147 2111 terra
2183 2044 2555 2111 sustineat?
2603 2044 2783 2109 'l'alis

829 2156 989 2220 ergo
1047 2135 1169 2200 fuit
1230 2135 1732 2200 Philistinorum
1797 2133 2170 2215 triumphus
2237 2131 2465 2196 divino
2518 2128 2781 2208 iudicio,

829 2242 959 2305 quo
998 2220 1232 2285 terreri
1270 2241 1386 2285 nos
1422 2228 1695 2303 oportet,
1735 2241 1815 2284 ne
1852 2220 1919 2283 in
1958 2219 2231 2283 eandem
2270 2237 2419 2284 cum
2460 2216 2781 2282 Israelitis

828 2307 1087 2390 culpam
1161 2305 1546 2371 incidamus.
1638 2306 1989 2371 Caeterum
2058 2325 2137 2369 ex
2201 2325 2277 2368 eo
2337 2303 2505 2386 quod
2570 2301 2780 2366 Phili·

829 2393 993 2458 staei
1062 2402 1198 2456 tam
1271 2393 1440 2475 grati
1502 2411 1645 2457 sose
1705 2391 1844 2457 suis
1902 2389 2091 2454 idolis
2152 2390 2486 2467 exhibent,
2558 2396 2781 2455 nostra

827 2479 897 2543 in
949 2476 1239 2542 ratitudo
1313 2478 1525 2560 magis
1591 2487 1875 2561 apparet,
1952 2476 2063 2559 qui
2126 2476 2293 2541 bona
2344 2495 2777 2558 quaecunque

830 2499 1170 2642 haffiemus,
1255 2562 1397 2626 Deo
1481 2578 1747 2647 accepta
1830 2583 1961 2627 non
2028 2560 2391 2626 referimus.
2504 2561 2779 2628 Ethnici

832 2648 1120 2730 quidem,
1167 2648 1396 2730 fateor,
1443 2648 1675 2712 virtuti
1720 2668 1880 2713 suae
1924 2656 1990 2711 et
2035 2647 2423 2729 prudentiae
2468 2646 2776 2713 victorias

828 2753 983 2799 suas
1028 2732 1512 2799 adscribebant:
1559 2735 1672 2798 sed
1717 2742 1938 2798 tamen
1982 2734 2124 2816 ipso
2161 2742 2437 2798 naturae
2473 2732 2673 2798 ductu
2711 2743 2778 2798 et

827 2836 1025 2885 sensu
1072 2818 1359 2882 naturali
1405 2818 1737 2884 convincti
1783 2817 1928 2884 Deo
1964 2821 2158 2886 etiam
2198 2820 2441 2901 gratias
2477 2818 2773 2902 agebant.

828 2904 1000 2970 Nam
1062 2905 1188 2969 etsi
1249 2924 1476 2969 verum
1545 2905 1757 2971 Deum
1818 2906 1979 2973 coeli
2046 2917 2114 2973 et
2159 2913 2372 2974 terrae
2416 2914 2770 2974 creatorem

824 3012 958 3055 non
1027 2999 1456 3074 agnoverunt,
1524 2993 1636 3058 sed
1701 2993 1782 3058 ad
1848 2994 2242 3060 Astarothos
2307 3014 2458 3059 suos
2525 3006 2590 3056 et
2647 2994 2779 3057 alia

825 3077 1197 3142 istiusmodi
1267 3075 1441 3142 idola
1514 3080 1968 3164 confugerunt,
2059 3079 2481 3145 nihilominus
2557 3087 2774 3143 tamen

825 3162 1097 3228 coelitus
1142 3163 1484 3230 victoriam
1522 3165 1683 3246 ipsis
1718 3165 2098 3250 contingere
2134 3165 2617 3244 existimarunt,
2666 3184 2776 3230 ne·

826 3268 954 3330 que
1028 3249 1183 3314 solis
1256 3247 1629 3315 hominibus
1691 3251 1994 3316 victorias
2051 3270 2206 3315 suas
2265 3252 2775 3334 adscripserunt.

826 3332 1007 3398 Hinc
1048 3332 1211 3398 illud
1261 3334 1603 3417 vulgatum
1641 3334 1789 3418 plus
1826 3356 2012 3419 posse
2046 3336 2116 3399 in
2158 3336 2324 3401 bello
2360 3336 2777 3419 prudentiam

827 3428 896 3483 et
939 3420 1327 3502 sapientiam
1364 3441 1559 3501 quam
1604 3419 1945 3485 hominum
1984 3421 2191 3487 vires:
2240 3436 2313 3486 ut
2350 3421 2503 3487 hinc
2539 3441 2778 3504 agnos·

827 3524 1056 3571 camus
1103 3505 1319 3569 Deum
1368 3504 1652 3570 voluisse
1697 3526 1927 3571 omnes
1964 3506 2263 3572 homines
2299 3505 2780 3573 inexcusabiles

827 3586 1119 3667 reddere,
1180 3611 1382 3673 quum
1440 3592 1617 3672 ipsos
1676 3591 1808 3655 Dei
1850 3600 2346 3675 contemptores,
2408 3599 2474 3656 et
2514 3593 2782 3676 ignaros

826 3674 1128 3740 homines
1188 3675 1392 3740 voluit
1458 3684 1679 3741 tamen
1740 3676 2001 3759 aliquod
2062 3698 2307 3741 numen
2352 3698 2777 3762 cognoscere:

829 3769 904 3824 ut
948 3761 1039 3823 ita
1096 3762 1564 3842 profiterentur
1607 3782 1677 3826 se
1722 3763 1835 3825 uni
1886 3761 2029 3826 Dec
2076 3783 2411 3827 summum
2460 3764 2775 3828 honorem

829 3854 899 3908 et
933 3844 1370 3911 obedientiam
1410 3847 1683 3912 deferre.
1775 3846 1912 3913 Sed
1948 3847 2219 3912 interim
2260 3869 2463 3931 quum
2499 3849 2776 3931 gloriam

825 3944 892 3995 et
958 3930 1365 3996 maiestatem
1430 3931 1642 4014 ipsius
1709 3932 1790 3995 ad
1861 3952 1965 3997 res
2032 3944 2324 3999 mortuas
2388 3944 2458 3999 et
2503 3932 2778 3999 caducas

826 4016 1233 4081 transferunt
1300 4026 1366 4079 et
1432 4017 1923 4095 transformant,
1993 4017 2336 4100 dupliciter
2401 4020 2497 4083 rei
2558 4039 2775 4084 coram

824 4101 965 4184 ipso
1010 4101 1203 4166 fiunt.
1296 4100 1517 4182 Quare
1560 4112 1638 4167 ut
1674 4102 1892 4167 Deum
1930 4103 2177 4168 honore
2215 4104 2430 4170 debito
2464 4105 2775 4183 colamus,

824 4187 1022 4251 talem
1102 4187 1365 4269 qualem
1446 4207 1588 4251 sese
1667 4187 1856 4251 nobis
1936 4189 2241 4271 patefacit
2308 4208 2776 4272 agnoscamus:

825 4271 998 4420 guod
1069 4273 1212 4337 fieri
1282 4273 1509 4355 nequit
1574 4271 1719 4338 sine
1782 4274 1986 4356 ipsius
2051 4276 2273 4340 verbo.
2363 4274 2534 4355 Quis
2600 4275 2775 4339 euim

871 4356 1089 4422 ivinae
1135 4357 1495 4423 voluntatis
1541 4356 1715 4422 fidus
1760 4377 1903 4423 esse
1949 4368 2163 4442 potest
2206 4360 2410 4437 test-is,
2457 4361 2587 4425 nisi
2632 4380 2775 4424 eam

825 4461 909 4506 ex
953 4444 1163 4524 ipsius
1209 4444 1411 4508 verbo
1455 4442 1906 4508 intellexerit?
1998 4444 2334 4528 Quidquid
2381 4446 2588 4529 igitur
2632 4445 2777 4510 reli-

826 4527 1043 4610 gionis
1100 4528 1244 4593 sine
1304 4528 1431 4593 Dei
1491 4528 1694 4595 verbo
1756 4548 1873 4593 nos
1929 4528 2169 4595 habero
2229 4531 2775 4610 existimabimus,

827 4611 995 4675 nihil
1056 4613 1183 4678 nisi
1243 4612 1562 4680 diabolica
1617 4614 1993 4697 superstitio
2038 4626 2106 4679 et
2149 4615 2364 4681 illusio
2409 4617 2775 4699 apparebit:

824 4697 880 4762 si
947 4697 1209 4779 quidem
1278 4699 1349 4762 in
1418 4700 1555 4764 solo
1620 4699 1749 4765 Dei
1816 4700 2015 4764 verbo
2081 4701 2291 4766 divini
2357 4702 2577 4766 cultus
2621 4720 2778 4766 vera.

825 4784 995 4848 ratio
1067 4784 1466 4849 continetur.
1557 4783 1734 4865 Quid
1782 4783 1893 4849 uid
1972 4786 1985 4800 '
2037 4785 2171 4851 itur
2239 4787 2534 4870 papistae
2605 4786 2778 4851 bona

824 4867 1192 4933 intentione
1238 4870 1506 4945 faciunt,
1554 4871 1695 4933 sine
1807 4871 1867 4934 ei
1912 4807 2133 4948 vegim,
2180 4893 2360 4937 mera
2395 4881 2494 4937 est
2530 4871 2775 4937 abomi-

825 4953 1040 5017 natio:
1108 4955 1629 5036 quandoquidem
1697 4954 1792 5019 ita
1857 4955 2268 5022 deflexerunt
2330 4977 2369 5020 a
2435 4977 2592 5022 vero
2648 4956 2776 5022 Dei

826 5039 1030 5117 culta,
1075 5050 1151 5102 ut
1191 5039 1273 5105 de
1317 5039 1462 5105 Deo
1506 5038 1677 5105 nihil
1723 5041 1963 5119 norint,
2012 5042 2141 5107 nisi
2189 5042 2359 5124 quod
2415 5044 2774 5107 finxerunt.

825 5121 1178 5188 Caeterum
1222 5144 1425 5206 quum
1472 5124 1851 5191 idololatrae
1889 5128 2024 5193 suis
2072 5127 2446 5193 Astarothis
2482 5137 2552 5192 et
2585 5127 2778 5194 idolis

824 5208 1075 5291 gratias
1133 5221 1428 5292 egerunt,
1483 5209 1640 5294 quid
1699 5209 1874 5274 aliud
1936 5213 2059 5277 fuit
2102 5234 2300 5296 quam
2345 5233 2526 5278 mera
2571 5214 2777 5278 simu·

2512 319 2924 386 nomem
2973 317 3188 384 ovn.
3363 268 3370 277 ⁸
4670 319 4761 384 728

2894 506 3076 584 latio,
3123 503 3443 588 quidquid
3486 503 3645 586 ipsis
3688 503 4202 587 praestiterunt?
4292 504 4530 589 Pompa
4560 508 4763 589 quidem

2893 604 2961 658 et
3031 596 3388 674 apparatus
3462 590 3750 654 solennis
3824 609 3899 655 ac
3967 590 4452 674 magnificentia
4513 592 4766 674 quaedam

2894 678 3232 760 apparuit:
3292 674 3405 739 sed
3465 674 3683 739 inanis
3741 674 3855 739 illa
3914 676 4034 740 fuit
4091 677 4470 742 ostentatio:
4523 682 4768 760 quemad·

2891 764 3159 827 modum
3204 760 3489 842 loquitur
3530 758 3846 826 Habacuc
3890 761 4244 842 propheta:
4309 762 4666 828 Sacrificant
4699 765 4768 830 illi

2892 848 3029 913 suis
3075 846 3284 922 idolis,
3329 844 3444 909 sed
3490 865 3610 909 suo
3653 846 3777 910 reti
3822 846 4225 912 sacrificant:
4270 846 4335 911 id
4380 861 4479 912 est
4515 848 4769 931 sibiipsis

2893 952 3190 1015 suaeque,
3245 929 3630 994 industriae.
3744 930 3859 995 Sic
3924 933 4216 1013 papistas
4278 933 4473 997 hodie
4532 934 4768 1001 videmus

2895 1038 3130 1100 pompa
3174 1013 3460 1097 quadam
3505 1028 3570 1078 et
3614 1017 4104 1098 magnificentia
4154 1016 4297 1082 Deo
4342 1019 4581 1102 gratias
4610 1041 4771 1102 agere,

2891 1123 3078 1168 suam
3154 1100 3546 1165 industriam
3627 1100 4018 1182 praedicare,
4110 1103 4420 1169 virtutem
4497 1103 4770 1170 hominum

2893 1187 3162 1254 laudare
3220 1198 3285 1249 et
3345 1185 3771 1250 vehementer
3826 1186 4158 1265 extollere,
4221 1202 4294 1252 ut
4355 1190 4534 1254 Deus
4586 1190 4689 1253 iam
4723 1193 4772 1255 in

2891 1283 3338 1355 contemptum
3400 1271 3639 1348 veniat,
3708 1282 3775 1334 et
3831 1271 4022 1336 nihili
4075 1274 4210 1338 fiat.
4300 1275 4440 1338 Nos
4483 1296 4619 1339 vero
4655 1278 4773 1340 istas

2892 1358 3338 1425 caeremonias
3393 1358 3724 1421 intuentes
3768 1355 4236 1433 abominemur,
4295 1358 4548 1442 Deique
4587 1362 4773 1444 gloriae

2892 1455 2958 1510 et
3003 1442 3272 1508 honoris
3315 1440 3533 1506 studio
3570 1441 3663 1505 sic
3698 1441 4073 1524 flagremus,
4122 1455 4195 1507 ut
4232 1444 4630 1527 blasphemas
4659 1449 4773 1511 istas

2893 1548 3084 1595 voces
3129 1549 3212 1592 ex
3257 1526 3476 1591 animo
3522 1526 3954 1591 detestemur:
4021 1540 4086 1593 et
4130 1542 4362 1594 contra
4409 1529 4548 1595 Deo
4587 1532 4774 1615 gratias

2890 1634 3163 1699 agamus
3221 1612 3476 1676 sincere
3521 1626 3586 1674 et
3631 1610 3946 1694 quidquid
3994 1613 4310 1680 habemus
4358 1616 4658 1680 honorum
4695 1618 4774 1679 uni

2890 1700 2985 1764 illi
3045 1709 3382 1779 acceptum
3442 1696 3765 1760 feramus:
3825 1709 3894 1761 et
3937 1710 4070 1763 tam
4118 1700 4334 1765 verbis
4381 1721 4571 1783 quam
4612 1702 4774 1766 animo

2873 1785 3060 1869 'grati
3115 1783 3341 1861 simus,
3399 1801 3482 1845 ne
3540 1801 3611 1846 os
3665 1790 3966 1847 nostrum
4026 1786 4333 1867 superbia
4381 1795 4449 1850 et
4491 1788 4776 1850 ambitione

2887 1883 3161 1955 turgens
3226 1878 3544 1951 arguatur
3588 1868 3931 1934 mendacii.
4020 1869 4322 1936 luterum
4394 1892 4584 1953 quum
4635 1892 4776 1954 paga·

2887 1978 3123 2022 norum
3170 1951 3438 2017 illorum
3483 1966 3550 2016 et
3585 1952 4079 2019 idololatrarum
4111 1955 4578 2040 gratitudinem
4611 1958 4775 2021 vides-

2888 2064 3034 2108 mus
3078 2041 3144 2108 in
3193 2037 3483 2104 colendis
3527 2061 3771 2125 magna
3815 2059 4060 2125 pompa
4103 2052 4171 2104 et
4214 2042 4660 2125 superstitione
4688 2042 4776 2104 diis

2885 2129 3040 2208 suis,
3086 2146 3288 2210 quum
3331 2126 3532 2190 rebus
3575 2130 3881 2196 secundis
3919 2136 4285 2206 uterentur,
4329 2149 4418 2192 ne
4448 2149 4522 2193 eo
4553 2128 4777 2209 stuporis

2883 2227 2995 2280 aut
3064 2210 3433 2278 dementiae
3498 2213 3713 2294 potius
3787 2218 4152 2302 veniamus,
4242 2224 4316 2280 ut
4385 2212 4528 2278 Deo
4587 2213 4776 2296 gratias

2884 2320 3080 2385 agere
3140 2298 3221 2361 de
3276 2299 3557 2379 acceptis
3615 2298 3696 2364 ab
3752 2300 3895 2382 ipso
3964 2304 4292 2371 beneficiis
4337 2299 4774 2371 obliviscamur:

2883 2386 3000 2451 sed
3066 2382 3145 2449 de
3212 2380 3518 2448 omnibus
3583 2384 3678 2447 illi
3743 2388 3993 2470 gratias
4058 2410 4347 2475 agamus,
4420 2394 4492 2457 et·
4545 2384 4620 2449 ad
4667 2404 4773 2447 eum

2885 2491 3091 2537 unum
3137 2470 3206 2534 in
3252 2468 3449 2534 rebus
3492 2467 3866 2537 difficilibus
3911 2484 3977 2538 et
4013 2478 4312 2560 angustis
4347 2470 4773 2560 confugiamus.

2882 2558 3077 2623 Hanc
3120 2556 3200 2620 ob
3246 2573 3507 2619 causam
3550 2556 3817 2621 crebrae
3859 2559 3927 2623 in
3973 2562 4176 2627 sacris
4206 2572 4560 2629 occurrunt
4589 2555 4774 2627 exhor·

2884 2645 3179 2721 tationes,
3251 2652 3329 2704 ut
3387 2640 3514 2704 Dei
3576 2639 4040 2709 beneficiorum
4095 2668 4440 2729 memores,
4505 2648 4772 2715 canticum

2885 2730 3095 2796 laudis
3172 2729 3298 2811 ipsi
3378 2747 3708 2793 canamus.
3798 2728 3975 2795 Hinc
4055 2733 4207 2798 illae
4275 2733 4556 2799 Davidis
4615 2753 4772 2808 voces,

2885 2817 3078 2892 Deus,
3125 2814 3361 2896 inquit,
3393 2813 3616 2894 posuit
3655 2815 3727 2878 in
3769 2834 3872 2880 ore
3914 2836 4046 2883 meo
4088 2821 4402 2885 canticum
4445 2839 4667 2885 nom.
4711 2818 4770 2880 Et

2881 2901 3196 2969 Ieremias
3237 2899 3576 2982 propheta.
3647 2898 3898 2964 Novum
3939 2904 4270 2986 canticum,
4335 2907 4452 2986 ait,
4519 2905 4674 2971 Dans
4707 2908 4771 2968 in-

2878 2988 3086 3055 stituit
3143 2984 3307 3068 quod
3348 2985 3462 3049 toti
3518 3003 3673 3049 suae
3736 2985 4027 3053 ecclesiae
4066 2989 4264 3054 dedit.-
4328 2993 4567 3073 quibus
4607 2991 4771 3055 verbis

2881 3073 3035 3158 quid
3088 3071 3267 3142 aliud
3312 3069 3559 3136 indicat
3600 3090 3796 3152 quam
3841 3073 4014 3154 quod
4059 3076 4374 3144 ecclesiae
4421 3098 4649 3144 novum
4686 3076 4772 3158 ipsi

3004 3161 3128 3225 tias
3198 3157 3435 3241 agendi
3500 3156 3682 3221 dedit
3759 3163 4279 3244 argumentum?
4371 3165 4566 3231 Hanc
4623 3163 4771 3245 igitur

2880 3182 3243 3313 &trinam
3302 3243 3536 3308 animis
3595 3246 3836 3313 nostris
3893 3249 4179 3329 penitius
4239 3250 4607 3335 infigamus,
4674 3248 4771 3312 Deo

2880 3352 3022 3399 sese
3090 3329 3279 3394 nobis
3345 3329 3697 3411 propitium
3763 3342 3832 3394 et
3898 3334 4251 3417 benignum
4325 3335 4670 3409 exhibenti,
4727 3346 4771 3393 et

2881 3417 3051 3483 dona
3116 3415 3452 3479 liberalius
3520 3414 3846 3498 largienti,
3913 3433 3979 3482 et
4045 3421 4244 3486 rebus
4310 3420 4576 3487 afflictis
4631 3436 4772 3501 opem

2879 3503 3134 3577 ferenti,
3198 3500 3446 3583 gratias
3505 3501 3907 3568 immortales
3965 3505 4273 3589 agendas,
4342 3505 4570 3572 laudes
4617 3505 4773 3587 ipsius

2882 3586 3363 3671 praedicandas,
3423 3600 3488 3649 et
3547 3586 3823 3670 publice,
3881 3599 3960 3655 ut
4003 3603 4316 3671 meretur,
4374 3587 4772 3659 decantandas.

2880 3695 2965 3739 ne
3021 3676 3240 3755 ipsum
3299 3673 3442 3735 iure
3501 3692 3622 3736 suo
3682 3672 4076 3753 fraudemus,
4140 3687 4210 3742 et
4251 3678 4556 3762 sacrilegi
4591 3678 4773 3741 simus:

2881 3759 3025 3824 Deo
3080 3759 3255 3822 enim
3311 3778 3469 3821 suus
3528 3756 3737 3822 honor
3793 3761 4092 3844 eripitur,
4160 3783 4367 3845 quum
4430 3763 4510 3828 de
4550 3760 4774 3841 acceptis

2880 3845 2963 3910 ab
2998 3847 3137 3927 ipso
3178 3842 3511 3909 beneficiis
3545 3845 3797 3926 gratiae
3834 3867 3964 3910 non
4001 3860 4293 3930 aguntur
4324 3869 4495 3930 quae
4515 3847 4774 3912 debentur

2876 3944 2945 3996 et
2989 3929 3379 3995 nominatim
3423 3948 3624 4011 quum
3671 3950 3843 3995 novo
3891 3932 4202 3998 beneficio
4228 3953 4350 3999 nos
4369 3933 4552 3999 Deus
4586 3930 4772 4009 affecit,

2879 4037 3050 4082 novo
3094 4015 3293 4080 etiam
3336 4015 3591 4080 cantico
3636 4014 3850 4081 laudis
3895 4017 4100 4101 ipsius
4135 4018 4534 4102 praedicare,
4576 4028 4636 4083 et
4663 4036 4770 4099 grn-

2881 4103 3007 4167 tias
3061 4100 3158 4166 illi
3216 4120 3414 4183 agere
3473 4119 3593 4164 nos
3650 4113 3924 4182 oportet.
4016 4102 4234 4169 Deum
4294 4105 4476 4169 enim
4520 4097 4769 4168 laudandi

2880 4207 3072 4253 mane
3127 4189 3518 4268 vesperique
3576 4186 3735 4250 satis
3794 4208 4110 4270 magnum
4159 4196 4618 4273 argumentum
4654 4204 4768 4269 qno-

2881 4273 3041 4338 tidie
3099 4271 3444 4336 habemus:
3518 4269 3634 4336 sed
3704 4294 3903 4353 quum
3963 4275 4493 4339 extraordinaria
4545 4274 4768 4355 quadam

2880 4357 3133 4423 ratione
3178 4376 3319 4422 sese
3364 4356 3727 4425 beneficum
3775 4379 3933 4443 erga
3979 4382 4097 4425 nos
4140 4359 4467 4437 exhibuit,
4511 4380 4582 4424 eo
4620 4360 4770 4421 etiam

2880 4444 3091 4508 maius
3163 4452 3625 4525 argumentum
3700 4444 3888 4508 nobis
3958 4443 4368 4529 suppeditari
4433 4439 4767 4532 sacrosancti⁸

2878 4529 3164 4594 nominis
3237 4528 3444 4609 ipsius
3513 4531 3739 4609 magni
3806 4530 4088 4595 faciendi
4146 4531 4452 4596 sciamus.
4539 4528 4684 4593 Nam
4728 4542 4766 4586 a

2880 4614 3004 4680 hac
3062 4615 3130 4678 in
3188 4625 3377 4696 parte
3431 4615 3597 4679 muti
3653 4615 3987 4691 fuerimus,
4046 4616 4462 4697 officiumque
4519 4614 4766 4696 neglexe-

2881 4700 3107 4782 rimus,
3167 4719 3250 4763 en
3295 4697 3531 4781 quibus
3573 4700 3898 4766 iudicibus
3956 4700 4507 4767 condemnemur:
4577 4695 4762 4761 Philis-

2879 4786 3044 4850 taeis
3103 4784 3479 4862 idololatris,
3542 4787 3651 4868 qui
3710 4788 3847 4852 suis
3905 4786 4094 4851 idolis
4151 4786 4468 4852 maiorem
4515 4784 4764 4849 honorem

2877 4891 3074 4954 quam
3121 4890 3241 4935 nos
3287 4871 3537 4936 viventi
3586 4871 3726 4935 Deo
3769 4871 4228 4938 exhibuerunt.

3050 4956 3193 5021 Iam
3248 4954 3330 5019 ad
3386 4956 3657 5021 alteram
3701 4965 4047 5023 contextus
4093 4965 4350 5040 partem
4393 4964 4761 5021 transeamus,

2878 5043 2944 5107 in
3006 5062 3135 5124 qua
3193 5038 3501 5111 dicuntur
3553 5043 3791 5109 incolae
3869 5041 4056 5108 Iubes
4145 5040 4403 5108 Galaad
4457 5040 4535 5105 de
4584 5058 4645 5103 re
4675 5038 4758 5099 m

2877 5128 3163 5193 certiores·
3216 5126 3372 5206 facti
3422 5127 3649 5208 fuisse,
3708 5132 3766 5193 et
3819 5128 4160 5210 fortissimi
4201 5128 4431 5210 quique
4472 5138 4759 5191 summ

2878 5212 3208 5278 etvenisse
3247 5218 3840 5297 ruodmetcorpora
3889 5213 4758 5295 Sandisdfilionmemro
