5059 6059
824 333 904 399 71
2542 333 2952 402 HOMILIA
2995 333 3079 401 L.
4666 337 4728 405 72

825 523 1101 592 diceret:
1147 522 1302 590 Non
1347 530 1603 589 tantum
1645 544 1764 607 ego
1809 543 1915 589 me
1958 544 2178 591 coram
2225 525 2365 592 Deo
2408 526 2589 607 sisto,
2645 523 2758 609 qui

822 610 1077 678 iustitia
1119 620 1219 677 est
1261 621 1564 676 aeterna:
1624 607 1738 674 sed
1795 608 1993 675 etiam
2037 612 2324 677 maxime
2379 614 2569 678 cuius
2623 611 2758 676 vir·

827 708 940 762 tus
996 696 1120 762 fuit
1174 695 1526 779 conspicua
1578 694 1648 758 in
1694 693 2043 760 asserendo
2169 698 2321 780 pulo
2365 719 2483 763 suo
2530 719 2613 763 ex
2657 708 2759 781 ty·

828 782 1102 849 rannids
1135 802 1265 865 qua
1297 780 1756 865 premebamur
1791 780 1873 846 ab
1910 778 2082 846 hosti
2126 804 2222 861 us,
2267 784 2339 848 in
2375 782 2760 862 libertatem,

827 879 903 934 ut
942 888 1083 934 sese
1125 878 1426 932 nostrum
1484 875 1883 932 servatorem
1943 866 2321 934 ostenderit.
2412 869 2582 934 Volo
2637 867 2759 933 ita-

829 973 954 1038 que
997 953 1194 1037 duplo
1253 950 1544 1019 severius
1587 951 1667 1016 ab
1727 950 1841 1017 illo
1901 953 2121 1037 puniri
2179 955 2305 1022 nisi
2363 954 2759 1021 sententiam

828 1039 1036 1105 latam
1096 1038 1481 1122 implevero.
1589 1038 1886 1104 Tertium
1953 1037 2235 1124 denique
2298 1038 2756 1121 iusiurandum

831 1123 1029 1202 addit,
1095 1124 1191 1190 ita
1255 1123 1452 1190 faciat
1519 1123 1682 1188 mihi
1740 1122 1946 1205 Deus,
2012 1136 2081 1191 et
2144 1127 2238 1191 ita
2302 1137 2566 1211 pergat:
2633 1145 2760 1208 qua

831 1208 1052 1293 phrasi
1097 1211 1165 1275 in
1207 1208 1550 1293 scripturis
1592 1209 1831 1274 usitata
1887 1208 2063 1276 idom
2106 1212 2159 1277 si
2212 1212 2529 1292 nificatur‚
2584 1232 2659 1278 ac
2703 1209 2760 1277 si

831 1298 979 1382 quis
1021 1295 1209 1375 dicat,
1255 1295 1474 1360 Deum
1515 1314 1743 1379 precor
1791 1305 1862 1360 ut
1908 1317 2012 1361 me
2055 1297 2125 1362 in
2217 1319 2292 1364 oc
2337 1297 2580 1364 mundo
2638 1318 2758 1380 pu-

832 1383 994 1460 niat,
1056 1392 1121 1446 et
1165 1383 1232 1448 in
1291 1382 1514 1458 altero,
1583 1380 1712 1447 nisi
1769 1391 1887 1448 etc.
1978 1381 2203 1463 Quum
2258 1385 2463 1469 igitur
2518 1383 2761 1449 multae

833 1468 1334 1554 castigationum
1392 1466 1883 1533 accumulantur
1945 1470 2229 1552 species„
2278 1484 2354 1535 ut
2411 1472 2597 1536 Deus
2656 1469 2758 1535 vel

837 1553 977 1633 hac,
1047 1554 1149 1620 vel
1208 1553 1323 1618 illa
1379 1554 1625 1637 puniat,
1684 1552 2049 1619 istiusmodi
2107 1556 2589 1639 imprecationi:
2650 1554 2764 1621 Sic

834 1639 1030 1706 faciat
1072 1639 1237 1705 mihi
1280 1638 1481 1718 Deus,
1524 1638 1705 1705 locus
1748 1647 1864 1705 est.
1966 1638 2187 1724 Atque
2227 1643 2388 1708 haec
2431 1651 2532 1708 est
2575 1642 2763 1707 istius

834 1725 1096 1811 phrasis
1141 1725 1260 1802 vis,
1320 1724 1446 1790 etsi
1489 1720 1799 1789 videntur
1845 1746 2032 1791 voces
2076 1724 2394 1812 abruptae
2448 1738 2514 1793 et
2558 1729 2761 1791 inter·

835 1812 1040 1879 cisae:
1088 1821 1159 1877 ut
1201 1811 1272 1875 in
1315 1809 1593 1875 iurando
1639 1809 1870 1877 modus
1914 1820 2235 1895 teneatur,
2281 1835 2381 1894 ne,
2446 1821 2522 1879 ut
2565 1812 2765 1897 pleri-

836 1919 965 1982 que
1007 1897 1253 1965 habent
1307 1895 1380 1961 in
1426 1916 1627 1974 more,
1682 1893 1765 1960 ad
1809 1897 2021 1962 varias
2064 1907 2129 1963 et
2171 1897 2534 1966 horrendas
2577 1919 2763 1965 exse-

838 1984 1163 2050 crationes
1244 1984 1377 2048 sint
1452 1980 1890 2067 procliviores.
2000 1981 2218 2065 Quam
2282 1986 2523 2051 multos
2589 1986 2765 2051 enim

836 2067 1030 2136 hodie
1072 2069 1295 2136 videas
1316 2067 1477 2134 adeo
1517 2066 1900 2147 insolentes,
1949 2076 2020 2134 ut
2063 2068 2239 2137 diras
2283 2071 2765 2139 exsecrationes

840 2165 1168 2232 evomant,
1215 2153 1298 2220 ad
1341 2174 1501 2238 quos
1544 2162 1837 2237 oporteat
1896 2154 2222 2222 auditores
2278 2165 2449 2223 totos
2506 2157 2768 2224 cohorr-

840 2261 1076 2319 escere,
1123 2239 1310 2323 quasi
1351 2239 1572 2304 Deum
1612 2239 1832 2321 ipsum
1874 2239 1942 2304 in
1980 2241 2208 2307 faciem
2247 2252 2465 2326 petere
2500 2242 2765 2324 vellent,

884 2348 1043 2392 uum
1106 2325 1229 2392 sibi
1277 2326 1457 2391 varia
1511 2324 1774 2407 fingunt
1817 2336 2128 2410 monstra,
2167 2336 2239 2393 et
2282 2330 2349 2394 in
2394 2327 2623 2395 inferis
2665 2351 2768 2395 se-

838 2349 953 2478 des
1014 2422 1080 2477 et
1135 2411 1280 2477 istis
1334 2409 1574 2476 similia
1638 2409 2078 2477 fabricantur?
2166 2412 2275 2490 At,
2342 2426 2416 2481 ut
2473 2414 2629 2493 dixi,
2693 2416 2765 2480 in

841 2497 1185 2581 scripturis
1228 2497 1568 2562 intercisae
1613 2507 1679 2560 et
1723 2496 2038 2580 abruptae
2091 2497 2607 2566 iuramentorum
2657 2523 2764 2567 vo·

838 2605 947 2650 ces
1013 2582 1340 2659 videntur,
1409 2595 1483 2647 ut
1547 2581 1894 2648 doceamur
1955 2593 2248 2666 oportere
2313 2584 2615 2652 homines
2681 2584 2765 2652 ad

840 2667 970 2734 Dei
1029 2689 1268 2733 nomen
1327 2668 1576 2751 quoties
1643 2689 1759 2751 per
1812 2666 1979 2734 illud
2036 2682 2187 2735 sunt
2253 2672 2531 2737 iuraturi
2600 2682 2767 2739 totos

840 2754 1131 2822 horrere.
1176 2753 1423 2820 Idcirco
1466 2752 1630 2820 Saul
1675 2754 1797 2820 hoc
1840 2754 1979 2820 loco
2023 2754 2132 2832 ait,
2178 2755 2424 2824 Iehova
2465 2759 2561 2822 ita
2602 2758 2765 2823 mihi

838 2840 1053 2918 faciat,
1111 2850 1233 2906 etc.
1288 2861 1369 2905 ex
1412 2838 1644 2923 quibus
1686 2838 1992 2906 docemur
2036 2861 2169 2905 non
2212 2852 2510 2926 oportere
2559 2843 2763 2909 homi·

837 2947 954 2992 nes
1011 2925 1136 2991 sibi
1195 2925 1519 2991 licentiam
1578 2925 1837 2990 iurandi
1894 2927 2288 3009 permittere,
2360 2938 2432 2994 ut
2492 2930 2764 2995 nimium

842 3011 961 3078 hac
1006 3011 1076 3076 in
1134 3019 1319 3094 parte
1376 3010 1590 3076 solent
1643 3032 1949 3095 peccare:
2005 3011 2120 3078 sed
2175 3014 2390 3096 potius
2451 3023 2766 3098 tanquam

837 3097 1068 3163 fraeno
1113 3097 1397 3180 quodam
1443 3097 1727 3162 retineri.
1814 3097 1961 3163 Etsi
2007 3095 2273 3165 Saulem
2319 3101 2424 3166 hic
2469 3100 2767 3166 videmus

835 3182 1161 3270 gradatim
1205 3182 1287 3248 ad
1331 3201 1661 3247 summum
1697 3181 2106 3269 adscendere,
2152 3196 2218 3250 et
2258 3204 2501 3269 poenas
2547 3186 2766 3269 poenis

837 3268 1204 3337 cumulare:
1249 3266 1611 3334 Modestius
1647 3267 1822 3333 enim
1859 3267 2070 3351 primo
2104 3269 2415 3354 loquutus
2450 3284 2571 3349 est,
2616 3294 2768 3338 mox

840 3354 1217 3423 violentius:
1290 3363 1355 3419 et
1421 3351 1684 3420 tandem
1751 3355 2137 3438 gravissime
2202 3378 2407 3440 quum
2472 3357 2599 3423 ait:
2660 3358 2770 3424 Ita

838 3439 1034 3507 faciat
1091 3439 1251 3504 mihi
1308 3448 1376 3505 et
1422 3438 1645 3517 addat,
1707 3450 1771 3504 et
1830 3440 1921 3505 ita
1964 3440 2137 3506 mala
2181 3442 2370 3509 malis
2416 3453 2481 3508 et
2524 3464 2769 3526 poenas

838 3525 1064 3609 poenis
1115 3524 1435 3590 cumulari
1487 3537 1786 3609 precatus
1831 3535 1962 3593 est:
2020 3527 2192 3610 quod
2248 3527 2599 3613 diligenter
2655 3530 2767 3597 ob·

840 3609 1239 3678 servandum
1297 3619 1423 3676 est:
1485 3610 2007 3695 quandoquidem
2065 3612 2134 3678 id
2191 3612 2378 3680 nobis
2435 3615 2571 3680 fere
2613 3637 2767 3683 con·

848 3697 1064 3780 tingit,
1130 3706 1202 3761 ut
1258 3697 1328 3761 in
1387 3697 1576 3762 malis
1633 3717 2146 3780 perseveremus,
2212 3709 2278 3766 et
2339 3701 2412 3764 in
2469 3699 2768 3768 sordibus

850 3782 1092 3846 nostris
1149 3780 1554 3859 haereamus,
1616 3792 1682 3847 et
1727 3783 1937 3867 magis
1982 3805 2058 3850 ac
2103 3786 2311 3870 magis
2353 3786 2424 3851 in
2468 3787 2551 3853 iis
2587 3787 2769 3854 lasci·

851 3868 1124 3944 viamus,
1164 3865 1366 3934 donec
1401 3866 1482 3931 ad
1517 3869 1882 3952 iniquitatis
1917 3891 2246 3935 summum
2290 3873 2767 3954 perveniamus,

853 3953 978 4019 nisi
1023 3953 1245 4018 fraeno
1292 3953 1472 4018 velut
1513 3953 1752 4021 iniecto
1781 3954 1870 4020 ab
1915 3955 2044 4020 illis
2089 3955 2555 4023 deterreamur.

1020 4036 1402 4122 Sequuntur
1465 4039 1769 4124 deinceps
1834 4039 2188 4107 Ionathani
2253 4044 2469 4121 verba,
2536 4044 2770 4127 quibus

843 4123 924 4190 de
968 4124 1209 4190 iniuria
1266 4124 1391 4191 sibi
1450 4126 1618 4193 facta
1670 4127 2104 4209 conqueritur,
2160 4130 2581 4195 tantummodo·
2628 4150 2773 4214 qus·

843 4211 976 4276 tavi
1043 4212 1418 4277 extremitate
1478 4210 1681 4278 baculi
1730 4232 1974 4293 parum
2031 4212 2270 4279 mellis.-
2332 4234 2457 4282 ecee
2512 4235 2627 4299 me,
2683 4236 2771 4281 an

838 4294 1167 4362 morerer?
1225 4294 1461 4379 quibus
1519 4298 1721 4381 patris
1776 4297 2225 4364 crudelitatem
2271 4300 2543 4380 incusat,
2601 4301 2771 4384 quod

842 4382 912 4447 in
965 4403 1043 4447 ea
1096 4382 1559 4448 exsecrationis
1605 4382 1849 4447 ultione
1905 4404 2088 4449 mera
2130 4387 2214 4452 sit
2257 4386 2577 4452 iniustitia
2618 4409 2767 4453 cum

844 4468 1227 4533 crudelitate
1272 4469 1638 4534 coniuncta.
1703 4467 2150 4537 Nihilominus
2195 4481 2410 4537 tamen
2459 4471 2619 4539 Saul
2664 4473 2766 4537 in·

838 4555 1178 4620 nocentiae
1243 4553 1420 4618 illius
1478 4553 1916 4620 defensionem
1983 4578 2114 4622 non
2181 4558 2395 4623 audit:
2462 4557 2630 4643 quod
2694 4559 2767 4624 in

835 4640 1188 4705 temerario
1228 4661 1346 4705 suo
1390 4640 1758 4705 iuramento
1803 4662 2066 4724 prorsus
2110 4645 2440 4709 caecutiat.
2500 4644 2592 4710 Et
2634 4665 2766 4709 non

839 4724 1110 4792 dubium
1157 4735 1257 4789 est
1303 4726 1461 4808 quin
1518 4726 1643 4790 sibi
1701 4746 1940 4792 nomen
2002 4738 2260 4811 praeter
2318 4727 2766 4795 crudelitatem

837 4813 1176 4894 acquirere
1218 4811 1526 4876 voluerit:
1590 4823 1657 4877 et
1700 4812 2052 4878 ambitione
2109 4814 2438 4895 laborarit,
2496 4826 2565 4881 et
2620 4836 2767 4881 ver-

835 4896 993 4962 bum
1031 4919 1070 4963 a
1105 4917 1260 4981 rege
1296 4898 1653 4980 profectum
1690 4897 2111 4964 irrevocabile
2146 4922 2286 4965 esse
2321 4898 2768 4968 demonstrare

839 4982 1192 5047 affectarit:
1260 4994 1333 5046 ut
1390 4981 1513 5049 hac
1578 4985 1826 5048 ratione
1887 4986 2195 5050 maiorem
2256 4994 2500 5050 metum
2559 4986 2640 5053 de
2697 5007 2767 5053 se

835 5068 1214 5148 concitaret,
1271 5068 1381 5149 qui
1439 5068 1610 5135 serio
1667 5091 1925 5154 semper
1978 5079 2045 5135 et
2102 5070 2611 5138 irrevocabiliter
2672 5072 2766 5137 lo-

833 5162 1164 5237 queretur.
1251 5152 1476 5234 Quare
1519 5152 1866 5222 Ionathani
1925 5157 2253 5222 excusatio
2298 5178 2428 5222 non
2473 5157 2767 5224 admitti-

829 5239 945 5305 tur
978 5258 1019 5303 a
1053 5244 1256 5321 patre,
1284 5261 1470 5389 *squas
1506 5252 1725 5307 tamen
1763 5262 2019 5309 summa
2055 5242 2377 5327 aequitate
2414 5242 2761 5323 nitebatur,

2859 522 2973 591 sed
3033 542 3229 607 quam
3289 520 3513 590 Saulis
3565 523 3872 609 superbia
3940 544 4074 591 non
4136 526 4508 611 recipiebat.
4597 527 4734 596 Hinc

2861 607 3178 688 discunt0,
3223 609 3339 693 qui
3381 608 3464 676 ad
3507 631 3795 678 summos
3851 610 4131 678 honores
4190 615 4397 679 evecti
4453 622 4612 695 sunt,
4656 636 4737 681 ca-

2862 715 3013 763 vere
3059 715 3142 760 ne
3185 714 3305 760 sua
3361 696 3735 781 arrogantia
3793 696 4092 763 reiiciant
4148 697 4271 764 sibi
4341 699 4444 764 vel
4482 699 4558 765 ab
4598 701 4611 714 ‘
4718 739 4738 752 -

2859 782 2952 847 ris
2995 780 3103 847 vel
3146 780 3435 848 abiectae
3479 781 3869 848 conditionis
3912 781 4292 850 hominibus
4337 787 4536 851 factas
4566 722 4743 852 affi-

2859 866 3171 932 nitiones:
3231 888 3384 935 nam
3439 876 3691 933 certum
3749 882 3848 934 est
3906 868 4059 934 inde
4125 871 4479 936 maximam
4534 882 4743 955 partem

2859 951 3372 1036 corruptelarum
3428 953 3498 1018 in
3555 951 3812 1020 iudiciis
3855 954 4254 1039 contingere,
4317 977 4517 1039 quum
4557 977 4744 1040 super-

2861 1037 2969 1103 bia
3010 1048 3077 1102 et
3119 1038 3493 1123 arrogantia
3536 1038 3781 1105 iudices
3823 1039 3919 1107 sic
3964 1051 4419 1123 excaecantur,
4479 1052 4551 1108 nt
4588 1043 4746 1108 mise-

2859 1143 3082 1274 ffim
3127 1121 3467 1190 hominum
3510 1124 3805 1209 querelas
3849 1124 3957 1192 vel
4003 1123 4472 1194 admonitiones
4508 1149 4629 1193 non
4656 1148 4746 1193 au-

3030 1293 3360 1378 Deinceps
3407 1316 3561 1362 vero
3617 1292 3857 1362 dicitur
3913 1297 4206 1380 populus,
4264 1298 4460 1364 etiam
4506 1299 4635 1364 iure
4670 1300 4748 1366 iu-

2865 1379 3066 1444 rando
3112 1378 3334 1446 Saulis
3390 1382 3818 1447 exsecrationi
3880 1384 4228 1463 contrario,
4284 1384 4638 1451 affirmasse
4673 1386 4752 1451 Io-

2864 1464 3231 1531 nathanum
3298 1467 3565 1532 minime
3607 1467 4017 1534 moriturum.
4105 1469 4445 1536 Hactenus
4489 1492 4749 1555 magnam

2863 1549 3060 1617 huius
3125 1551 3351 1636 populi
3409 1552 3845 1618 obedientiam
3912 1553 4300 1637 andivimus,
4380 1556 4510 1621 imo
4574 1558 4751 1639 potius

2865 1646 3198 1721 stuporem
3258 1637 3600 1721 quendam,
3655 1658 3781 1722 quo
3839 1639 4088 1705 factum
4148 1653 4266 1721 est,
4332 1654 4405 1707 ut
4461 1663 4644 1707 nemo
4690 1666 4753 1708 ex

2867 1732 3002 1787 toto
3049 1723 3282 1806 populo
3339 1723 3731 1807 respondere
3776 1722 3959 1790 Sauli
4016 1724 4104 1792 sit
4147 1747 4364 1793 ansus.
4453 1728 4549 1794 At
4588 1748 4752 1812 quum

2865 1808 3307 1874 Ionathanum
3352 1808 3431 1874 de
3477 1810 3610 1875 vita
3670 1810 4020 1893 periclitari
4081 1811 4563 1893 animadvertit,
4617 1835 4753 1878 rem·

2866 1914 2989 1978 que
3031 1893 3222 1959 istam
3269 1916 3308 1960 a
3353 1892 3555 1961 Saule
3595 1895 3765 1960 serio
3811 1896 3936 1980 agi,
3981 1905 4120 1961 tum
4164 1917 4305 1963 sese
4349 1910 4575 1981 aperte
4615 1900 4754 1983 reg-is

2866 1980 3201 2046 conatibus
3244 1982 3565 2064 opposuit,
3623 1979 4191 2068 Ionathanumque
4233 2005 4361 2048 non
4406 2005 4553 2051 esse
4594 1986 4755 2050 mori·

2868 2076 3087 2132 turum
3165 2065 3529 2133 iuramento
3606 2067 4039 2133 confirmavit.
4151 2068 4455 2136 Profecto
4522 2071 4753 2135 minime

2868 2150 3135 2217 dubium
3182 2165 3280 2218 est
3334 2153 3487 2236 quin
3538 2150 3681 2218 Deo
3735 2152 4110 2237 impellente
4164 2156 4445 2239 populus
4505 2157 4599 2221 ita
4647 2178 4758 2222 sese

2866 2237 3235 2303 iuramento
3292 2237 3717 2304 adstrinxerit
3773 2239 3854 2304 ad
3913 2237 4353 2305 Ionathanum
4409 2244 4607 2307 morti
4659 2245 4758 2307 sri-

2867 2321 3195 2407 piendum,
3257 2336 3330 2389 ut
3374 2321 3537 2388 Saul
3594 2324 4003 2409 arrogantiae
4058 2345 4217 2390 snae
4277 2347 4519 2410 poenas
4575 2328 4757 2394 daret:

2867 2421 2942 2475 ut
2985 2410 3040 2475 si
3102 2411 3268 2474 forte
3320 2410 3766 2475 iuramentum
3822 2431 4011 2476 suum
4072 2410 4285 2477 locum
4345 2411 4589 2479 habere
4646 2413 4757 2478 vel·

2868 2496 2978 2575 let,
3066 2497 3396 2561 contrario
3496 2496 3861 2561 iuramento
3947 2495 4392 2581 impediretur,
4481 2498 4761 2584 populus·

2868 2603 2991 2665 que
3058 2580 3474 2647 multitudine
3537 2582 3848 2649 vinceret.
3936 2582 4188 2666 Nempe
4246 2592 4320 2648 ut
4379 2583 4669 2651 dicerent
4708 2605 4759 2649 se

2868 2688 3091 2731 omnes
3136 2666 3403 2750 iurasse,
3461 2688 3537 2733 ac
3573 2667 3843 2751 proinde
3887 2690 4015 2734 non
4060 2689 4248 2753 posse
4288 2670 4357 2734 in
4401 2671 4610 2754 ipsius
4649 2692 4762 2735 sen·

2869 2751 3144 2816 tentiam
3191 2750 3611 2818 descendere:
3672 2752 3843 2838 quod
3896 2754 4071 2821 solus
4127 2755 4266 2837 ipse
4312 2754 4479 2821 nihil
4525 2756 4605 2822 ad
4644 2756 4761 2821 illos

2870 2858 3096 2903 omnes
3160 2850 3410 2921 posset:
3490 2848 3685 2922 atque
3749 2840 3841 2905 ita
3906 2840 4361 2923 provideretur
4425 2841 4761 2908 Ionathano

2872 2946 2953 2987 ne
2996 2923 3136 2989 vita
3191 2924 3633 2991 mulctaretur.
3722 2924 3925 2991 Porro
3968 2927 4192 3009 quaeri
4243 2940 4482 3010 potest,
4538 2939 4763 2995 rectene

2870 3010 3097 3076 fecerit
3173 3010 3452 3092 populus
3517 3010 3881 3076 iuramento
3944 3012 4266 3077 contrario
4331 3010 4559 3079 Saulis
4621 3014 4760 3078 iura·

2869 3106 3164 3161 mentum
3208 3116 3612 3180 oppugnans.
3659 3096 3764 3161 Ad
3809 3116 4003 3196 qnam
4041 3097 4489 3180 quaestionem
4526 3118 4761 3182 respon·

2870 3180 3153 3246 dendum
3213 3198 3330 3261 est,
3396 3181 3464 3246 in
3530 3181 3724 3247 rebus
3788 3182 4026 3249 divinis
4085 3182 4381 3249 homines
4437 3185 4760 3250 caecutire:

2870 3286 2946 3334 ac
3010 3267 3284 3350 proinde
3350 3278 3650 3351 oportere
3714 3266 3862 3334 illos
3925 3290 4127 3352 quum
4196 3269 4274 3332 de
4340 3271 4606 3337 arcanis
4663 3268 4761 3334 Dei

2871 3351 3154 3419 consiliis
3212 3353 3448 3436 agitur,
3514 3353 3612 3419 ori
3670 3373 3786 3418 suo
3843 3353 4118 3439 digitum
4176 3374 4528 3437 apponere,
4594 3367 4655 3421 et
4704 3353 4762 3418 iis

2869 3448 3204 3505 contentos
3259 3460 3401 3504 esse
3458 3459 3627 3522 qnae
3672 3437 3858 3505 nobis
3907 3441 4084 3505 Deus
4139 3439 4338 3506 verbo
4382 3462 4509 3507 suo
4555 3440 4762 3525 patea-

2868 3524 2976 3589 cit.
3062 3522 3232 3588 Nam
3291 3544 3492 3606 quum
3537 3524 3722 3591 Deus
3775 3523 4142 3592 admirabili
4196 3525 4479 3608 quodam
4523 3527 4761 3594 consilio

2868 3631 2985 3676 suo
3043 3608 3409 3675 istiusmodi
3465 3610 3779 3694 quaedam
3840 3610 4140 3694 exempla
4195 3610 4275 3676 ad
4335 3622 4635 3679 nostram
4684 3613 4761 3677 in·

2868 3695 3290 3762 structionem
3336 3695 3555 3775 edidit,
3613 3717 3742 3761 non
3788 3695 3930 3762 ideo
3975 3707 4194 3763 tamen
4237 3698 4545 3782 sequitur
4587 3696 4761 3764 bomi-

2869 3801 2986 3848 nes
3053 3801 3130 3846 ea
3194 3780 3506 3848 facientes
3565 3803 3693 3848 non
3760 3780 4099 3849 deflectere
4165 3804 4205 3849 a
4268 3796 4447 3849 recto
4517 3785 4762 3857 tramite.

2869 3868 3020 3934 licet
3062 3886 3287 3932 eorum
3330 3888 3526 3951 opera
3571 3868 3752 3934 Dens
3795 3868 3874 3933 ad
3917 3890 4110 3934 suum
4153 3869 4563 3952 implendum
4597 3868 4765 3937 consi-

2870 3954 3031 4019 lium
3076 3973 3233 4020 usus
3276 3952 3379 4018 sit.
3470 3953 3719 4021 Verum
3781 3963 3998 4020 tamen
4055 3953 4166 4019 lex
4210 3955 4485 4020 Domini
4544 3972 4763 4038 semp&

2870 4039 3131 4122 integra
3189 4050 3256 4103 et
3314 4037 3565 4105 illibata
3625 4052 3877 4106 manet:
3942 4040 4361 4124 quamobrem
4420 4035 4763 4108 istiusmodi

2870 4124 3279 4210 quaestiones
3344 4123 3805 4209 relinquendae
3869 4140 4024 4191 sunt
4079 4138 4389 4209 tanquam
4459 4147 4665 4193 vanae
4713 4137 4761 4187 et

2870 4207 3152 4287 inutiles,
3216 4211 3347 4275 imo
3413 4221 3479 4275 et
3540 4211 3797 4294 impiae,
3874 4212 3932 4278 si
3999 4212 4143 4296 quis
4208 4212 4338 4277 illis
4403 4212 4493 4278 ad
4559 4210 4764 4295 effugia

2913 4294 3240 4361 uaerenda
3333 4295 3490 4362 velit
3551 4297 3735 4363 abuti
3806 4307 4067 4364 rectene
4134 4319 4218 4364 an
4284 4298 4458 4364 male
4528 4298 4763 4383 populus

2897 4381 3113 4448 ecerit.
3203 4380 3505 4447 Sufficiat
3558 4383 3747 4449 nobis
3798 4381 4015 4449 Deum
4060 4403 4138 4448 ea
4194 4385 4448 4449 ratione
4511 4384 4761 4451 voluisse

2868 4465 3309 4534 Ionathanum
3367 4467 3532 4552 eripi
3588 4469 3817 4535 mortis
3868 4469 4175 4553 periculo,
4239 4491 4442 4553 quum
4490 4472 4621 4536 iam
4660 4468 4760 4533 ism

2869 4553 3066 4619 morti
3123 4550 3486 4620 destinatus
3545 4554 3839 4639 sepulcro
3897 4555 4236 4622 imminere
4295 4554 4651 4634 videretur,
4705 4556 4760 4617 ut

2871 4638 3090 4707 Saulis
3135 4641 3434 4723 tyrannis
3469 4661 3543 4705 eo
3577 4640 3769 4707 modo
3805 4639 4165 4725 puniretur.
4213 4640 4565 4709 Caeterum
4600 4660 4758 4724 popu·

2867 4727 2972 4792 lus
3037 4744 3297 4790 causam
3364 4727 3716 4809 speciosam
3782 4725 4023 4806 adiicit,
4090 4725 4513 4793 Ionam
4572 4726 4757 4811 feei-sse

2865 4812 3129 4879 salutem
3420 4832 3484 4876 m
3546 4813 3617 4877 in
3670 4812 3924 4892 Isra'e’le,
3988 4817 4046 4878 et
4097 4832 4235 4877 eum
4294 4811 4434 4878 Deo
4492 4833 4622 4878 esse
4674 4808 4757 4874 azo

2866 4898 2967 4964 die
3030 4901 3366 4977 operatum.
3454 4896 3709 4978 Quibus
3777 4896 3991 4964 verbis
4068 4896 4315 4965 indicat
4380 4898 4651 4983 populus
4702 4895 4755 4957 in

2868 4985 3082 5049 Deum
3142 4981 3354 5065 ipsum
3409 4983 3716 5048 iniuriam
3775 4983 4309 5062 redundaturam,
4380 4984 4435 5049 si
4502 4984 4573 5048 in
4616 5000 4753 5059 eum,

2867 5071 3051 5134 cuius
3095 5088 3292 5151 opera
3336 5076 3507 5134 esset
3565 5090 3721 5135 usus
3764 5067 3845 5134 ad
3890 5069 4163 5136 salutem
4211 5068 4451 5154 populo
4493 5067 4753 5133 adferen-

2867 5154 3037 5235 dam,
3107 5153 3490 5220 saeviretur.
3595 5152 3773 5220 Sane
3833 5175 4024 5239 saepe
4079 5155 4342 5238 quidem
4400 5153 4643 5231 accidit,
4698 5158 4755 5246 n}

2866 5261 2971 5307 res
3012 5260 3287 5324 magnas
3327 5238 3589 5323 quidam
3624 5254 3876 5325 gerant,
3916 5251 3982 5307 et
4026 5242 4338 5308 memoria
4380 5239 4623 5325 dignas,
4662 5255 4749 5320 qm
