5059 6059
380 359 502 423 729

364 547 704 631 pendentia
760 546 1111 630 sustulisse,
1177 549 1509 631 eadamque
1550 549 1688 635 iym‘
1729 569 2053 630 cremasse,
2093 555 2151 616 et
2193 554 2329 616 tan-

375 635 510 700 dem
566 652 713 698 ossa
765 631 1071 714 sepelisse.
1162 633 1243 699 In
1317 635 1550 718 primis
1603 634 2084 703 observandum
2143 636 2326 700 illam

376 717 603 785 urbem
665 717 857 784 Sauli
912 718 1225 800 privatim
1286 720 1489 786 fuisse
1548 721 1941 797 devinctam,
2008 721 2329 805 singulari

378 803 583 889 ipsius
642 824 799 885 erga
859 804 1068 884 ipsam
1132 804 1462 886 beneficio,
1560 805 2066 873 uemadmodum
2130 807 2329 873 huius

374 888 684 955 historiae
720 887 908 954 initio
945 889 1345 957 audivimus:
1391 912 1519 976 quo
1599 892 1935 959 obsidione
1970 892 2327 970 liberasset,

374 985 439 1040 et
481 974 872 1059 urgentibus
917 973 1101 1039 illam
1147 976 1463 1055 hostibus,
1510 988 1578 1043 et
1620 980 1878 1061 iniquas
1913 998 1988 1043 ac
2029 977 2328 1044 crudeles

374 1059 780 1127 conditiones
853 1060 1301 1138 offerentibus,
1377 1074 1747 1147 opportune
1805 1064 2144 1147 suppetias
2200 1063 2327 1146 ipsi

373 1146 644 1213 tulisset.
734 1145 946 1211 Cuius
1014 1144 1313 1213 beneficii
1371 1149 1686 1214 memoria
1739 1150 2033 1234 ipsorum
2087 1149 2325 1215 animis

372 1231 568 1297 altius
626 1232 841 1296 defixa
900 1231 1166 1314 impulit
1221 1252 1332 1296 eos
1390 1242 1463 1298 ut
1506 1256 1626 1300 suo
1670 1235 1957 1319 periculo
2003 1234 2326 1299 cadavera

371 1316 591 1383 Saulis
633 1326 704 1381 et
744 1316 1028 1381 filiorum
1068 1317 1367 1383 hostibus
1401 1319 1655 1404 eripere
1690 1321 1907 1385 conati
1942 1319 2078 1384 sint
2114 1319 2325 1384 hono-

373 1403 549 1468 rifice
608 1400 1014 1468 tumulanda.
1104 1402 1253 1484 Quo
1311 1405 1613 1488 exemplo
1678 1406 1986 1471 docemur
2040 1406 2322 1490 gratiam

370 1486 747 1553 hominibus
810 1486 1210 1571 persolvere,
1274 1494 1546 1554 memori
1607 1501 1825 1555 mente
1880 1491 1961 1556 ab
2020 1491 2180 1572 ipsis
2224 1509 2323 1555 ac-

366 1593 437 1638 ce
486 1583 553 1637 ta
610 1571 929 1638 beneficia
1001 1583 1395 1657 repetentes,
1477 1578 1530 1641 si
1589 1577 1942 1660 contigerit
2008 1576 2186 1659 ipsos
2246 1575 2320 1638 in

363 1677 439 1723 ca
465 1658 803 1723 amitatem
863 1656 1168 1724 incidere.
1257 1659 1341 1723 In
1388 1660 1510 1725 hoc
1553 1664 1726 1726 enim
1773 1682 1930 1727 vere
1973 1681 2044 1728 se
2087 1661 2322 1726 huma-

367 1744 544 1808 nitas
604 1744 935 1826 patefacit,
1003 1743 1056 1807 si
1116 1745 1190 1821 is,
1258 1746 1361 1809 cui
1430 1746 1783 1828 plurimum
1845 1746 2175 1823 debemus,
2250 1745 2319 1810 in

364 1829 803 1895 calamitatem
850 1828 1176 1908 inciderit,
1240 1839 1306 1895 et
1348 1851 1536 1914 opem
1585 1853 1704 1915 pro
1747 1832 2002 1898 viribus
2046 1833 2104 1897 ei
2151 1830 2319 1896 tule-

361 1916 589 1995 rimus,
636 1923 1030 1999 gratumque
1074 1915 1367 1980 animum
1416 1926 1715 1984 nostrum
1738 1939 1809 1984 re
1832 1919 1975 2000 ipsa
2022 1915 2317 1982 demons-

361 2000 783 2066 traverimus.
877 1997 1052 2064 Sane
1110 2000 1363 2067 incolae
1424 2002 1613 2069 labes
1672 2002 1926 2069 Galaad
1983 2022 2116 2068 non
2176 2003 2318 2068 sine

359 2085 619 2170 ingenti
676 2084 970 2168 periculo
1020 2092 1324 2168 poterant
1379 2088 1461 2151 ad
1520 2089 1662 2171 ipsa
1721 2089 2014 2154 hostium
2060 2089 2320 2152 moenia

357 2171 611 2248 venire,
659 2191 743 2236 ex
789 2169 1023 2253 quibus
1066 2170 1426 2253 pendentia
1467 2193 1738 2255 corpora
1781 2175 1957 2259 regis
2001 2175 2318 2239 filiorum·

353 2277 481 2338 que
550 2256 873 2334 tollerent,
942 2256 1221 2356 integris
1277 2260 1665 2339 praesertim
1724 2259 1940 2326 adhuc
2001 2258 2315 2333 hostibus,

349 2341 577 2408 minas
613 2351 683 2406 et
716 2340 982 2408 caedem
1019 2341 1455 2423 spirantibus,
1504 2354 1583 2410 ut
1616 2345 1819 2411 solam
1859 2364 2108 2428 necem,
2153 2344 2207 2409 si
2246 2345 2315 2408 in

351 2448 597 2493 manus
632 2428 928 2511 ipsorum
965 2428 1326 2510 venissent,
1361 2430 1824 2513 exspectarint.
1882 2429 2072 2496 Clam
2112 2429 2314 2514 igitur

349 2534 499 2579 rem
570 2512 863 2597 aggressi
929 2522 1102 2594 sunt,
1167 2514 1288 2580 etsi
1355 2512 1436 2580 de
1504 2517 1642 2581 vita
1703 2516 2181 2599 periclitantes:
2247 2525 2315 2581 et

349 2606 702 2682 acceptum
741 2621 780 2662 a
816 2597 1021 2664 Saule
1056 2597 1443 2665 beneficium
1483 2622 1839 2686 agnoscere
1881 2611 1950 2667 et
2005 2621 2311 2685 compen·

348 2706 506 2751 sare
572 2705 689 2767 pro
757 2682 934 2750 virili
998 2685 1214 2749 conati
1281 2695 1469 2766 sunt,
1538 2688 1665 2753 etsi
1730 2686 1979 2753 nullam
2047 2687 2313 2769 abipso

347 2771 748 2849 mercedem,
825 2769 1064 2853 quippe
1129 2777 1404 2850 mortuo,
1483 2783 1851 2855 sperantes:
1933 2783 2001 2838 et
2064 2771 2314 2837 honore

352 2857 660 2941 sepulcri,
705 2875 834 2939 quo
879 2862 1100 2922 tamen
1145 2875 1278 2921 non
1315 2856 1725 2925 afficiebatur
1762 2867 2080 2938 mortuus,
2126 2856 2311 2923 decc·

352 2964 523 3021 rare,
597 2950 665 3007 et
734 2941 1166 3011 humanitatis
1219 2945 1509 3014 officium
1566 2945 1800 3011 facere.
1891 2944 2030 3010 Nos
2085 2962 2312 3010 eorum

354 3026 658 3111 exemplo
719 3027 1046 3096 discamus
1108 3031 1438 3099 beneficiis
1498 3031 1783 3115 acceptis
1827 3029 1908 3095 ab
1952 3029 2191 3112 aliquo,
2254 3028 2312 3093 si

352 3113 425 3178 in
468 3113 912 3179 calamitatem
959 3114 1270 3203 deinceps
1313 3117 1639 3199 inciderit,
1682 3137 1802 3201 pro
1835 3115 2087 3184 viribus
2121 3135 2311 3198 opem

276 3216 291 3227 “
350 3197 447 3277 ,illi
490 3199 687 3291 ferre,
739 3208 809 3276 et
865 3228 939 3275 re
984 3207 1128 3291 ipsa
1172 3204 1400 3275 testari
1445 3224 1564 3275 nos
1607 3214 2022 3295 acceptorum
2067 3202 2312 3297 benefi-

350 3297 603 3366 ciorum
661 3295 1046 3363 memoriam
1104 3318 1239 3365 non
1301 3295 1707 3381 deposuisse:
1764 3320 1852 3364 ne
1896 3296 2139 3382 alioqui
2180 3318 2313 3363 non

352 3394 614 3451 tantum
660 3380 924 3449 mortali
970 3380 1313 3449 videamur
1354 3385 1661 3451 iniuriam
1706 3385 1923 3452 facere
1941 3434 1956 3463 ,
2025 3383 2139 3450 sed
2183 3384 2312 3467 ipsi

354 3471 499 3535 Deo
564 3468 833 3535 viventi.
930 3467 1104 3533 Nam
1188 3469 1488 3536 homines
1554 3493 1596 3537 a
1657 3472 1892 3555 quibus
1958 3470 2315 3552 accipimus

351 3554 692 3633 beneficia,
770 3553 1055 3619 ministri
1137 3565 1204 3621 et
1268 3555 1716 3623 instrumenta
1780 3568 1937 3622 sunt
2004 3553 2313 3621 bonitatis

354 3640 594 3725 ipsius:
654 3659 818 3723 quos
876 3639 932 3704 si
992 3639 1394 3725 negligimus
1438 3652 1508 3706 et
1550 3643 2056 3720 contemnimus,
2121 3638 2312 3704 mali-

353 3727 516 3792 tiam
591 3726 916 3809 insignem
981 3745 1130 3790 cum
1190 3725 1663 3810 ingratitudine
1721 3748 1980 3793 summa
2047 3726 2313 3793 demon·

356 3820 667 3889 sti-amus,
714 3811 1065 3892 Deumque
1109 3812 1297 3894 parvi
1342 3811 1590 3878 anobis
1634 3813 1796 3891 fieri,
1840 3812 2023 3877 cuius
2068 3813 2313 3876 instru-

350 3906 579 3963 menta
621 3917 754 3962 non
802 3896 1237 3978 agnoscimus,
1285 3916 1355 3960 re
1391 3897 1532 3979 ipsa
1576 3905 1912 3962 testamur.

524 3983 616 4047 Et
657 3982 978 4047 hactenus
1016 3980 1097 4045 de
1132 3981 1308 4057 istis;
1355 3979 1436 4045 de
1471 3982 1809 4066 sepultura
1841 3982 1974 4045 iam
2011 4001 2307 4064 agamus.

352 4068 506 4154 Iym‘
583 4070 944 4133 cremarunt
1022 4067 1349 4132 cadavera.
1438 4066 1839 4133 Inusitatum
1921 4076 2064 4131 erat
2135 4065 2307 4149 apud

350 4154 635 4219 Iudaeos
670 4152 811 4237 igni
847 4171 1140 4217 cremare
1170 4172 1474 4234 corpora:
1520 4151 2045 4236 quandoquidem
2084 4162 2309 4235 patres

351 4238 652 4324 sepultos
711 4238 913 4302 fuisse
958 4245 1025 4300 et
1066 4235 1447 4303 inhumatos
1490 4258 1624 4303 non
1669 4239 1975 4304 crematis
2018 4236 2307 4320 corpori-

349 4326 476 4391 bus
535 4324 812 4390 scimus:
888 4321 1011 4386 etsi
1072 4320 1310 4387 deinde
1370 4344 1511 4388 mos
1569 4324 1682 4388 ille
1737 4322 2073 4389 cremandi
2134 4321 2308 4405 apud

347 4410 598 4476 multas
653 4418 884 4494 gentes
946 4408 1256 4473 invaluit:
1326 4408 1442 4473 sed
1502 4409 1721 4492 aliquo
1764 4428 1944 4473 more
1988 4407 2310 4473 cadavera

349 4495 615 4564 condita
660 4492 1063 4559 aromatibus
1101 4492 1289 4557 humi
1324 4493 1793 4560 condebantur.
1883 4494 2114 4575 Neque
2152 4513 2310 4557 vero

350 4583 449 4647 sic
507 4577 1003 4655 condiebantur,
1058 4578 1244 4660 quasi
1289 4589 1584 4646 mortuos
1628 4586 1924 4645 aromata
1965 4578 2305 4643 iuvarent:

350 4666 468 4735 sed
551 4671 750 4748 typus
827 4662 1096 4745 quidam
1178 4663 1305 4728 fuit
1384 4664 1496 4729 ille
1574 4665 1746 4730 ritus
1812 4662 2309 4729 resurrectionis

348 4753 634 4830 futurae,
712 4768 842 4830 quo
909 4748 1299 4831 superstites
1364 4751 1431 4814 in
1498 4750 1835 4833 sepultura
1900 4760 2308 4814 mortuorum

350 4833 839 4903 erudiebantur.
972 4834 1368 4899 Mandatum
1455 4837 1631 4900 enim
1717 4834 1918 4900 humo
2004 4833 2307 4910 cadaver,

350 4923 557 4987 veluti
616 4918 988 5004 depositum
1034 4928 1248 4985 terrae
1306 4919 1890 4987 commendabatur
1933 4919 2138 4986 donec
2205 4919 2307 4982 in-

352 5012 803 5073 stauraretur:
850 5025 1052 5088 quare
1095 5025 1297 5087 quum
1342 5005 1550 5071 vitam
1597 5007 2038 5087 incorruptam
2085 5024 2306 5088 spera-

351 5101 521 5170 rent,
577 5089 978 5157 aromatibus
1035 5110 1309 5173 corpora
1352 5090 1765 5157 condiebant.
1857 5089 2011 5171 Qua
2053 5091 2308 5156 ratione

351 5176 819 5242 consulebatur
873 5176 1198 5241 humanae
1253 5177 1626 5242 infirmitati
1671 5185 1737 5241 et
1780 5175 2073 5256 ruditati,
2139 5195 2309 5258 quae

353 5282 559 5345 quum
638 5281 912 5346 corpora
976 5262 1046 5326 in
1113 5261 1596 5345 corruptionem
1665 5260 1905 5327 resolvi
1973 5269 2306 5328 cerneret:

1700 362 1803 428 IN
1848 363 1901 428 1.
1948 361 2130 427 LIB.
2180 362 2583 429 SAMUEL.
2628 363 2829 430 OAP.
2875 362 3147 430 XXXI.

4255 369 4382 434 730

2430 556 2652 613 tamen
2733 550 2857 616 hac
2921 551 3328 616 caeremonia
3393 573 3573 635 spem
3643 554 3814 618 vitae
3882 553 4224 634 retinebat,
4313 567 4380 621 ct

2432 635 2858 700 tentationem
2904 634 3088 700 illam
3131 636 3436 703 interitus
3479 640 3847 720 superabat.
3935 638 4138 704 Nulla
4177 641 4201 704 i
4251 641 4380 706 ‘tur

2431 721 2811 802 superstitio
2876 722 3001 786 fuit
3067 721 3133 786 in
3201 721 3583 803 condiendis
3646 723 4041 806 corporibus,
4107 744 4177 789 se
4288 728 4382 791 ita

2430 803 2680 870 ferebat
2738 826 2897 871 usus
2952 827 3143 889 quem
3204 817 3464 890 patrum
3527 808 3766 873 animis
3824 809 3967 893 ipsc
4023 808 4211 875 Deus
4263 812 4380 875 im-

2430 899 2789 973 presserat:
2836 911 2912 956 ac
2947 891 3221 975 proinde
3258 892 3408 958 licet
3443 893 3698 959 nullum
3736 897 4053 978 scriptum
4090 904 4381 961 exstaret

2429 996 2563 1058 quo
2609 976 2994 1055 niterentur,
3061 996 3196 1041 non
3254 981 3396 1043 sine
3439 979 3568 1044 fide
3613 988 3836 1045 tamen
3881 979 4056 1045 illud
4094 978 4177 1044 ab
4220 982 4378 1064 ipsis

2426 1061 2647 1136 fiebat,
2705 1061 2851 1127 Deo
2909 1063 3085 1145 ipsos
3128 1063 3526 1129 intrinsecus
3568 1075 3860 1149 regente.
3947 1065 4150 1130 Hunc
4193 1088 4375 1149 seps·

2428 1145 2629 1211 liendi
2687 1159 2981 1214 mortuos
3037 1148 3238 1212 ritum
3298 1150 3568 1232 excepit,
3598 1148 3997 1216 consuetudo
4044 1153 4376 1217 cremandi

2428 1231 2771 1310 cadavera,
2831 1254 2999 1315 quae
3042 1254 3081 1297 a
3124 1233 3312 1316 plebe
3355 1237 3568 1318 coepit
3612 1235 3894 1314 initium,
3952 1236 4126 1318 quod
4168 1258 4376 1320 quum

2426 1337 2559 1382 non
2597 1325 2771 1383 esset
2806 1319 3177 1402 sumptibus
3213 1320 3496 1386 ferendis
3530 1340 3667 1403 par,
3704 1343 3867 1406 quos
3904 1321 3971 1386 in
3994 1321 4378 1388 condiendis

2425 1402 2805 1487 corporibus
2846 1404 3059 1469 facere
3103 1406 3463 1486 oportebat,
3529 1405 3726 1471 aliam
3772 1408 4096 1472 rationem
4140 1407 4376 1490 plebeii

2426 1487 2727 1553 homines
2762 1488 3078 1569 inierunt,
3115 1489 3450 1555 cremandi
3487 1512 3776 1573 corpora,
3813 1500 3880 1558 et
3915 1494 4167 1558 cineres
4202 1494 4376 1559 colli·

2425 1574 2644 1657 gendi‚
2704 1595 2868 1656 quos
2912 1574 2982 1639 in
3032 1576 3216 1641 urnis
3258 1575 3713 1642 recondebant.
3801 1578 3906 1643 De
3950 1576 4174 1643 Saulis
4218 1600 4372 1644 vero

2423 1659 2839 1743 filiorumque
2912 1661 3122 1742 ipsius
3191 1661 3571 1743 corporibus
3635 1662 3812 1727 istud
3871 1672 3969 1727 est
4027 1664 4372 1748 peculiare,

2422 1745 2593 1825 quod
2641 1765 2773 1809 non
2820 1747 2888 1811 in
2934 1748 3187 1811 cineres
3231 1746 3499 1811 omnino
3545 1745 3807 1813 redacta
3849 1757 4025 1829 sunt,
4064 1748 4179 1815 scd
4225 1771 4376 1816 ossa

2423 1831 2697 1912 sepulta.
2789 1829 3148 1896 Combusta
3204 1832 3412 1915 igitur
3469 1831 3789 1898 cadavera
3849 1833 4162 1899 videntur
4205 1855 4372 1918 quae

2421 1915 2552 1980 iam
2598 1918 2930 2001 corrumpi
2973 1924 3339 1999 coeperant,
3385 1917 3909 2000 quandoquidem
3952 1919 4081 1983 iam
4118 1919 4208 1984 ali
4253 1933 4372 1985 uot

2422 2000 2562 2066 dies
2606 2022 2927 2085 suspensa
2970 2002 3233 2067 fuerant
3274 2000 3359 2067 ad
3396 2002 3632 2067 solem:
3679 2003 3839 2069 adeo
3898 2011 3973 2069 ut
4022 2012 4215 2086 putre
4263 2008 4370 2071 ine

2420 2086 2552 2151 iam
2614 2089 2943 2171 corrumpi
3000 2087 3348 2171 coeperint.
3438 2087 3688 2153 Idcirco
3745 2090 3949 2173 igitur
4000 2088 4195 2156 Iabes
4239 2090 4371 2157 Ga·

2420 2170 2569 2236 laad
2650 2172 2904 2238 incolae
2983 2181 3358 2256 corruptam
3424 2194 3690 2239 carnem
3750 2176 3904 2259 igne
3968 2186 4370 2256 cremarunt,

2420 2267 2771 2341 antequam
2832 2278 2983 2323 ossa
3040 2258 3409 2341 sepelirent.
3497 2260 3700 2342 Atqui
3745 2268 3819 2325 ut
3862 2268 4022 2325 ante
4062 2260 4369 2339 diximus,

2419 2344 2590 2407 nihil
2649 2343 2776 2409 ista
2830 2343 3100 2409 Saulem
3161 2365 3372 2427 neque
3437 2354 3730 2410 mortuos
3788 2345 3958 2412 filios
4016 2344 4370 2411 iuvabant:

2422 2449 2651 2493 verum
2736 2438 2954 2494 tamen
3039 2428 3224 2494 Deus
3303 2429 3450 2494 illos
3517 2429 3946 2497 nihilominus
4011 2430 4223 2496 voluit
4287 2432 4370 2497 ab

2417 2514 2782 2598 ignominia
2837 2524 2906 2580 et
2961 2514 3276 2581 dedecore
3336 2514 3700 2581 vindicare:
3767 2536 3849 2582 ex
3909 2535 4038 2600 quo
4097 2531 4371 2600 apparet

2420 2600 2788 2685 mitigatam
2848 2600 3048 2666 fuisse
3091 2601 3298 2684 ipsius
3342 2600 3718 2666 vindictam.
3808 2600 4058 2669 Severe
4101 2602 4366 2686 quidem

2418 2705 2578 2752 sane
2635 2684 2910 2751 Saulem
2971 2685 3153 2752 ultus
3204 2698 3322 2764 est,
3396 2706 3598 2768 quum
3659 2706 3790 2752 non
3855 2697 4117 2752 tantum
4177 2687 4366 2752 illum

2418 2770 2709 2837 hostium
2747 2771 3074 2837 voluntati
3113 2772 3438 2854 permisit:
3475 2771 3588 2836 sed
3625 2773 3721 2837 sic
3750 2773 3950 2837 etiam
3977 2774 4366 2853 excaecavit,

2418 2866 2491 2920 ut
2535 2856 2757 2922 furore
2801 2854 3084 2939 quodam
3118 2856 3406 2940 percitus
3441 2857 3563 2921 sibi
3599 2857 3724 2939 ipsi
3762 2877 4000 2922 manus
4035 2857 4368 2923 intulerit:

2418 2950 2485 3006 et
2529 2942 2808 3008 cadaver
2853 2941 3057 3025 ipsius
3095 2942 3176 3007 ab
3210 2939 3509 3006 hostibus
3536 2951 3868 3024 raptatum
3893 2943 4000 3021 sit,
4043 2952 4108 3007 et
4131 2942 4366 3016 deinde

2417 3045 2849 3112 suspensum:
2907 3048 3080 3111 quae
3138 3026 3358 3096 omnia
3412 3048 3540 3097 non
3604 3024 3801 3097 dubia
3855 3029 4047 3116 signa
4101 3029 4368 3102 fuerunt

2417 3114 2554 3178 irae
2620 3113 2747 3178 Dei
2816 3112 3086 3186 Saulem
3154 3116 3239 3187 ad
3302 3141 3543 3208 poenas
3608 3130 3954 3207 poscentis,
4021 3143 4183 3206 quas
4248 3143 4368 3187 sua

2419 3200 2797 3294 arrogantia
2842 3213 2988 3275 erat
3020 3212 3430 3294 promeritus.
3518 3209 3661 3274 Iam
3700 3229 3857 3275 vero
3885 3209 4072 3274 Deus
4106 3205 4369 3273 videtur

2416 3293 2496 3362 de
2542 3315 2793 3381 poenae
2836 3297 3187 3361 severitate
3231 3294 3475 3378 aliquid
3519 3294 3873 3375 remisisse,
3926 3316 4060 3359 non
4106 3303 4364 3359 tantum

2414 3382 2486 3446 in
2549 3381 2792 3463 Saulis,
2851 3381 2967 3448 sed
3027 3382 3241 3465 potius
3299 3381 3370 3445 in
3426 3384 3624 3446 totius
3667 3380 3892 3464 populi
3937 3379 4241 3463 gratiam,
4297 3389 4369 3443 ut

2413 3469 2746 3552 profligati
2805 3474 2873 3533 et
2928 3464 3405 3549 desperabundi
3450 3487 3531 3530 ex
3578 3478 3843 3548 accepta
3886 3464 4070 3530 clade
4114 3464 4368 3530 animos

2415 3552 2816 3638 colligerent,
2885 3560 2951 3617 et
3017 3552 3289 3618 meliora
3352 3570 3617 3635 sperare
3683 3550 4068 3633 inciperent.
4173 3548 4363 3615 Divi-

2413 3660 2574 3703 num
2642 3659 2715 3704 er
2759 3660 2799 3703 o
2864 3639 2994 3703 fuit
3055 3658 3251 3721 opus:
3336 3656 3487 3701 nam
3556 3636 3818 3701 divinae
3889 3634 4368 3701 maledictionis

2412 3724 2863 3874 33:332&ss
2903 3722 3414 3873 aezffiffls
3427 3721 3768 3890 εἰὲζῖῖῗῖἓῑ,
3811 3721 4368 3889 ἒὲῖᾛὲἕθωῗέ

3346 3857 3362 3888 2

2413 3894 2667 3961 liendcs
2700 3895 2909 3977 ipsius
2938 3903 3476 3977 transgressores.
3535 3891 3792 3972 Quibus
3830 3892 4048 3957 verbis
4084 3891 4366 3957 ostendit

2414 3999 2547 4045 non
2617 3981 2922 4046 satisfieri
2990 3978 3210 4045 divino
3266 3977 3504 4044 iudicio
3554 3979 3782 4061 poenis
3837 3998 4001 4060 quas
4061 3979 4361 4042 viventes

2411 4067 2743 4131 sustinent
2822 4074 3348 4148 transgressores
3428 4062 3610 4147 legis,
3691 4063 3808 4128 sed
3872 4072 4021 4145 post
4084 4071 4360 4127 mortem

2412 4150 2612 4215 etiam
2674 4150 2803 4214 Dei
2864 4150 3388 4216 maledictionem
3432 4148 3579 4213 illos
3621 4148 3942 4231 persequi,
4008 4155 4075 4210 et
4116 4146 4185 4210 in
4229 4146 4361 4211 illis

2410 4235 2764 4319 puniendis
2841 4236 3158 4303 iustitiam
3239 4255 3425 4299 suam
3509 4253 3830 4299 exercere.
3953 4231 4077 4296 Est
4155 4232 4361 4314 igitur

2410 4321 2678 4470 givinae
2735 4320 3212 4387 maledictionis
3268 4321 3548 4403 signum,
3607 4316 3938 4400 insepulta
3995 4316 4208 4382 iacere
4251 4336 4356 4381 ca·

2455 4428 2674 4474 avora.

2584 4491 2934 4558 Caeterum
3015 4488 3563 4574 quemadmodum
3645 4484 3870 4553 fideles
3949 4489 4227 4553 veniunt
4290 4490 4357 4554 in

2412 4586 2665 4659 partem
2722 4578 3170 4644 calamitatum
3230 4584 3294 4640 et
3337 4574 3763 4639 afflictionum
3810 4594 3975 4655 quae
4021 4573 4359 4656 improbis,

2409 4662 2765 4729 incredulis
2830 4672 2897 4728 et
2951 4661 3301 4728 rebellibus
3355 4659 3836 4723 immittuntur:
3906 4679 4098 4741 saepe
4151 4660 4229 4724 fit
4289 4674 4361 4725 ut

2411 4748 2550 4813 veri
2595 4748 2726 4813 Dei
2769 4748 2911 4828 filii,
2954 4758 3022 4813 et
3064 4747 3325 4830 quidem
3371 4744 3453 4810 ab
3496 4744 3637 4827 ipso
3680 4742 3920 4820 dilecti,
3966 4744 4224 4810 iaceant
4259 4746 4356 4809 in·

2408 4833 2653 4983 3⁴3¹:
2666 4853 2681 4896 ²
2694 4827 4022 4998 Diifflffisssseussssssfffffissffiqffiffl
4052 4828 4358 4981 13:233:

2409 5024 2606 5088 quam
2688 5002 2872 5070 Deus
2951 5002 3274 5087 permittit
3352 4999 3684 5083 improbos
3764 4999 3994 5064 laetari
4063 5000 4358 5068 virorum

2410 5090 2729 5156 bonorum
2815 5087 3128 5155 dedecore
3194 5095 3262 5151 et
3325 5084 3716 5170 ignominia:
3805 5085 4358 5167 quemadmodum

2409 5174 2749 5241 ecclesiam
2807 5175 2876 5239 in
2932 5173 3199 5240 Psalmo
3243 5172 3555 5253 conqueri
3601 5169 3921 5249 videmus,
3981 5180 4356 5251 sanctorum

2410 5280 2682 5345 corpora
2738 5260 3038 5343 exposita
3103 5257 3475 5325 volatilibus
3518 5256 3680 5322 coeli
3724 5265 3791 5323 et
3837 5256 4068 5323 bestiis
4113 5264 4361 5324 terrae:
