5059 6059
851 314 982 381 479

859 507 1175 573 adversus
1246 498 1773 585 potentissimum
1847 497 2507 581 florentissimamque
2571 516 2796 580 regem

859 589 1171 669 exseruit,
1214 587 1346 654 imo
1389 586 1802 652 restitantem
1870 605 2090 668 regem
2155 605 2304 649 cum
2373 602 2578 667 regno
2644 601 2796 664 prc-

859 678 1116 763 fligavit
1170 682 1237 741 et
1301 670 1604 757 perdidit,
1671 668 1827 755 quid
1892 670 2077 736 vobis
2141 671 2435 735 futurum
2502 665 2795 749 putatis?

865 763 1119 829 Videtis
1175 758 1497 844 quomodo
1554 755 1924 822 sacerdotes
1980 765 2047 821 et
2104 753 2315 820 divini
2374 762 2689 819 revocant
2727 754 2800 816 in

859 848 1239 915 memoriam
1273 845 1415 911 suis
1458 842 1584 908 Dei
1630 841 1869 908 iudicia
1919 841 2235 907 adversus
2281 839 2640 924 Aegyptios
2681 857 2802 920 pro

862 934 1082 1019 populi
1117 932 1302 997 exitu
1337 951 1424 995 ex
1460 941 1636 994 terra
1672 928 1947 1010 Aegypti
1983 927 2138 991 olim
2186 938 2467 1004 exserta,
2510 935 2587 989 ut
2621 933 2802 989 metu

860 1020 1173 1088 similium
1253 1036 1611 1101 poenarum
1691 1034 1801 1079 eos
1874 1013 1956 1078 ab
2033 1014 2331 1077 instituto
2411 1012 2802 1077 deterreant.

860 1107 1039 1175 Sane
1095 1103 1377 1169 multum
1433 1100 1540 1167 isti
1597 1107 2069 1185 promoverunt
2121 1099 2193 1163 in
2243 1098 2367 1161 Dei
2409 1096 2802 1180 cognitione,

860 1192 973 1277 qui
1016 1192 1109 1256 ita
1152 1186 1564 1254 concludunt.
1639 1186 1809 1250 Nam
1852 1184 2014 1250 haec
2056 1185 2375 1250 sermonis
2418 1183 2612 1247 istius
2653 1202 2803 1246 sen-

862 1278 1104 1345 tentia:
1150 1271 1484 1358 Quidquid
1527 1271 1686 1336 olim
1731 1269 1910 1335 Deus
1954 1270 2122 1351 fecit,
2170 1270 2241 1334 in
2286 1270 2564 1353 gratiam
2606 1271 2805 1349 adop-

865 1364 985 1430 tati
1034 1382 1075 1426 a
1131 1381 1203 1426 se
1260 1358 1476 1443 populi
1536 1358 1705 1432 fecit,
1760 1364 1835 1422 ut
1892 1356 2203 1421 nimirum
2269 1365 2597 1419 tutaretur
2651 1374 2804 1418 eum

864 1450 1178 1516 adversus
1221 1446 1356 1512 vim
1413 1444 1724 1509 iniustam
1771 1442 2137 1507 Pharaonis
2192 1452 2261 1507 et
2300 1440 2804 1523 Aegyptiorum,

863 1537 937 1601 in
1001 1533 1372 1600 libertatem
1427 1537 1767 1609 assereret,
1824 1537 2018 1609 atque
2077 1527 2580 1593 sollicitudinem
2648 1545 2807 1607 erga

863 1640 1050 1687 suam
1116 1617 1456 1684 ecclesiam
1515 1613 1731 1699 palam
1788 1621 2158 1679 testaretur.
2246 1612 2386 1677 Nae
2420 1609 2478 1677 si
2520 1612 2635 1677 illa
2681 1612 2805 1676 Dei

863 1705 1189 1772 mirabilia
1243 1703 1510 1769 confuse
1565 1710 1632 1765 et
1690 1700 2013 1782 permixte
2058 1707 2313 1764 tantum
2359 1697 2804 1781 apprehende-

864 1801 1030 1871 rent,
1096 1810 1229 1854 non
1294 1788 1575 1853 multum
1641 1785 1990 1869 profecisse
2054 1806 2124 1850 se
2200 1793 2616 1862 testarentur,
2691 1783 2801 1849 sed

867 1898 1072 1963 qnum
1118 1873 1452 1959 sigillatim
1497 1881 1565 1937 et
1620 1871 1899 1937 discrete
1953 1880 2291 1935 recensent
2346 1891 2515 1951 quae
2560 1871 2630 1933 in
2680 1873 2804 1933 Ae-

865 1974 1063 2047 gypto
1119 1960 1553 2039 contigerunt,
1609 1957 1844 2040 quibus
1895 1956 1993 2021 illi
2057 1956 2286 2041 plagis,
2351 1964 2416 2020 et
2469 1955 2542 2021 in
2610 1976 2805 2039 quem

864 2053 1064 2116 finem
1130 2067 1171 2111 a
1236 2045 1517 2110 Domino
1581 2043 1754 2108 caesi
1818 2052 1883 2107 et
1941 2043 2165 2108 afflicti
2221 2042 2370 2119 sint,
2441 2061 2675 2124 nempe
2732 2051 2805 2105 ut

861 2135 1143 2201 electum
1198 2153 1238 2197 a
1282 2151 1352 2197 se
1404 2129 1718 2213 populum
1774 2127 2156 2206 vindicaret,
2212 2136 2280 2192 et
2323 2129 2389 2192 in
2432 2126 2805 2191 libertatem

859 2226 1197 2295 assereret,
1276 2237 1351 2282 ac
1418 2214 1650 2280 deinde
1714 2213 2137 2279 metuendum
2202 2233 2344 2278 esse
2409 2212 2810 2279 concludunt

858 2327 944 2373 ne
998 2306 1068 2370 in
1133 2302 1381 2368 similes
1438 2319 1677 2384 poenas
1720 2299 2079 2376 incurrant,
2136 2299 2415 2364 multum
2460 2320 2618 2365 sane
2662 2318 2806 2379 proÎ‡

861 2393 1090 2459 fecisse
1150 2388 1490 2453 videntur:
1548 2407 1750 2470 quum
1796 2385 2177 2467 praesertim
2233 2406 2317 2449 ex
2360 2385 2808 2468 superioribus

864 2477 1094 2562 positis
1127 2473 1429 2549 inferant,
1469 2473 1681 2537 Deum
1706 2471 1808 2539 sui
1843 2491 2098 2554 semper
2131 2469 2432 2547 similem,
2469 2491 2805 2553 nunquam

864 2573 1124 2628 mutare
1160 2580 1369 2643 neque
1412 2558 1722 2624 virtutem
1766 2578 1975 2640 neque
2021 2557 2441 2622 voluntatem.
2531 2555 2708 2623 Sane
2750 2556 2807 2621 si

866 2649 1029 2713 haec
1070 2647 1356 2732 penitius
1416 2644 1651 2710 animis
1707 2646 1948 2710 nostris
2005 2643 2353 2719 haeserint,
2414 2641 2692 2707 multum
2735 2644 2806 2706 in

867 2734 994 2800 Dei
1039 2732 1263 2799 schola
1304 2730 1787 2815 profecerimus.
1878 2728 2047 2793 Nam
2105 2729 2214 2810 qui
2261 2729 2334 2792 fit
2389 2726 2557 2810 quod
2602 2727 2807 2793 histo-

867 2821 1018 2898 rias,
1082 2838 1243 2902 quas
1299 2817 1378 2882 de
1441 2816 1563 2881 Dei
1622 2813 2028 2880 mirabilibus
2082 2814 2384 2898 operibus
2443 2822 2508 2878 et
2550 2812 2809 2879 iudiciis

865 2904 1165 2989 legimus,
1222 2923 1353 2967 non
1412 2922 1759 2985 possumus
1815 2900 1884 2964 in
1941 2921 2133 2966 usum
2193 2910 2487 2964 nostrum
2537 2911 2807 2974 vertere,

866 2991 994 3057 nisi
1036 2987 1208 3073 quod
1244 2987 1551 3056 videntur
1586 2986 1770 3051 nobis
1805 2997 2099 3069 tempora
2132 2986 2368 3050 mutari
2403 2995 2469 3049 et
2503 3006 2635 3049 non
2669 3006 2810 3052 esse

867 3076 1114 3154 eadem,
1171 3079 1271 3139 ac'
1304 3095 1433 3139 non
1491 3071 1941 3158 cognoscimus
1989 3071 2200 3135 Deum
2252 3092 2393 3136 esse
2436 3071 2807 3136 immutabi-

865 3162 1016 3240 lem,
1051 3180 1436 3244 semperque
1468 3160 1573 3225 sui
1609 3155 1929 3223 similem?
1998 3160 2218 3240 Atque
2254 3155 2597 3223 Philistaei
2633 3158 2806 3222 istud

868 3248 1116 3315 habent
1195 3265 1312 3329 pro
1376 3253 1726 3327 comperto,
1808 3252 1874 3306 et
1938 3241 2200 3326 quidem
2270 3243 2529 3326 longius
2592 3243 2810 3309 adhuc

915 3333 1395 3417 regrediuntur.
1441 3330 1613 3395 Nam
1649 3329 1706 3394 si
1743 3327 1865 3394 sibi
1913 3330 2384 3411 persuasissent
2428 3328 2809 3394 derelictum

866 3357 1185 3487 Israelem
1229 3438 1270 3481 a
1310 3417 1614 3492 Domino,
1673 3434 1798 3479 nae
1842 3414 2087 3480 diutius
2131 3416 2197 3479 in
2243 3434 2462 3479 errore
2505 3435 2808 3496 perseve-

868 3515 1142 3581 rassent,
1186 3511 1254 3568 et
1288 3501 1728 3584 negligentius
1763 3500 2105 3565 consilium
2131 3499 2211 3564 de
2233 3520 2385 3566 arca
2421 3499 2810 3565 dimittenda

867 3591 1210 3674 cepissent.
1301 3587 1551 3652 Verum
1596 3587 1784 3650 aiunt
1825 3586 2043 3650 Deum
2087 3585 2287 3650 semel
2333 3607 2373 3650 a
2415 3607 2489 3649 se
2532 3585 2807 3651 electum

873 3675 1185 3760 populum
1245 3673 1411 3738 velle
1465 3682 1775 3756 perpetua
1830 3692 1987 3737 cura
2029 3681 2097 3737 et
2137 3670 2547 3738 solicitudine
2592 3674 2807 3753 tutari,

873 3775 942 3828 et
997 3759 1307 3824 adversus
1350 3758 1668 3841 quoslibet
1720 3756 1942 3823 hostes
2007 3757 2248 3823 iniuste
2307 3758 2521 3840 ipsum
2589 3758 2807 3842 oppri-

869 3858 1121 3912 mentes
1179 3843 1540 3911 defendere.
1634 3843 1833 3922 Haec,
1888 3844 2177 3926 inquam,
2241 3844 2463 3908 omnia
2522 3843 2809 3908 fatentur

866 3930 1232 4007 Philistaei,
1276 3938 1344 3993 et
1387 3929 1549 3995 bene
1603 3929 1773 3995 docti
1833 3929 1901 3992 in
1958 3930 2150 3994 rebus
2196 3928 2436 3993 divinis
2482 3929 2806 4007 videntur,

869 4028 1066 4100 atque
1125 4016 1192 4080 in
1253 4014 1409 4098 legis
1470 4014 1733 4079 divinae
1790 4014 2158 4097 cognitione
2216 4035 2351 4078 non
2398 4014 2615 4080 minus
2661 4037 2806 4097 pro-

869 4103 1172 4179 movisse,
1216 4120 1407 4183 quam
1444 4100 1501 4163 si
1535 4101 1938 4165 familiariter
1972 4102 2043 4164 in
2078 4122 2157 4165 ea
2189 4101 2468 4165 fuissent
2500 4101 2808 4166 instituti.

872 4189 1126 4254 Verum
1170 4186 1343 4250 enim
1390 4205 1541 4250 vero
1595 4185 1749 4269 quid
1793 4186 1982 4251 iuvat
2024 4187 2150 4250 ista
2192 4187 2475 4268 cognitio
2518 4187 2807 4266 miseros,

871 4295 1069 4358 quam
1117 4293 1249 4337 non
1291 4271 1359 4335 in
1406 4291 1595 4336 suum
1653 4292 1843 4335 usum
1888 4271 2328 4337 convertunt?
2391 4272 2560 4336 Nam
2606 4294 2805 4357 quum

869 4360 1301 4444 cognoverint
1356 4356 1572 4420 Deum
1640 4378 1778 4422 esse
1828 4357 2333 4437 immutabilemÍ¾
2399 4379 2599 4441 quare
2665 4373 2807 4423 tan-

872 4467 1070 4529 quam
1116 4465 1254 4508 rem
1301 4441 1484 4507 nihili
1530 4462 1569 4506 a
1612 4464 1681 4507 se
1725 4444 2125 4508 amendant?
2179 4442 2316 4510 Our
2361 4465 2493 4509 non
2538 4445 2807 4511 abiectis

870 4532 1010 4597 suis
1045 4530 1233 4594 idolis
1267 4528 1347 4593 ad
1386 4529 1595 4592 Deum
1632 4527 1894 4593 Israelis
1928 4542 2415 4606 convertuntur,
2453 4532 2508 4596 si
2546 4532 2808 4596 divinae

873 4616 1236 4682 voluntatis
1281 4625 1531 4678 tantam
1574 4612 1816 4678 habent
1852 4614 2189 4678 notitiam?
2236 4619 2327 4680 At
2371 4637 2541 4680 vana
2583 4639 2805 4700 super-

871 4704 1053 4769 stitio
1096 4703 1189 4766 sic
1230 4700 1524 4782 ipsorum
1569 4700 1821 4764 animos
1863 4702 2182 4782 oppressit
2225 4713 2289 4765 et
2351 4702 2682 4785 obligavit,
2734 4714 2809 4767 ut

874 4789 957 4854 ab
1001 4807 1079 4851 ea
1122 4786 1420 4851 recedere
1456 4807 1584 4849 non
1624 4784 1889 4868 possint,
1936 4786 2047 4850 sed
2085 4788 2294 4870 magis
2337 4788 2809 4870 immergantur

876 4884 944 4938 et
987 4873 1400 4937 fascinentur.
1491 4872 1599 4935 Ex
1651 4892 1778 4954 quo
1820 4883 2086 4954 apparet
2127 4894 2257 4937 non
2302 4894 2343 4937 a
2385 4883 2601 4938 mente
2648 4875 2808 4939 bene

876 4979 1037 5024 sana
1082 4960 1260 5022 illam
1297 4954 1769 5022 confessionem
1813 4967 1880 5021 et
1914 4958 2289 5023 divinornm
2325 4980 2592 5040 operum
2632 4982 2811 5043 prae-

879 5043 1285 5119 dicationem,
1331 5042 1445 5107 sed
1491 5043 1572 5108 ab
1613 5043 1915 5107 illusione
1960 5043 2271 5109 diabolica
2316 5065 2610 5128 vanaque
2655 5047 2810 5112 ima-

880 5129 1216 5210 ginatione
1253 5129 1624 5211 profectam.
1662 5128 1961 5211 Namque
1984 5130 2811 5216 incredulorumingenium

876 5212 1040 5279 adeo
1099 5215 1400 5297 pertinax
1456 5222 1556 5281 est
1617 5223 1687 5280 et
1742 5216 2157 5281 obfirmatum
2211 5217 2286 5282 in
2337 5217 2808 5301 incredulitate,

2509 304 2926 373 HOMILIA
2967 302 3203 372 XXII.

4651 315 4741 382 480

2896 504 2971 564 ut
3012 495 3311 564 videntes
3353 519 3487 564 non
3531 496 3813 564 videant.
3895 496 4117 581 Atqui,
4160 494 4387 576 fateor,
4426 495 4512 562 illi
4549 498 4743 572 divinae

2898 582 3062 649 lucis
3096 584 3315 649 radios
3350 584 3666 668 quosdam
3701 584 4061 661 intuentur,
4098 581 4211 647 sed
4250 603 4363 665 per
4392 592 4745 670 transennam,

2900 682 2971 735 ut
3038 669 3269 735 salutis
3332 673 3509 735 viam
3589 670 3887 736 invenire
3952 680 4307 751 nequeant:
4386 672 4530 752 quin
4587 675 4746 755 potius

2899 756 3130 821 incerti
3189 776 3447 838 semper
3510 757 3847 832 fluctuant,
3911 755 4130 839 ignari
4195 775 4387 838 quam
4441 755 4505 819 in
4559 775 4744 840 partem

2901 840 3165 906 tandem
3202 840 3666 924 propendeant.
3741 841 4181 923 Quamobrem
4230 860 4348 904 nos
4388 841 4474 905 ita
4512 842 4616 907 Dei
4647 865 4750 910 cen-

2902 928 3212 994 stantiam
3272 938 3338 992 et
3380 927 3979 1008 immutabilitatem
4025 946 4466 1010 agnoscamus,
4519 929 4667 993 utin
4698 952 4748 997 eo

2901 1014 3038 1080 solo
3090 1014 3639 1097 conquiescamus,
3694 1012 4036 1095 eidemque
4093 1024 4324 1095 sponte
4378 1031 4490 1076 nos
4526 1011 4753 1080 subiicia-

2904 1121 3069 1175 mus,
3128 1107 3198 1162 et
3253 1098 3336 1164 ad
3393 1111 3625 1164 nutum
3685 1099 3829 1163 eius
3883 1117 4367 1178 componamus,
4428 1108 4601 1180 atque
4647 1099 4752 1167 lieet

2905 1186 3125 1251 omnia
3180 1206 3419 1267 susque
3477 1184 3686 1268 deque
3753 1185 3905 1250 ferri
3971 1183 4340 1262 videantur,
4407 1183 4544 1263 forti
4594 1193 4753 1251 tamen

2904 1271 3122 1338 animo
3177 1280 3246 1336 et
3314 1271 3641 1338 constanti
3698 1270 3767 1335 in
3839 1268 3968 1335 fide
4038 1289 4530 1353 perseveremus.
4606 1273 4755 1354 Atque

2904 1357 3065 1423 adeo
3119 1357 3248 1422 nisi
3294 1359 3506 1422 Deum
3560 1356 3682 1423 sibi
3741 1376 3998 1438 semper
4055 1355 4333 1421 similem
4377 1376 4511 1421 esse
4548 1375 4758 1439 cognos-

2905 1464 3146 1520 camus,
3185 1443 3457 1508 miseros
3488 1441 3634 1509 illos
3668 1442 4168 1508 Philistinorum
4210 1441 4469 1507 divinos
4498 1450 4560 1505 ct
4599 1442 4761 1506 incan-

2907 1540 3149 1595 tatores
3214 1529 3460 1594 iudices
3522 1530 3678 1594 olim
3744 1530 3879 1594 fore
3942 1541 4196 1593 nostros
4272 1539 4632 1605 metuamus,
4685 1529 4762 1609 qui

2907 1615 3126 1681 Deum
3170 1614 3436 1681 Israelis
3478 1614 3581 1680 sui
3625 1635 3883 1697 semper
3925 1634 4067 1679 esse
4110 1611 4390 1677 similem
4435 1626 4497 1676 et
4533 1623 4764 1676 constanÎ‡

2907 1715 3036 1767 tem
3084 1701 3226 1766 eius
3269 1721 3410 1767 esse
3455 1702 3767 1766 virtutem
3809 1700 3938 1765 iam
3967 1720 4006 1762 a
4039 1698 4265 1763 multis
4308 1698 4568 1782 saeculis
4603 1699 4766 1780 cogniÎ‡

2908 1799 3041 1852 tam
3076 1788 3346 1869 professi
3376 1797 3552 1852 sunt.
3599 1785 4041 1867 Quamobrem
4066 1785 4304 1869 partim
4332 1785 4548 1848 demus
4567 1803 4766 1865 operam

2907 1893 2993 1937 ne
3025 1872 3270 1938 iudices
3303 1874 3449 1938 illos
3484 1873 3637 1937 olim
3674 1871 4108 1954 experiamur,
4154 1870 4265 1952 qui
4309 1869 4390 1935 de
4435 1869 4547 1933 Dei
4587 1869 4766 1932 virtuto

2907 1959 3071 2024 bene
3128 1972 3507 2024 senserunt:
3562 1959 3800 2041 partim
3860 1958 4058 2022 etiam
4117 1957 4261 2021 illos
4316 1954 4551 2019 imitari
4598 1973 4767 2018 caveaÎ‡

2910 2066 3074 2122 mus,
3132 2044 3262 2127 qui,
3320 2045 3476 2111 lieet
3532 2045 3794 2127 agnitae
3854 2044 3979 2107 Dei
4040 2042 4387 2126 potentiae,
4441 2061 4571 2105 sese
4609 2051 4767 2103 tamen

2908 2151 3041 2195 non
3086 2131 3522 2207 subiecerunt,
3582 2151 3795 2213 neque
3838 2127 4279 2194 idololatricos
4324 2147 4473 2192 suos
4512 2124 4693 2192 cultus
4722 2143 4769 2188 Î¹Î¿

2907 2216 3349 2283 caeremonias
3410 2237 3450 2281 a
3491 2237 3562 2282 se
3604 2217 3989 2294 reiecerunt,
4032 2235 4259 2279 veram
4322 2211 4672 2295 religionem
4705 2230 4771 2273 soÎ‡

2909 2304 3195 2386 quuturi.
3305 2303 3654 2368 Caeterum
3730 2310 3977 2383 quanta
4042 2299 4149 2364 hic
4226 2298 4498 2364 offertur
4558 2294 4769 2360 laetitiae

2908 2390 3201 2466 materia,
3260 2408 3460 2471 quum
3519 2389 3586 2453 in
3647 2407 3913 2453 snorum
3974 2387 4249 2468 gratiam
4303 2384 4480 2448 Deus
4529 2383 4771 2447 virtutem

2911 2494 3100 2540 suam
3137 2483 3205 2538 et
3240 2474 3599 2557 potentiam
3638 2473 3873 2539 offerre
3910 2470 4195 2537 dieitur?
4233 2470 4403 2535 Nam
4441 2487 4563 2551 qua
4594 2465 4771 2530 maiore

2913 2560 3158 2624 laetitia
3179 2561 3445 2644 perfrui,
3484 2559 3718 2642 quibus
3742 2558 3996 2642 gaudiis
4018 2559 4230 2634 magis
4265 2554 4589 2620 exsultare
4618 2570 4774 2634 possu-

2912 2667 3076 2723 mus,
3121 2668 3315 2729 quam
3358 2666 3557 2729 quum
3603 2644 3683 2710 de
3727 2643 4045 2728 singulari
4091 2641 4217 2706 Dei
4267 2661 4428 2726 erga
4469 2660 4579 2704 nos
4618 2652 4772 2701 amors

2913 2733 3206 2815 persuasi
3260 2753 3393 2797 non
3440 2731 3813 2796 dubitamus
3876 2732 4033 2813 quin
4078 2748 4267 2793 suam
4314 2731 4381 2793 in
4449 2724 4619 2790 nobis
4653 2721 4777 2787 adinÎ‡

2915 2817 3167 2896 vandis,
3213 2838 3414 2901 quum
3462 2818 3815 2883 necessitas
3863 2815 4317 2898 postulaverit,
4361 2813 4448 2879 sit
4497 2807 4774 2894 potentiam

2913 2902 3340 2969 exserturus?
3384 2904 3525 2969 Nae
3569 2913 3752 2968 tanta
3794 2902 3921 2967 ista
3962 2912 4058 2967 est
4105 2900 4375 2980 laetitia,
4421 2910 4492 2964 ut
4532 2916 4648 2961 unc
4685 2893 4776 2957 Deo

2910 2990 3058 3054 freti
3118 2990 3219 3054 vel
3277 2990 3344 3053 in
3404 2990 3708 3053 maximis
3766 2988 4084 3071 angustiis
4130 2986 4358 3050 laetari
4418 2991 4486 3049 et
4525 2980 4778 3076 exsultare

2911 3076 3120 3158 liceat,
3183 3077 3251 3139 in
3314 3074 3526 3139 Deum
3582 3074 3762 3139 omni
3814 3087 4038 3138 nostra
4094 3093 4252 3138 cura
4319 3084 4384 3137 et
4445 3065 4777 3134 solicitudine

2911 3162 3222 3226 coniecta.
3310 3162 3531 3244 Atque
3589 3180 3783 3243 saepe
3847 3159 4036 3224 nobis
4100 3159 4167 3222 in
4225 3159 4432 3222 sacris
4488 3152 4778 3219 inculcatur

2919 3248 3044 3311 Dei
3111 3248 3418 3330 potentia,
3486 3246 3912 3328 providentia,
3977 3254 4045 3310 et
4110 3243 4384 3327 proinde
4439 3239 4693 3306 fidelium
4731 3237 4777 3296 in

2913 3333 3129 3398 Deum
3192 3331 3713 3397 recumbentium
3773 3330 4117 3415 peculiaris
4180 3349 4359 3409 cura,
4429 3349 4509 3393 ne
4561 3338 4779 3416 unquth

2913 3430 3093 3484 metu
3152 3420 3247 3484 rei
3305 3419 3505 3483 ullius
3560 3418 3641 3484 ab
3696 3418 3808 3481 illo
3867 3417 4251 3481 resiliamus.
4344 3419 4444 3480 Ac
4500 3423 4778 3500 sane,n1131

2911 3505 3061 3570 licet
3103 3505 3461 3570 acutissimi
3505 3505 3768 3588 ingenio
3813 3503 4281 3586 prudentiaque
4326 3502 4548 3580 simus,
4607 3505 4779 3591 ment}-

2913 3592 3032 3656 bus
3086 3592 3327 3655 nostris
3399 3589 3573 3656 istud
3638 3591 3997 3665 inhaereat,
4071 3588 4251 3652 nulla
4305 3608 4423 3669 spe
4481 3586 4778 3674 firmatum

2910 3677 3104 3741 rebus
3150 3679 3447 3759 angustis
3481 3677 3813 3751 stabimus,
3862 3675 4021 3757 quin
4058 3673 4489 3738 vehementer
4521 3675 4779 3734 concutia-

2911 3781 3091 3827 mur:
3149 3762 3264 3827 sed
3307 3765 3362 3826 si
3407 3775 3635 3826 contra
3680 3762 3960 3843 penitius
4003 3760 4241 3823 animis
4285 3758 4503 3823 defixa
4545 3751 4708 3817 fuerit
4739 3753 4780 3806 Î¿á¼±

2913 3849 3197 3914 haeserit
3229 3849 3578 3928 sententia,
3628 3848 3838 3911 Deum
3879 3865 4010 3909 non
4051 3858 4304 3909 tantum
4345 3843 4780 3927 omnipotenton

2910 3956 3072 4010 csse,
3130 3934 3243 3998 sed
3298 3954 3481 3998 suam
3539 3935 3733 3998 etiam
3801 3932 4160 4015 potentiam
4226 3931 4290 3994 in
4359 3929 4490 3994 illis
4553 3917 4782 4013 tutandi!

2910 4041 3227 4100 exserere,
3283 4041 3323 4084 a
3368 4021 3601 4103 quibus
3645 4018 3880 4083 colitur
3914 4029 3981 4081 et
4025 4020 4394 4092 invocatur,
4450 4032 4599 4078 sane
4637 4003 4781 4098 nullm

2912 4127 3197 4188 unquam
3259 4104 3757 4188 tempestatibus
3813 4114 3881 4168 et
3936 4103 4236 4185 procellis
4292 4104 4376 4168 ab
4434 4100 4570 4164 eius
4611 4094 4784 4186 fldneit

2912 4191 3418 4270 deturbabimur,
3465 4213 3672 4273 neque
3709 4203 4073 4254 metuemus
4118 4211 4199 4253 ne
4243 4210 4375 4252 non
4423 4186 4607 4250 rebus
4644 4176 4784 4242 afflwÎ‡

2912 4278 2992 4342 tis
3040 4291 3441 4360 praesentem
3489 4279 3690 4360 ipsius
3733 4279 4045 4341 virtutem
4108 4277 4543 4357 experiamur.
4623 4265 4785 4343 AtqÂ¹Â¹â°

2912 4363 3032 4428 hac
3091 4366 3339 4427 ratione
3384 4362 3696 4447 quidquid
3740 4363 3933 4427 saluti
3996 4373 4256 4426 nostrae
4310 4355 4684 4425 contrarium
4719 4353 4785 4407 0â¸Â²

2911 4448 3099 4514 facile
3142 4463 3649 4522 contemnemus,
3695 4460 3760 4512 et
3805 4449 4106 4512 omnibus
4153 4448 4449 4511 hostibus
4495 4442 4683 4506 minas
4715 4453 4783 4495 Â¹Â¹Â²*

2910 4537 3327 4614 tentantibus,
3383 4536 3522 4600 sive
3580 4534 3928 4599 adversum
3985 4555 4274 4616 corpora,
4330 4533 4474 4597 sive
4535 4527 4782 4618 adversus

2909 4622 3181 4696 animas,
3227 4621 3719 4685 insultabimus:
3765 4636 3957 4703 atque
4000 4621 4067 4683 in
4116 4619 4343 4683 mediis
4388 4603 4785 4681 afflictionibus

2910 4720 2975 4771 et
3015 4708 3333 4789 angustiis
3377 4707 3777 4785 laetabimur,
3825 4722 3898 4769 ut
3935 4707 4111 4770 nullo
4155 4703 4571 4787 quantumvis
4608 4689 4783 4760 acerbO

2909 4793 3148 4871 dolore,
3195 4793 3376 4857 nulla
3408 4794 3668 4856 tristitia
3705 4797 4084 4874 frangamur
4121 4805 4184 4855 et
4227 4792 4610 4873 affligamur.
4667 4778 4784 4879 â€˜1Â³â°â¸â€˜

2912 4890 3137 4955 tremo,
3205 4901 3401 4961 quum
3461 4901 3530 4944 se
3594 4880 3769 4942 Deus
3825 4892 4096 4942 testetur
4168 4878 4323 4940 clim
4395 4896 4517 4939 non
4581 4870 4782 4932 irritum

2909 4986 3055 5029 cum
3113 4966 3382 5030 ecclesia
3425 4987 3543 5029 sua
3587 4966 3810 5029 foedus
3859 4964 4268 5047 percussit-se,
4322 4965 4506 5026 cuius
4547 4973 4673 5021 seso
4705 4945 4781 5008 deÎ‡

2912 5051 3232 5115 fensorem
3280 5052 3473 5116 rebus
3515 5050 3999 5134 angustissimis
4058 5049 4536 5114 demonstrarit.
4591 5037 4660 5102 ud
4701 5049 4783 5096 Â¹Â¹â°â¸

2909 5135 3069 5201 illud
3116 5139 3311 5202 etiam
3359 5139 3683 5219 pertinere
3738 5140 4036 5202 sciamus.
4128 5136 4365 5216 Quare,
4428 5134 4783 5214 quaecunqlffl

2913 5221 3215 5289 historiae
3273 5224 3457 5291 nobis
3516 5227 3933 5304 occurrerint,
3997 5225 4065 5287 in
4111 5224 4346 5306 quibus
4389 5217 4518 5282 Dei
4561 5214 4784 5278 benevo-
