5059 6059
815 344 943 413 327

825 544 986 610 licet
1030 543 1182 610 finis
1222 542 1429 624 ipsius
1475 562 1609 606 non
1652 541 1741 606 sit
1785 540 2019 607 malus.
2106 542 2252 608 Hoc
2295 541 2467 606 enim
2514 538 2781 605 indubi-

833 639 1052 695 tatum
1088 640 1188 694 est
1227 627 1644 711 principium,
1682 627 1901 693 Deum
1937 647 2160 692 amare
2195 628 2565 709 veritatem,
2610 623 2781 708 quod

838 737 912 782 se
970 713 1292 799 abnegare
1350 735 1480 778 non
1544 714 1766 796 possit.
1857 711 2297 793 Quamobrem
2358 734 2441 777 ne
2499 734 2618 778 nos
2663 713 2782 775 im·

835 822 1069 867 munes
1113 824 1153 865 a
1194 810 1459 883 peccato
1503 800 1971 877 existimemus,
2017 799 2172 863 licet
2215 799 2387 863 bona
2429 798 2560 864 fide
2604 797 2781 862 affir-

836 907 1021 952 mare
1079 886 1424 969 possimne,
1492 884 1653 950 illud
1715 884 2132 951 mendacium
2191 884 2441 949 nemini
2508 884 2778 948 noxium

831 993 1044 1056 neque
1089 972 1485 1037 iniuriosum
1528 991 1689 1037 esse.
1776 971 1966 1049 Nam,
2028 983 2102 1036 ut
2147 970 2304 1048 dixi,
2365 968 2779 1035 mendacium

832 1078 955 1125 sua
1014 1070 1250 1122 natura
1311 1057 1616 1122 vitiosum
1678 1067 1779 1119 est
1837 1066 1903 1120 et
1962 1054 2551 1134 condemnandum,
2610 1052 2777 1135 quod

829 1154 1107 1209 naturae
1151 1142 1278 1208 Dei
1326 1143 1413 1207 sit
1454 1141 1876 1207 contrarium.
1966 1143 2182 1207 Deum
2228 1144 2400 1207 enim
2439 1141 2563 1206 sibi
2612 1139 2778 1203 veri·

829 1230 992 1296 tatis
1040 1250 1279 1293 nomen
1328 1229 1616 1292 tribuere
1656 1230 1980 1306 novimus,
2026 1248 2231 1311 quare
2267 1226 2578 1309 quidquid
2615 1225 2774 1289 veri·

830 1317 954 1382 tati
992 1324 1312 1398 repugnat
1344 1312 1762 1379 condemnari
1799 1326 2076 1396 oportet,
2115 1314 2238 1378 nisi
2262 1314 2504 1395 alioqui
2527 1311 2775 1377 coelum

831 1411 1052 1467 terrae
1087 1402 1378 1480 miscere,
1414 1411 1479 1464 et
1515 1399 1685 1482 quod
1726 1414 1941 1463 atrum
1980 1412 2079 1464 est
2102 1399 2323 1464 album
2362 1419 2507 1464 esse
2543 1397 2779 1477 dicere,

833 1485 1177 1569 lucemque
1235 1487 1302 1548 in
1363 1485 1667 1550 tenebras
1711 1496 2095 1550 convertere
2141 1485 2464 1550 volumus.
2553 1481 2777 1565 Duplo

834 1593 994 1638 vero
1016 1573 1284 1656 gravius
1320 1571 1568 1635 malum
1605 1580 1723 1646 est,
1761 1574 1814 1635 si
1841 1570 2249 1636 mendacium
2286 1570 2478 1636 alicui
2503 1569 2775 1634 noxium

835 1669 942 1723 est
987 1670 1056 1724 et
1099 1655 1662 1722 detrimentosum.
1753 1656 1924 1720 Nam
1982 1677 2069 1722 ex
2112 1667 2298 1740 parte
2344 1654 2527 1720 Deus
2573 1654 2776 1717 offen·

832 1743 1014 1809 ditur
1056 1743 1425 1808 mendacio:
1474 1744 1603 1807 alia
1646 1765 1727 1807 ex
1775 1753 1962 1826 parte
2007 1742 2345 1827 proximus
2389 1763 2471 1806 ex
2516 1737 2779 1804 menda-

831 1830 933 1895 cio
978 1830 1285 1894 iniuriam
1333 1849 1559 1910 passus
1605 1828 1904 1893 laeditur.
1956 1829 2151 1894 Multi
2200 1849 2357 1893 vero
2402 1841 2558 1893 sunt
2601 1846 2780 1889 men·

830 1915 1164 1981 deciorum
1233 1916 1493 1998 gradus,
1566 1934 1844 1997 quorum
1910 1914 2039 1979 alio
2105 1914 2372 1999 gravior
2436 1925 2503 1977 et
2567 1911 2779 1995 magis

828 2001 1400 2068 condemnandus:
1460 2021 1689 2064 verum
1751 2013 1971 2064 tamen
2031 1999 2154 2066 hoc
2214 1997 2631 2063 retinendum
2678 2005 2778 2060 est

827 2087 1248 2170 principium,
1310 2085 1562 2149 nullum
1624 2085 2034 2151 mendacium
2081 2106 2306 2151 carere
2350 2084 2511 2149 vitio
2558 2102 2777 2149 coram

835 2172 1141 2249 Domino,
1206 2182 1468 2254 propter
1512 2169 1682 2253 quod
1740 2190 1961 2236 coram
2007 2173 2150 2254 ipso
2195 2171 2430 2236 merito
2474 2168 2778 2236 condem-

831 2278 1086 2324 nemur.
1177 2256 1397 2338 Quare
1443 2256 1595 2321 licet
1637 2258 1920 2321 iocosum
1968 2278 2110 2322 esse
2152 2256 2564 2322 mendacium
2612 2254 2780 2319 dica·

832 2364 998 2422 mus,
1040 2354 1154 2410 aut
1193 2343 1274 2409 ob
1319 2343 1561 2407 bonum
1606 2343 1886 2425 aliquem
1933 2343 2152 2418 finem,
2213 2341 2636 2407 nihilominus
2681 2353 2781 2404 ta·

831 2448 988 2493 men
1046 2430 1113 2493 in
1159 2449 1229 2493 se
1287 2442 1354 2492 et
1398 2446 1517 2492 sua
1574 2440 1809 2493 natura
1867 2448 2128 2511 semper
2168 2429 2413 2493 malum
2459 2436 2592 2492 est:
2653 2425 2777 2490 etsi

831 2514 944 2580 vel
1010 2515 1184 2580 vitae
1271 2526 1534 2579 nostrae
1614 2513 1720 2578 vel
1805 2515 2248 2596 proximorum
2327 2512 2777 2580 consulamus:

834 2598 1005 2683 quod
1051 2600 1112 2666 si
1153 2600 1246 2665 ita
1286 2609 1409 2677 est,
1478 2599 1671 2681 quale
1726 2598 2022 2665 futurum
2083 2599 2244 2665 illud
2298 2600 2776 2677 existimamus,

831 2685 1004 2769 quod
1048 2682 1296 2762 fraude,
1354 2686 1604 2750 malitia
1647 2694 1713 2750 et
1755 2686 1929 2751 mala
1977 2686 2377 2752 conscientia
2425 2686 2600 2750 hunc
2658 2682 2777 2748 sal-

829 2770 987 2848 lere,
1065 2771 1247 2835 illum
1325 2769 1507 2836 bonis
1580 2771 1860 2855 spoliare
1930 2780 1998 2838 et
2070 2770 2339 2837 tandem
2405 2770 2778 2854 opprimere

827 2853 1029 2922 habet
1061 2857 1184 2922 sibi
1232 2857 1684 2939 propositum?

1003 2944 1096 3008 Et
1142 2944 1457 3009 hactenus
1501 2941 1582 3007 de
1625 2942 1935 3010 Micholis
1980 2942 2175 3027 facto,
2221 2941 2530 3027 deinceps
2565 2938 2775 3024 sequi·

828 3038 940 3095 tur
1006 3028 1332 3094 Davidem
1403 3030 1659 3095 venisse
1737 3027 1821 3094 ad
1887 3028 2263 3095 Samuelem
2332 3028 2636 3108 Ramam,
2713 3034 2780 3091 et

828 3116 960 3200 ipsi
1016 3113 1338 3180 indicasse
1399 3113 1713 3198 quidquid
1758 3113 1921 3181 Saul
1980 3114 2109 3180 sibi
2151 3115 2427 3180 fecisset.
2517 3114 2609 3178 Et
2650 3112 2780 3178 ista

832 3200 1100 3285 quidem
1148 3201 1437 3266 breviter
1480 3201 1863 3279 recitantur,
1919 3198 2038 3266 sed
2095 3219 2261 3284 quae
2306 3209 2526 3265 tamen
2571 3198 2781 3263 multa

828 3290 902 3352 in
962 3310 1032 3354 se
1099 3286 1458 3353 continent.
1548 3286 1721 3352 Nam
1787 3305 1956 3369 quae
2020 3287 2239 3371 potuit
2301 3306 2446 3351 esse
2495 3284 2779 3350 Davidis

828 3373 1142 3453 narratio,
1190 3372 1318 3438 nisi
1363 3371 1561 3455 plena
1605 3372 2016 3455 querelarum
2060 3372 2140 3438 de
2175 3372 2349 3438 facta
2381 3372 2507 3437 sibi
2542 3370 2781 3436 iniuria

838 3479 879 3524 a
925 3459 1144 3539 Saule,
1203 3466 1272 3524 et
1328 3455 1410 3521 de
1465 3468 1708 3524 eventu
1754 3458 2080 3524 contrario
2127 3457 2456 3524 unctionis
2499 3477 2697 3541 quam
2743 3475 2783 3520 a

835 3543 1150 3612 Samuele
1209 3543 1591 3626 acceperat?
1682 3544 1977 3610 Vocatus
2043 3545 2220 3609 enim
2290 3544 2505 3609 suerat
2559 3540 2782 3608 David

837 3631 922 3697 ab
981 3631 1202 3696 ovium
1260 3630 1467 3712 septis
1511 3636 1580 3697 et
1622 3651 1744 3695 rex
1789 3629 2157 3695 declaratus
2200 3630 2406 3713 ipsius
2452 3626 2784 3695 Samuelis

833 3717 1204 3782 ministerio
1261 3736 1301 3781 a
1345 3737 1471 3797 quo
1530 3716 1744 3781 fuerat
1802 3724 2078 3782 unctus:
2135 3724 2204 3781 et
2245 3714 2328 3779 ad
2390 3715 2783 3799 dignitatem

839 3822 1042 3886 quam
1083 3822 1212 3866 non
1258 3802 1611 3883 expetebat
1653 3823 1693 3866 a
1737 3799 1882 3867 Deo
1927 3810 2221 3869 vocatus.
2301 3798 2605 3881 Quorum
2651 3818 2786 3865 om·

838 3889 1026 3954 nium
1075 3884 1339 3953 Samuel
1384 3907 1587 3970 quum
1634 3887 1868 3952 fuisset
1912 3886 2318 3967 administer,
2363 3886 2585 3952 David
2632 3905 2782 3969 pro-

838 3977 1039 4059 fugus
1083 3972 1164 4037 ad
1212 3974 1422 4055 ipsum
1469 3973 1652 4038 venit
1694 3973 2203 4055 expostulatum,
2249 3980 2505 4038 tantum
2555 3971 2782 4038 abesse

838 4070 914 4127 ut
959 4058 1184 4126 unctio
1230 4059 1410 4142 regia
1452 4059 1534 4124 sit
1579 4057 1704 4141 ipsi
1751 4057 1949 4137 utilis,
1996 4069 2070 4124 ut
2112 4066 2345 4126 contra
2386 4060 2615 4124 mortis
2657 4056 2784 4141 ipsi

839 4144 1023 4213 mille
1090 4143 1473 4210 discrimina
1535 4152 1743 4210 creet:
1813 4154 2009 4227 atque
2067 4144 2229 4211 adeo
2287 4164 2360 4210 se
2418 4142 2784 4228 praesentis

838 4232 1074 4299 mortis
1118 4229 1469 4296 discrimen
1506 4229 1832 4313 effugisse.
1880 4230 2125 4296 Gravis
2170 4250 2329 4297 sane
2364 4239 2500 4295 tam
2536 4226 2783 4295 Davidi

839 4338 1036 4403 quam
1114 4314 1406 4383 Samueli
1482 4315 1773 4381 tentatio.
1883 4314 2155 4382 Samuel
2221 4315 2483 4400 quidem
2551 4314 2785 4380 merito

839 4404 1025 4489 queri
1070 4423 1258 4485 posse
1305 4399 1649 4468 videbatur
1684 4398 1858 4483 apud
1903 4400 2288 4482 Dominum,
2331 4401 2784 4486 inauguratio-

841 4512 994 4557 nem
1052 4488 1232 4554 illam
1291 4486 1571 4553 Davidis
1630 4486 1712 4553 ab
1773 4487 1914 4570 ipso
1971 4508 2102 4553 non
2170 4487 2314 4554 fieri
2372 4499 2605 4566 ratam,
2674 4493 2789 4553 aut

842 4576 1077 4642 saltem
1115 4574 1291 4639 illius
1329 4573 1776 4657 impletionem
1813 4572 2062 4638 tamdiu
2099 4573 2368 4652 differri,
2404 4593 2603 4656 quam
2638 4593 2786 4656 pro-

843 4661 1093 4727 moveri
1186 4659 1396 4742 primo
1464 4679 1716 4741 quoque
1782 4657 1888 4723 die
1965 4672 2267 4743 oportere
2346 4659 2786 4725 existimabat.

839 4747 1013 4813 Nam
1083 4766 1285 4828 quum
1354 4742 1624 4812 Samuel
1693 4753 1865 4810 esset
1930 4745 2252 4829 propheta
2313 4754 2382 4810 et
2445 4746 2687 4810 missus
2751 4762 2792 4807 a

843 4831 1133 4899 Domino
1157 4851 1307 4898 cum
1333 4830 1660 4896 mandatis
1682 4833 2009 4913 expressis
2048 4830 2438 4917 designandi
2463 4829 2792 4896 Davidem

843 4939 1072 5004 regem
1086 4925 1152 4983 et
1168 4917 1401 4983 ducem
1426 4915 1668 5001 populi,
1694 4927 1757 4981 et
1771 4917 2034 4982 interim
2055 4937 2185 4983 non
2208 4916 2401 4983 modo
2417 4937 2549 4983 non
2564 4916 2794 5001 imple·

842 5013 1076 5071 rentur
1135 5021 1300 5086 quae
1342 5002 1528 5068 Deus
1585 5002 2005 5086 praedixerat
2062 5015 2130 5069 et
2186 5003 2574 5070 testificatus
2631 5011 2791 5081 erat,

843 5089 961 5157 sed
1005 5089 1076 5154 in
1121 5089 1525 5155 contrarium
1562 5087 1784 5171 potius
1818 5088 2038 5155 omnia
2072 5088 2420 5166 ferrentur,
2464 5097 2535 5155 et
2570 5087 2794 5155 David

844 5178 913 5242 in
959 5183 1274 5258 perpetuo
1320 5174 1550 5241 mortis
1595 5173 1972 5241 discrimine
2026 5185 2421 5255 versaretur,
2479 5182 2548 5242 et
2603 5175 2791 5259 inops

847 5260 1124 5340 consilii,
1191 5261 1510 5345 profugus
1569 5268 1634 5324 et
1702 5281 1950 5345 egenus
1994 5261 2353 5346 exsularet,
2419 5269 2674 5345 quanto
2718 5263 2791 5327 in

2442 350 2857 420 HOMILIA
2901 353 3198 422 LXXII.
4642 351 4727 418 328

2885 564 3178 610 moerore
3215 548 3545 607 versatum
3585 539 3799 622 ipsum
3836 535 4251 619 arbitramur,
4296 559 4497 621 quum
4526 560 4585 605 se
4609 562 4736 606 man-

2887 630 3040 695 data
3084 628 3393 694 detulisse
3437 626 3709 704 videret,
3769 643 3936 708 quae
3979 643 4112 687 non
4158 624 4352 690 modo
4392 646 4569 690 suum
4602 626 4738 692 effee-

2884 726 3023 780 tum
3086 736 3213 779 non
3262 711 3711 795 producerent,
3767 709 3881 776 sed
3927 730 4194 793 prorsus
4237 711 4645 776 contrarium?
4676 714 4738 778 Et

2883 802 3168 865 vicissim
3209 799 3428 864 David
3474 818 3778 883 magnam
3825 795 4230 862 occasionem
4278 795 4513 862 habere
4548 797 4741 865 videba-

2881 897 2988 951 tur
3054 887 3133 951 de
3202 883 3507 952 Samuele
3572 879 4028 965 conquerendi.
4122 881 4583 947 Verumtamen
4636 885 4739 951 illos

2882 994 3023 1038 sese
3081 976 3293 1056 potius
3350 969 3635 1036 invicem
3699 971 3772 1033 in
3823 967 3949 1032 Dei
4015 968 4353 1050 promissis
4404 970 4745 1036 confirmasse

2882 1058 3198 1134 videmus,
3262 1076 3618 1139 verumque
3673 1052 4032 1119 remedium
4092 1052 4410 1119 adversus
4451 1055 4745 1121 istiusmodi

2882 1145 3274 1209 tentationes
3333 1140 3750 1224 quaesivisse.
3840 1137 4199 1204 Naiothum
4258 1140 4565 1223 siquidem
4604 1163 4744 1206 vene-

2883 1240 3039 1297 runt
3093 1230 3202 1294 ubi
3260 1226 3646 1292 habitabant
3697 1224 4054 1310 prophetae
4114 1247 4257 1291 sese
4312 1236 4659 1293 exercentes
4700 1229 4747 1292 in

2883 1317 3027 1401 lege
3073 1315 3199 1379 Dei
3261 1313 3341 1378 ad
3402 1311 3633 1378 salutis
3688 1311 4049 1377 doctrinam
4110 1313 4179 1375 in
4227 1320 4363 1376 tota
4408 1312 4644 1378 Israiilis
4677 1334 4747 1377 re-

2881 1403 3073 1486 gione
3109 1399 3615 1485 propagandam.
3662 1398 3895 1480 Itaque
3919 1406 4234 1479 tanquam
4257 1398 4497 1464 milites
4529 1400 4752 1464 instante

2882 1487 3144 1572 proeli0,
3203 1486 3323 1550 sub
3384 1485 3694 1550 vexillum
3743 1482 4016 1548 Domini
4073 1503 4145 1547 se
4188 1484 4529 1567 recipiunt,
4583 1493 4638 1548 et
4669 1484 4751 1549 ad·

2885 1595 3114 1639 versus
3172 1579 3308 1636 tam
3363 1570 3524 1635 dura
3585 1570 3947 1636 certamina
4004 1580 4416 1651 praeparant.
4517 1569 4663 1636 Nam
4703 1571 4754 1634 in

2880 1660 3090 1725 locum
3154 1658 3431 1722 veniunt
3483 1659 3551 1720 in
3611 1675 3738 1739 quo
3786 1654 3912 1719 Dei
3967 1654 4243 1719 verbum
4302 1655 4752 1739 praedicabatur.

2881 1747 2960 1811 ad
3023 1743 3194 1828 quod
3255 1753 3572 1825 tanquam
3629 1741 4027 1805 tutissimum
4088 1739 4348 1824 asylum
4408 1741 4756 1825 confugiunt.

2880 1831 3058 1897 Hinc
3117 1850 3272 1895 vero
3316 1827 3623 1893 docemur
3674 1826 4138 1910 ingruentibus
4182 1825 4643 1891 calamitatibus
4675 1826 4757 1891 ad·

2880 1938 3114 1982 versus
3158 1936 3324 1998 qnae
3362 1913 3612 1978 nullum
3646 1911 4012 1978 humanum
4048 1932 4387 1993 superesse
4424 1910 4756 1996 praesidium

2881 2003 3204 2077 videatur,
3259 1999 3340 2063 ad
3387 1998 3511 2063 Dei
3569 1999 3840 2063 verbum
3886 1998 4254 2082 confugere,
4319 1999 4494 2080 quod
4535 1998 4761 2064 certissi-

2882 2110 3059 2153 mum
3108 2096 3205 2152 est
3251 2085 3780 2152 Christianorum
3819 2083 4102 2148 militum
4141 2084 4481 2164 vexillum,
4525 2084 4599 2150 ad
4631 2079 4762 2166 quod

2883 2196 2952 2240 se
3014 2172 3308 2238 hostibus
3372 2172 3691 2254 impetum
3755 2169 4147 2235 facientibus
4210 2172 4503 2253 recipere
4563 2168 4767 2246 debent,

2882 2259 3051 2343 quod
3099 2258 3355 2323 nullum
3401 2255 3553 2322 alibi
3598 2254 3998 2339 praesidium
4042 2256 4267 2333 tutius,
4329 2256 4545 2322 nullas
4582 2255 4764 2320 certio-

2884 2367 2989 2410 res
3036 2344 3210 2409 vires
3255 2341 3559 2408 habeant.
3632 2341 3827 2406 Hanc
3869 2339 3952 2405 ob
3994 2361 4258 2406 causam
4303 2340 4577 2407 Samuel
4612 2340 4766 2406 Naio-

2883 2432 3070 2496 thum
3131 2449 3281 2496 cum
3341 2427 3600 2495 Davide
3655 2427 3855 2505 venit,
3910 2433 3987 2491 ut
4039 2447 4190 2493 cum
4247 2427 4586 2511 prophetis
4640 2435 4768 2491 esset

2884 2516 2971 2582 ibi
3018 2513 3480 2592 habitantibus,
3526 2512 3797 2578 minime
3843 2512 4108 2595 quidem
4154 2533 4302 2578 cnm
4345 2514 4487 2577 illis
4522 2522 4770 2579 versatus

2884 2612 2958 2669 ut
3001 2601 3355 2684 discipulus
3398 2600 3504 2665 vel
3548 2601 3695 2665 tiro.
3764 2598 3937 2664 Nam
3982 2599 4226 2664 scimus
4270 2596 4637 2665 Samuelem
4674 2598 4770 2662 iam

2883 2688 3035 2753 inde
3070 2687 3152 2752 ab
3188 2687 3467 2752 infantia
3489 2685 3617 2751 Dei
3651 2685 3922 2769 spiritus
3961 2681 4148 2750 donis
4183 2685 4556 2769 insignibus
4587 2702 4770 2766 nempe

2844 2772 3224 2858 prophetia
3279 2782 3584 2837 ornatum
3642 2771 3858 2846 fuisse,
3918 2789 4122 2852 quum
4176 2782 4400 2835 tamen
4460 2781 4610 2837 tunc
4647 2783 4771 2834 tem·

2885 2860 3061 2944 poris
3118 2857 3301 2924 nulla
3354 2866 3526 2923 esset
3582 2857 3653 2923 in
3697 2864 3834 2921 tota
3876 2853 4124 2922 Iudaea
4176 2857 4501 2923 revelatio
4541 2854 4771 2941 prophe-

2884 2947 3033 3022 tica,
3088 2945 3202 3009 sed
3257 2944 3443 3027 quasi
3498 2942 3754 3028 sepulta
3807 2942 4064 3007 iaceret.
4156 2940 4289 3008 Sed
4337 2940 4606 3009 Samuel
4643 2941 4775 3006 hano

2884 3031 3060 3097 solus
3118 3031 3396 3115 gratiam
3455 3038 3812 3112 acceperat,
3871 3034 3949 3093 ut
4005 3026 4397 3112 prophetiae
4440 3028 4606 3095 dono
4643 3034 4773 3092 eam

2882 3116 3185 3269 iffi?
3217 3112 4777 3284 2¹3¹¹1¹2r3⁷ss153a2¹¹32255ff1t⁸ffl{ffmfflfliff‘iffl

2883 3296 3045 3367 oeat,
3090 3309 3219 3353 non
3264 3296 3339 3353 ut
3380 3287 3527 3353 illos
3571 3285 3862 3352 doctores
3907 3291 3977 3350 et
4014 3286 4365 3369 magistros
4410 3286 4658 3365 habeat,
4693 3281 4777 3349 sed

2883 3384 2960 3440 ut
3015 3375 3308 3458 ipsorum
3364 3373 3688 3440 consortio
3743 3371 3957 3454 magis
4015 3390 4092 3435 ac
4142 3370 4356 3456 magis
4400 3372 4780 3439 confirmetur

2883 3461 2953 3525 in
2998 3458 3237 3526 divinis
3278 3457 3836 3543 promissionibus,
3883 3463 3952 3521 et
3992 3454 4121 3539 ipsi
4155 3456 4355 3522 etiam
4392 3457 4636 3527 Davidi
4663 3476 4778 3522 con·

2883 3546 3071 3623 sulat‚
3138 3544 3324 3611 cuius
3389 3544 3675 3609 maxime
3739 3542 4066 3608 rationem
4133 3541 4388 3624 habuit,
4454 3554 4525 3611 et
4587 3542 4779 3609 idcirco

2883 3652 3105 3699 secum
3146 3630 3229 3696 ad
3264 3629 3621 3715 prophetas
3650 3636 3960 3711 tanquam
4003 3625 4085 3692 ad
4120 3628 4384 3712 asylum
4422 3629 4781 3696 tutissimum

2884 3718 3186 3796 adduxit,
3240 3725 3308 3783 et
3364 3715 3681 3782 adversus
3725 3712 3946 3781 Saulis
3990 3714 4307 3799 impetum
4352 3716 4542 3783 velut
4580 3717 4647 3781 in
4683 3714 4784 3787 for·

2884 3803 3136 3871 tissimo
3212 3800 3704 3887 propugnaculo
3771 3799 4132 3867 collocavit.
4237 3798 4423 3868 Sane
4491 3801 4781 3867 hominum

2884 3890 3187 3974 opinione
3231 3909 3363 3953 non
3410 3886 3757 3954 videbatur
3800 3885 3962 3951 haec
4003 3885 4177 3951 ratio
4218 3886 4463 3954 idonea
4507 3885 4784 3955 Davidem

2885 3998 2922 4044 e
2943 3973 3247 4061 periculis
3281 3972 3779 4039 imminentibus
3815 3970 4167 4037 liberandi:
4209 3973 4369 4056 quin
4405 3974 4545 4040 imo
4576 3968 4785 4040 consul·

2885 4074 3028 4129 tum
3084 4060 3212 4144 ipsi
3269 4059 3519 4139 melius,
3584 4059 3641 4124 si
3693 4059 3761 4123 in
3818 4057 4070 4124 occulto
4123 4059 4408 4141 quodam
4469 4068 4543 4126 et
4582 4058 4787 4125 munito

2886 4148 3026 4216 loco
3085 4146 3515 4225 delituissent,
3571 4164 3766 4227 quem
3810 4141 3978 4210 Saul
4039 4144 4504 4229 investigando
4563 4166 4680 4212 non
4714 4162 4786 4206 re-

2885 4234 3184 4318 perisset.
3269 4230 3444 4296 Nam
3502 4249 3702 4313 quum
3747 4236 3970 4295 essent
4007 4230 4183 4295 inter
4222 4231 4606 4315 prophetas,
4654 4230 4788 4296 fama

2887 4320 3109 4387 statim
3155 4316 3504 4395 emanavit,
3551 4324 3620 4382 et
3662 4314 3745 4381 ad
3792 4313 4014 4382 Saulis
4056 4334 4248 4381 aures
4289 4319 4614 4400 pervenit.
4689 4309 4787 4381 Sed

2889 4403 3162 4472 Samuel
3198 4424 3328 4468 non
3371 4402 3680 4468 humanis
3713 4400 4060 4485 praesidiis
4094 4409 4164 4467 et
4195 4403 4491 4470 consiliis
4524 4402 4644 4470 sibi
4670 4419 4787 4469 con·

2889 4491 3111 4570 suluit,
3177 4487 3292 4555 sed
3348 4486 3433 4554 ad
3489 4488 3744 4569 asylum
3804 4487 3985 4552 omni
4041 4485 4332 4553 humano
4389 4487 4701 4573 praesidio
4741 4492 4789 4547 et

2888 4573 3377 4730 emese
3431 4572 4486 4726 missnensem
4528 4573 4787 4727 rw

2892 4750 2959 4814 in
2996 4681 3421 4813 illiuysptutel’a
3434 4681 3594 4830 1{luip
3610 4744 3810 4811 rebus
3843 4680 4463 4829 omnibusfflpraeest.
4581 4741 4786 4811 avidam

2890 4835 3116 4917 itaque
3180 4831 3533 4899 attonitum
3614 4831 3820 4899 voluit
3896 4829 4023 4898 hae
4103 4831 4357 4898 ratione
4420 4833 4789 4905 confirmare,

2893 4921 3196 5004 vitaeque
3253 4936 3411 4984 suae
3468 4917 3762 5001 periculo
3816 4935 4012 5000 quam
4057 4916 4185 4983 Dei
4243 4917 4432 4984 iussu
4479 4928 4548 4984 et
4588 4912 4784 4983 autori·

2894 5014 3031 5074 tate
3104 5004 3493 5090 dignitatem
3558 5001 3806 5070 Davidi
3865 5002 4257 5086 promiserat
4321 5011 4543 5071 ratum
4606 5002 4787 5069 fam.

2894 5091 3221 5159 Davidem
3279 5090 3502 5174 itaque
3561 5108 3758 5173 quem
3815 5087 4143 5155 dimittere
4200 5097 4484 5174 poterat,
4542 5084 4786 5156 comitati

2895 5178 3123 5259 voluit,
3203 5174 3504 5259 idemque
3566 5195 3720 5240 cum
3782 5175 3926 5259 ipso
4005 5175 4367 5258 periculum
4448 5173 4679 5253 subire,
4735 5178 4789 5235 nt

2893 5284 2967 5330 re
3023 5263 3171 5349 ipsa
3213 5270 3522 5329 testatum
3565 5260 3807 5329 faceret
3849 5280 3921 5327 se
3979 5259 4143 5327 nihil
4187 5281 4228 5328 a
4269 5260 4538 5330 Davide
4576 5274 4787 5345 separa·
