5059 6059
306 316 419 381 349
1615 316 1712 381 IN
1761 315 1813 382 Ι.
1862 313 2039 381 LIB.
2085 312 2482 381 SAMUEL.
2530 315 2727 381 OAP.
2774 312 2931 380 XX.
4125 316 4255 383 350

299 524 614 590 eoynovero
668 505 1026 587 completam
1084 524 1215 573 esse
1243 506 1458 587 patris
1501 507 1623 573 mei
1663 506 1970 571 malitiam
2010 507 2222 570 contra

306 598 374 670 te,
411 611 530 657 non
590 592 954 657 annuntiem
1007 589 1139 656 tibi.
1229 591 1330 656 10.
1378 590 1836 675 Responditque
1878 589 2098 656 David
2138 589 2223 654 ad

310 675 631 742 Ionatham
708 677 865 759 Quis
920 678 1310 743 renunciabit
1357 678 1535 759 mihi,
1594 680 1655 744 si
1711 676 1864 762 quid
1910 676 2069 759 forte
2124 694 2223 739 re-

304 762 610 843 sponderit
651 761 767 828 tibi
795 766 985 845 pater
1027 767 1176 829 tuus
1215 763 1423 828 dure?
1493 766 1592 830 11.
1642 764 1830 829 Diaeit
1861 781 2002 827 vero
2029 761 2222 826 Iona-

308 846 442 913 thas
481 848 567 914 ad
598 847 940 914 Dam'dem:
996 848 1154 914 Veni
1185 854 1241 913 et
1274 850 1668 932 eyrediamm·
1690 850 1870 933 foras
1890 849 1962 913 in
1983 866 2224 930 cyrum.

465 1018 813 1100 Pergimus
870 1021 936 1083 in
981 1019 1383 1102 explicandis
1425 1022 1705 1089 Davidis
1741 1017 2224 1095 tentationibus,

303 1106 478 1171 cuius
517 1105 657 1169 vita
704 1114 835 1168 tam
882 1102 1077 1170 dubia
1121 1114 1183 1171 et
1227 1108 1473 1173 incerta
1516 1107 1882 1184 videbatur,
1932 1124 2125 1188 quam
2169 1103 2226 1168 si

304 1209 345 1254 a
383 1190 557 1254 tenui
585 1188 712 1254 ·filo
759 1190 1186 1272 dependeret:
1233 1193 1553 1275 siquidem
1598 1214 1681 1258 ne
1716 1198 2045 1256 momento
2083 1189 2224 1271 qui·

305 1274 445 1340 dem
500 1276 759 1357 quietus
814 1295 955 1341 esse
999 1279 1225 1359 potuit.
1315 1277 1503 1359 Quae
1545 1300 1704 1345 sane
1748 1276 2043 1343 doctrina
2083 1275 2223 1357 qui·

303 1358 564 1426 busdam
631 1358 995 1425 delicatulis
1056 1362 1341 1428 taedium
1409 1365 1704 1430 fortassis
1760 1363 2041 1427 adferet:
2109 1359 2221 1425 sed

303 1465 462 1529 quae
530 1455 751 1511 tamen
825 1445 1010 1512 nobis
1076 1447 1263 1514 valde
1321 1462 1420 1515 est
1480 1451 1657 1516 utilis
1715 1458 1781 1513 et
1838 1446 2221 1513 necessaria.

301 1528 464 1596 Nam
522 1532 657 1595 fere
712 1532 788 1596 fit
845 1541 920 1596 ut
977 1533 1032 1598 si
1090 1554 1285 1599 unam
1332 1546 1445 1599 aut
1488 1536 1758 1601 alteram
1803 1533 2221 1599 afflictionem

298 1617 549 1683 fortiter
603 1616 967 1700 tulerimus,
1027 1618 1461 1685 diuturnitate
1520 1623 1903 1705 frangamur
1960 1628 2027 1683 et
2082 1617 2220 1680 ani·

299 1722 474 1767 mum
532 1701 1080 1786 despondeamus:
1138 1703 1297 1771 adeo
1353 1706 1611 1789 quidem
1669 1717 1745 1771 ut
1800 1705 1910 1788 qui
1955 1702 2225 1769 fortissi-

298 1809 441 1853 mus
497 1787 620 1853 sibi
663 1786 1022 1869 videbatur,
1081 1790 1139 1856 si
1198 1812 1491 1856 mensem
1535 1813 1738 1858 unum
1785 1804 1900 1856 aut
1941 1790 2220 1854 alterum

298 1874 620 1940 continuis
663 1885 1043 1940 exerceatur
1084 1877 1559 1944 calamitatibus
1603 1887 1668 1942 et
1712 1873 2221 1950 difficultatibus,

297 1958 574 2024 nimium
608 1959 879 2042 longum
915 1960 1176 2027 illarum
1200 1962 1627 2029 afflictionum
1657 1973 1911 2045 tempus
1933 1967 2218 2043 reputet:

294 2054 366 2110 et
417 2043 537 2108 nisi
597 2044 779 2110 Deus
837 2045 1303 2114 relaxationem
1364 2059 1430 2114 et
1486 2050 1928 2115 remissionem
1985 2045 2223 2111 doloris

291 2129 572 2213 aliquam
645 2130 883 2208 mittat,
963 2132 1079 2197 vix
1161 2155 1202 2199 a
1277 2155 1611 2201 murmure
1686 2133 1808 2200 sibi
1882 2139 2220 2215 temperet.

294 2214 736 2297 Quamobrem
772 2219 1071 2300 exemplo
1104 2218 1385 2285 Davidis
1410 2220 1779 2287 confirmari
1803 2239 1924 2283 nos
1947 2224 2220 2301 oportet,

294 2311 374 2367 ut
415 2300 472 2365 si
518 2299 702 2366 Deus
743 2322 872 2366 non
907 2303 989 2367 ad
1026 2325 1317 2371 mensem
1353 2327 1558 2371 unum
1594 2316 1710 2372 aut
1745 2305 2043 2381 alterum,
2087 2322 2219 2366 non

293 2386 380 2452 ad
424 2406 666 2452 annum
710 2408 917 2452 unum
962 2404 1078 2454 aut
1119 2390 1359 2475 plures,
1406 2390 1518 2457 sed
1562 2392 1642 2456 ad
1680 2390 1981 2457 ultimum
2017 2406 2220 2470 usque

289 2474 472 2537 vitae
513 2484 775 2537 nostrae
811 2475 1205 2541 curriculum
1249 2476 1411 2543 velit
1454 2498 1570 2544 nos
1614 2476 1959 2561 explorari,
2015 2474 2219 2538 disca-

291 2578 443 2623 mus
499 2577 775 2640 aequum
835 2579 978 2625 esse
1033 2571 1107 2626 ut
1149 2564 1474 2646 patienter
1515 2572 1580 2628 et
1622 2583 1826 2646 aequo
1867 2562 2083 2625 animo
2125 2557 2220 2622 fe·

291 2663 517 2708 ramus
568 2662 989 2727 quaecunque
1043 2648 1406 2728 immiserit,
1472 2669 1746 2732 eumque
1789 2648 1956 2713 serio
1999 2662 2223 2728 prece·

288 2748 446 2794 mur
507 2740 582 2792 ut
644 2728 848 2794 vitam
916 2740 1202 2798 nostram
1265 2734 1598 2814 custodiat,
1665 2743 1742 2799 ut
1796 2731 2067 2798 eandem
2124 2726 2224 2793 illi

290 2825 607 2898 tanquam
671 2826 932 2899 gratum
989 2819 1374 2885 sacrificium
1436 2820 1806 2886 offeramus.
1893 2818 2063 2883 Nam
2118 2815 2222 2879 in-

287 2898 542 2966 creduli
599 2901 809 2965 multa
866 2903 1154 2969 subsidia
1211 2916 1555 2988 quaerunt,
1619 2904 1852 2988 quibus
1910 2902 2222 2968 adversus

286 3004 738 3069 quoscunque.
763 3007 951 3052 casus
1039 2998 1444 3076 rotegantur,
1488 3004 1554 3056 et
1598 2989 1679 3056 ab
1721 2988 2021 3056 omnibus
2100 2986 2224 3050 eri-

284 3069 461 3137 culis
507 3090 665 3135 -esse
732 3074 854 3137 tuti
910 3011 1335 3141 vehementer
1393 3084 1741 3159 expetunt:
1822 3073 1935 3141 sed
1999 3075 2043 3139 fi
2090 3071 2224 3136 eles

282 3165 523 3224 contra
564 3158 766 3222 vitam
810 3157 1078 3224 student
1119 3159 1436 3228 devovere
1479 3162 1658 3229 Deo:
1710 3161 2224 3245 quotiescunque

281 3245 512 3308 visum
573 3241 704 3325 ipsi
766 3242 996 3309 fuerit:
1064 3255 1132 3311 et
1318 3259 1546 3314 oscunt
1601 3248 1798 3314 breve
1854 3266 1995 3310 esse
2051 3244 2226 3310 vitae

278 3329 483 3394 istius
525 3327 814 3393 stadium
858 3339 927 3394 et
969 3332 1182 3399 curric
1256 3354 1387 3398 um.
1448 3333 1755 3400 Infideles
1800 3353 1952 3398 vero
1995 3342 2226 3397 contra

278 3415 509 3479 varias
551 3413 841 3480 rationes
882 3415 1283 3503 investigant
1324 3427 1394 3484 et
1433 3420 1775 3499 rimantur,
1818 3416 2048 3501 quibus
2085 3435 2225 3481 sese

275 3508 659 3651 {roteganss
702 3508 771 3565 et
812 3521 1066 3585 semper
1101 3505 1332 3570 incerti
1367 3513 1435 3569 et
1471 3504 1652 3571 dubii
1672 3513 1852 3570 metu
1877 3500 2223 3585 trepidant.

354 3582 560 3649 ideles
616 3596 856 3666 autem,
920 3586 1072 3654 licet
1123 3589 1333 3656 sciant
1372 3599 1650 3657 mortem
1693 3591 1828 3656 suis
1869 3587 2227 3654 cervicibus

279 3669 577 3754 singulis
632 3673 983 3739 momentis
1036 3675 1399 3756 imminere,
1456 3684 1525 3740 et
1566 3676 1722 3741 huic
1762 3675 2114 3742 conditioni
2158 3693 2226 3737 se

277 3755 611 3822 obnoxios
644 3776 805 3841 esse,
852 3757 1277 3828 nihilominus
1301 3773 1520 3826 tamen
1543 3769 1769 3845 pacato
1790 3769 1856 3826 et
1877 3757 2229 3841 tranquillo

275 3840 519 3908 animo
560 3842 766 3907 vitam
810 3842 1074 3929 degunt,
1117 3868 1297 3931 spem
1332 3867 1516 3913 suam
1552 3849 1622 3912 in
1646 3848 1786 3914 Deo
1819 3854 2227 3928 reponentes,

273 3947 492 4013 quem
545 3946 809 3992 suarum
868 3932 1232 3997 animarum
1292 3933 1624 3999 custodem
1667 3953 1807 3998 esse
1849 3950 2228 4014 persuasum

275 4012 563 4079 habent.
671 4012 1022 4082 Caeterum
1088 4019 1284 4083 etiam
1349 4019 1824 4085 observandum
1888 4013 2229 4091 Davidem,

269 4100 451 4167 licet
492 4106 672 4164 certa
712 4099 841 4166 fide
881 4102 951 4165 in
986 4102 1203 4169 Deum
1248 4104 1581 4185 niteretur,
1623 4124 1939 4187 suumque
1981 4108 2232 4185 protec-

271 4200 511 4251 torem
568 4195 634 4249 et
689 4185 1016 4253 vindicem
1070 4189 1285 4272 ipsum
1330 4211 1471 4256 esse
1515 4210 1895 4275 persuasum
1940 4187 2232 4265 haberet,

269 4272 491 4336 novis
571 4280 792 4336 tamen
857 4293 1116 4357 semper
1191 4275 1506 4359 agitatum
1586 4272 2230 4358 apprehensionibus.

267 4356 472 4424 Nam
536 4353 666 4421 fide
728 4357 801 4421 in
845 4357 1065 4423 Deum
1127 4380 1263 4425 non
1324 4361 1686 4426 redduntur
1741 4360 1963 4426 fideles
2006 4377 2233 4424 sensus

267 4441 517 4510 omnis
556 4454 879 4525 expertes,
922 4445 1080 4527 quin
1126 4446 1407 4528 pericula
1451 4448 1609 4529 ipsis
1643 4449 2048 4511 imminentia
2088 4465 2230 4527 pro-

273 4528 602 4594 videant:
680 4540 748 4594 et
823 4529 1057 4595 iisdem
1123 4532 1490 4599 afficiantur
1554 4544 1623 4598 et
1686 4542 2230 4597 commoveantur.

268 4615 401 4681 Ita
444 4612 673 4679 David
726 4614 798 4680 in
858 4616 1075 4682 Deum
1134 4621 1392 4700 quidem
1453 4639 1633 4702 spem
1692 4639 1880 4683 suam
1926 4616 2235 4700 reposuit,

266 4712 522 4767 certus
584 4700 797 4781 ipsum
861 4703 1318 4785 promissiones
1382 4725 1535 4769 suas
1600 4704 2056 4787 impleturum:
2122 4701 2234 4767 sed

269 4810 430 4853 non
495 4784 640 4849 ideo
700 4801 919 4854 tamen
974 4789 1290 4871 stupidus,
1348 4790 1457 4872 qui
1511 4811 1628 4855 suo
1669 4799 1843 4856 statu
1887 4810 2019 4854 non
2062 4808 2233 4854 com-

267 4880 700 4949 moveretur,
759 4884 825 4938 et
881 4874 1275 4940 obstinatam
1331 4875 1504 4959 regis
1547 4876 1892 4942 adversum
1936 4895 2008 4939 se
2049 4874 2235 4938 mali-

265 4962 460 5026 tia-m
531 4968 599 5022 et
660 4958 880 5025 odium
944 4960 1419 5027 interneciuum
1484 4972 1791 5044 expertus
1845 4981 2235 5044 magnopere

267 5055 693 5112 terreretur:
732 5045 1273 5128 quemadmodum
1299 5045 1471 5130 apud
1491 5046 1938 5112 Ionathanum
1961 5067 2234 5129 conque-

263 5152 456 5199 rens
496 5129 683 5214 dixit,
731 5152 802 5197 se
846 5153 978 5196 non
1024 5130 1249 5197 abesse
1285 5153 1547 5215 passum
1587 5152 1623 5196 a
1648 5144 1878 5215 morte,
1923 5139 1991 5197 et
2012 5132 2235 5217 iugulo

255 5239 414 5288 nuo
459 5215 756 5303 gladium
799 5218 1133 5285 intentari.
1202 5217 1426 5299 Quare
1458 5239 1655 5302 quum
1695 5239 1823 5284 non
1861 5218 2236 5283 exuerimus

2326 504 2538 571 adhuc
2595 525 2827 571 sensus
2882 505 3229 583 naturales,
3295 525 3428 570 non
3490 506 3798 572 debemus
3844 515 4062 571 tamen
4107 507 4253 575 istis

2326 591 2581 668 terreri,
2640 611 2849 672 neque
2901 591 3075 657 vitae
3118 612 3377 657 cursum
3422 592 3822 675 abrumpere,
3876 591 3989 656 sed
4033 594 4252 676 potius

2327 676 2639 741 adversus
2698 687 2956 741 nostras
2998 678 3411 742 infirmitates
3454 679 3709 742 fortiter
3752 698 4064 761 pugnare.
4151 678 4253 745 Ac

2326 782 2482 827 sane
2538 762 2835 826 fiduciam
2895 764 2965 826 in
3007 762 3223 826 Deum
3283 782 3618 846 nunquam
3677 782 4068 845 reponemus
4110 765 4251 830 sine

2326 848 2501 913 lucta
2557 847 2835 929 quadam
2892 860 2957 912 et
3020 850 3453 931 repugnantia
3510 850 3745 914 carnis.
3835 852 4048 930 Atque
4094 849 4254 915 haec

2329 945 2424 998 est
2465 933 2654 999 istius
2699 931 3002 998 historiae
3044 953 3300 999 summa
3343 933 3686 1018 diligenter
3730 956 3770 1000 a
3812 935 3997 1009 nobis
4033 934 4102 998 in
4138 956 4251 1019 ge-

2329 1041 2484 1083 nere
2521 1019 3014 1084 consideranda:
3052 1020 3180 1082 iam
3218 1040 3371 1084 vero
3407 1020 3739 1104 sigillatim
3780 1021 3953 1104 agite
3989 1021 4252 1104 singula

2328 1105 2786 1188 expendamus.
2862 1105 3101 1171 Davidi
3160 1104 3366 1187 igitur
3409 1105 3477 1169 in
3523 1117 3810 1170 mentem
3857 1106 4039 1170 venit
4082 1109 4256 1190 regis

2326 1210 2483 1275 erga
2526 1212 2596 1256 se
2640 1190 2931 1255 animum
2977 1190 3348 1272 explorare:
3399 1191 3563 1256 ratio
3608 1212 3803 1274 quam
3846 1192 3972 1255 init
4014 1211 4092 1255 ea
4134 1207 4254 1273 est,

2326 1286 2400 1340 ut
2441 1276 2709 1342 solenne
2747 1276 3132 1342 sacrificium
3178 1277 3294 1340 toti
3340 1277 3618 1341 familiae
3663 1280 3867 1359 patris
3911 1298 4252 1343 commune

2325 1372 2681 1444 praetexat.
2747 1361 2977 1443 Itaque
3020 1360 3175 1426 dicit
3219 1362 3352 1426 fore
3395 1359 3532 1447 (sed
3578 1371 3831 1426 tantum
3877 1383 3957 1427 ex
4002 1364 4253 1427 coniec-

2325 1448 2497 1534 tura)
2532 1459 2607 1512 ut
2642 1447 2698 1514 si
2722 1445 2882 1513 Saul
2920 1447 2999 1512 de
3039 1447 3242 1529 ipsius
3280 1447 3570 1512 absentia
3594 1449 3927 1529 inquirens
3950 1448 4253 1513 admittat

2323 1535 2804 1598 excusationem
2850 1532 3219 1609 Ionathani,
3278 1554 3530 1616 nempe,
3589 1545 3891 1617 rogatum
3935 1555 4007 1599 se
4042 1555 4082 1598 a
4118 1533 4255 1599 Da·

2327 1618 2490 1696 vide,
2559 1630 2632 1683 ut
2699 1620 2936 1683 faceret
2992 1618 3119 1700 ipsi
3171 1628 3554 1700 potestatem
3599 1619 3793 1683 eundi
3840 1618 4151 1684 celeriter
4185 1621 4253 1683 in

2323 1702 2712 1769 Bethlehem
2738 1704 2953 1769 natale
2975 1703 3202 1777 solum.
3250 1718 3316 1767 et
3349 1726 3417 1768 se
3461 1705 3721 1769 veniam
3766 1705 4017 1770 dedisse
4061 1725 4252 1788 prop·

2324 1801 2424 1855 ter
2482 1790 2751 1856 solenne
2815 1790 3222 1864 sacrificium,
3292 1810 3396 1854 res
3462 1810 3612 1855 suas
3667 1811 3809 1856 esse
3868 1789 4036 1855 bono
4093 1789 4248 1863 loco.

2327 1876 2703 1959 nullumque
2748 1875 2868 1940 sibi
2914 1873 3332 1940 metuendum
3377 1896 3415 1939 a
3460 1896 3613 1959 rege
3649 1876 4026 1959 periculum.
4116 1874 4249 1941 Sed

2324 1962 2378 2025 si
2424 1971 2669 2044 contra,
2712 1962 2941 2044 inquit,
2985 1982 3101 2025 rex
3139 1960 3515 2044 indignetur
3557 1982 3661 2026 me
3704 1982 3742 2025 a
3786 1973 3850 2026 te
3895 1962 4252 2040 dimissum,

2324 2048 2586 2131 signum
2630 2048 2756 2112 erit
2798 2048 3004 2129 ipsius
3047 2045 3361 2111 malitiam
3405 2047 3788 2130 completam
3831 2067 3973 2113 esse
4008 2057 4073 2112 et
4099 2047 4246 2111 nul·

2321 2132 2460 2197 lum
2519 2132 2796 2215 amplius
2853 2152 3190 2215 superesse
3248 2131 3628 2212 remedium,
3684 2132 4068 2216 nullumque
4110 2154 4247 2198 am-

2322 2218 2489 2300 plius
2510 2219 2725 2301 ipsum
2757 2217 3065 2300 aequitati
3100 2228 3165 2282 et
3200 2218 3434 2282 rationi
3469 2217 3679 2284 locum
3717 2217 4040 2297 daturum,
4077 2216 4249 2301 quod

2322 2304 2615 2387 elapsum
2659 2325 2695 2369 e
2739 2305 2873 2369 suis
2917 2303 3213 2368 manibus
3250 2302 3574 2369 Davidem
3619 2324 3811 2388 aegre
3854 2303 4036 2369 feret.
4104 2303 4251 2368 Hac

2324 2392 2590 2466 ratione,
2654 2390 2869 2471 inquit
2933 2388 3169 2466 David,
3233 2408 3698 2474 cognoscemus
3753 2390 3960 2472 ipsius
4016 2392 4085 2454 in
4146 2411 4250 2453 me

2326 2474 2544 2539 odium
2590 2494 2718 2558 quo
2763 2497 2867 2540 me
2912 2473 2991 2539 ad
3036 2482 3309 2538 mortem
3347 2495 3546 2557 usque
3579 2478 4007 2558 persequitur,
4049 2495 4249 2559 quum

2324 2581 2429 2625 me
2464 2561 2754 2643 elapsum
2791 2560 3217 2625 existimabit:
3266 2561 3449 2625 virus
3483 2562 3658 2625 enim
3694 2582 3883 2626 snum
3922 2562 4249 2627 continere

2327 2666 2459 2711 non
2517 2645 2788 2729 poterit3
2844 2646 3229 2729 signumque
3293 2646 3641 2712 inveterati
3698 2657 3762 2711 et
3820 2647 4077 2711 lethalis
4119 2646 4249 2711 odii

2327 2732 2522 2809 dabit,
2570 2741 2639 2796 ut
2679 2751 2894 2798 coram
2939 2733 3079 2815 ipso
3122 2751 3226 2795 me
3270 2751 3599 2814 nunquam
3641 2732 3918 2815 amplius
3958 2743 4253 2815 oporteat

2327 2839 2409 2901 ap
2457 2839 2659 2882 arere.

2413 2840 2454 2902 p
2495 2901 2702 2968 Addit
2725 2923 2875 2967 vero
2899 2902 3145 2969 David:
3190 2900 3268 2966 Si
3312 2908 3515 2968 autem
3553 2906 3645 2968 est
3684 2902 3990 2984 iniquitas
4031 2901 4251 2985 aliqua
4340 2976 4345 2983 ‚

2326 2990 2397 3054 in
2438 3009 2554 3067 nte,
2599 2993 2684 3068 tu,
2730 2987 3025 3065 Ionatha,
3068 3009 3166 3053 me
3205 2988 3490 3070 interfice,
3560 2992 3616 3052 et
3658 2987 3744 3052 ad
3784 2993 4034 3071 patrem
4074 2994 4251 3053 tunm

2328 3094 2405 3140 ne
2444 3075 2807 3142 introducas
2846 3094 2958 3140 me.
3008 3072 3260 3154 Quibus
3282 3073 3559 3138 Davidis
3606 3074 3818 3139 verbis
3840 3073 4247 3139 Ionathanus

2327 3169 2688 3226 commotus
2731 3161 3012 3227 affirmat
3053 3159 3470 3225 iureiurando
3513 3180 3584 3225 se
3628 3157 3799 3223 nolle
3842 3179 4110 3224 manum
4152 3159 4250 3225 illi

2325 3248 2583 3322 inferre,
2627 3248 2812 3313 cuius
2855 3247 3294 3311 innocentiam
3336 3246 3481 3328 plus
3523 3245 3682 3311 satis
3724 3244 3920 3310 habet
3960 3264 4250 3328 comper-

2329 3344 2482 3399 tam.
2574 3334 2786 3415 Atque
2830 3332 3050 3398 David
3109 3339 3181 3396 ut
3240 3330 3672 3396 Ionathanum
3730 3331 3938 3414 magis
3991 3343 4249 3396 moveat

2326 3418 2550 3485 obiicit
2608 3417 2705 3483 illi
2758 3419 2987 3484 foedus
3029 3417 3296 3482 Domini
3348 3415 3516 3499 quod
3565 3424 3791 3481 mutuo
3834 3414 4249 3500 pepigerant:

2327 3515 2403 3570 ut
2444 3525 2563 3587 per
2605 3503 2823 3569 datam
2860 3504 3058 3569 fidem
3106 3516 3172 3568 et
3214 3504 3492 3567 iuratam
3535 3501 3887 3568 amicitiam
3931 3500 4118 3567 illum
4167 3501 4251 3567 ad

2327 3589 2716 3655 servandam
2783 3591 2987 3654 amico
3051 3587 3241 3655 fidem
3307 3587 3704 3653 exhortetur.
3782 3587 4042 3653 Interea
4097 3609 4251 3654 vero

2328 3673 2565 3740 dubius
2619 3697 2747 3758 qua
2804 3676 3055 3741 ratione
3108 3674 3251 3740 fieri
3302 3673 3539 3738 certior
3594 3671 3674 3737 de
3717 3671 3940 3738 Saulis
3982 3693 4140 3757 erga
4181 3694 4251 3738 se

2328 3762 2567 3838 animo,
2619 3773 2685 3827 et
2726 3760 2844 3827 sibi
2887 3760 3014 3845 ipsi
3057 3781 3133 3826 ac
3173 3759 3366 3825 saluti
3408 3779 3528 3824 sua
3571 3758 3907 3824 consulere
3946 3760 4167 3842 possit,
4215 3782 4251 3823 a

2327 3845 2695 3913 Ionathano
2739 3846 3077 3913 deducitur
3120 3848 3290 3911 foras
3333 3845 3401 3909 in
3447 3865 3698 3928 agrum,
3744 3855 3810 3909 et
3830 3844 3911 3909 ab
3934 3844 4044 3909 illo
4066 3846 4254 3928 signa

2330 3932 2636 4017 intelligit
2675 3933 2908 4016 quibus
2951 3931 3030 3998 de
3073 3953 3144 3996 re
3181 3940 3314 3995 tota
3334 3932 3448 3996 fiat
3469 3930 3736 3995 certior:
3772 3944 3837 3994 et
3853 3930 4079 3995 foedus
4101 3941 4253 3995 ante

2330 4019 2569 4084 initum
2635 4040 2800 4084 novo
2867 4017 3278 4084 iureiurando
3341 4017 3713 4082 confirmat:
3801 4014 4256 4098 Davidemque

2333 4105 2692 4170 obtestatur
2757 4113 2828 4170 ιιι
2882 4124 3078 4187 quum
3138 4103 3219 4167 ad
3279 4103 3525 4185 regiam
3585 4102 3969 4185 dignitatem
4029 4122 4253 4184 perve-

2332 4192 2524 4271 nerit,
2559 4190 2784 4256 eadem
2820 4210 2978 4289 erga
3011 4210 3083 4255 se
3117 4189 3525 4254 humanitate
3560 4198 3626 4252 et
3646 4187 3986 4253 clementia
4008 4197 4251 4252 utatur.

2334 4275 2466 4344 Sed
2510 4277 2636 4342 ista
2656 4276 2992 4361 sigillatim
3014 4271 3456 4359 expendenda,
3500 4286 3565 4339 et
3606 4273 3675 4338 in
3711 4274 3939 4357 primis
3972 4272 4259 4337 animad-

2334 4363 2719 4430 vertendum
2745 4362 3061 4429 Davidem
3098 4360 3205 4427 hic
3241 4360 3456 4443 aliqua
3491 4360 3869 4425 infirmitate
3912 4357 4256 4434 laborasse,

2334 4470 2532 4532 quum
2579 4469 2867 4512 annuum
2903 4448 3286 4513 sacrificium
3325 4444 3650 4511 absentiae
3686 4465 3839 4511 suae
3875 4444 4260 4526 praetexuit,

2376 4532 2505 4599 uod
2550 4546 2768 4599 tamen
2813 4556 2948 4599 non
2992 4542 3148 4598 erat.
3235 4532 3466 4614 Itaque
3510 4531 3846 4596 mendacio
3889 4549 4031 4595 sese
4073 4530 4258 4595 texit.

2333 4555 2526 4701 Quod
2586 4621 2643 4685 si
2700 4619 2847 4703 quis
2903 4620 3200 4702 excipiat,
3262 4618 3510 4683 nemini
3565 4617 3779 4698 ipsum
3839 4634 4087 4690 nocere.
4149 4636 4259 4680 ne-

2335 4706 2577 4770 minem
2634 4706 2914 4772 voluisse
2973 4705 3291 4782 fraudare,
3350 4723 3477 4767 non
3535 4702 3864 4768 sufficiens
3920 4711 4018 4767 est
4058 4722 4255 4768 excu-

2335 4793 2516 4858 satio.
2608 4790 2776 4856 Nam
2834 4810 3032 4875 supra
3083 4789 3484 4855 ostendimus
3523 4787 3738 4853 Deum
3783 4789 3874 4853 ita
3920 4787 4257 4853 veritatem

2336 4899 2574 4956 amare,
2626 4888 2700 4942 ut
2756 4877 2812 4943 si
2875 4876 3028 4961 quid
3087 4877 3520 4941 admisceatur
3563 4872 3880 4939 mendacii
3924 4893 4129 4958 grave
4173 4875 4259 4939 sit

2335 4963 2648 5030 adversus
2690 4963 2902 5046 ipsum
2948 4971 3300 5045 peecatum.
3390 4957 3611 5039 Quare
3654 4958 3807 5025 licet
3852 4959 4016 5024 nihil
4070 4959 4255 5024 mali·

2336 5052 2497 5116 tiose
2521 5049 2790 5127 dicatur,
2827 5070 3014 5115 nemo
3048 5058 3474 5128 conqueratur
3509 5043 3589 5109 de
3623 5044 3803 5109 illata
3838 5044 3959 5110 sibi
3998 5046 4258 5129 iniuria,

2336 5136 2741 5201 mendacium
2778 5144 2998 5200 tamen
3032 5153 3286 5215 semper
3319 5142 3417 5196 est
3450 5129 4027 5196 condemnandum.
4073 5130 4259 5197 Deus

2337 5222 2510 5288 enim
2554 5221 2657 5288 sui
2699 5243 2954 5305 semper
2997 5218 3224 5286 similis
3260 5218 3498 5283 mutari
3539 5238 3867 5301 nunquam
3904 5225 4150 5300 potest:
4195 5225 4263 5282 et
