<?xml version="1.0" encoding="UTF-8"?>
<!DOCTYPE html PUBLIC "-//W3C//DTD XHTML 1.0 Transitional//EN"
    "http://www.w3.org/TR/xhtml1/DTD/xhtml1-transitional.dtd">
<html xmlns="http://www.w3.org/1999/xhtml" xml:lang="en" lang="en">
 <head>
  <title>
</title>
<meta http-equiv="Content-Type" content="text/html;charset=utf-8" />
  <meta name='ocr-system' content='tesseract 3.04.00' />
  <meta name='ocr-capabilities' content='ocr_page ocr_carea ocr_par ocr_line ocrx_word'/>
</head>
<body>
  <div class='ocr_page' id='page_1' title='image "./ioanniscalvinio07unkngoog_0665.png"; bbox 0 0 5059 6059; ppageno 0'>
   <div class='ocr_carea' id='block_1_1' title="bbox 258 296 366 361">
    <p class='ocr_par' dir='ltr' id='par_1_1' title="bbox 258 296 366 361">
     <span class='ocr_line' id='line_1_1' title="bbox 258 296 366 361; baseline -0.009 0"><span class='ocrx_word' id='word_1_1' title='bbox 258 296 366 361; x_wconf 87' lang='grc'><strong>413</strong></span> 
     </span>
    </p>
   </div>
   <div class='ocr_carea' id='block_1_2' title="bbox 257 484 2161 571">
    <p class='ocr_par' dir='ltr' id='par_1_2' title="bbox 257 484 2161 571">
     <span class='ocr_line' id='line_1_2' title="bbox 257 484 2161 571; baseline 0.001 -21"><span class='ocrx_word' id='word_1_2' title='bbox 257 492 500 571; x_wconf 80' lang='lat' dir='ltr'><strong>quntum</strong></span> <span class='ocrx_word' id='word_1_3' title='bbox 544 484 933 558; x_wconf 86' lang='lat' dir='ltr'><strong>immaniter,</strong></span> <span class='ocrx_word' id='word_1_4' title='bbox 982 484 1140 549; x_wconf 85' lang='lat' dir='ltr'><strong>adeo</strong></span> <span class='ocrx_word' id='word_1_5' title='bbox 1184 484 1447 568; x_wconf 89' lang='lat' dir='ltr'><strong>quidem</strong></span> <span class='ocrx_word' id='word_1_6' title='bbox 1509 494 1583 551; x_wconf 90' lang='lat' dir='ltr'><strong>ut</strong></span> <span class='ocrx_word' id='word_1_7' title='bbox 1650 486 1893 550; x_wconf 91' lang='lat' dir='ltr'><strong>nemini</strong></span> <span class='ocrx_word' id='word_1_8' title='bbox 1952 487 2161 570; x_wconf 90' lang='lat' dir='ltr'><strong>parci-</strong></span> 
     </span>
    </p>
   </div>
   <div class='ocr_carea' id='block_1_3' title="bbox 1524 297 2916 367">
    <p class='ocr_par' dir='ltr' id='par_1_3' title="bbox 1524 297 2916 367">
     <span class='ocr_line' id='line_1_3' title="bbox 1524 297 2916 367; baseline 0.001 -5"><span class='ocrx_word' id='word_1_9' title='bbox 1524 297 1622 362; x_wconf 93' lang='lat' dir='ltr'><strong>IN</strong></span> <span class='ocrx_word' id='word_1_10' title='bbox 1664 298 1719 363; x_wconf 93' lang='lat'><strong>1.</strong></span> <span class='ocrx_word' id='word_1_11' title='bbox 1767 297 1944 364; x_wconf 90' lang='lat' dir='ltr'><strong>LIB.</strong></span> <span class='ocrx_word' id='word_1_12' title='bbox 1992 297 2392 367; x_wconf 77' lang='lat' dir='ltr'><strong>SAMUEL.</strong></span> <span class='ocrx_word' id='word_1_13' title='bbox 2439 299 2639 365; x_wconf 78' lang='lat' dir='ltr'><strong>CAP.</strong></span> <span class='ocrx_word' id='word_1_14' title='bbox 2685 298 2916 366; x_wconf 84' lang='lat' dir='ltr'>XXII.</span> 
     </span>
    </p>
   </div>
   <div class='ocr_carea' id='block_1_4' title="bbox 4081 305 4211 371">
    <p class='ocr_par' dir='ltr' id='par_1_4' title="bbox 4081 305 4211 371">
     <span class='ocr_line' id='line_1_4' title="bbox 4081 305 4211 371; baseline 0.015 -2"><span class='ocrx_word' id='word_1_15' title='bbox 4081 305 4211 371; x_wconf 86' lang='lat'><strong>414</strong></span> 
     </span>
    </p>
   </div>
   <div class='ocr_carea' id='block_1_5' title="bbox 2269 486 4209 575">
    <p class='ocr_par' dir='ltr' id='par_1_5' title="bbox 2269 486 4209 575">
     <span class='ocr_line' id='line_1_5' title="bbox 2269 486 4209 575; baseline 0.003 -23"><span class='ocrx_word' id='word_1_16' title='bbox 2269 487 2549 554; x_wconf 81' lang='grc'><strong>0111110111,</strong></span> <span class='ocrx_word' id='word_1_17' title='bbox 2595 488 2834 553; x_wconf 86' lang='lat' dir='ltr'><strong>dicitur</strong></span> <span class='ocrx_word' id='word_1_18' title='bbox 2876 486 3312 555; x_wconf 88' lang='lat' dir='ltr'><strong>adiuvandum</strong></span> <span class='ocrx_word' id='word_1_19' title='bbox 3349 491 3585 575; x_wconf 90' lang='lat' dir='ltr'><strong>exigua</strong></span> <span class='ocrx_word' id='word_1_20' title='bbox 3629 510 3845 571; x_wconf 87' lang='lat' dir='ltr'><strong>manu,</strong></span> <span class='ocrx_word' id='word_1_21' title='bbox 3889 492 3971 557; x_wconf 89' lang='lat' dir='ltr'><strong>ad</strong></span> <span class='ocrx_word' id='word_1_22' title='bbox 4015 512 4209 575; x_wconf 89' lang='lat' dir='ltr'><strong>quam</strong></span> 
     </span>
    </p>
   </div>
   <div class='ocr_carea' id='block_1_6' title="bbox 256 570 4211 657">
    <p class='ocr_par' dir='ltr' id='par_1_6' title="bbox 256 570 4211 657">
     <span class='ocr_line' id='line_1_6' title="bbox 256 570 4211 657; baseline 0.002 -21"><span class='ocrx_word' id='word_1_23' title='bbox 256 589 421 636; x_wconf 80' lang='lat' dir='ltr'><strong>turus</strong></span> <span class='ocrx_word' id='word_1_24' title='bbox 462 570 673 645; x_wconf 89' lang='lat' dir='ltr'><strong>fuerit,</strong></span> <span class='ocrx_word' id='word_1_25' title='bbox 717 570 830 633; x_wconf 92' lang='lat' dir='ltr'><strong>sed</strong></span> <span class='ocrx_word' id='word_1_26' title='bbox 879 572 1094 651; x_wconf 90' lang='lat' dir='ltr'><strong>potius</strong></span> <span class='ocrx_word' id='word_1_27' title='bbox 1136 572 1316 635; x_wconf 90' lang='lat' dir='ltr'><strong>omni</strong></span> <span class='ocrx_word' id='word_1_28' title='bbox 1361 571 1763 637; x_wconf 77' lang='lat' dir='ltr'><strong>crudelitatis</strong></span> <span class='ocrx_word' id='word_1_29' title='bbox 1807 593 2046 657; x_wconf 90' lang='lat' dir='ltr'><strong>genere</strong></span> <span class='ocrx_word' id='word_1_30' title='bbox 2090 574 2161 637; x_wconf 92' lang='lat' dir='ltr'><strong>in</strong></span> <span class='ocrx_word' id='word_1_31' title='bbox 2269 574 2464 637; x_wconf 89' lang='lat' dir='ltr'><strong>etiam</strong></span> <span class='ocrx_word' id='word_1_32' title='bbox 2512 574 2833 639; x_wconf 77' lang='lat' dir='ltr'>accessuri</span> <span class='ocrx_word' id='word_1_33' title='bbox 2878 575 3106 640; x_wconf 91' lang='lat' dir='ltr'><strong>fraude</strong></span> <span class='ocrx_word' id='word_1_34' title='bbox 3164 588 3230 640; x_wconf 89' lang='lat' dir='ltr'><strong>et</strong></span> <span class='ocrx_word' id='word_1_35' title='bbox 3272 577 3609 642; x_wconf 88' lang='lat' dir='ltr'><strong>mendacio</strong></span> <span class='ocrx_word' id='word_1_36' title='bbox 3653 578 3845 642; x_wconf 89' lang='lat' dir='ltr'><strong>multi</strong></span> <span class='ocrx_word' id='word_1_37' title='bbox 3889 577 4211 643; x_wconf 89' lang='lat' dir='ltr'><strong>dicuntur.</strong></span> 
     </span>
    </p>
   </div>
   <div class='ocr_carea' id='block_1_7' title="bbox 196 655 2166 5281">
    <p class='ocr_par' dir='ltr' id='par_1_7' title="bbox 254 655 2165 893">
     <span class='ocr_line' id='line_1_7' title="bbox 255 655 2165 741; baseline 0.001 -18"><span class='ocrx_word' id='word_1_38' title='bbox 255 657 446 723; x_wconf 84' lang='lat' dir='ltr'><strong>obvios</strong></span> <span class='ocrx_word' id='word_1_39' title='bbox 498 676 781 737; x_wconf 88' lang='lat' dir='ltr'><strong>quosque</strong></span> <span class='ocrx_word' id='word_1_40' title='bbox 839 655 1228 722; x_wconf 86' lang='lat' dir='ltr'><strong>saeviturus.</strong></span> <span class='ocrx_word' id='word_1_41' title='bbox 1335 657 1517 723; x_wconf 90' lang='lat' dir='ltr'><strong>Deus</strong></span> <span class='ocrx_word' id='word_1_42' title='bbox 1574 658 1780 741; x_wconf 88' lang='lat' dir='ltr'><strong>igitur</strong></span> <span class='ocrx_word' id='word_1_43' title='bbox 1835 657 1982 723; x_wconf 91' lang='lat' dir='ltr'><strong>illos</strong></span> <span class='ocrx_word' id='word_1_44' title='bbox 2043 657 2165 724; x_wconf 86' lang='lat' dir='ltr'><strong>bac</strong></span> 
     </span>
     <span class='ocr_line' id='line_1_8' title="bbox 255 741 2161 825; baseline 0.001 -18"><span class='ocrx_word' id='word_1_45' title='bbox 255 743 481 807; x_wconf 86' lang='lat' dir='ltr'><strong>ratione</strong></span> <span class='ocrx_word' id='word_1_46' title='bbox 522 762 598 804; x_wconf 84' lang='lat' dir='ltr'><strong>ex</strong></span> <span class='ocrx_word' id='word_1_47' title='bbox 651 741 895 804; x_wconf 84' lang='lat' dir='ltr'><strong>Iudaea</strong></span> <span class='ocrx_word' id='word_1_48' title='bbox 941 741 1004 806; x_wconf 90' lang='lat' dir='ltr'><strong>vi</strong></span> <span class='ocrx_word' id='word_1_49' title='bbox 1048 742 1331 825; x_wconf 88' lang='lat' dir='ltr'><strong>quadam</strong></span> <span class='ocrx_word' id='word_1_50' title='bbox 1377 743 1688 810; x_wconf 88' lang='lat' dir='ltr'><strong>abductos</strong></span> <span class='ocrx_word' id='word_1_51' title='bbox 1733 745 1813 808; x_wconf 88' lang='lat' dir='ltr'><strong>ab</strong></span> <span class='ocrx_word' id='word_1_52' title='bbox 1841 744 2161 808; x_wconf 83' lang='lat' dir='ltr'><strong>Davidem</strong></span> 
     </span>
     <span class='ocr_line' id='line_1_9' title="bbox 254 827 516 893; baseline -0.011 -1"><span class='ocrx_word' id='word_1_53' title='bbox 254 827 516 893; x_wconf 87' lang='lat' dir='ltr'><strong>adduxit.</strong></span> 
     </span>
    </p>

    <p class='ocr_par' dir='ltr' id='par_1_8' title="bbox 196 912 2166 5281">
     <span class='ocr_line' id='line_1_10' title="bbox 401 912 2165 997; baseline 0.002 -21"><span class='ocrx_word' id='word_1_54' title='bbox 401 913 599 976; x_wconf 88' lang='lat' dir='ltr'><strong>Porro</strong></span> <span class='ocrx_word' id='word_1_55' title='bbox 624 912 939 992; x_wconf 79' lang='lat' dir='ltr'><strong>quaedam</strong></span> <span class='ocrx_word' id='word_1_56' title='bbox 980 912 1185 977; x_wconf 90' lang='lat' dir='ltr'><strong>videri</strong></span> <span class='ocrx_word' id='word_1_57' title='bbox 1210 922 1478 997; x_wconf 79' lang='lat' dir='ltr'><strong>possent</strong></span> <span class='ocrx_word' id='word_1_58' title='bbox 1521 913 1592 978; x_wconf 92' lang='lat' dir='ltr'><strong>in</strong></span> <span class='ocrx_word' id='word_1_59' title='bbox 1631 913 1750 979; x_wconf 92' lang='grc'><strong>1180</strong></span> <span class='ocrx_word' id='word_1_60' title='bbox 1791 915 2165 979; x_wconf 83' lang='grc'><strong>0811811000</strong></span> 
     </span>
     <span class='ocr_line' id='line_1_11' title="bbox 251 999 2164 1082; baseline 0.001 -19"><span class='ocrx_word' id='word_1_61' title='bbox 251 1000 446 1064; x_wconf 88' lang='lat' dir='ltr'><strong>minus</strong></span> <span class='ocrx_word' id='word_1_62' title='bbox 485 999 715 1061; x_wconf 86' lang='lat' dir='ltr'><strong>rationi</strong></span> <span class='ocrx_word' id='word_1_63' title='bbox 754 1005 1208 1080; x_wconf 87' lang='lat' dir='ltr'><strong>consentanea,</strong></span> <span class='ocrx_word' id='word_1_64' title='bbox 1253 1019 1454 1082; x_wconf 89' lang='lat' dir='ltr'><strong>quum</strong></span> <span class='ocrx_word' id='word_1_65' title='bbox 1491 999 1798 1064; x_wconf 90' lang='lat' dir='ltr'><strong>nimirum</strong></span> <span class='ocrx_word' id='word_1_66' title='bbox 1846 999 1923 1064; x_wconf 92' lang='lat' dir='ltr'><strong>ad</strong></span> <span class='ocrx_word' id='word_1_67' title='bbox 1964 1000 2164 1065; x_wconf 88' lang='lat' dir='ltr'><strong>Davi·</strong></span> 
     </span>
     <span class='ocr_line' id='line_1_12' title="bbox 250 1083 2162 1169; baseline 0.001 -21"><span class='ocrx_word' id='word_1_68' title='bbox 250 1086 378 1149; x_wconf 90' lang='lat' dir='ltr'><strong>dem</strong></span> <span class='ocrx_word' id='word_1_69' title='bbox 420 1084 802 1149; x_wconf 90' lang='lat' dir='ltr'><strong>convenisse</strong></span> <span class='ocrx_word' id='word_1_70' title='bbox 824 1083 1135 1149; x_wconf 90' lang='lat' dir='ltr'><strong>dicuntur</strong></span> <span class='ocrx_word' id='word_1_71' title='bbox 1177 1086 1291 1167; x_wconf 92' lang='lat' dir='ltr'><strong>qui</strong></span> <span class='ocrx_word' id='word_1_72' title='bbox 1335 1091 1525 1150; x_wconf 88' lang='lat' dir='ltr'><strong>erant</strong></span> <span class='ocrx_word' id='word_1_73' title='bbox 1567 1086 1633 1149; x_wconf 91' lang='lat' dir='ltr'><strong>in</strong></span> <span class='ocrx_word' id='word_1_74' title='bbox 1660 1088 1966 1169; x_wconf 88' lang='lat' dir='ltr'><strong>angustia</strong></span> <span class='ocrx_word' id='word_1_75' title='bbox 2009 1107 2162 1151; x_wconf 89' lang='lat' dir='ltr'><strong>con·</strong></span> 
     </span>
     <span class='ocr_line' id='line_1_13' title="bbox 250 1169 2166 1252; baseline -0.001 -16"><span class='ocrx_word' id='word_1_76' title='bbox 250 1169 440 1236; x_wconf 85' lang='lat' dir='ltr'><strong>stituti</strong></span> <span class='ocrx_word' id='word_1_77' title='bbox 481 1182 545 1232; x_wconf 91' lang='lat' dir='ltr'><strong>et</strong></span> <span class='ocrx_word' id='word_1_78' title='bbox 588 1169 881 1252; x_wconf 77' lang='lat' dir='ltr'><strong>oppressi</strong></span> <span class='ocrx_word' id='word_1_79' title='bbox 938 1189 1088 1234; x_wconf 90' lang='lat' dir='ltr'><strong>aere</strong></span> <span class='ocrx_word' id='word_1_80' title='bbox 1131 1170 1342 1235; x_wconf 90' lang='lat' dir='ltr'><strong>alieno</strong></span> <span class='ocrx_word' id='word_1_81' title='bbox 1408 1179 1475 1235; x_wconf 91' lang='lat' dir='ltr'><strong>et</strong></span> <span class='ocrx_word' id='word_1_82' title='bbox 1520 1191 1740 1235; x_wconf 89' lang='lat' dir='ltr'><strong>amaro</strong></span> <span class='ocrx_word' id='word_1_83' title='bbox 1801 1172 2038 1248; x_wconf 85' lang='lat' dir='ltr'><strong>anime,</strong></span> <span class='ocrx_word' id='word_1_84' title='bbox 2100 1179 2166 1236; x_wconf 91' lang='lat' dir='ltr'><strong>et</strong></span> 
     </span>
     <span class='ocr_line' id='line_1_14' title="bbox 247 1255 2165 1340; baseline 0 -19"><span class='ocrx_word' id='word_1_85' title='bbox 247 1258 462 1321; x_wconf 82' lang='lat' dir='ltr'><strong>factum</strong></span> <span class='ocrx_word' id='word_1_86' title='bbox 509 1274 649 1320; x_wconf 85' lang='lat' dir='ltr'><strong>esse</strong></span> <span class='ocrx_word' id='word_1_87' title='bbox 706 1255 999 1338; x_wconf 91' lang='lat' dir='ltr'><strong>ipsorum</strong></span> <span class='ocrx_word' id='word_1_88' title='bbox 1056 1255 1438 1339; x_wconf 90' lang='lat' dir='ltr'><strong>principem.</strong></span> <span class='ocrx_word' id='word_1_89' title='bbox 1525 1256 1904 1321; x_wconf 87' lang='lat' dir='ltr'><strong>Absurdum</strong></span> <span class='ocrx_word' id='word_1_90' title='bbox 1963 1258 2165 1340; x_wconf 88' lang='lat' dir='ltr'><strong>igitur</strong></span> 
     </span>
     <span class='ocr_line' id='line_1_15' title="bbox 247 1340 2161 1425; baseline 0.001 -20"><span class='ocrx_word' id='word_1_91' title='bbox 247 1340 516 1420; x_wconf 88' lang='lat' dir='ltr'><strong>videtur,</strong></span> <span class='ocrx_word' id='word_1_92' title='bbox 593 1348 660 1404; x_wconf 91' lang='lat' dir='ltr'><strong>et</strong></span> <span class='ocrx_word' id='word_1_93' title='bbox 716 1341 1007 1405; x_wconf 89' lang='lat' dir='ltr'><strong>maximo</strong></span> <span class='ocrx_word' id='word_1_94' title='bbox 1066 1361 1215 1407; x_wconf 91' lang='grc'><strong>011111</strong></span> <span class='ocrx_word' id='word_1_95' title='bbox 1270 1341 1658 1407; x_wconf 89' lang='lat' dir='ltr'><strong>offendiculo</strong></span> <span class='ocrx_word' id='word_1_96' title='bbox 1716 1344 2161 1425; x_wconf 82' lang='lat' dir='ltr'><strong>coniunctum,</strong></span> 
     </span>
     <span class='ocr_line' id='line_1_16' title="bbox 253 1424 2164 1493; baseline 0 -2"><span class='ocrx_word' id='word_1_97' title='bbox 253 1426 545 1491; x_wconf 81' lang='lat' dir='ltr'><strong>Davidem</strong></span> <span class='ocrx_word' id='word_1_98' title='bbox 615 1424 848 1491; x_wconf 87' lang='lat' dir='ltr'><strong>ducem</strong></span> <span class='ocrx_word' id='word_1_99' title='bbox 913 1426 1114 1493; x_wconf 86' lang='lat' dir='ltr'><strong>fuisse</strong></span> <span class='ocrx_word' id='word_1_100' title='bbox 1178 1425 1424 1492; x_wconf 80' lang='lat' dir='ltr'><strong>dictum</strong></span> <span class='ocrx_word' id='word_1_101' title='bbox 1505 1427 2016 1493; x_wconf 84' lang='lat' dir='ltr'><strong>latrunculorum</strong></span> <span class='ocrx_word' id='word_1_102' title='bbox 2098 1440 2164 1492; x_wconf 93' lang='lat' dir='ltr'><strong>et</strong></span> 
     </span>
     <span class='ocr_line' id='line_1_17' title="bbox 245 1511 2161 1595; baseline 0 -18"><span class='ocrx_word' id='word_1_103' title='bbox 245 1533 446 1577; x_wconf 89' lang='lat' dir='ltr'><strong>eorum</strong></span> <span class='ocrx_word' id='word_1_104' title='bbox 493 1511 833 1576; x_wconf 88' lang='lat' dir='ltr'><strong>hominum</strong></span> <span class='ocrx_word' id='word_1_105' title='bbox 892 1513 1002 1595; x_wconf 91' lang='lat' dir='ltr'><strong>qui</strong></span> <span class='ocrx_word' id='word_1_106' title='bbox 1060 1512 1255 1578; x_wconf 90' lang='lat' dir='ltr'><strong>fidem</strong></span> <span class='ocrx_word' id='word_1_107' title='bbox 1319 1513 1671 1595; x_wconf 82' lang='lat' dir='ltr'><strong>fregerant.</strong></span> <span class='ocrx_word' id='word_1_108' title='bbox 1758 1513 2161 1579; x_wconf 87' lang='lat' dir='ltr'><strong>Nominatim</strong></span> 
     </span>
     <span class='ocr_line' id='line_1_18' title="bbox 245 1596 2161 1683; baseline 0.001 -21"><span class='ocrx_word' id='word_1_109' title='bbox 245 1598 401 1662; x_wconf 86' lang='lat' dir='ltr'><strong>enim</strong></span> <span class='ocrx_word' id='word_1_110' title='bbox 457 1596 762 1663; x_wconf 90' lang='lat' dir='ltr'><strong>dicuntur</strong></span> <span class='ocrx_word' id='word_1_111' title='bbox 820 1597 888 1662; x_wconf 91' lang='lat' dir='ltr'><strong>in</strong></span> <span class='ocrx_word' id='word_1_112' title='bbox 950 1599 1260 1681; x_wconf 85' lang='lat' dir='ltr'><strong>angustia</strong></span> <span class='ocrx_word' id='word_1_113' title='bbox 1331 1599 1665 1664; x_wconf 82' lang='lat' dir='ltr'><strong>constituti</strong></span> <span class='ocrx_word' id='word_1_114' title='bbox 1743 1609 1814 1664; x_wconf 91' lang='lat' dir='ltr'><strong>et</strong></span> <span class='ocrx_word' id='word_1_115' title='bbox 1869 1600 2161 1683; x_wconf 88' lang='lat' dir='ltr'><strong>oppressi</strong></span> 
     </span>
     <span class='ocr_line' id='line_1_19' title="bbox 242 1681 2164 1766; baseline 0.001 -18"><span class='ocrx_word' id='word_1_116' title='bbox 242 1703 376 1748; x_wconf 88' lang='lat' dir='ltr'><strong>aere</strong></span> <span class='ocrx_word' id='word_1_117' title='bbox 430 1684 661 1748; x_wconf 89' lang='lat' dir='ltr'><strong>alieno.</strong></span> <span class='ocrx_word' id='word_1_118' title='bbox 767 1681 939 1748; x_wconf 89' lang='lat' dir='ltr'><strong>Lues</strong></span> <span class='ocrx_word' id='word_1_119' title='bbox 1012 1684 1236 1766; x_wconf 82' lang='lat' dir='ltr'><strong>itaque</strong></span> <span class='ocrx_word' id='word_1_120' title='bbox 1300 1685 1590 1749; x_wconf 89' lang='lat' dir='ltr'><strong>maxima</strong></span> <span class='ocrx_word' id='word_1_121' title='bbox 1645 1685 1844 1751; x_wconf 87' lang='lat' dir='ltr'><strong>fuisse</strong></span> <span class='ocrx_word' id='word_1_122' title='bbox 1901 1685 2164 1749; x_wconf 86' lang='lat' dir='ltr'><strong>videtur</strong></span> 
     </span>
     <span class='ocr_line' id='line_1_20' title="bbox 240 1767 2159 1853; baseline 0.001 -20"><span class='ocrx_word' id='word_1_123' title='bbox 240 1776 365 1834; x_wconf 87' lang='lat' dir='ltr'><strong>tota</strong></span> <span class='ocrx_word' id='word_1_124' title='bbox 426 1768 538 1835; x_wconf 91' lang='lat' dir='ltr'><strong>illa</strong></span> <span class='ocrx_word' id='word_1_125' title='bbox 604 1767 944 1833; x_wconf 83' lang='lat' dir='ltr'><strong>hominum</strong></span> <span class='ocrx_word' id='word_1_126' title='bbox 1014 1769 1357 1845; x_wconf 77' lang='lat' dir='ltr'><strong>colluvies,</strong></span> <span class='ocrx_word' id='word_1_127' title='bbox 1440 1789 1716 1853; x_wconf 90' lang='lat' dir='ltr'><strong>quornm</strong></span> <span class='ocrx_word' id='word_1_128' title='bbox 1796 1792 1865 1835; x_wconf 90' lang='lat' dir='ltr'><strong>se</strong></span> <span class='ocrx_word' id='word_1_129' title='bbox 1931 1768 2159 1836; x_wconf 90' lang='lat' dir='ltr'><strong>ducem</strong></span> 
     </span>
     <span class='ocr_line' id='line_1_21' title="bbox 237 1854 2160 1939; baseline 0.001 -21"><span class='ocrx_word' id='word_1_130' title='bbox 237 1855 507 1938; x_wconf 84' lang='lat' dir='ltr'><strong>profiteri</strong></span> <span class='ocrx_word' id='word_1_131' title='bbox 568 1854 812 1919; x_wconf 90' lang='lat' dir='ltr'><strong>Davidi</strong></span> <span class='ocrx_word' id='word_1_132' title='bbox 869 1864 1057 1939; x_wconf 80' lang='lat' dir='ltr'><strong>turpe</strong></span> <span class='ocrx_word' id='word_1_133' title='bbox 1116 1854 1240 1919; x_wconf 87' lang='lat' dir='ltr'><strong>fuit</strong></span> <span class='ocrx_word' id='word_1_134' title='bbox 1298 1865 1362 1919; x_wconf 88' lang='lat' dir='ltr'><strong>et</strong></span> <span class='ocrx_word' id='word_1_135' title='bbox 1420 1856 1817 1939; x_wconf 87' lang='lat' dir='ltr'><strong>indecorum,</strong></span> <span class='ocrx_word' id='word_1_136' title='bbox 1885 1865 1953 1921; x_wconf 92' lang='lat' dir='ltr'><strong>et</strong></span> <span class='ocrx_word' id='word_1_137' title='bbox 2010 1877 2160 1922; x_wconf 88' lang='lat' dir='ltr'><strong>cum</strong></span> 
     </span>
     <span class='ocr_line' id='line_1_22' title="bbox 236 1940 2160 2024; baseline 0 -20"><span class='ocrx_word' id='word_1_138' title='bbox 236 1940 465 2006; x_wconf 87' lang='lat' dir='ltr'><strong>offensa</strong></span> <span class='ocrx_word' id='word_1_139' title='bbox 489 1940 613 2005; x_wconf 92' lang='lat' dir='ltr'><strong>Dei</strong></span> <span class='ocrx_word' id='word_1_140' title='bbox 659 1940 1103 2005; x_wconf 87' lang='lat' dir='ltr'><strong>coniunctum.</strong></span> <span class='ocrx_word' id='word_1_141' title='bbox 1169 1940 1338 2005; x_wconf 90' lang='lat' dir='ltr'><strong>Nam</strong></span> <span class='ocrx_word' id='word_1_142' title='bbox 1387 1942 1497 2024; x_wconf 90' lang='lat' dir='ltr'><strong>qui</strong></span> <span class='ocrx_word' id='word_1_143' title='bbox 1534 1940 1909 2006; x_wconf 88' lang='lat' dir='ltr'><strong>obaeratum</strong></span> <span class='ocrx_word' id='word_1_144' title='bbox 1949 1941 2160 2007; x_wconf 86' lang='grc'><strong>110101-</strong></span> 
     </span>
     <span class='ocr_line' id='line_1_23' title="bbox 236 2025 2161 2109; baseline 0.001 -20"><span class='ocrx_word' id='word_1_145' title='bbox 236 2045 373 2089; x_wconf 90' lang='lat' dir='ltr'><strong>nem</strong></span> <span class='ocrx_word' id='word_1_146' title='bbox 396 2026 626 2109; x_wconf 77' lang='lat' dir='ltr'><strong>recipit</strong></span> <span class='ocrx_word' id='word_1_147' title='bbox 668 2025 740 2089; x_wconf 91' lang='lat' dir='ltr'><strong>in</strong></span> <span class='ocrx_word' id='word_1_148' title='bbox 765 2027 1155 2102; x_wconf 89' lang='lat' dir='ltr'><strong>societatem,</strong></span> <span class='ocrx_word' id='word_1_149' title='bbox 1204 2036 1454 2091; x_wconf 90' lang='lat' dir='ltr'><strong>certum</strong></span> <span class='ocrx_word' id='word_1_150' title='bbox 1500 2039 1601 2091; x_wconf 90' lang='lat' dir='ltr'><strong>est</strong></span> <span class='ocrx_word' id='word_1_151' title='bbox 1622 2028 2161 2093; x_wconf 75' lang='lat' dir='ltr'><strong>condemnatione</strong></span> 
     </span>
     <span class='ocr_line' id='line_1_24' title="bbox 236 2110 2160 2196; baseline 0.002 -22"><span class='ocrx_word' id='word_1_152' title='bbox 236 2110 505 2194; x_wconf 89' lang='lat' dir='ltr'><strong>dignum.</strong></span> <span class='ocrx_word' id='word_1_153' title='bbox 611 2111 703 2177; x_wconf 85' lang='lat' dir='ltr'><strong>Et</strong></span> <span class='ocrx_word' id='word_1_154' title='bbox 758 2132 959 2194; x_wconf 90' lang='lat' dir='ltr'><strong>quum</strong></span> <span class='ocrx_word' id='word_1_155' title='bbox 1015 2112 1367 2177; x_wconf 71' lang='lat' dir='ltr'><strong>facinorosi</strong></span> <span class='ocrx_word' id='word_1_156' title='bbox 1431 2111 1727 2177; x_wconf 89' lang='lat' dir='ltr'><strong>homines</strong></span> <span class='ocrx_word' id='word_1_157' title='bbox 1797 2124 1862 2178; x_wconf 88' lang='lat' dir='ltr'><strong>et</strong></span> <span class='ocrx_word' id='word_1_158' title='bbox 1932 2114 2160 2196; x_wconf 88' lang='lat' dir='ltr'><strong>poenis</strong></span> 
     </span>
     <span class='ocr_line' id='line_1_25' title="bbox 235 2196 2161 2281; baseline 0.003 -22"><span class='ocrx_word' id='word_1_159' title='bbox 235 2196 402 2280; x_wconf 80' lang='lat' dir='ltr'><strong>digni</strong></span> <span class='ocrx_word' id='word_1_160' title='bbox 464 2198 772 2262; x_wconf 83' lang='lat' dir='ltr'><strong>foventur</strong></span> <span class='ocrx_word' id='word_1_161' title='bbox 837 2205 904 2261; x_wconf 90' lang='lat' dir='ltr'><strong>et</strong></span> <span class='ocrx_word' id='word_1_162' title='bbox 980 2197 1264 2262; x_wconf 88' lang='lat' dir='ltr'><strong>iustitiae</strong></span> <span class='ocrx_word' id='word_1_163' title='bbox 1343 2198 1712 2281; x_wconf 90' lang='lat' dir='ltr'><strong>eripiuntur</strong></span> <span class='ocrx_word' id='word_1_164' title='bbox 1781 2199 1959 2264; x_wconf 90' lang='lat' dir='ltr'><strong>Deus</strong></span> <span class='ocrx_word' id='word_1_165' title='bbox 2041 2218 2161 2263; x_wconf 92' lang='lat' dir='ltr'><strong>suo</strong></span> 
     </span>
     <span class='ocr_line' id='line_1_26' title="bbox 233 2282 2159 2367; baseline 0.002 -21"><span class='ocrx_word' id='word_1_166' title='bbox 233 2282 530 2367; x_wconf 85' lang='lat' dir='ltr'><strong>suffragio</strong></span> <span class='ocrx_word' id='word_1_167' title='bbox 576 2282 700 2349; x_wconf 90' lang='lat' dir='ltr'><strong>hoc</strong></span> <span class='ocrx_word' id='word_1_168' title='bbox 724 2283 1135 2348; x_wconf 85' lang='lat' dir='ltr'><strong>condemnat.</strong></span> <span class='ocrx_word' id='word_1_169' title='bbox 1225 2282 1667 2363; x_wconf 80' lang='lat' dir='ltr'><strong>Quamobrem</strong></span> <span class='ocrx_word' id='word_1_170' title='bbox 1716 2282 1950 2357; x_wconf 75' lang='lat' dir='ltr'><strong>David,</strong></span> <span class='ocrx_word' id='word_1_171' title='bbox 1980 2286 2159 2367; x_wconf 92' lang='lat' dir='ltr'><strong>ipsos</strong></span> 
     </span>
     <span class='ocr_line' id='line_1_27' title="bbox 232 2366 2159 2435; baseline 0.003 -5"><span class='ocrx_word' id='word_1_172' title='bbox 232 2366 517 2434; x_wconf 89' lang='lat' dir='ltr'><strong>homines</strong></span> <span class='ocrx_word' id='word_1_173' title='bbox 563 2370 629 2432; x_wconf 92' lang='lat' dir='ltr'><strong>in</strong></span> <span class='ocrx_word' id='word_1_174' title='bbox 679 2389 862 2433; x_wconf 89' lang='lat' dir='ltr'><strong>suam</strong></span> <span class='ocrx_word' id='word_1_175' title='bbox 920 2367 1292 2434; x_wconf 90' lang='lat' dir='ltr'><strong>societatem</strong></span> <span class='ocrx_word' id='word_1_176' title='bbox 1355 2379 1420 2433; x_wconf 90' lang='lat' dir='ltr'><strong>et</strong></span> <span class='ocrx_word' id='word_1_177' title='bbox 1475 2370 1743 2433; x_wconf 85' lang='lat' dir='ltr'><strong>tutelam</strong></span> <span class='ocrx_word' id='word_1_178' title='bbox 1806 2370 2159 2435; x_wconf 88' lang='lat' dir='ltr'><strong>admittens</strong></span> 
     </span>
     <span class='ocr_line' id='line_1_28' title="bbox 233 2453 2161 2537; baseline 0.002 -21"><span class='ocrx_word' id='word_1_179' title='bbox 233 2453 572 2518; x_wconf 84' lang='lat' dir='ltr'><strong>maximam</strong></span> <span class='ocrx_word' id='word_1_180' title='bbox 620 2454 744 2520; x_wconf 88' lang='lat' dir='ltr'><strong>sibi</strong></span> <span class='ocrx_word' id='word_1_181' title='bbox 806 2454 976 2537; x_wconf 92' lang='lat' dir='ltr'><strong>apud</strong></span> <span class='ocrx_word' id='word_1_182' title='bbox 1037 2475 1260 2518; x_wconf 91' lang='lat' dir='ltr'><strong>omnes</strong></span> <span class='ocrx_word' id='word_1_183' title='bbox 1318 2455 1641 2520; x_wconf 89' lang='lat' dir='ltr'><strong>conflabat</strong></span> <span class='ocrx_word' id='word_1_184' title='bbox 1697 2455 2036 2534; x_wconf 89' lang='lat' dir='ltr'><strong>invidiam,</strong></span> <span class='ocrx_word' id='word_1_185' title='bbox 2094 2464 2161 2520; x_wconf 90' lang='lat' dir='ltr'><strong>et</strong></span> 
     </span>
     <span class='ocr_line' id='line_1_29' title="bbox 229 2538 2158 2622; baseline 0.002 -22"><span class='ocrx_word' id='word_1_186' title='bbox 229 2539 560 2620; x_wconf 89' lang='lat' dir='ltr'><strong>opprobrio</strong></span> <span class='ocrx_word' id='word_1_187' title='bbox 605 2561 676 2604; x_wconf 89' lang='lat' dir='ltr'><strong>se</strong></span> <span class='ocrx_word' id='word_1_188' title='bbox 721 2538 1089 2622; x_wconf 83' lang='lat' dir='ltr'><strong>exponebat</strong></span> <span class='ocrx_word' id='word_1_189' title='bbox 1131 2538 1302 2622; x_wconf 92' lang='lat' dir='ltr'><strong>quod</strong></span> <span class='ocrx_word' id='word_1_190' title='bbox 1359 2541 1427 2603; x_wconf 90' lang='lat' dir='ltr'><strong>in</strong></span> <span class='ocrx_word' id='word_1_191' title='bbox 1487 2539 1701 2622; x_wconf 90' lang='lat' dir='ltr'><strong>ipsum</strong></span> <span class='ocrx_word' id='word_1_192' title='bbox 1748 2540 1878 2607; x_wconf 92' lang='lat' dir='ltr'><strong>Dei</strong></span> <span class='ocrx_word' id='word_1_193' title='bbox 1921 2562 2158 2606; x_wconf 89' lang='lat' dir='ltr'><strong>nomen</strong></span> 
     </span>
     <span class='ocr_line' id='line_1_30' title="bbox 229 2623 2159 2708; baseline 0.002 -22"><span class='ocrx_word' id='word_1_194' title='bbox 229 2623 646 2703; x_wconf 86' lang='lat' dir='ltr'><strong>redundabat,</strong></span> <span class='ocrx_word' id='word_1_195' title='bbox 707 2625 878 2708; x_wconf 89' lang='lat' dir='ltr'><strong>quod</strong></span> <span class='ocrx_word' id='word_1_196' title='bbox 921 2624 1002 2690; x_wconf 90' lang='lat' dir='ltr'><strong>ab</strong></span> <span class='ocrx_word' id='word_1_197' title='bbox 1045 2625 1347 2690; x_wconf 90' lang='lat' dir='ltr'><strong>omnibus</strong></span> <span class='ocrx_word' id='word_1_198' title='bbox 1390 2636 1872 2691; x_wconf 89' lang='lat' dir='ltr'><strong>sacrosanctum</strong></span> <span class='ocrx_word' id='word_1_199' title='bbox 1935 2627 2159 2691; x_wconf 90' lang='lat' dir='ltr'><strong>haberi</strong></span> 
     </span>
     <span class='ocr_line' id='line_1_31' title="bbox 229 2709 2159 2793; baseline 0.003 -22"><span class='ocrx_word' id='word_1_200' title='bbox 229 2709 427 2776; x_wconf 83' lang='lat' dir='ltr'><strong>debet.</strong></span> <span class='ocrx_word' id='word_1_201' title='bbox 526 2711 705 2776; x_wconf 88' lang='lat' dir='ltr'><strong>Nam</strong></span> <span class='ocrx_word' id='word_1_202' title='bbox 761 2732 980 2775; x_wconf 88' lang='lat' dir='ltr'><strong>nonne</strong></span> <span class='ocrx_word' id='word_1_203' title='bbox 1038 2710 1401 2776; x_wconf 86' lang='lat' dir='ltr'><strong>istiusmodi</strong></span> <span class='ocrx_word' id='word_1_204' title='bbox 1462 2721 1819 2793; x_wconf 86' lang='lat' dir='ltr'><strong>potuerunt</strong></span> <span class='ocrx_word' id='word_1_205' title='bbox 1875 2733 2020 2778; x_wconf 84' lang='lat' dir='ltr'><strong>esse</strong></span> <span class='ocrx_word' id='word_1_206' title='bbox 2078 2710 2159 2776; x_wconf 91' lang='lat' dir='ltr'><strong>de</strong></span> 
     </span>
     <span class='ocr_line' id='line_1_32' title="bbox 224 2794 2157 2877; baseline 0.002 -19"><span class='ocrx_word' id='word_1_207' title='bbox 224 2794 357 2877; x_wconf 92' lang='lat' dir='ltr'><strong>ipso</strong></span> <span class='ocrx_word' id='word_1_208' title='bbox 400 2797 573 2861; x_wconf 87' lang='lat' dir='ltr'><strong>male</strong></span> <span class='ocrx_word' id='word_1_209' title='bbox 617 2796 998 2863; x_wconf 89' lang='lat' dir='ltr'><strong>feriatorum</strong></span> <span class='ocrx_word' id='word_1_210' title='bbox 1065 2797 1403 2862; x_wconf 86' lang='lat' dir='ltr'><strong>hominum</strong></span> <span class='ocrx_word' id='word_1_211' title='bbox 1448 2796 1738 2861; x_wconf 83' lang='lat' dir='ltr'><strong>iudicia?</strong></span> <span class='ocrx_word' id='word_1_212' title='bbox 1800 2797 1941 2862; x_wconf 89' lang='lat' dir='ltr'><strong>Iam</strong></span> <span class='ocrx_word' id='word_1_213' title='bbox 2003 2819 2043 2862; x_wconf 89' lang='lat' dir='ltr'><strong>a</strong></span> <span class='ocrx_word' id='word_1_214' title='bbox 2086 2817 2157 2862; x_wconf 89' lang='lat' dir='ltr'><strong>se</strong></span> 
     </span>
     <span class='ocr_line' id='line_1_33' title="bbox 222 2880 2158 2966; baseline -0.001 -17"><span class='ocrx_word' id='word_1_215' title='bbox 222 2880 429 2949; x_wconf 78' lang='lat' dir='ltr'><strong>David</strong></span> <span class='ocrx_word' id='word_1_216' title='bbox 484 2882 735 2966; x_wconf 88' lang='lat' dir='ltr'><strong>detegit</strong></span> <span class='ocrx_word' id='word_1_217' title='bbox 791 2884 998 2965; x_wconf 87' lang='lat' dir='ltr'><strong>qualis</strong></span> <span class='ocrx_word' id='word_1_218' title='bbox 1057 2883 1369 2949; x_wconf 88' lang='lat' dir='ltr'><strong>hactenus</strong></span> <span class='ocrx_word' id='word_1_219' title='bbox 1428 2883 1657 2965; x_wconf 85' lang='lat' dir='ltr'><strong>fuerit,</strong></span> <span class='ocrx_word' id='word_1_220' title='bbox 1712 2903 1910 2966; x_wconf 91' lang='lat' dir='ltr'><strong>quum</strong></span> <span class='ocrx_word' id='word_1_221' title='bbox 1972 2892 2158 2947; x_wconf 88' lang='lat' dir='ltr'><strong>tanta</strong></span> 
     </span>
     <span class='ocr_line' id='line_1_34' title="bbox 222 2964 2153 3053; baseline 0.003 -24"><span class='ocrx_word' id='word_1_222' title='bbox 222 2964 547 3034; x_wconf 90' lang='lat' dir='ltr'><strong>hominum</strong></span> <span class='ocrx_word' id='word_1_223' title='bbox 607 2967 919 3033; x_wconf 83' lang='lat' dir='ltr'><strong>colluvies</strong></span> <span class='ocrx_word' id='word_1_224' title='bbox 993 2970 1073 3032; x_wconf 87' lang='lat' dir='ltr'><strong>ad</strong></span> <span class='ocrx_word' id='word_1_225' title='bbox 1141 2970 1352 3052; x_wconf 89' lang='lat' dir='ltr'><strong>ipsum</strong></span> <span class='ocrx_word' id='word_1_226' title='bbox 1418 2968 1711 3053; x_wconf 84' lang='lat' dir='ltr'><strong>confugit</strong></span> <span class='ocrx_word' id='word_1_227' title='bbox 1766 2970 2153 3034; x_wconf 89' lang='lat' dir='ltr'><strong>miserorum</strong></span> 
     </span>
     <span class='ocr_line' id='line_1_35' title="bbox 221 3049 2157 3138; baseline 0.003 -24"><span class='ocrx_word' id='word_1_228' title='bbox 221 3049 550 3118; x_wconf 90' lang='lat' dir='ltr'><strong>hominum</strong></span> <span class='ocrx_word' id='word_1_229' title='bbox 612 3064 676 3119; x_wconf 89' lang='grc'><strong>01</strong></span> <span class='ocrx_word' id='word_1_230' title='bbox 727 3074 880 3120; x_wconf 86' lang='grc'><strong>8010</strong></span> <span class='ocrx_word' id='word_1_231' title='bbox 938 3053 1150 3119; x_wconf 90' lang='lat' dir='ltr'><strong>alieno</strong></span> <span class='ocrx_word' id='word_1_232' title='bbox 1208 3074 1667 3138; x_wconf 90' lang='lat' dir='ltr'><strong>oppressorum</strong></span> <span class='ocrx_word' id='word_1_233' title='bbox 1726 3056 1960 3137; x_wconf 90' lang='lat' dir='ltr'><strong>quibus</strong></span> <span class='ocrx_word' id='word_1_234' title='bbox 2018 3056 2157 3138; x_wconf 94' lang='lat' dir='ltr'><strong>ipse</strong></span> 
     </span>
     <span class='ocr_line' id='line_1_36' title="bbox 223 3138 2154 3224; baseline 0.001 -23"><span class='ocrx_word' id='word_1_235' title='bbox 223 3157 286 3201; x_wconf 89' lang='lat' dir='ltr'><strong>se</strong></span> <span class='ocrx_word' id='word_1_236' title='bbox 328 3138 563 3205; x_wconf 91' lang='lat' dir='ltr'><strong>ducem</strong></span> <span class='ocrx_word' id='word_1_237' title='bbox 610 3139 893 3222; x_wconf 87' lang='lat' dir='ltr'><strong>praebet.</strong></span> <span class='ocrx_word' id='word_1_238' title='bbox 981 3139 1123 3204; x_wconf 89' lang='lat' dir='ltr'><strong>Iam</strong></span> <span class='ocrx_word' id='word_1_239' title='bbox 1181 3149 1450 3224; x_wconf 90' lang='lat' dir='ltr'><strong>apparet</strong></span> <span class='ocrx_word' id='word_1_240' title='bbox 1494 3141 1660 3204; x_wconf 89' lang='lat' dir='ltr'><strong>nihil</strong></span> <span class='ocrx_word' id='word_1_241' title='bbox 1721 3140 2042 3206; x_wconf 87' lang='lat' dir='ltr'><strong>hactenus</strong></span> <span class='ocrx_word' id='word_1_242' title='bbox 2082 3141 2154 3205; x_wconf 89' lang='lat' dir='ltr'><strong>in</strong></span> 
     </span>
     <span class='ocr_line' id='line_1_37' title="bbox 222 3222 2154 3310; baseline 0.004 -25"><span class='ocrx_word' id='word_1_243' title='bbox 222 3222 352 3305; x_wconf 91' lang='lat' dir='ltr'><strong>ipso</strong></span> <span class='ocrx_word' id='word_1_244' title='bbox 409 3225 538 3290; x_wconf 89' lang='lat' dir='ltr'><strong>nisi</strong></span> <span class='ocrx_word' id='word_1_245' title='bbox 608 3227 985 3291; x_wconf 89' lang='lat' dir='ltr'><strong>simulatum</strong></span> <span class='ocrx_word' id='word_1_246' title='bbox 1051 3234 1119 3290; x_wconf 91' lang='lat' dir='ltr'><strong>et</strong></span> <span class='ocrx_word' id='word_1_247' title='bbox 1179 3228 1403 3291; x_wconf 90' lang='lat' dir='ltr'><strong>fictum</strong></span> <span class='ocrx_word' id='word_1_248' title='bbox 1463 3226 1683 3310; x_wconf 88' lang='lat' dir='ltr'><strong>fuisse,</strong></span> <span class='ocrx_word' id='word_1_249' title='bbox 1749 3228 1878 3291; x_wconf 89' lang='lat' dir='ltr'><strong>iam</strong></span> <span class='ocrx_word' id='word_1_250' title='bbox 1945 3226 2154 3309; x_wconf 86' lang='lat' dir='ltr'><strong>ipsius</strong></span> 
     </span>
     <span class='ocr_line' id='line_1_38' title="bbox 217 3309 2154 3394; baseline 0.002 -21"><span class='ocrx_word' id='word_1_251' title='bbox 217 3310 483 3389; x_wconf 86' lang='lat' dir='ltr'><strong>perfidia</strong></span> <span class='ocrx_word' id='word_1_252' title='bbox 517 3309 837 3376; x_wconf 89' lang='lat' dir='ltr'><strong>adversus</strong></span> <span class='ocrx_word' id='word_1_253' title='bbox 873 3332 1094 3393; x_wconf 90' lang='lat' dir='ltr'><strong>regem</strong></span> <span class='ocrx_word' id='word_1_254' title='bbox 1127 3309 1473 3394; x_wconf 86' lang='lat' dir='ltr'><strong>detegitur.</strong></span> <span class='ocrx_word' id='word_1_255' title='bbox 1543 3312 1647 3376; x_wconf 85' lang='lat' dir='ltr'><strong>En</strong></span> <span class='ocrx_word' id='word_1_256' title='bbox 1673 3313 1908 3394; x_wconf 90' lang='lat' dir='ltr'><strong>quibus</strong></span> <span class='ocrx_word' id='word_1_257' title='bbox 1945 3311 2154 3378; x_wconf 89' lang='lat' dir='ltr'><strong>modis</strong></span> 
     </span>
     <span class='ocr_line' id='line_1_39' title="bbox 219 3394 2156 3480; baseline 0.003 -22"><span class='ocrx_word' id='word_1_258' title='bbox 219 3394 335 3460; x_wconf 90' lang='lat' dir='ltr'><strong>Dei</strong></span> <span class='ocrx_word' id='word_1_259' title='bbox 379 3416 624 3461; x_wconf 90' lang='lat' dir='ltr'><strong>nomen</strong></span> <span class='ocrx_word' id='word_1_260' title='bbox 665 3399 877 3480; x_wconf 85' lang='lat' dir='ltr'><strong>potuit</strong></span> <span class='ocrx_word' id='word_1_261' title='bbox 920 3398 1265 3479; x_wconf 90' lang='lat' dir='ltr'><strong>impiorum</strong></span> <span class='ocrx_word' id='word_1_262' title='bbox 1307 3397 1644 3462; x_wconf 86' lang='lat' dir='ltr'><strong>hominum</strong></span> <span class='ocrx_word' id='word_1_263' title='bbox 1682 3399 1948 3463; x_wconf 89' lang='lat' dir='ltr'><strong>vocibus</strong></span> <span class='ocrx_word' id='word_1_264' title='bbox 1993 3399 2156 3463; x_wconf 87' lang='lat' dir='ltr'><strong>lace·</strong></span> 
     </span>
     <span class='ocr_line' id='line_1_40' title="bbox 217 3482 2154 3567; baseline 0.003 -23"><span class='ocrx_word' id='word_1_265' title='bbox 217 3483 360 3561; x_wconf 89' lang='lat' dir='ltr'><strong>rari,</strong></span> <span class='ocrx_word' id='word_1_266' title='bbox 400 3484 713 3549; x_wconf 89' lang='lat' dir='ltr'><strong>coniectis</strong></span> <span class='ocrx_word' id='word_1_267' title='bbox 748 3484 814 3546; x_wconf 92' lang='lat' dir='ltr'><strong>in</strong></span> <span class='ocrx_word' id='word_1_268' title='bbox 843 3483 1165 3547; x_wconf 87' lang='lat' dir='ltr'><strong>Davidem</strong></span> <span class='ocrx_word' id='word_1_269' title='bbox 1191 3482 1562 3549; x_wconf 85' lang='lat' dir='ltr'><strong>huiusmodi</strong></span> <span class='ocrx_word' id='word_1_270' title='bbox 1600 3482 1887 3549; x_wconf 86' lang='lat' dir='ltr'><strong>dicteriis</strong></span> <span class='ocrx_word' id='word_1_271' title='bbox 1922 3485 2154 3567; x_wconf 88' lang='lat' dir='ltr'><strong>quibus</strong></span> 
     </span>
     <span class='ocr_line' id='line_1_41' title="bbox 217 3565 2154 3636; baseline 0.004 -8"><span class='ocrx_word' id='word_1_272' title='bbox 217 3565 529 3634; x_wconf 86' lang='lat' dir='ltr'><strong>adventus</strong></span> <span class='ocrx_word' id='word_1_273' title='bbox 580 3569 851 3633; x_wconf 90' lang='lat' dir='ltr'><strong>istorum</strong></span> <span class='ocrx_word' id='word_1_274' title='bbox 913 3567 1251 3632; x_wconf 88' lang='lat' dir='ltr'><strong>hominum</strong></span> <span class='ocrx_word' id='word_1_275' title='bbox 1314 3570 1715 3636; x_wconf 88' lang='lat' dir='ltr'><strong>occasionem</strong></span> <span class='ocrx_word' id='word_1_276' title='bbox 1775 3569 2016 3636; x_wconf 85' lang='lat' dir='ltr'><strong>dabat?</strong></span> <span class='ocrx_word' id='word_1_277' title='bbox 2063 3571 2154 3635; x_wconf 85' lang='lat' dir='ltr'><strong>Et</strong></span> 
     </span>
     <span class='ocr_line' id='line_1_42' title="bbox 215 3654 2150 3721; baseline 0.004 -8"><span class='ocrx_word' id='word_1_278' title='bbox 215 3673 363 3716; x_wconf 79' lang='lat' dir='ltr'><strong>sane</strong></span> <span class='ocrx_word' id='word_1_279' title='bbox 407 3655 478 3718; x_wconf 90' lang='lat' dir='ltr'><strong>in</strong></span> <span class='ocrx_word' id='word_1_280' title='bbox 527 3655 652 3720; x_wconf 89' lang='grc'><strong>1100</strong></span> <span class='ocrx_word' id='word_1_281' title='bbox 708 3675 979 3719; x_wconf 91' lang='lat' dir='ltr'><strong>numero</strong></span> <span class='ocrx_word' id='word_1_282' title='bbox 1036 3666 1288 3720; x_wconf 90' lang='lat' dir='ltr'><strong>certum</strong></span> <span class='ocrx_word' id='word_1_283' title='bbox 1350 3665 1450 3719; x_wconf 87' lang='lat' dir='ltr'><strong>est</strong></span> <span class='ocrx_word' id='word_1_284' title='bbox 1501 3654 1701 3719; x_wconf 89' lang='lat' dir='ltr'><strong>fuisse</strong></span> <span class='ocrx_word' id='word_1_285' title='bbox 1758 3655 1995 3721; x_wconf 88' lang='lat' dir='ltr'><strong>multos</strong></span> <span class='ocrx_word' id='word_1_286' title='bbox 2054 3657 2150 3721; x_wconf 90' lang='lat' dir='ltr'><strong>in·</strong></span> 
     </span>
     <span class='ocr_line' id='line_1_43' title="bbox 215 3735 2147 3825; baseline 0.003 -26"><span class='ocrx_word' id='word_1_287' title='bbox 215 3735 456 3821; x_wconf 89' lang='lat' dir='ltr'><strong>dignos,</strong></span> <span class='ocrx_word' id='word_1_288' title='bbox 515 3742 628 3823; x_wconf 91' lang='lat' dir='ltr'><strong>qui</strong></span> <span class='ocrx_word' id='word_1_289' title='bbox 687 3740 1147 3823; x_wconf 86' lang='lat' dir='ltr'><strong>reciperentur,</strong></span> <span class='ocrx_word' id='word_1_290' title='bbox 1201 3749 1269 3804; x_wconf 91' lang='lat' dir='ltr'><strong>et</strong></span> <span class='ocrx_word' id='word_1_291' title='bbox 1325 3760 1487 3823; x_wconf 91' lang='lat' dir='ltr'><strong>quos</strong></span> <span class='ocrx_word' id='word_1_292' title='bbox 1530 3739 1749 3805; x_wconf 89' lang='lat' dir='ltr'><strong>David</strong></span> <span class='ocrx_word' id='word_1_293' title='bbox 1811 3761 2147 3825; x_wconf 89' lang='lat' dir='ltr'><strong>nunquam</strong></span> 
     </span>
     <span class='ocr_line' id='line_1_44' title="bbox 214 3823 2148 3909; baseline 0.004 -25"><span class='ocrx_word' id='word_1_294' title='bbox 214 3823 273 3885; x_wconf 92' lang='lat' dir='ltr'><strong>in</strong></span> <span class='ocrx_word' id='word_1_295' title='bbox 318 3846 508 3889; x_wconf 88' lang='lat' dir='ltr'><strong>suum</strong></span> <span class='ocrx_word' id='word_1_296' title='bbox 559 3828 956 3890; x_wconf 88' lang='lat' dir='ltr'><strong>consortium</strong></span> <span class='ocrx_word' id='word_1_297' title='bbox 992 3824 1359 3891; x_wconf 87' lang='lat' dir='ltr'><strong>admisisset</strong></span> <span class='ocrx_word' id='word_1_298' title='bbox 1402 3827 1457 3891; x_wconf 93' lang='lat' dir='ltr'><strong>si</strong></span> <span class='ocrx_word' id='word_1_299' title='bbox 1503 3846 1541 3889; x_wconf 90' lang='lat' dir='ltr'><strong>a</strong></span> <span class='ocrx_word' id='word_1_300' title='bbox 1576 3825 1720 3889; x_wconf 92' lang='lat' dir='ltr'><strong>Deo</strong></span> <span class='ocrx_word' id='word_1_301' title='bbox 1765 3836 2148 3909; x_wconf 87' lang='lat' dir='ltr'><strong>potestatem</strong></span> 
     </span>
     <span class='ocr_line' id='line_1_45' title="bbox 215 3909 2149 3996; baseline 0.003 -25"><span class='ocrx_word' id='word_1_302' title='bbox 215 3909 312 3973; x_wconf 89' lang='lat' dir='ltr'><strong>vel</strong></span> <span class='ocrx_word' id='word_1_303' title='bbox 355 3911 421 3974; x_wconf 90' lang='lat' dir='ltr'><strong>in</strong></span> <span class='ocrx_word' id='word_1_304' title='bbox 469 3932 584 3976; x_wconf 93' lang='lat' dir='ltr'><strong>eos</strong></span> <span class='ocrx_word' id='word_1_305' title='bbox 627 3910 1210 3989; x_wconf 89' lang='lat' dir='ltr'><strong>animadvertendi,</strong></span> <span class='ocrx_word' id='word_1_306' title='bbox 1264 3911 1368 3976; x_wconf 90' lang='lat' dir='ltr'><strong>vel</strong></span> <span class='ocrx_word' id='word_1_307' title='bbox 1414 3911 1748 3976; x_wconf 91' lang='lat' dir='ltr'><strong>reiiciendi</strong></span> <span class='ocrx_word' id='word_1_308' title='bbox 1793 3932 2149 3996; x_wconf 89' lang='lat' dir='ltr'><strong>consequu-</strong></span> 
     </span>
     <span class='ocr_line' id='line_1_46' title="bbox 209 3996 2147 4081; baseline 0.003 -24"><span class='ocrx_word' id='word_1_309' title='bbox 209 4001 313 4059; x_wconf 87' lang='lat' dir='ltr'><strong>tus</strong></span> <span class='ocrx_word' id='word_1_310' title='bbox 352 4006 542 4062; x_wconf 91' lang='lat' dir='ltr'><strong>esset.</strong></span> <span class='ocrx_word' id='word_1_311' title='bbox 636 3996 861 4077; x_wconf 77' lang='lat' dir='ltr'><strong>Quare</strong></span> <span class='ocrx_word' id='word_1_312' title='bbox 919 3998 1001 4062; x_wconf 89' lang='lat' dir='ltr'><strong>ad</strong></span> <span class='ocrx_word' id='word_1_313' title='bbox 1059 3997 1443 4079; x_wconf 86' lang='lat' dir='ltr'><strong>superiores,</strong></span> <span class='ocrx_word' id='word_1_314' title='bbox 1495 3996 1717 4081; x_wconf 89' lang='lat' dir='ltr'><strong>gravis</strong></span> <span class='ocrx_word' id='word_1_315' title='bbox 1772 4001 1966 4062; x_wconf 90' lang='lat' dir='ltr'><strong>etiam</strong></span> <span class='ocrx_word' id='word_1_316' title='bbox 2021 4000 2147 4062; x_wconf 87' lang='lat' dir='ltr'><strong>ista</strong></span> 
     </span>
     <span class='ocr_line' id='line_1_47' title="bbox 206 4083 2144 4167; baseline 0.003 -23"><span class='ocrx_word' id='word_1_317' title='bbox 206 4083 475 4147; x_wconf 84' lang='lat' dir='ltr'><strong>tentatio</strong></span> <span class='ocrx_word' id='word_1_318' title='bbox 520 4083 812 4163; x_wconf 90' lang='lat' dir='ltr'><strong>accessit,</strong></span> <span class='ocrx_word' id='word_1_319' title='bbox 867 4091 941 4147; x_wconf 91' lang='lat' dir='ltr'><strong>ut</strong></span> <span class='ocrx_word' id='word_1_320' title='bbox 1003 4085 1248 4148; x_wconf 88' lang='lat' dir='ltr'><strong>venerit</strong></span> <span class='ocrx_word' id='word_1_321' title='bbox 1304 4083 1518 4149; x_wconf 89' lang='lat' dir='ltr'><strong>David</strong></span> <span class='ocrx_word' id='word_1_322' title='bbox 1585 4084 1654 4147; x_wconf 90' lang='lat' dir='ltr'><strong>in</strong></span> <span class='ocrx_word' id='word_1_323' title='bbox 1715 4084 2144 4167; x_wconf 89' lang='lat' dir='ltr'><strong>suspicionem</strong></span> 
     </span>
     <span class='ocr_line' id='line_1_48' title="bbox 207 4166 2147 4252; baseline 0.003 -25"><span class='ocrx_word' id='word_1_324' title='bbox 207 4166 373 4248; x_wconf 88' lang='lat' dir='ltr'><strong>apud</strong></span> <span class='ocrx_word' id='word_1_325' title='bbox 449 4169 795 4251; x_wconf 90' lang='lat' dir='ltr'><strong>plerosque</strong></span> <span class='ocrx_word' id='word_1_326' title='bbox 864 4172 1046 4251; x_wconf 90' lang='lat' dir='ltr'><strong>quasi</strong></span> <span class='ocrx_word' id='word_1_327' title='bbox 1116 4169 1291 4233; x_wconf 90' lang='lat' dir='ltr'><strong>ultro</strong></span> <span class='ocrx_word' id='word_1_328' title='bbox 1364 4167 1652 4252; x_wconf 87' lang='lat' dir='ltr'><strong>perditos</strong></span> <span class='ocrx_word' id='word_1_329' title='bbox 1723 4169 2022 4235; x_wconf 90' lang='lat' dir='ltr'><strong>homines</strong></span> <span class='ocrx_word' id='word_1_330' title='bbox 2080 4178 2147 4234; x_wconf 91' lang='lat' dir='ltr'><strong>et</strong></span> 
     </span>
     <span class='ocr_line' id='line_1_49' title="bbox 205 4252 2142 4338; baseline 0.003 -25"><span class='ocrx_word' id='word_1_331' title='bbox 205 4252 377 4316; x_wconf 85' lang='lat' dir='ltr'><strong>vitae</strong></span> <span class='ocrx_word' id='word_1_332' title='bbox 421 4254 815 4338; x_wconf 88' lang='lat' dir='ltr'><strong>profligatae</strong></span> <span class='ocrx_word' id='word_1_333' title='bbox 857 4254 1253 4333; x_wconf 88' lang='lat' dir='ltr'><strong>advocasset,</strong></span> <span class='ocrx_word' id='word_1_334' title='bbox 1311 4266 1377 4320; x_wconf 90' lang='grc'><strong>01</strong></span> <span class='ocrx_word' id='word_1_335' title='bbox 1432 4256 1501 4318; x_wconf 87' lang='grc'><strong>10</strong></span> <span class='ocrx_word' id='word_1_336' title='bbox 1547 4275 1730 4319; x_wconf 90' lang='lat' dir='ltr'><strong>suam</strong></span> <span class='ocrx_word' id='word_1_337' title='bbox 1779 4254 2142 4322; x_wconf 87' lang='lat' dir='ltr'><strong>clientelam</strong></span> 
     </span>
     <span class='ocr_line' id='line_1_50' title="bbox 207 4339 2145 4424; baseline 0.004 -26"><span class='ocrx_word' id='word_1_338' title='bbox 207 4341 588 4423; x_wconf 88' lang='lat' dir='ltr'><strong>recepisset,</strong></span> <span class='ocrx_word' id='word_1_339' title='bbox 684 4339 1006 4424; x_wconf 90' lang='lat' dir='ltr'><strong>pollicitus</strong></span> <span class='ocrx_word' id='word_1_340' title='bbox 1083 4341 1246 4424; x_wconf 93' lang='lat' dir='ltr'><strong>ipsis</strong></span> <span class='ocrx_word' id='word_1_341' title='bbox 1335 4340 1652 4406; x_wconf 86' lang='lat' dir='ltr'><strong>adversus</strong></span> <span class='ocrx_word' id='word_1_342' title='bbox 1726 4343 2145 4423; x_wconf 88' lang='lat' dir='ltr'><strong>insequentes</strong></span> 
     </span>
     <span class='ocr_line' id='line_1_51' title="bbox 205 4424 2145 4509; baseline 0.003 -23"><span class='ocrx_word' id='word_1_343' title='bbox 205 4424 524 4490; x_wconf 89' lang='lat' dir='ltr'><strong>auxilium</strong></span> <span class='ocrx_word' id='word_1_344' title='bbox 572 4437 640 4489; x_wconf 91' lang='lat' dir='ltr'><strong>et</strong></span> <span class='ocrx_word' id='word_1_345' title='bbox 684 4445 869 4507; x_wconf 90' lang='lat' dir='ltr'><strong>opem</strong></span> <span class='ocrx_word' id='word_1_346' title='bbox 916 4444 1136 4491; x_wconf 86' lang='lat' dir='ltr'><strong>suam:</strong></span> <span class='ocrx_word' id='word_1_347' title='bbox 1180 4426 1451 4509; x_wconf 90' lang='lat' dir='ltr'><strong>ideoque</strong></span> <span class='ocrx_word' id='word_1_348' title='bbox 1487 4426 1717 4491; x_wconf 86' lang='lat' dir='ltr'><strong>merito</strong></span> <span class='ocrx_word' id='word_1_349' title='bbox 1742 4425 1822 4491; x_wconf 90' lang='lat' dir='ltr'><strong>ab</strong></span> <span class='ocrx_word' id='word_1_350' title='bbox 1846 4426 2145 4492; x_wconf 89' lang='lat' dir='ltr'><strong>omnibus</strong></span> 
     </span>
     <span class='ocr_line' id='line_1_52' title="bbox 204 4510 2142 4596; baseline 0.003 -24"><span class='ocrx_word' id='word_1_351' title='bbox 204 4513 599 4592; x_wconf 89' lang='lat' dir='ltr'><strong>culparetur,</strong></span> <span class='ocrx_word' id='word_1_352' title='bbox 646 4518 711 4575; x_wconf 87' lang='lat' dir='ltr'><strong>et</strong></span> <span class='ocrx_word' id='word_1_353' title='bbox 756 4513 826 4576; x_wconf 90' lang='lat' dir='ltr'><strong>in</strong></span> <span class='ocrx_word' id='word_1_354' title='bbox 867 4510 1083 4576; x_wconf 90' lang='lat' dir='ltr'><strong>Deum</strong></span> <span class='ocrx_word' id='word_1_355' title='bbox 1129 4512 1422 4596; x_wconf 89' lang='lat' dir='ltr'><strong>graviter</strong></span> <span class='ocrx_word' id='word_1_356' title='bbox 1464 4532 1730 4595; x_wconf 83' lang='lat' dir='ltr'><strong>peccare</strong></span> <span class='ocrx_word' id='word_1_357' title='bbox 1791 4511 2142 4580; x_wconf 88' lang='lat' dir='ltr'><strong>videretur.</strong></span> 
     </span>
     <span class='ocr_line' id='line_1_53' title="bbox 206 4590 2141 4680; baseline 0.003 -20"><span class='ocrx_word' id='word_1_358' title='bbox 206 4590 332 4660; x_wconf 86' lang='lat' dir='ltr'><strong>Sed</strong></span> <span class='ocrx_word' id='word_1_359' title='bbox 378 4617 586 4680; x_wconf 90' lang='lat' dir='ltr'><strong>quum</strong></span> <span class='ocrx_word' id='word_1_360' title='bbox 631 4597 888 4663; x_wconf 90' lang='lat' dir='ltr'><strong>venisse</strong></span> <span class='ocrx_word' id='word_1_361' title='bbox 931 4597 1010 4662; x_wconf 89' lang='lat' dir='ltr'><strong>ad</strong></span> <span class='ocrx_word' id='word_1_362' title='bbox 1051 4596 1367 4663; x_wconf 88' lang='lat' dir='ltr'><strong>Davidem</strong></span> <span class='ocrx_word' id='word_1_363' title='bbox 1407 4620 1536 4662; x_wconf 92' lang='lat' dir='ltr'><strong>non</strong></span> <span class='ocrx_word' id='word_1_364' title='bbox 1576 4599 1784 4663; x_wconf 89' lang='lat' dir='ltr'><strong>vocati</strong></span> <span class='ocrx_word' id='word_1_365' title='bbox 1822 4597 2141 4678; x_wconf 86' lang='lat' dir='ltr'><strong>dicantur,</strong></span> 
     </span>
     <span class='ocr_line' id='line_1_54' title="bbox 203 4681 2142 4766; baseline 0.004 -22"><span class='ocrx_word' id='word_1_366' title='bbox 203 4689 265 4744; x_wconf 87' lang='lat' dir='ltr'><strong>et</strong></span> <span class='ocrx_word' id='word_1_367' title='bbox 324 4681 469 4766; x_wconf 90' lang='lat' dir='ltr'><strong>ipse</strong></span> <span class='ocrx_word' id='word_1_368' title='bbox 528 4683 600 4747; x_wconf 89' lang='lat' dir='ltr'><strong>in</strong></span> <span class='ocrx_word' id='word_1_369' title='bbox 659 4688 757 4746; x_wconf 87' lang='lat' dir='ltr'><strong>tot</strong></span> <span class='ocrx_word' id='word_1_370' title='bbox 810 4683 1144 4765; x_wconf 88' lang='lat' dir='ltr'><strong>tantisque</strong></span> <span class='ocrx_word' id='word_1_371' title='bbox 1197 4683 1688 4750; x_wconf 85' lang='lat' dir='ltr'><strong>difficultatibus</strong></span> <span class='ocrx_word' id='word_1_372' title='bbox 1753 4685 2142 4751; x_wconf 84' lang='lat' dir='ltr'><strong>constitutus</strong></span> 
     </span>
     <span class='ocr_line' id='line_1_55' title="bbox 203 4768 2139 4854; baseline 0.003 -25"><span class='ocrx_word' id='word_1_373' title='bbox 203 4786 328 4831; x_wconf 91' lang='lat' dir='ltr'><strong>non</strong></span> <span class='ocrx_word' id='word_1_374' title='bbox 370 4768 672 4850; x_wconf 89' lang='lat' dir='ltr'><strong>potuerit</strong></span> <span class='ocrx_word' id='word_1_375' title='bbox 712 4788 821 4833; x_wconf 90' lang='lat' dir='ltr'><strong>eos</strong></span> <span class='ocrx_word' id='word_1_376' title='bbox 877 4787 917 4832; x_wconf 92' lang='lat' dir='ltr'><strong>a</strong></span> <span class='ocrx_word' id='word_1_377' title='bbox 961 4789 1031 4834; x_wconf 92' lang='lat' dir='ltr'><strong>se</strong></span> <span class='ocrx_word' id='word_1_378' title='bbox 1074 4768 1421 4845; x_wconf 83' lang='lat' dir='ltr'><strong>dimittere,</strong></span> <span class='ocrx_word' id='word_1_379' title='bbox 1484 4769 1624 4833; x_wconf 88' lang='lat' dir='ltr'><strong>dico</strong></span> <span class='ocrx_word' id='word_1_380' title='bbox 1681 4770 2139 4854; x_wconf 89' lang='lat' dir='ltr'><strong>gravissimam</strong></span> 
     </span>
     <span class='ocr_line' id='line_1_56' title="bbox 202 4851 2139 4938; baseline 0.004 -25"><span class='ocrx_word' id='word_1_381' title='bbox 202 4851 279 4915; x_wconf 85' lang='lat' dir='ltr'><strong>ad</strong></span> <span class='ocrx_word' id='word_1_382' title='bbox 343 4855 717 4937; x_wconf 85' lang='lat' dir='ltr'><strong>superiores</strong></span> <span class='ocrx_word' id='word_1_383' title='bbox 777 4852 946 4919; x_wconf 89' lang='lat' dir='ltr'><strong>hanc</strong></span> <span class='ocrx_word' id='word_1_384' title='bbox 1012 4856 1359 4921; x_wconf 80' lang='lat' dir='ltr'><strong>accessisse</strong></span> <span class='ocrx_word' id='word_1_385' title='bbox 1425 4855 1886 4938; x_wconf 86' lang='lat' dir='ltr'><strong>tentationem,</strong></span> <span class='ocrx_word' id='word_1_386' title='bbox 1967 4855 2139 4938; x_wconf 88' lang='grc'><strong>00011</strong></span> 
     </span>
     <span class='ocr_line' id='line_1_57' title="bbox 202 4935 2138 5023; baseline 0.004 -24"><span class='ocrx_word' id='word_1_387' title='bbox 202 4935 576 5005; x_wconf 86' lang='lat' dir='ltr'><strong>istiusmodi</strong></span> <span class='ocrx_word' id='word_1_388' title='bbox 650 4938 968 5005; x_wconf 88' lang='lat' dir='ltr'><strong>militibus</strong></span> <span class='ocrx_word' id='word_1_389' title='bbox 1029 4938 1218 5004; x_wconf 92' lang='lat' dir='ltr'><strong>illum</strong></span> <span class='ocrx_word' id='word_1_390' title='bbox 1283 4940 1515 5023; x_wconf 89' lang='lat' dir='ltr'><strong>stipari</strong></span> <span class='ocrx_word' id='word_1_391' title='bbox 1582 4939 1762 5006; x_wconf 92' lang='lat' dir='ltr'><strong>Deus</strong></span> <span class='ocrx_word' id='word_1_392' title='bbox 1841 4941 2138 5007; x_wconf 83' lang='lat' dir='ltr'><strong>voluerit.</strong></span> 
     </span>
     <span class='ocr_line' id='line_1_58' title="bbox 199 5020 2144 5111; baseline 0.002 -24"><span class='ocrx_word' id='word_1_393' title='bbox 199 5020 375 5104; x_wconf 78' lang='lat' dir='ltr'><strong>Quin</strong></span> <span class='ocrx_word' id='word_1_394' title='bbox 422 5026 624 5090; x_wconf 88' lang='lat' dir='ltr'><strong>etiam</strong></span> <span class='ocrx_word' id='word_1_395' title='bbox 670 5024 1015 5109; x_wconf 82' lang='lat' dir='ltr'><strong>contigisse</strong></span> <span class='ocrx_word' id='word_1_396' title='bbox 1058 5023 1234 5090; x_wconf 89' lang='lat' dir='ltr'><strong>idem</strong></span> <span class='ocrx_word' id='word_1_397' title='bbox 1275 5025 1579 5091; x_wconf 83' lang='lat' dir='ltr'><strong>videmus</strong></span> <span class='ocrx_word' id='word_1_398' title='bbox 1635 5026 1986 5092; x_wconf 83' lang='lat' dir='ltr'><strong>israelitico</strong></span> <span class='ocrx_word' id='word_1_399' title='bbox 2031 5048 2144 5111; x_wconf 90' lang='lat' dir='ltr'><strong>po-</strong></span> 
     </span>
     <span class='ocr_line' id='line_1_59' title="bbox 199 5109 2140 5198; baseline 0.003 -25"><span class='ocrx_word' id='word_1_400' title='bbox 199 5109 369 5189; x_wconf 90' lang='lat' dir='ltr'><strong>pulo,</strong></span> <span class='ocrx_word' id='word_1_401' title='bbox 416 5111 606 5176; x_wconf 90' lang='lat' dir='ltr'><strong>cuius</strong></span> <span class='ocrx_word' id='word_1_402' title='bbox 650 5111 829 5175; x_wconf 90' lang='lat' dir='ltr'><strong>Deus</strong></span> <span class='ocrx_word' id='word_1_403' title='bbox 875 5111 1182 5175; x_wconf 81' lang='lat' dir='ltr'><strong>misertus</strong></span> <span class='ocrx_word' id='word_1_404' title='bbox 1228 5119 1329 5177; x_wconf 91' lang='lat' dir='ltr'><strong>est</strong></span> <span class='ocrx_word' id='word_1_405' title='bbox 1370 5120 1516 5195; x_wconf 90' lang='lat' dir='ltr'><strong>post</strong></span> <span class='ocrx_word' id='word_1_406' title='bbox 1561 5111 1791 5198; x_wconf 88' lang='lat' dir='ltr'><strong>longas</strong></span> <span class='ocrx_word' id='word_1_407' title='bbox 1834 5122 1899 5177; x_wconf 89' lang='lat' dir='ltr'><strong>et</strong></span> <span class='ocrx_word' id='word_1_408' title='bbox 1942 5112 2140 5178; x_wconf 91' lang='lat' dir='ltr'><strong>duras</strong></span> 
     </span>
     <span class='ocr_line' id='line_1_60' title="bbox 196 5195 2139 5281; baseline 0.003 -22"><span class='ocrx_word' id='word_1_409' title='bbox 196 5195 769 5280; x_wconf 85' lang='lat' dir='ltr'><strong>persequutiones:</strong></span> <span class='ocrx_word' id='word_1_410' title='bbox 830 5215 982 5261; x_wconf 89' lang='lat' dir='ltr'><strong>nam</strong></span> <span class='ocrx_word' id='word_1_411' title='bbox 1043 5197 1213 5278; x_wconf 91' lang='lat' dir='ltr'><strong>quod</strong></span> <span class='ocrx_word' id='word_1_412' title='bbox 1272 5198 1394 5262; x_wconf 82' lang='lat' dir='ltr'><strong>erit</strong></span> <span class='ocrx_word' id='word_1_413' title='bbox 1445 5218 1527 5263; x_wconf 87' lang='lat' dir='ltr'><strong>ex</strong></span> <span class='ocrx_word' id='word_1_414' title='bbox 1588 5197 1824 5281; x_wconf 91' lang='lat' dir='ltr'><strong>populo</strong></span> <span class='ocrx_word' id='word_1_415' title='bbox 1868 5199 1991 5264; x_wconf 91' lang='lat' dir='ltr'><strong>Dei</strong></span> <span class='ocrx_word' id='word_1_416' title='bbox 2038 5221 2139 5264; x_wconf 90' lang='lat' dir='ltr'><strong>re·</strong></span> 
     </span>
    </p>
   </div>
   <div class='ocr_carea' id='block_1_8' title="bbox 2266 659 4212 832">
    <p class='ocr_par' dir='ltr' id='par_1_9' title="bbox 2266 659 4212 832">
     <span class='ocr_line' id='line_1_61' title="bbox 2266 659 4212 745; baseline 0.002 -21"><span class='ocrx_word' id='word_1_417' title='bbox 2266 659 2602 741; x_wconf 86' lang='lat' dir='ltr'><strong>Loquitur</strong></span> <span class='ocrx_word' id='word_1_418' title='bbox 2667 668 2886 725; x_wconf 88' lang='lat' dir='ltr'><strong>autem</strong></span> <span class='ocrx_word' id='word_1_419' title='bbox 2956 661 3140 727; x_wconf 91' lang='lat' dir='ltr'><strong>Deus</strong></span> <span class='ocrx_word' id='word_1_420' title='bbox 3205 661 3287 726; x_wconf 92' lang='lat' dir='ltr'><strong>de</strong></span> <span class='ocrx_word' id='word_1_421' title='bbox 3365 662 3745 729; x_wconf 88' lang='lat' dir='ltr'><strong>liberatione</strong></span> <span class='ocrx_word' id='word_1_422' title='bbox 3819 683 4013 745; x_wconf 89' lang='lat' dir='ltr'><strong>quam</strong></span> <span class='ocrx_word' id='word_1_423' title='bbox 4138 682 4212 728; x_wconf 91' lang='lat' dir='ltr'><strong>er</strong></span> 
     </span>
     <span class='ocr_line' id='line_1_62' title="bbox 2267 742 4210 832; baseline 0.003 -23"><span class='ocrx_word' id='word_1_424' title='bbox 2267 742 2706 811; x_wconf 83' lang='lat' dir='ltr'><strong>Machabaeos</strong></span> <span class='ocrx_word' id='word_1_425' title='bbox 2748 746 2918 823; x_wconf 88' lang='lat' dir='ltr'><strong>fecit,</strong></span> <span class='ocrx_word' id='word_1_426' title='bbox 2962 767 3163 829; x_wconf 91' lang='lat' dir='ltr'><strong>quum</strong></span> <span class='ocrx_word' id='word_1_427' title='bbox 3209 768 3278 813; x_wconf 92' lang='lat' dir='ltr'><strong>se</strong></span> <span class='ocrx_word' id='word_1_428' title='bbox 3322 748 3587 831; x_wconf 90' lang='lat' dir='ltr'><strong>regibus</strong></span> <span class='ocrx_word' id='word_1_429' title='bbox 3615 748 3851 832; x_wconf 81' lang='lat' dir='ltr'><strong>Syriae</strong></span> <span class='ocrx_word' id='word_1_430' title='bbox 3896 768 3935 811; x_wconf 92' lang='lat' dir='ltr'><strong>a</strong></span> <span class='ocrx_word' id='word_1_431' title='bbox 3979 749 4085 830; x_wconf 90' lang='lat' dir='ltr'><strong>qui</strong></span> <span class='ocrx_word' id='word_1_432' title='bbox 4135 769 4210 815; x_wconf 90' lang='lat' dir='ltr'><strong>us</strong></span> 
     </span>
    </p>
   </div>
   <div class='ocr_carea' id='block_1_9' title="bbox 2210 829 4209 918">
    <p class='ocr_par' dir='ltr' id='par_1_10' title="bbox 2210 829 4209 918">
     <span class='ocr_line' id='line_1_63' title="bbox 2210 829 4209 918; baseline 0.002 -24"><span class='ocrx_word' id='word_1_433' title='bbox 2210 834 2218 909; x_wconf 75' lang='grc' dir='ltr'>Ι</span> <span class='ocrx_word' id='word_1_434' title='bbox 2266 829 2506 894; x_wconf 86' lang='lat' dir='ltr'><strong>misera</strong></span> <span class='ocrx_word' id='word_1_435' title='bbox 2532 831 2657 895; x_wconf 92' lang='lat' dir='ltr'><strong>Dei</strong></span> <span class='ocrx_word' id='word_1_436' title='bbox 2680 831 2952 896; x_wconf 89' lang='lat' dir='ltr'><strong>ecclesia</strong></span> <span class='ocrx_word' id='word_1_437' title='bbox 2973 833 3378 915; x_wconf 89' lang='lat' dir='ltr'><strong>gravissimis</strong></span> <span class='ocrx_word' id='word_1_438' title='bbox 3400 833 3878 899; x_wconf 89' lang='lat' dir='ltr'><strong>calamitatibus</strong></span> <span class='ocrx_word' id='word_1_439' title='bbox 3901 853 4209 918; x_wconf 89' lang='lat' dir='ltr'><strong>oppressa</strong></span> 
     </span>
    </p>
   </div>
   <div class='ocr_carea' id='block_1_10' title="bbox 2242 916 4208 5283">
    <p class='ocr_par' dir='ltr' id='par_1_11' title="bbox 2242 916 4208 5283">
     <span class='ocr_line' id='line_1_64' title="bbox 2267 916 4206 1003; baseline 0.003 -23"><span class='ocrx_word' id='word_1_440' title='bbox 2267 916 2480 980; x_wconf 84' lang='lat' dir='ltr'><strong>fuerat</strong></span> <span class='ocrx_word' id='word_1_441' title='bbox 2524 925 3006 998; x_wconf 88' lang='lat' dir='ltr'><strong>opposuerunt:</strong></span> <span class='ocrx_word' id='word_1_442' title='bbox 3064 918 3190 982; x_wconf 79' lang='lat' dir='ltr'><strong>fuit</strong></span> <span class='ocrx_word' id='word_1_443' title='bbox 3232 938 3389 1003; x_wconf 90' lang='lat' dir='ltr'><strong>ergo</strong></span> <span class='ocrx_word' id='word_1_444' title='bbox 3435 939 3667 984; x_wconf 89' lang='lat' dir='ltr'><strong>manus</strong></span> <span class='ocrx_word' id='word_1_445' title='bbox 3710 919 3821 984; x_wconf 91' lang='lat' dir='ltr'><strong>illa</strong></span> <span class='ocrx_word' id='word_1_446' title='bbox 3867 920 4206 985; x_wconf 86' lang='lat' dir='ltr'><strong>hominum</strong></span> 
     </span>
     <span class='ocr_line' id='line_1_65' title="bbox 2267 1002 4207 1090; baseline 0.001 -24"><span class='ocrx_word' id='word_1_447' title='bbox 2267 1002 2524 1085; x_wconf 88' lang='lat' dir='ltr'><strong>exigua,</strong></span> <span class='ocrx_word' id='word_1_448' title='bbox 2573 1005 2713 1066; x_wconf 90' lang='lat' dir='ltr'><strong>sine</strong></span> <span class='ocrx_word' id='word_1_449' title='bbox 2754 1003 3013 1086; x_wconf 88' lang='lat' dir='ltr'><strong>magnis</strong></span> <span class='ocrx_word' id='word_1_450' title='bbox 3058 1004 3306 1069; x_wconf 89' lang='lat' dir='ltr'><strong>viribus</strong></span> <span class='ocrx_word' id='word_1_451' title='bbox 3350 1012 3416 1069; x_wconf 88' lang='lat' dir='ltr'><strong>et</strong></span> <span class='ocrx_word' id='word_1_452' title='bbox 3458 1007 3601 1069; x_wconf 92' lang='lat' dir='ltr'><strong>sine</strong></span> <span class='ocrx_word' id='word_1_453' title='bbox 3637 1014 3974 1090; x_wconf 85' lang='lat' dir='ltr'><strong>apparatu,</strong></span> <span class='ocrx_word' id='word_1_454' title='bbox 4019 1005 4207 1070; x_wconf 90' lang='lat' dir='ltr'><strong>multi</strong></span> 
     </span>
     <span class='ocr_line' id='line_1_66' title="bbox 2266 1087 4207 1175; baseline 0.002 -24"><span class='ocrx_word' id='word_1_455' title='bbox 2266 1087 2580 1171; x_wconf 86' lang='lat' dir='ltr'><strong>flagitiosi</strong></span> <span class='ocrx_word' id='word_1_456' title='bbox 2638 1087 2938 1152; x_wconf 88' lang='lat' dir='ltr'><strong>homines</strong></span> <span class='ocrx_word' id='word_1_457' title='bbox 2996 1088 3298 1155; x_wconf 84' lang='lat' dir='ltr'><strong>fidelibus</strong></span> <span class='ocrx_word' id='word_1_458' title='bbox 3355 1092 3679 1173; x_wconf 83' lang='lat' dir='ltr'><strong>permixti,</strong></span> <span class='ocrx_word' id='word_1_459' title='bbox 3738 1092 3927 1155; x_wconf 86' lang='lat' dir='ltr'><strong>multi</strong></span> <span class='ocrx_word' id='word_1_460' title='bbox 3988 1092 4207 1175; x_wconf 91' lang='lat' dir='ltr'><strong>prodi-</strong></span> 
     </span>
     <span class='ocr_line' id='line_1_67' title="bbox 2269 1171 4205 1260; baseline 0.002 -24"><span class='ocrx_word' id='word_1_461' title='bbox 2269 1186 2442 1238; x_wconf 87' lang='lat' dir='ltr'><strong>tores</strong></span> <span class='ocrx_word' id='word_1_462' title='bbox 2486 1173 2557 1237; x_wconf 92' lang='lat' dir='ltr'><strong>in</strong></span> <span class='ocrx_word' id='word_1_463' title='bbox 2603 1171 2734 1237; x_wconf 92' lang='lat' dir='ltr'><strong>illis</strong></span> <span class='ocrx_word' id='word_1_464' title='bbox 2759 1174 3160 1238; x_wconf 83' lang='lat' dir='ltr'><strong>occasionem</strong></span> <span class='ocrx_word' id='word_1_465' title='bbox 3189 1174 3431 1258; x_wconf 87' lang='lat' dir='ltr'><strong>perfide</strong></span> <span class='ocrx_word' id='word_1_466' title='bbox 3475 1176 3712 1260; x_wconf 89' lang='lat' dir='ltr'><strong>agendi</strong></span> <span class='ocrx_word' id='word_1_467' title='bbox 3754 1176 3824 1240; x_wconf 91' lang='lat' dir='ltr'><strong>in</strong></span> <span class='ocrx_word' id='word_1_468' title='bbox 3871 1177 4205 1242; x_wconf 90' lang='lat' dir='ltr'><strong>ecclesiam</strong></span> 
     </span>
     <span class='ocr_line' id='line_1_68' title="bbox 2266 1258 4205 1343; baseline 0.003 -22"><span class='ocrx_word' id='word_1_469' title='bbox 2266 1258 2701 1340; x_wconf 84' lang='lat' dir='ltr'><strong>irrepserant,</strong></span> <span class='ocrx_word' id='word_1_470' title='bbox 2767 1258 2956 1323; x_wconf 88' lang='lat' dir='ltr'><strong>multi</strong></span> <span class='ocrx_word' id='word_1_471' title='bbox 3016 1258 3295 1343; x_wconf 90' lang='lat' dir='ltr'><strong>denique</strong></span> <span class='ocrx_word' id='word_1_472' title='bbox 3359 1261 3655 1327; x_wconf 90' lang='lat' dir='ltr'><strong>dissoluti</strong></span> <span class='ocrx_word' id='word_1_473' title='bbox 3711 1274 3776 1326; x_wconf 92' lang='lat' dir='ltr'><strong>et</strong></span> <span class='ocrx_word' id='word_1_474' title='bbox 3833 1261 4205 1339; x_wconf 88' lang='lat' dir='ltr'><strong>insolentes,</strong></span> 
     </span>
     <span class='ocr_line' id='line_1_69' title="bbox 2265 1343 4204 1429; baseline 0.002 -22"><span class='ocrx_word' id='word_1_475' title='bbox 2265 1343 2499 1427; x_wconf 90' lang='lat' dir='ltr'><strong>quibus</strong></span> <span class='ocrx_word' id='word_1_476' title='bbox 2545 1354 2763 1408; x_wconf 88' lang='lat' dir='ltr'><strong>tamen</strong></span> <span class='ocrx_word' id='word_1_477' title='bbox 2807 1345 3115 1410; x_wconf 88' lang='lat' dir='ltr'><strong>ecclesiae</strong></span> <span class='ocrx_word' id='word_1_478' title='bbox 3159 1346 3500 1429; x_wconf 86' lang='lat' dir='ltr'><strong>permixtis</strong></span> <span class='ocrx_word' id='word_1_479' title='bbox 3545 1346 3732 1412; x_wconf 90' lang='lat' dir='ltr'><strong>Deus</strong></span> <span class='ocrx_word' id='word_1_480' title='bbox 3777 1368 3936 1412; x_wconf 91' lang='lat' dir='ltr'><strong>usus</strong></span> <span class='ocrx_word' id='word_1_481' title='bbox 3980 1358 4080 1411; x_wconf 89' lang='lat' dir='ltr'><strong>est</strong></span> <span class='ocrx_word' id='word_1_482' title='bbox 4123 1346 4204 1411; x_wconf 89' lang='lat' dir='ltr'><strong>ad</strong></span> 
     </span>
     <span class='ocr_line' id='line_1_70' title="bbox 2264 1429 4208 1508; baseline 0.002 -14"><span class='ocrx_word' id='word_1_483' title='bbox 2264 1429 2572 1494; x_wconf 89' lang='lat' dir='ltr'><strong>ecclesiae</strong></span> <span class='ocrx_word' id='word_1_484' title='bbox 2615 1451 2770 1495; x_wconf 89' lang='lat' dir='ltr'><strong>suae</strong></span> <span class='ocrx_word' id='word_1_485' title='bbox 2804 1429 3274 1508; x_wconf 87' lang='lat' dir='ltr'><strong>liberationem,</strong></span> <span class='ocrx_word' id='word_1_486' title='bbox 3320 1440 3387 1496; x_wconf 90' lang='lat' dir='ltr'><strong>et</strong></span> <span class='ocrx_word' id='word_1_487' title='bbox 3423 1433 3559 1497; x_wconf 91' lang='lat' dir='ltr'><strong>suis</strong></span> <span class='ocrx_word' id='word_1_488' title='bbox 3601 1433 3780 1498; x_wconf 90' lang='lat' dir='ltr'><strong>Deus</strong></span> <span class='ocrx_word' id='word_1_489' title='bbox 3818 1432 4208 1497; x_wconf 86' lang='lat' dir='ltr'><strong>humiliandi</strong></span> 
     </span>
     <span class='ocr_line' id='line_1_71' title="bbox 2267 1515 4208 1598; baseline 0.002 -19"><span class='ocrx_word' id='word_1_490' title='bbox 2267 1535 2336 1579; x_wconf 91' lang='lat' dir='ltr'><strong>se</strong></span> <span class='ocrx_word' id='word_1_491' title='bbox 2403 1534 2621 1579; x_wconf 91' lang='lat' dir='ltr'><strong>coram</strong></span> <span class='ocrx_word' id='word_1_492' title='bbox 2689 1515 2830 1597; x_wconf 91' lang='lat' dir='ltr'><strong>ipso</strong></span> <span class='ocrx_word' id='word_1_493' title='bbox 2909 1516 3208 1598; x_wconf 90' lang='lat' dir='ltr'><strong>praebuit</strong></span> <span class='ocrx_word' id='word_1_494' title='bbox 3287 1518 3712 1583; x_wconf 89' lang='lat' dir='ltr'><strong>occasionem.</strong></span> <span class='ocrx_word' id='word_1_495' title='bbox 3823 1516 3936 1584; x_wconf 87' lang='lat' dir='ltr'><strong>Sic</strong></span> <span class='ocrx_word' id='word_1_496' title='bbox 4010 1519 4208 1583; x_wconf 90' lang='lat' dir='ltr'><strong>etiam</strong></span> 
     </span>
     <span class='ocr_line' id='line_1_72' title="bbox 2265 1601 4204 1687; baseline 0.002 -23"><span class='ocrx_word' id='word_1_497' title='bbox 2265 1620 2729 1683; x_wconf 89' lang='lat' dir='ltr'><strong>cognoscamus</strong></span> <span class='ocrx_word' id='word_1_498' title='bbox 2806 1601 3024 1666; x_wconf 91' lang='lat' dir='ltr'><strong>Deum</strong></span> <span class='ocrx_word' id='word_1_499' title='bbox 3105 1602 3389 1668; x_wconf 83' lang='lat' dir='ltr'><strong>voluisse</strong></span> <span class='ocrx_word' id='word_1_500' title='bbox 3470 1604 3745 1668; x_wconf 90' lang='lat' dir='ltr'><strong>Davidis</strong></span> <span class='ocrx_word' id='word_1_501' title='bbox 3823 1603 4204 1687; x_wconf 89' lang='lat' dir='ltr'><strong>patientiam</strong></span> 
     </span>
     <span class='ocr_line' id='line_1_73' title="bbox 2263 1686 4203 1772; baseline 0.002 -21"><span class='ocrx_word' id='word_1_502' title='bbox 2263 1687 2611 1770; x_wconf 91' lang='lat' dir='ltr'><strong>opprobrio</strong></span> <span class='ocrx_word' id='word_1_503' title='bbox 2655 1694 2722 1750; x_wconf 88' lang='lat' dir='ltr'><strong>et</strong></span> <span class='ocrx_word' id='word_1_504' title='bbox 2764 1686 3104 1752; x_wconf 88' lang='lat' dir='ltr'><strong>hominum</strong></span> <span class='ocrx_word' id='word_1_505' title='bbox 3144 1686 3431 1754; x_wconf 85' lang='lat' dir='ltr'><strong>dicteriis</strong></span> <span class='ocrx_word' id='word_1_506' title='bbox 3476 1711 3550 1754; x_wconf 89' lang='lat' dir='ltr'><strong>ac</strong></span> <span class='ocrx_word' id='word_1_507' title='bbox 3573 1688 3819 1754; x_wconf 89' lang='lat' dir='ltr'><strong>salibus</strong></span> <span class='ocrx_word' id='word_1_508' title='bbox 3842 1689 4203 1772; x_wconf 87' lang='lat' dir='ltr'><strong>explorare.</strong></span> 
     </span>
     <span class='ocr_line' id='line_1_74' title="bbox 2263 1771 4200 1858; baseline 0.002 -23"><span class='ocrx_word' id='word_1_509' title='bbox 2263 1771 2605 1837; x_wconf 90' lang='lat' dir='ltr'><strong>Hactenus</strong></span> <span class='ocrx_word' id='word_1_510' title='bbox 2648 1772 2908 1854; x_wconf 91' lang='lat' dir='ltr'><strong>quidem</strong></span> <span class='ocrx_word' id='word_1_511' title='bbox 2955 1773 3163 1838; x_wconf 88' lang='lat' dir='ltr'><strong>multa</strong></span> <span class='ocrx_word' id='word_1_512' title='bbox 3206 1773 3427 1839; x_wconf 89' lang='lat' dir='ltr'><strong>David</strong></span> <span class='ocrx_word' id='word_1_513' title='bbox 3482 1775 3851 1858; x_wconf 86' lang='lat' dir='ltr'><strong>pertulerat,</strong></span> <span class='ocrx_word' id='word_1_514' title='bbox 3911 1774 4024 1839; x_wconf 92' lang='lat' dir='ltr'><strong>sed</strong></span> <span class='ocrx_word' id='word_1_515' title='bbox 4069 1775 4200 1840; x_wconf 89' lang='lat' dir='ltr'><strong>iam</strong></span> 
     </span>
     <span class='ocr_line' id='line_1_75' title="bbox 2263 1856 4205 1942; baseline 0.002 -21"><span class='ocrx_word' id='word_1_516' title='bbox 2263 1856 2564 1922; x_wconf 89' lang='lat' dir='ltr'><strong>omnibus</strong></span> <span class='ocrx_word' id='word_1_517' title='bbox 2606 1857 2813 1940; x_wconf 87' lang='lat' dir='ltr'><strong>ipsius</strong></span> <span class='ocrx_word' id='word_1_518' title='bbox 2854 1859 3136 1923; x_wconf 90' lang='lat' dir='ltr'><strong>inimicis</strong></span> <span class='ocrx_word' id='word_1_519' title='bbox 3191 1860 3435 1925; x_wconf 89' lang='lat' dir='ltr'><strong>invidis</strong></span> <span class='ocrx_word' id='word_1_520' title='bbox 3492 1881 3567 1926; x_wconf 91' lang='grc'><strong>80</strong></span> <span class='ocrx_word' id='word_1_521' title='bbox 3627 1859 3963 1925; x_wconf 89' lang='lat' dir='ltr'><strong>malevolis</strong></span> <span class='ocrx_word' id='word_1_522' title='bbox 4019 1880 4205 1942; x_wconf 92' lang='lat' dir='ltr'><strong>aper·</strong></span> 
     </span>
     <span class='ocr_line' id='line_1_76' title="bbox 2265 1942 4206 2028; baseline 0.003 -23"><span class='ocrx_word' id='word_1_523' title='bbox 2265 1951 2405 2006; x_wconf 89' lang='lat' dir='ltr'><strong>tum</strong></span> <span class='ocrx_word' id='word_1_524' title='bbox 2451 1963 2523 2008; x_wconf 93' lang='lat' dir='ltr'><strong>os</strong></span> <span class='ocrx_word' id='word_1_525' title='bbox 2565 1942 2831 2008; x_wconf 84' lang='lat' dir='ltr'><strong>videtur</strong></span> <span class='ocrx_word' id='word_1_526' title='bbox 2873 1944 2954 2008; x_wconf 90' lang='lat' dir='ltr'><strong>ad</strong></span> <span class='ocrx_word' id='word_1_527' title='bbox 3008 1945 3419 2023; x_wconf 85' lang='lat' dir='ltr'><strong>calumniam,</strong></span> <span class='ocrx_word' id='word_1_528' title='bbox 3474 1966 3678 2028; x_wconf 92' lang='lat' dir='ltr'><strong>quum</strong></span> <span class='ocrx_word' id='word_1_529' title='bbox 3737 1956 3869 2010; x_wconf 85' lang='lat' dir='ltr'><strong>tota</strong></span> <span class='ocrx_word' id='word_1_530' title='bbox 3927 1947 4206 2025; x_wconf 73' lang='lat' dir='ltr'><strong>regionis</strong></span> 
     </span>
     <span class='ocr_line' id='line_1_77' title="bbox 2264 2028 4204 2114; baseline 0.002 -22"><span class='ocrx_word' id='word_1_531' title='bbox 2264 2028 2580 2093; x_wconf 87' lang='lat' dir='ltr'><strong>colluvies</strong></span> <span class='ocrx_word' id='word_1_532' title='bbox 2624 2028 2706 2092; x_wconf 88' lang='lat' dir='ltr'><strong>ad</strong></span> <span class='ocrx_word' id='word_1_533' title='bbox 2746 2029 2958 2113; x_wconf 90' lang='lat' dir='ltr'><strong>ipsum</strong></span> <span class='ocrx_word' id='word_1_534' title='bbox 3007 2031 3401 2097; x_wconf 90' lang='lat' dir='ltr'><strong>confluxisse</strong></span> <span class='ocrx_word' id='word_1_535' title='bbox 3445 2031 3572 2097; x_wconf 90' lang='lat' dir='ltr'><strong>dici</strong></span> <span class='ocrx_word' id='word_1_536' title='bbox 3614 2041 3844 2114; x_wconf 89' lang='lat' dir='ltr'><strong>potest,</strong></span> <span class='ocrx_word' id='word_1_537' title='bbox 3890 2040 3955 2095; x_wconf 90' lang='lat' dir='ltr'><strong>et</strong></span> <span class='ocrx_word' id='word_1_538' title='bbox 4000 2031 4204 2097; x_wconf 91' lang='lat' dir='ltr'><strong>Davi·</strong></span> 
     </span>
     <span class='ocr_line' id='line_1_78' title="bbox 2264 2113 4201 2201; baseline 0.002 -23"><span class='ocrx_word' id='word_1_539' title='bbox 2264 2113 2412 2178; x_wconf 90' lang='lat' dir='ltr'><strong>dem</strong></span> <span class='ocrx_word' id='word_1_540' title='bbox 2467 2115 2710 2180; x_wconf 87' lang='lat' dir='ltr'><strong>factum</strong></span> <span class='ocrx_word' id='word_1_541' title='bbox 2770 2115 3031 2180; x_wconf 91' lang='lat' dir='ltr'><strong>illorum</strong></span> <span class='ocrx_word' id='word_1_542' title='bbox 3092 2116 3340 2183; x_wconf 90' lang='lat' dir='ltr'><strong>ducem.</strong></span> <span class='ocrx_word' id='word_1_543' title='bbox 3428 2116 3707 2183; x_wconf 83' lang='lat' dir='ltr'><strong>Factum</strong></span> <span class='ocrx_word' id='word_1_544' title='bbox 3766 2117 3971 2201; x_wconf 89' lang='lat' dir='ltr'><strong>igitur</strong></span> <span class='ocrx_word' id='word_1_545' title='bbox 4024 2116 4201 2183; x_wconf 91' lang='lat' dir='ltr'><strong>istud</strong></span> 
     </span>
     <span class='ocr_line' id='line_1_79' title="bbox 2263 2199 4203 2288; baseline 0.002 -24"><span class='ocrx_word' id='word_1_546' title='bbox 2263 2199 2589 2282; x_wconf 88' lang='lat' dir='ltr'><strong>peculiare</strong></span> <span class='ocrx_word' id='word_1_547' title='bbox 2633 2220 2774 2265; x_wconf 87' lang='lat' dir='ltr'><strong>esse</strong></span> <span class='ocrx_word' id='word_1_548' title='bbox 2797 2220 3239 2285; x_wconf 86' lang='lat' dir='ltr'><strong>agnoscamus,</strong></span> <span class='ocrx_word' id='word_1_549' title='bbox 3283 2202 3455 2286; x_wconf 91' lang='lat' dir='ltr'><strong>quod</strong></span> <span class='ocrx_word' id='word_1_550' title='bbox 3501 2224 3631 2268; x_wconf 91' lang='lat' dir='ltr'><strong>non</strong></span> <span class='ocrx_word' id='word_1_551' title='bbox 3657 2203 3864 2287; x_wconf 90' lang='lat' dir='ltr'><strong>possit</strong></span> <span class='ocrx_word' id='word_1_552' title='bbox 3892 2203 3958 2266; x_wconf 90' lang='grc'><strong>10</strong></span> <span class='ocrx_word' id='word_1_553' title='bbox 4006 2222 4203 2288; x_wconf 90' lang='lat' dir='ltr'><strong>regu·</strong></span> 
     </span>
     <span class='ocr_line' id='line_1_80' title="bbox 2265 2284 4200 2370; baseline 0.002 -21"><span class='ocrx_word' id='word_1_554' title='bbox 2265 2284 2394 2349; x_wconf 90' lang='lat' dir='ltr'><strong>lam</strong></span> <span class='ocrx_word' id='word_1_555' title='bbox 2438 2285 2808 2370; x_wconf 89' lang='lat' dir='ltr'><strong>generalem</strong></span> <span class='ocrx_word' id='word_1_556' title='bbox 2867 2287 3059 2353; x_wconf 89' lang='lat' dir='ltr'><strong>trahi.</strong></span> <span class='ocrx_word' id='word_1_557' title='bbox 3131 2288 3300 2353; x_wconf 86' lang='lat' dir='ltr'><strong>Nam</strong></span> <span class='ocrx_word' id='word_1_558' title='bbox 3370 2288 3558 2353; x_wconf 91' lang='lat' dir='ltr'><strong>multi</strong></span> <span class='ocrx_word' id='word_1_559' title='bbox 3619 2288 3930 2354; x_wconf 90' lang='lat' dir='ltr'><strong>adversus</strong></span> <span class='ocrx_word' id='word_1_560' title='bbox 3984 2287 4200 2353; x_wconf 92' lang='lat' dir='ltr'><strong>Deum</strong></span> 
     </span>
     <span class='ocr_line' id='line_1_81' title="bbox 2264 2370 4202 2459; baseline 0.002 -24"><span class='ocrx_word' id='word_1_561' title='bbox 2264 2370 2679 2456; x_wconf 89' lang='lat' dir='ltr'><strong>insurgentes</strong></span> <span class='ocrx_word' id='word_1_562' title='bbox 2722 2392 2865 2437; x_wconf 92' lang='lat' dir='ltr'><strong>sese</strong></span> <span class='ocrx_word' id='word_1_563' title='bbox 2908 2371 3189 2437; x_wconf 91' lang='lat' dir='ltr'><strong>libenter</strong></span> <span class='ocrx_word' id='word_1_564' title='bbox 3230 2373 3531 2457; x_wconf 89' lang='lat' dir='ltr'><strong>exemplo</strong></span> <span class='ocrx_word' id='word_1_565' title='bbox 3568 2373 3842 2439; x_wconf 89' lang='lat' dir='ltr'><strong>Davidis</strong></span> <span class='ocrx_word' id='word_1_566' title='bbox 3885 2385 4202 2459; x_wconf 89' lang='lat' dir='ltr'><strong>tegerent,</strong></span> 
     </span>
     <span class='ocr_line' id='line_1_82' title="bbox 2264 2456 4199 2544; baseline 0.002 -24"><span class='ocrx_word' id='word_1_567' title='bbox 2264 2456 2599 2523; x_wconf 86' lang='lat' dir='ltr'><strong>advocatis</strong></span> <span class='ocrx_word' id='word_1_568' title='bbox 2641 2459 2709 2522; x_wconf 92' lang='lat' dir='ltr'><strong>in</strong></span> <span class='ocrx_word' id='word_1_569' title='bbox 2745 2457 3064 2523; x_wconf 87' lang='lat' dir='ltr'><strong>auxilium</strong></span> <span class='ocrx_word' id='word_1_570' title='bbox 3091 2459 3460 2525; x_wconf 91' lang='lat' dir='ltr'><strong>hominibus</strong></span> <span class='ocrx_word' id='word_1_571' title='bbox 3496 2480 3796 2544; x_wconf 85' lang='lat' dir='ltr'><strong>nequam,</strong></span> <span class='ocrx_word' id='word_1_572' title='bbox 3838 2460 4199 2544; x_wconf 90' lang='lat' dir='ltr'><strong>flagitiosis,</strong></span> 
     </span>
     <span class='ocr_line' id='line_1_83' title="bbox 2266 2541 4200 2629; baseline 0.002 -24"><span class='ocrx_word' id='word_1_573' title='bbox 2266 2541 2697 2621; x_wconf 89' lang='lat' dir='ltr'><strong>helluonibus,</strong></span> <span class='ocrx_word' id='word_1_574' title='bbox 2743 2554 2809 2608; x_wconf 91' lang='lat' dir='ltr'><strong>et</strong></span> <span class='ocrx_word' id='word_1_575' title='bbox 2854 2543 2933 2609; x_wconf 87' lang='lat' dir='ltr'><strong>ad</strong></span> <span class='ocrx_word' id='word_1_576' title='bbox 2959 2544 3232 2626; x_wconf 91' lang='lat' dir='ltr'><strong>quodvis</strong></span> <span class='ocrx_word' id='word_1_577' title='bbox 3273 2544 3594 2629; x_wconf 86' lang='lat' dir='ltr'><strong>flagitium</strong></span> <span class='ocrx_word' id='word_1_578' title='bbox 3618 2545 3887 2627; x_wconf 89' lang='lat' dir='ltr'><strong>paratis.</strong></span> <span class='ocrx_word' id='word_1_579' title='bbox 3945 2543 4200 2610; x_wconf 91' lang='lat' dir='ltr'><strong>Deinde</strong></span> 
     </span>
     <span class='ocr_line' id='line_1_84' title="bbox 2265 2626 4201 2715; baseline 0.001 -23"><span class='ocrx_word' id='word_1_580' title='bbox 2265 2626 2566 2694; x_wconf 88' lang='lat' dir='ltr'><strong>videmus</strong></span> <span class='ocrx_word' id='word_1_581' title='bbox 2610 2629 2892 2694; x_wconf 89' lang='lat' dir='ltr'><strong>multum</strong></span> <span class='ocrx_word' id='word_1_582' title='bbox 2938 2629 3060 2694; x_wconf 90' lang='lat' dir='ltr'><strong>sibi</strong></span> <span class='ocrx_word' id='word_1_583' title='bbox 3082 2630 3381 2696; x_wconf 88' lang='lat' dir='ltr'><strong>homines</strong></span> <span class='ocrx_word' id='word_1_584' title='bbox 3414 2632 3795 2715; x_wconf 88' lang='lat' dir='ltr'><strong>permittere</strong></span> <span class='ocrx_word' id='word_1_585' title='bbox 3838 2629 3919 2695; x_wconf 88' lang='lat' dir='ltr'><strong>ad</strong></span> <span class='ocrx_word' id='word_1_586' title='bbox 3966 2632 4201 2696; x_wconf 89' lang='lat' dir='ltr'><strong>bonam</strong></span> 
     </span>
     <span class='ocr_line' id='line_1_85' title="bbox 2261 2712 4198 2799; baseline 0.002 -22"><span class='ocrx_word' id='word_1_587' title='bbox 2261 2712 2412 2778; x_wconf 90' lang='lat' dir='ltr'><strong>licet</strong></span> <span class='ocrx_word' id='word_1_588' title='bbox 2467 2733 2727 2778; x_wconf 90' lang='lat' dir='ltr'><strong>causam</strong></span> <span class='ocrx_word' id='word_1_589' title='bbox 2794 2713 3023 2779; x_wconf 90' lang='lat' dir='ltr'><strong>mediis</strong></span> <span class='ocrx_word' id='word_1_590' title='bbox 3088 2722 3309 2780; x_wconf 89' lang='lat' dir='ltr'><strong>tamen</strong></span> <span class='ocrx_word' id='word_1_591' title='bbox 3377 2717 3623 2781; x_wconf 87' lang='lat' dir='ltr'><strong>illicitis</strong></span> <span class='ocrx_word' id='word_1_592' title='bbox 3685 2717 4198 2799; x_wconf 85' lang='lat' dir='ltr'><strong>promovendam</strong></span> 
     </span>
     <span class='ocr_line' id='line_1_86' title="bbox 2263 2798 4195 2882; baseline 0.002 -19"><span class='ocrx_word' id='word_1_593' title='bbox 2263 2798 2436 2882; x_wconf 88' lang='lat' dir='ltr'><strong>quod</strong></span> <span class='ocrx_word' id='word_1_594' title='bbox 2480 2800 2766 2865; x_wconf 76' lang='lat' dir='ltr'><strong>maxime</strong></span> <span class='ocrx_word' id='word_1_595' title='bbox 2825 2801 3041 2865; x_wconf 91' lang='lat' dir='ltr'><strong>locum</strong></span> <span class='ocrx_word' id='word_1_596' title='bbox 3091 2801 3284 2866; x_wconf 87' lang='lat' dir='ltr'><strong>babet</strong></span> <span class='ocrx_word' id='word_1_597' title='bbox 3339 2803 3407 2866; x_wconf 92' lang='lat' dir='ltr'><strong>in</strong></span> <span class='ocrx_word' id='word_1_598' title='bbox 3454 2822 3709 2867; x_wconf 89' lang='lat' dir='ltr'><strong>summa</strong></span> <span class='ocrx_word' id='word_1_599' title='bbox 3766 2822 3985 2866; x_wconf 89' lang='lat' dir='ltr'><strong>rerum</strong></span> <span class='ocrx_word' id='word_1_600' title='bbox 4047 2823 4195 2867; x_wconf 90' lang='lat' dir='ltr'><strong>con-</strong></span> 
     </span>
     <span class='ocr_line' id='line_1_87' title="bbox 2260 2885 4196 2971; baseline 0.001 -23"><span class='ocrx_word' id='word_1_601' title='bbox 2260 2885 2531 2962; x_wconf 87' lang='lat' dir='ltr'><strong>fusione,</strong></span> <span class='ocrx_word' id='word_1_602' title='bbox 2578 2904 2778 2968; x_wconf 88' lang='lat' dir='ltr'><strong>quum</strong></span> <span class='ocrx_word' id='word_1_603' title='bbox 2823 2887 3114 2952; x_wconf 87' lang='lat' dir='ltr'><strong>iustitiae</strong></span> <span class='ocrx_word' id='word_1_604' title='bbox 3157 2897 3223 2952; x_wconf 93' lang='lat' dir='ltr'><strong>et</strong></span> <span class='ocrx_word' id='word_1_605' title='bbox 3267 2887 3582 2971; x_wconf 89' lang='lat' dir='ltr'><strong>aequitati</strong></span> <span class='ocrx_word' id='word_1_606' title='bbox 3642 2887 3862 2952; x_wconf 90' lang='lat' dir='ltr'><strong>nullus</strong></span> <span class='ocrx_word' id='word_1_607' title='bbox 3918 2886 4196 2969; x_wconf 89' lang='lat' dir='ltr'><strong>amplius</strong></span> 
     </span>
     <span class='ocr_line' id='line_1_88' title="bbox 2261 2970 4196 3056; baseline 0.001 -23"><span class='ocrx_word' id='word_1_608' title='bbox 2261 2970 2445 3036; x_wconf 91' lang='lat' dir='ltr'><strong>locus</strong></span> <span class='ocrx_word' id='word_1_609' title='bbox 2503 2980 2821 3055; x_wconf 89' lang='lat' dir='ltr'><strong>superest.</strong></span> <span class='ocrx_word' id='word_1_610' title='bbox 2909 2972 3078 3037; x_wconf 87' lang='lat' dir='ltr'><strong>Nam</strong></span> <span class='ocrx_word' id='word_1_611' title='bbox 3138 2973 3471 3055; x_wconf 90' lang='lat' dir='ltr'><strong>inquiunt,</strong></span> <span class='ocrx_word' id='word_1_612' title='bbox 3524 2993 3725 3056; x_wconf 86' lang='lat' dir='ltr'><strong>quare</strong></span> <span class='ocrx_word' id='word_1_613' title='bbox 3779 2992 3900 3056; x_wconf 89' lang='lat' dir='ltr'><strong>ego</strong></span> <span class='ocrx_word' id='word_1_614' title='bbox 3961 2973 4196 3036; x_wconf 90' lang='lat' dir='ltr'><strong>bonam</strong></span> 
     </span>
     <span class='ocr_line' id='line_1_89' title="bbox 2262 3056 4197 3143; baseline 0 -22"><span class='ocrx_word' id='word_1_615' title='bbox 2262 3068 2328 3121; x_wconf 91' lang='lat' dir='ltr'><strong>et</strong></span> <span class='ocrx_word' id='word_1_616' title='bbox 2368 3057 2611 3122; x_wconf 88' lang='lat' dir='ltr'><strong>iustam</strong></span> <span class='ocrx_word' id='word_1_617' title='bbox 2657 3077 2920 3123; x_wconf 87' lang='lat' dir='ltr'><strong>causam</strong></span> <span class='ocrx_word' id='word_1_618' title='bbox 2967 3078 3167 3143; x_wconf 88' lang='lat' dir='ltr'><strong>agens</strong></span> <span class='ocrx_word' id='word_1_619' title='bbox 3211 3078 3339 3123; x_wconf 92' lang='lat' dir='ltr'><strong>non</strong></span> <span class='ocrx_word' id='word_1_620' title='bbox 3377 3067 3601 3123; x_wconf 91' lang='lat' dir='ltr'><strong>uterer</strong></span> <span class='ocrx_word' id='word_1_621' title='bbox 3642 3056 3874 3123; x_wconf 92' lang='lat' dir='ltr'><strong>mediis</strong></span> <span class='ocrx_word' id='word_1_622' title='bbox 3919 3077 4083 3140; x_wconf 90' lang='grc'><strong>01180</strong></span> <span class='ocrx_word' id='word_1_623' title='bbox 4126 3076 4197 3122; x_wconf 88' lang='grc'><strong>00</strong></span> 
     </span>
     <span class='ocr_line' id='line_1_90' title="bbox 2260 3142 4194 3227; baseline 0.001 -22"><span class='ocrx_word' id='word_1_624' title='bbox 2260 3142 2423 3206; x_wconf 87' lang='lat' dir='ltr'><strong>mihi</strong></span> <span class='ocrx_word' id='word_1_625' title='bbox 2468 3142 2799 3208; x_wconf 83' lang='lat' dir='ltr'><strong>offerunt?</strong></span> <span class='ocrx_word' id='word_1_626' title='bbox 2838 3144 2927 3207; x_wconf 85' lang='lat' dir='ltr'><strong>Et</strong></span> <span class='ocrx_word' id='word_1_627' title='bbox 2971 3144 3116 3209; x_wconf 91' lang='lat' dir='ltr'><strong>istis</strong></span> <span class='ocrx_word' id='word_1_628' title='bbox 3159 3145 3540 3227; x_wconf 87' lang='lat' dir='ltr'><strong>praesertim</strong></span> <span class='ocrx_word' id='word_1_629' title='bbox 3588 3142 3952 3208; x_wconf 89' lang='lat' dir='ltr'><strong>rationibus</strong></span> <span class='ocrx_word' id='word_1_630' title='bbox 3995 3152 4194 3207; x_wconf 90' lang='lat' dir='ltr'><strong>utun·</strong></span> 
     </span>
     <span class='ocr_line' id='line_1_91' title="bbox 2261 3228 4194 3314; baseline 0 -22"><span class='ocrx_word' id='word_1_631' title='bbox 2261 3237 2372 3293; x_wconf 91' lang='lat' dir='ltr'><strong>tur</strong></span> <span class='ocrx_word' id='word_1_632' title='bbox 2413 3228 2721 3294; x_wconf 90' lang='lat' dir='ltr'><strong>ecclesiae</strong></span> <span class='ocrx_word' id='word_1_633' title='bbox 2766 3228 3002 3309; x_wconf 88' lang='lat' dir='ltr'><strong>hostes,</strong></span> <span class='ocrx_word' id='word_1_634' title='bbox 3045 3230 3361 3296; x_wconf 88' lang='lat' dir='ltr'><strong>adversus</strong></span> <span class='ocrx_word' id='word_1_635' title='bbox 3402 3231 3616 3314; x_wconf 90' lang='lat' dir='ltr'><strong>ipsum</strong></span> <span class='ocrx_word' id='word_1_636' title='bbox 3641 3228 3857 3294; x_wconf 90' lang='lat' dir='ltr'><strong>Deum</strong></span> <span class='ocrx_word' id='word_1_637' title='bbox 3894 3248 4194 3313; x_wconf 90' lang='lat' dir='ltr'><strong>pugnan-</strong></span> 
     </span>
     <span class='ocr_line' id='line_1_92' title="bbox 2259 3314 4195 3400; baseline -0.001 -21"><span class='ocrx_word' id='word_1_638' title='bbox 2259 3322 2376 3393; x_wconf 90' lang='lat' dir='ltr'><strong>tes,</strong></span> <span class='ocrx_word' id='word_1_639' title='bbox 2441 3315 2554 3396; x_wconf 91' lang='lat' dir='ltr'><strong>qui</strong></span> <span class='ocrx_word' id='word_1_640' title='bbox 2621 3314 2743 3379; x_wconf 89' lang='lat' dir='ltr'><strong>etsi</strong></span> <span class='ocrx_word' id='word_1_641' title='bbox 2804 3315 3147 3392; x_wconf 90' lang='lat' dir='ltr'><strong>latronum,</strong></span> <span class='ocrx_word' id='word_1_642' title='bbox 3207 3315 3610 3400; x_wconf 89' lang='lat' dir='ltr'><strong>perditorum</strong></span> <span class='ocrx_word' id='word_1_643' title='bbox 3676 3315 4195 3398; x_wconf 89' lang='lat' dir='ltr'><strong>profligatorum-</strong></span> 
     </span>
     <span class='ocr_line' id='line_1_93' title="bbox 2257 3398 4191 3485; baseline -0.001 -20"><span class='ocrx_word' id='word_1_644' title='bbox 2257 3420 2380 3482; x_wconf 92' lang='lat' dir='ltr'><strong>que</strong></span> <span class='ocrx_word' id='word_1_645' title='bbox 2425 3398 2787 3477; x_wconf 88' lang='lat' dir='ltr'><strong>hominum,</strong></span> <span class='ocrx_word' id='word_1_646' title='bbox 2832 3421 3199 3485; x_wconf 89' lang='lat' dir='ltr'><strong>ganeonum</strong></span> <span class='ocrx_word' id='word_1_647' title='bbox 3248 3410 3519 3466; x_wconf 87' lang='lat' dir='ltr'><strong>utantur</strong></span> <span class='ocrx_word' id='word_1_648' title='bbox 3561 3421 3755 3484; x_wconf 90' lang='lat' dir='ltr'><strong>opera</strong></span> <span class='ocrx_word' id='word_1_649' title='bbox 3799 3399 3922 3466; x_wconf 90' lang='lat' dir='ltr'><strong>sibi</strong></span> <span class='ocrx_word' id='word_1_650' title='bbox 3968 3410 4191 3465; x_wconf 88' lang='lat' dir='ltr'><strong>tamen</strong></span> 
     </span>
     <span class='ocr_line' id='line_1_94' title="bbox 2254 3485 4193 3570; baseline 0.002 -22"><span class='ocrx_word' id='word_1_651' title='bbox 2254 3485 2320 3548; x_wconf 93' lang='lat' dir='ltr'><strong>id</strong></span> <span class='ocrx_word' id='word_1_652' title='bbox 2386 3485 2582 3550; x_wconf 90' lang='lat' dir='ltr'><strong>licere</strong></span> <span class='ocrx_word' id='word_1_653' title='bbox 2638 3486 3035 3567; x_wconf 85' lang='lat' dir='ltr'><strong>gloriantur,</strong></span> <span class='ocrx_word' id='word_1_654' title='bbox 3101 3486 3271 3570; x_wconf 90' lang='lat' dir='ltr'><strong>quod</strong></span> <span class='ocrx_word' id='word_1_655' title='bbox 3340 3508 3468 3552; x_wconf 91' lang='lat' dir='ltr'><strong>non</strong></span> <span class='ocrx_word' id='word_1_656' title='bbox 3537 3488 3863 3570; x_wconf 89' lang='lat' dir='ltr'><strong>propriam</strong></span> <span class='ocrx_word' id='word_1_657' title='bbox 3928 3506 4193 3552; x_wconf 88' lang='lat' dir='ltr'><strong>causam</strong></span> 
     </span>
     <span class='ocr_line' id='line_1_95' title="bbox 2256 3570 4190 3654; baseline 0 -19"><span class='ocrx_word' id='word_1_658' title='bbox 2256 3584 2474 3654; x_wconf 87' lang='lat' dir='ltr'><strong>agant,</strong></span> <span class='ocrx_word' id='word_1_659' title='bbox 2520 3592 2733 3654; x_wconf 91' lang='lat' dir='ltr'><strong>neque</strong></span> <span class='ocrx_word' id='word_1_660' title='bbox 2778 3572 2980 3636; x_wconf 88' lang='lat' dir='ltr'><strong>vitam</strong></span> <span class='ocrx_word' id='word_1_661' title='bbox 3026 3593 3207 3637; x_wconf 89' lang='lat' dir='ltr'><strong>suam</strong></span> <span class='ocrx_word' id='word_1_662' title='bbox 3257 3585 3370 3638; x_wconf 89' lang='lat' dir='ltr'><strong>aut</strong></span> <span class='ocrx_word' id='word_1_663' title='bbox 3429 3574 3754 3637; x_wconf 87' lang='lat' dir='ltr'><strong>fortunam</strong></span> <span class='ocrx_word' id='word_1_664' title='bbox 3815 3570 4190 3649; x_wconf 81' lang='lat' dir='ltr'><strong>defendant,</strong></span> 
     </span>
     <span class='ocr_line' id='line_1_96' title="bbox 2253 3657 4186 3743; baseline 0.001 -22"><span class='ocrx_word' id='word_1_665' title='bbox 2253 3657 2366 3722; x_wconf 92' lang='lat' dir='ltr'><strong>sed</strong></span> <span class='ocrx_word' id='word_1_666' title='bbox 2411 3678 2528 3740; x_wconf 92' lang='lat' dir='ltr'><strong>pro</strong></span> <span class='ocrx_word' id='word_1_667' title='bbox 2580 3658 2702 3722; x_wconf 90' lang='lat' dir='ltr'><strong>Dei</strong></span> <span class='ocrx_word' id='word_1_668' title='bbox 2747 3658 2954 3743; x_wconf 86' lang='lat' dir='ltr'><strong>gloria</strong></span> <span class='ocrx_word' id='word_1_669' title='bbox 2996 3668 3062 3723; x_wconf 89' lang='lat' dir='ltr'><strong>et</strong></span> <span class='ocrx_word' id='word_1_670' title='bbox 3108 3658 3354 3723; x_wconf 88' lang='lat' dir='ltr'><strong>honore</strong></span> <span class='ocrx_word' id='word_1_671' title='bbox 3414 3657 3734 3723; x_wconf 86' lang='lat' dir='ltr'><strong>laborent.</strong></span> <span class='ocrx_word' id='word_1_672' title='bbox 3824 3658 3932 3722; x_wconf 86' lang='lat' dir='ltr'><strong>En</strong></span> <span class='ocrx_word' id='word_1_673' title='bbox 3987 3668 4063 3722; x_wconf 91' lang='grc'><strong>111</strong></span> <span class='ocrx_word' id='word_1_674' title='bbox 4122 3658 4186 3722; x_wconf 90' lang='grc'><strong>10</strong></span> 
     </span>
     <span class='ocr_line' id='line_1_97' title="bbox 2252 3743 4188 3827; baseline -0.001 -20"><span class='ocrx_word' id='word_1_675' title='bbox 2252 3763 2471 3807; x_wconf 87' lang='grc'><strong>1010111</strong></span> <span class='ocrx_word' id='word_1_676' title='bbox 2516 3744 2896 3809; x_wconf 87' lang='lat' dir='ltr'><strong>confusione</strong></span> <span class='ocrx_word' id='word_1_677' title='bbox 2939 3743 3127 3809; x_wconf 89' lang='lat' dir='ltr'><strong>multi</strong></span> <span class='ocrx_word' id='word_1_678' title='bbox 3188 3744 3310 3809; x_wconf 91' lang='lat' dir='ltr'><strong>sibi</strong></span> <span class='ocrx_word' id='word_1_679' title='bbox 3370 3744 3578 3808; x_wconf 89' lang='lat' dir='ltr'><strong>multa</strong></span> <span class='ocrx_word' id='word_1_680' title='bbox 3631 3743 4030 3827; x_wconf 88' lang='lat' dir='ltr'><strong>permittant,</strong></span> <span class='ocrx_word' id='word_1_681' title='bbox 4092 3763 4188 3807; x_wconf 91' lang='lat' dir='ltr'><strong>se-</strong></span> 
     </span>
     <span class='ocr_line' id='line_1_98' title="bbox 2250 3827 4185 3912; baseline 0 -19"><span class='ocrx_word' id='word_1_682' title='bbox 2250 3849 2376 3912; x_wconf 92' lang='lat' dir='ltr'><strong>que</strong></span> <span class='ocrx_word' id='word_1_683' title='bbox 2421 3827 2698 3894; x_wconf 90' lang='lat' dir='ltr'><strong>Davidis</strong></span> <span class='ocrx_word' id='word_1_684' title='bbox 2743 3830 3043 3911; x_wconf 87' lang='lat' dir='ltr'><strong>exemplo</strong></span> <span class='ocrx_word' id='word_1_685' title='bbox 3092 3841 3412 3905; x_wconf 89' lang='lat' dir='ltr'><strong>tueantur,</strong></span> <span class='ocrx_word' id='word_1_686' title='bbox 3458 3831 3571 3912; x_wconf 94' lang='lat' dir='ltr'><strong>qui</strong></span> <span class='ocrx_word' id='word_1_687' title='bbox 3618 3830 3889 3894; x_wconf 87' lang='lat' dir='ltr'><strong>miseros</strong></span> <span class='ocrx_word' id='word_1_688' title='bbox 3933 3837 4000 3894; x_wconf 90' lang='lat' dir='ltr'><strong>et</strong></span> <span class='ocrx_word' id='word_1_689' title='bbox 4035 3848 4185 3912; x_wconf 91' lang='lat' dir='ltr'><strong>ege-</strong></span> 
     </span>
     <span class='ocr_line' id='line_1_99' title="bbox 2250 3914 4188 3999; baseline 0.001 -21"><span class='ocrx_word' id='word_1_690' title='bbox 2250 3936 2370 3981; x_wconf 90' lang='lat' dir='ltr'><strong>nos</strong></span> <span class='ocrx_word' id='word_1_691' title='bbox 2430 3924 2493 3979; x_wconf 92' lang='lat' dir='ltr'><strong>et</strong></span> <span class='ocrx_word' id='word_1_692' title='bbox 2554 3935 2703 3979; x_wconf 85' lang='lat' dir='ltr'><strong>aere</strong></span> <span class='ocrx_word' id='word_1_693' title='bbox 2764 3915 3010 3980; x_wconf 88' lang='lat' dir='ltr'><strong>alienos</strong></span> <span class='ocrx_word' id='word_1_694' title='bbox 3064 3934 3405 3998; x_wconf 88' lang='lat' dir='ltr'><strong>oppressos</strong></span> <span class='ocrx_word' id='word_1_695' title='bbox 3463 3915 3544 3979; x_wconf 88' lang='lat' dir='ltr'><strong>ad</strong></span> <span class='ocrx_word' id='word_1_696' title='bbox 3606 3934 3678 3980; x_wconf 91' lang='lat' dir='ltr'><strong>se</strong></span> <span class='ocrx_word' id='word_1_697' title='bbox 3736 3914 4188 3999; x_wconf 89' lang='lat' dir='ltr'><strong>confugientes</strong></span> 
     </span>
     <span class='ocr_line' id='line_1_100' title="bbox 2249 3997 4184 4084; baseline -0.001 -20"><span class='ocrx_word' id='word_1_698' title='bbox 2249 4000 2513 4083; x_wconf 86' lang='lat' dir='ltr'><strong>recepit.</strong></span> <span class='ocrx_word' id='word_1_699' title='bbox 2620 4001 2867 4065; x_wconf 89' lang='lat' dir='ltr'><strong>Verum</strong></span> <span class='ocrx_word' id='word_1_700' title='bbox 2927 4001 3262 4066; x_wconf 90' lang='lat' dir='ltr'><strong>enimvero</strong></span> <span class='ocrx_word' id='word_1_701' title='bbox 3337 4022 3465 4065; x_wconf 89' lang='lat' dir='ltr'><strong>non</strong></span> <span class='ocrx_word' id='word_1_702' title='bbox 3527 4001 3805 4084; x_wconf 88' lang='lat' dir='ltr'><strong>legimus</strong></span> <span class='ocrx_word' id='word_1_703' title='bbox 3862 3997 4184 4066; x_wconf 91' lang='lat' dir='ltr'><strong>Davidem</strong></span> 
     </span>
     <span class='ocr_line' id='line_1_101' title="bbox 2246 4082 4185 4169; baseline -0.002 -19"><span class='ocrx_word' id='word_1_704' title='bbox 2246 4088 2406 4150; x_wconf 88' lang='lat' dir='ltr'><strong>istos</strong></span> <span class='ocrx_word' id='word_1_705' title='bbox 2455 4087 2652 4151; x_wconf 87' lang='lat' dir='ltr'><strong>tubae</strong></span> <span class='ocrx_word' id='word_1_706' title='bbox 2708 4086 3013 4169; x_wconf 89' lang='lat' dir='ltr'><strong>clangore</strong></span> <span class='ocrx_word' id='word_1_707' title='bbox 3073 4105 3497 4152; x_wconf 83' lang='lat' dir='ltr'><strong>convocasse:</strong></span> <span class='ocrx_word' id='word_1_708' title='bbox 3557 4086 3669 4151; x_wconf 91' lang='lat' dir='ltr'><strong>sed</strong></span> <span class='ocrx_word' id='word_1_709' title='bbox 3728 4096 3956 4151; x_wconf 87' lang='lat' dir='ltr'><strong>contra</strong></span> <span class='ocrx_word' id='word_1_710' title='bbox 4013 4082 4185 4148; x_wconf 89' lang='lat' dir='ltr'><strong>ultro</strong></span> 
     </span>
     <span class='ocr_line' id='line_1_102' title="bbox 2247 4168 4183 4255; baseline -0.003 -19"><span class='ocrx_word' id='word_1_711' title='bbox 2247 4171 2326 4236; x_wconf 90' lang='lat' dir='ltr'><strong>ad</strong></span> <span class='ocrx_word' id='word_1_712' title='bbox 2372 4171 2587 4254; x_wconf 91' lang='lat' dir='ltr'><strong>ipsum</strong></span> <span class='ocrx_word' id='word_1_713' title='bbox 2635 4172 2888 4237; x_wconf 91' lang='lat' dir='ltr'><strong>venisse</strong></span> <span class='ocrx_word' id='word_1_714' title='bbox 2933 4170 3253 4251; x_wconf 87' lang='lat' dir='ltr'><strong>dicuntur,</strong></span> <span class='ocrx_word' id='word_1_715' title='bbox 3295 4173 3365 4236; x_wconf 90' lang='lat' dir='ltr'><strong>in</strong></span> <span class='ocrx_word' id='word_1_716' title='bbox 3410 4192 3538 4255; x_wconf 90' lang='grc'><strong>0110</strong></span> <span class='ocrx_word' id='word_1_717' title='bbox 3562 4172 3857 4236; x_wconf 86' lang='lat' dir='ltr'><strong>videmus</strong></span> <span class='ocrx_word' id='word_1_718' title='bbox 3901 4168 4183 4236; x_wconf 90' lang='lat' dir='ltr'><strong>voluisse</strong></span> 
     </span>
     <span class='ocr_line' id='line_1_103' title="bbox 2246 4256 4184 4341; baseline -0.002 -20"><span class='ocrx_word' id='word_1_719' title='bbox 2246 4256 2461 4322; x_wconf 91' lang='lat' dir='ltr'><strong>Deum</strong></span> <span class='ocrx_word' id='word_1_720' title='bbox 2509 4257 2722 4340; x_wconf 92' lang='lat' dir='ltr'><strong>ipsum</strong></span> <span class='ocrx_word' id='word_1_721' title='bbox 2768 4257 3110 4341; x_wconf 88' lang='lat' dir='ltr'><strong>explorare</strong></span> <span class='ocrx_word' id='word_1_722' title='bbox 3153 4267 3220 4323; x_wconf 91' lang='lat' dir='ltr'><strong>et</strong></span> <span class='ocrx_word' id='word_1_723' title='bbox 3264 4256 3415 4324; x_wconf 90' lang='lat' dir='ltr'><strong>huic</strong></span> <span class='ocrx_word' id='word_1_724' title='bbox 3440 4259 3757 4341; x_wconf 89' lang='lat' dir='ltr'><strong>vituperio</strong></span> <span class='ocrx_word' id='word_1_725' title='bbox 3800 4257 3880 4320; x_wconf 90' lang='lat' dir='ltr'><strong>ad</strong></span> <span class='ocrx_word' id='word_1_726' title='bbox 3926 4265 4184 4337; x_wconf 88' lang='lat' dir='ltr'><strong>tempus</strong></span> 
     </span>
     <span class='ocr_line' id='line_1_104' title="bbox 2244 4341 4181 4428; baseline -0.004 -19"><span class='ocrx_word' id='word_1_727' title='bbox 2244 4342 2579 4421; x_wconf 88' lang='lat' dir='ltr'><strong>subiicere,</strong></span> <span class='ocrx_word' id='word_1_728' title='bbox 2636 4354 2708 4407; x_wconf 87' lang='lat' dir='ltr'><strong>ut</strong></span> <span class='ocrx_word' id='word_1_729' title='bbox 2752 4362 2968 4408; x_wconf 92' lang='lat' dir='ltr'><strong>coram</strong></span> <span class='ocrx_word' id='word_1_730' title='bbox 3014 4342 3158 4407; x_wconf 93' lang='lat' dir='ltr'><strong>Deo</strong></span> <span class='ocrx_word' id='word_1_731' title='bbox 3216 4347 3426 4428; x_wconf 89' lang='lat' dir='ltr'><strong>magis</strong></span> <span class='ocrx_word' id='word_1_732' title='bbox 3488 4364 3563 4410; x_wconf 89' lang='lat' dir='ltr'><strong>ac</strong></span> <span class='ocrx_word' id='word_1_733' title='bbox 3620 4342 3830 4425; x_wconf 86' lang='lat' dir='ltr'><strong>magis</strong></span> <span class='ocrx_word' id='word_1_734' title='bbox 3885 4341 4181 4413; x_wconf 79' lang='lat' dir='ltr'><strong>disceret,</strong></span> 
     </span>
     <span class='ocr_line' id='line_1_105' title="bbox 2246 4425 4179 4513; baseline -0.002 -21"><span class='ocrx_word' id='word_1_735' title='bbox 2246 4437 2315 4494; x_wconf 91' lang='lat' dir='ltr'><strong>et</strong></span> <span class='ocrx_word' id='word_1_736' title='bbox 2358 4428 2709 4513; x_wconf 87' lang='lat' dir='ltr'><strong>humiliari,</strong></span> <span class='ocrx_word' id='word_1_737' title='bbox 2754 4439 2820 4493; x_wconf 90' lang='grc'><strong>01</strong></span> <span class='ocrx_word' id='word_1_738' title='bbox 2860 4430 2929 4494; x_wconf 90' lang='grc'><strong>10</strong></span> <span class='ocrx_word' id='word_1_739' title='bbox 2979 4429 3159 4494; x_wconf 92' lang='grc'><strong>011110</strong></span> <span class='ocrx_word' id='word_1_740' title='bbox 3198 4428 3326 4494; x_wconf 88' lang='grc'><strong>8110</strong></span> <span class='ocrx_word' id='word_1_741' title='bbox 3362 4450 3553 4513; x_wconf 85' lang='grc'><strong>0118111</strong></span> <span class='ocrx_word' id='word_1_742' title='bbox 3597 4428 3666 4492; x_wconf 89' lang='lat' dir='ltr'><strong>in</strong></span> <span class='ocrx_word' id='word_1_743' title='bbox 3694 4428 3834 4492; x_wconf 90' lang='lat' dir='ltr'><strong>Deo</strong></span> <span class='ocrx_word' id='word_1_744' title='bbox 3879 4425 4179 4491; x_wconf 85' lang='lat' dir='ltr'><strong>fiduciam</strong></span> 
     </span>
     <span class='ocr_line' id='line_1_106' title="bbox 2245 4512 4180 4595; baseline -0.004 -15"><span class='ocrx_word' id='word_1_745' title='bbox 2245 4514 2595 4592; x_wconf 90' lang='lat' dir='ltr'><strong>collocare,</strong></span> <span class='ocrx_word' id='word_1_746' title='bbox 2653 4524 2722 4580; x_wconf 88' lang='lat' dir='ltr'><strong>et</strong></span> <span class='ocrx_word' id='word_1_747' title='bbox 2776 4515 2847 4579; x_wconf 91' lang='lat' dir='ltr'><strong>in</strong></span> <span class='ocrx_word' id='word_1_748' title='bbox 2907 4515 3211 4581; x_wconf 89' lang='lat' dir='ltr'><strong>omnibus</strong></span> <span class='ocrx_word' id='word_1_749' title='bbox 3271 4513 3763 4581; x_wconf 84' lang='lat' dir='ltr'><strong>difficultatibus</strong></span> <span class='ocrx_word' id='word_1_750' title='bbox 3822 4512 3901 4577; x_wconf 85' lang='lat' dir='ltr'><strong>ad</strong></span> <span class='ocrx_word' id='word_1_751' title='bbox 3966 4513 4180 4595; x_wconf 91' lang='lat' dir='ltr'><strong>ipsum</strong></span> 
     </span>
     <span class='ocr_line' id='line_1_107' title="bbox 2247 4597 4180 4685; baseline -0.003 -20"><span class='ocrx_word' id='word_1_752' title='bbox 2247 4601 2513 4666; x_wconf 89' lang='lat' dir='ltr'><strong>unicum</strong></span> <span class='ocrx_word' id='word_1_753' title='bbox 2572 4600 2938 4685; x_wconf 87' lang='lat' dir='ltr'><strong>confugere.</strong></span> <span class='ocrx_word' id='word_1_754' title='bbox 3036 4602 3387 4667; x_wconf 88' lang='lat' dir='ltr'><strong>Praeterea</strong></span> <span class='ocrx_word' id='word_1_755' title='bbox 3449 4597 3805 4665; x_wconf 89' lang='lat' dir='ltr'><strong>notandum</strong></span> <span class='ocrx_word' id='word_1_756' title='bbox 3824 4647 3842 4677; x_wconf 94' lang='lat'><strong>,</strong></span> <span class='ocrx_word' id='word_1_757' title='bbox 3896 4606 3974 4662; x_wconf 89' lang='lat' dir='ltr'><strong>ut</strong></span> <span class='ocrx_word' id='word_1_758' title='bbox 4028 4607 4180 4662; x_wconf 89' lang='lat' dir='ltr'><strong>ante</strong></span> 
     </span>
     <span class='ocr_line' id='line_1_108' title="bbox 2245 4684 4180 4771; baseline -0.002 -21"><span class='ocrx_word' id='word_1_759' title='bbox 2245 4684 2400 4765; x_wconf 89' lang='lat' dir='ltr'><strong>dixi,</strong></span> <span class='ocrx_word' id='word_1_760' title='bbox 2448 4686 2656 4751; x_wconf 88' lang='lat' dir='ltr'><strong>multa</strong></span> <span class='ocrx_word' id='word_1_761' title='bbox 2697 4687 2763 4751; x_wconf 89' lang='lat' dir='ltr'><strong>in</strong></span> <span class='ocrx_word' id='word_1_762' title='bbox 2806 4685 3008 4753; x_wconf 90' lang='lat' dir='ltr'><strong>sacris</strong></span> <span class='ocrx_word' id='word_1_763' title='bbox 3038 4686 3399 4771; x_wconf 88' lang='lat' dir='ltr'><strong>singularia</strong></span> <span class='ocrx_word' id='word_1_764' title='bbox 3421 4687 3588 4751; x_wconf 86' lang='lat' dir='ltr'><strong>facta</strong></span> <span class='ocrx_word' id='word_1_765' title='bbox 3609 4704 3965 4760; x_wconf 90' lang='lat' dir='ltr'><strong>occurrere,</strong></span> <span class='ocrx_word' id='word_1_766' title='bbox 4012 4702 4180 4765; x_wconf 91' lang='lat' dir='ltr'><strong>quae</strong></span> 
     </span>
     <span class='ocr_line' id='line_1_109' title="bbox 2246 4769 4180 4856; baseline -0.003 -20"><span class='ocrx_word' id='word_1_767' title='bbox 2246 4791 2377 4836; x_wconf 92' lang='grc'><strong>11011</strong></span> <span class='ocrx_word' id='word_1_768' title='bbox 2423 4773 2555 4836; x_wconf 90' lang='grc'><strong>01111</strong></span> <span class='ocrx_word' id='word_1_769' title='bbox 2596 4771 2666 4836; x_wconf 87' lang='grc'><strong>10</strong></span> <span class='ocrx_word' id='word_1_770' title='bbox 2704 4772 3075 4856; x_wconf 89' lang='lat' dir='ltr'><strong>exemplum</strong></span> <span class='ocrx_word' id='word_1_771' title='bbox 3124 4786 3366 4836; x_wconf 90' lang='lat' dir='ltr'><strong>temere</strong></span> <span class='ocrx_word' id='word_1_772' title='bbox 3408 4769 3746 4845; x_wconf 88' lang='lat' dir='ltr'><strong>trahenda,</strong></span> <span class='ocrx_word' id='word_1_773' title='bbox 3791 4771 3858 4833; x_wconf 92' lang='lat' dir='ltr'><strong>in</strong></span> <span class='ocrx_word' id='word_1_774' title='bbox 3902 4788 4180 4853; x_wconf 89' lang='lat' dir='ltr'><strong>quorum</strong></span> 
     </span>
     <span class='ocr_line' id='line_1_110' title="bbox 2245 4853 4179 4941; baseline -0.001 -21"><span class='ocrx_word' id='word_1_775' title='bbox 2245 4877 2518 4922; x_wconf 88' lang='lat' dir='ltr'><strong>numero</strong></span> <span class='ocrx_word' id='word_1_776' title='bbox 2561 4856 2737 4923; x_wconf 89' lang='lat' dir='ltr'><strong>istud</strong></span> <span class='ocrx_word' id='word_1_777' title='bbox 2781 4866 2882 4923; x_wconf 90' lang='lat' dir='ltr'><strong>est</strong></span> <span class='ocrx_word' id='word_1_778' title='bbox 2923 4857 3390 4941; x_wconf 89' lang='lat' dir='ltr'><strong>reponendum.</strong></span> <span class='ocrx_word' id='word_1_779' title='bbox 3474 4855 3622 4920; x_wconf 89' lang='lat' dir='ltr'><strong>Non</strong></span> <span class='ocrx_word' id='word_1_780' title='bbox 3683 4856 3923 4937; x_wconf 87' lang='lat' dir='ltr'><strong>itaque,</strong></span> <span class='ocrx_word' id='word_1_781' title='bbox 3982 4855 4037 4921; x_wconf 89' lang='lat' dir='ltr'><strong>si</strong></span> <span class='ocrx_word' id='word_1_782' title='bbox 4096 4853 4179 4918; x_wconf 88' lang='lat' dir='ltr'><strong>ad</strong></span> 
     </span>
     <span class='ocr_line' id='line_1_111' title="bbox 2242 4939 4175 5026; baseline -0.002 -19"><span class='ocrx_word' id='word_1_783' title='bbox 2242 4942 2567 5007; x_wconf 90' lang='lat' dir='ltr'><strong>Davidem</strong></span> <span class='ocrx_word' id='word_1_784' title='bbox 2635 4943 2999 5009; x_wconf 88' lang='lat' dir='ltr'><strong>istiusmodi</strong></span> <span class='ocrx_word' id='word_1_785' title='bbox 3086 4942 3378 5008; x_wconf 88' lang='lat' dir='ltr'><strong>homines</strong></span> <span class='ocrx_word' id='word_1_786' title='bbox 3464 4942 3929 5026; x_wconf 87' lang='lat' dir='ltr'><strong>confugerunt,</strong></span> <span class='ocrx_word' id='word_1_787' title='bbox 4006 4939 4175 5004; x_wconf 89' lang='lat' dir='ltr'><strong>idem</strong></span> 
     </span>
     <span class='ocr_line' id='line_1_112' title="bbox 2244 5026 4182 5113; baseline -0.001 -21"><span class='ocrx_word' id='word_1_788' title='bbox 2244 5026 2429 5093; x_wconf 89' lang='lat' dir='ltr'><strong>nobis</strong></span> <span class='ocrx_word' id='word_1_789' title='bbox 2473 5049 2514 5092; x_wconf 90' lang='lat' dir='ltr'><strong>a</strong></span> <span class='ocrx_word' id='word_1_790' title='bbox 2557 5027 2702 5094; x_wconf 91' lang='lat' dir='ltr'><strong>Deo</strong></span> <span class='ocrx_word' id='word_1_791' title='bbox 2745 5029 3177 5113; x_wconf 83' lang='lat' dir='ltr'><strong>permittitur:</strong></span> <span class='ocrx_word' id='word_1_792' title='bbox 3223 5027 3334 5091; x_wconf 90' lang='lat' dir='ltr'><strong>sed</strong></span> <span class='ocrx_word' id='word_1_793' title='bbox 3380 5028 3593 5110; x_wconf 88' lang='lat' dir='ltr'><strong>potius</strong></span> <span class='ocrx_word' id='word_1_794' title='bbox 3629 5026 3936 5092; x_wconf 91' lang='lat' dir='ltr'><strong>docemur</strong></span> <span class='ocrx_word' id='word_1_795' title='bbox 3978 5028 4182 5109; x_wconf 89' lang='lat' dir='ltr'><strong>preci-</strong></span> 
     </span>
     <span class='ocr_line' id='line_1_113' title="bbox 2243 5113 4180 5200; baseline -0.002 -21"><span class='ocrx_word' id='word_1_796' title='bbox 2243 5115 2367 5179; x_wconf 90' lang='lat' dir='ltr'><strong>bus</strong></span> <span class='ocrx_word' id='word_1_797' title='bbox 2410 5114 2490 5179; x_wconf 89' lang='lat' dir='ltr'><strong>ad</strong></span> <span class='ocrx_word' id='word_1_798' title='bbox 2518 5114 2733 5180; x_wconf 91' lang='lat' dir='ltr'><strong>Deum</strong></span> <span class='ocrx_word' id='word_1_799' title='bbox 2778 5114 3147 5200; x_wconf 85' lang='lat' dir='ltr'><strong>confugere,</strong></span> <span class='ocrx_word' id='word_1_800' title='bbox 3193 5125 3266 5177; x_wconf 90' lang='lat' dir='ltr'><strong>nt</strong></span> <span class='ocrx_word' id='word_1_801' title='bbox 3310 5113 3464 5196; x_wconf 89' lang='lat' dir='ltr'><strong>quid</strong></span> <span class='ocrx_word' id='word_1_802' title='bbox 3509 5114 3679 5179; x_wconf 83' lang='lat' dir='ltr'><strong>facto</strong></span> <span class='ocrx_word' id='word_1_803' title='bbox 3722 5113 3811 5179; x_wconf 87' lang='lat' dir='ltr'><strong>sit</strong></span> <span class='ocrx_word' id='word_1_804' title='bbox 3850 5133 4011 5196; x_wconf 89' lang='lat' dir='ltr'><strong>opus</strong></span> <span class='ocrx_word' id='word_1_805' title='bbox 4032 5131 4180 5178; x_wconf 91' lang='lat' dir='ltr'><strong>cum</strong></span> 
     </span>
     <span class='ocr_line' id='line_1_114' title="bbox 2244 5197 4167 5283; baseline -0.002 -19"><span class='ocrx_word' id='word_1_806' title='bbox 2244 5199 2314 5264; x_wconf 89' lang='lat' dir='ltr'><strong>in</strong></span> <span class='ocrx_word' id='word_1_807' title='bbox 2336 5200 2652 5266; x_wconf 88' lang='lat' dir='ltr'><strong>eiusmodi</strong></span> <span class='ocrx_word' id='word_1_808' title='bbox 2670 5199 3086 5266; x_wconf 85' lang='lat' dir='ltr'><strong>difficultates</strong></span> <span class='ocrx_word' id='word_1_809' title='bbox 3109 5197 3525 5264; x_wconf 89' lang='lat' dir='ltr'><strong>inciderimus</strong></span> <span class='ocrx_word' id='word_1_810' title='bbox 3545 5199 3684 5283; x_wconf 88' lang='lat' dir='ltr'><strong>ipse</strong></span> <span class='ocrx_word' id='word_1_811' title='bbox 3707 5199 3897 5266; x_wconf 91' lang='lat' dir='ltr'><strong>nobis</strong></span> <span class='ocrx_word' id='word_1_812' title='bbox 3917 5199 4167 5282; x_wconf 87' lang='lat' dir='ltr'><strong>aperiat</strong></span> 
     </span>
    </p>
   </div>
   <div class='ocr_carea' id='block_1_11' title="bbox 4919 3466 4931 5179">
    <p class='ocr_par' dir='ltr' id='par_1_12' title="bbox 4919 3466 4931 5179">
     <span class='ocr_line' id='line_1_115' title="bbox 4919 3466 4931 5179; baseline 0 0"><span class='ocrx_word' id='word_1_813' title='bbox 4919 3466 4931 5179; x_wconf 95' lang='lat' dir='ltr'><strong> </strong></span> 
     </span>
    </p>
   </div>
  </div>
 </body>
</html>
