5059 6059
297 202 413 273 521
1570 202 1673 271 IN
1715 202 1770 272 1.
1813 204 1992 275 LIB.
2037 208 2440 280 SAMUEL.
2486 209 2686 278 OAP.
2730 210 2993 277 XXIV.
4152 207 4284 276 522

306 401 521 462 nostro
578 411 806 476 pacem
868 393 1253 461 faciendam.
1335 394 1556 477 Quam
1603 395 1966 462 doctrinam
2014 396 2238 464 David

307 476 596 561 exemplo
637 497 757 543 suo
801 480 1233 563 confirmavit,
1274 483 1466 548 cuius
1499 482 1884 547 modestiam
1932 504 2052 549 uos
2084 504 2237 549 con-

305 566 583 634 siderare
638 565 735 631 sic
790 574 1078 649 oportet,
1135 577 1212 631 ut
1265 567 1541 633 eandem
1599 568 1845 632 imitari
1904 589 2236 648 conemur,

305 673 385 718 ue
424 669 540 733 per
582 669 702 716 nos
744 657 874 717 stet
916 652 1263 735 quominus
1306 673 1456 719 cum
1503 651 1800 720 hostibus
1844 655 1913 719 in
1957 656 2237 740 gratiam

302 735 638 804 redeamus
652 745 719 801 et
733 736 752 799 i
758 734 1033 820 psorum‘
1043 737 1380 820 turpitudo
1394 746 1462 803 et
1476 737 1657 804 furor
1677 739 1993 823 sopiatur,
2012 761 2238 824 quem-

301 820 643 890 admodum
664 833 916 888 certum
950 835 1051 887 est
1085 824 1471 907 patientiam
1509 832 1797 890 nostram
1846 827 2237 910 praesentis-

301 910 535 975 simum
593 927 736 972 esse
779 908 1139 974 remedium
1186 908 1268 975 ad
1328 910 1898 977 infestissimorum
1947 912 2236 977 hostium

299 996 550 1061 furores
599 993 1131 1078 exstinguendos.
1211 993 1494 1076 Quando
1551 996 1757 1078 igitur
1801 996 2024 1063 hostes
2069 996 2238 1063 nihil

301 1080 425 1146 nisi
468 1078 863 1163 sanguinem
909 1091 1207 1146 nostrum
1243 1081 1446 1158 sitire,
1492 1092 1559 1148 et
1593 1101 1716 1148 nos
1751 1081 1925 1149 ferro
1958 1103 2035 1148 ac
2056 1084 2237 1150 flam·

296 1165 420 1232 mis
455 1165 762 1314 persegui
795 1186 1056 1232 summa
1076 1166 1463 1232 crudelitate
1486 1167 1858 1247 viderimus,
1905 1188 1989 1233 ne
2019 1168 2235 1234 oleum

296 1250 550 1317 camino
607 1270 646 1315 a
692 1250 952 1330 demus,
1023 1252 1139 1319 sed
1196 1253 1412 1335 potius
1469 1253 1822 1335 patientiae
1873 1253 2234 1320 remedium

293 1334 740 1416 adhibeamus,
784 1337 1208 1421 ipsorumque
1252 1339 1502 1404 furores
1545 1340 2066 1424 exstinguamus.

463 1419 676 1487 Cuius
710 1423 804 1487 rei
841 1423 1215 1506 exemplum
1251 1426 1320 1489 in
1348 1424 1569 1491 verbis
1588 1426 2012 1508 sequentibus
2048 1424 2238 1492 nobis

284 1506 699 1592 proponitur,
756 1527 960 1590 quum
997 1508 1269 1576 Saulem
1328 1509 1590 1575 domum
1649 1531 1989 1577 reversum
2049 1510 2236 1578 audi·

285 1614 435 1659 mus
477 1591 680 1658 rebus
723 1596 992 1678 pacatis,
1034 1594 1363 1662 Davidem
1405 1606 1624 1662 autem
1662 1618 1811 1663 cum
1848 1596 1985 1662 suis
2017 1597 2238 1663 militi-

286 1679 409 1746 bus
445 1677 517 1742 in
541 1698 736 1744 suum
760 1680 1322 1766 propugnaculum
1349 1702 1742 1766 regressum.
1789 1680 2011 1750 Saulis
2032 1682 2238 1768 igitur

284 1764 579 1829 conditio
621 1762 816 1849 longe
860 1768 1094 1832 melior
1145 1767 1345 1834 fuisse
1390 1766 1673 1852 videtur,
1732 1777 1801 1834 et
1843 1767 2235 1836 desiderabi-

283 1849 407 1920 lior
451 1869 654 1933 quam
697 1847 997 1920 Davidis.
1076 1853 1248 1918 Nam
1291 1853 1399 1919 hic
1441 1854 1512 1917 in
1557 1854 2045 1939 propugnaculo
2084 1874 2234 1920 cum

283 1935 516 2021 paucis
579 1935 904 2003 militibus
962 1940 1188 2022 egenis
1245 1959 1442 2023 aegre
1501 1959 1572 2005 se
1616 1947 1857 2018 tuetur,
1918 1939 2032 2006 ille
2074 1960 2235 2008 vero

279 2021 482 2088 rebus
528 2021 780 2105 pacatis
821 2042 862 2087 a
905 2025 1041 2090 suis
1086 2024 1406 2092 militibus
1447 2024 1701 2103 colitur,
1754 2035 1821 2090 et
1863 2027 1933 2091 in
1978 2047 2235 2092 summo

281 2108 542 2173 honore
579 2114 653 2172 ιιι
675 2128 792 2173 rex
830 2108 1142 2176 habetur:
1187 2111 1321 2176 otio
1342 2120 1409 2176 et
1453 2110 1932 2195 tranquillitate
1976 2112 2235 2189 fruitur,

280 2192 617 2276 rebusque
659 2195 965 2261 secundis
1010 2196 1238 2262 utitur.
1285 2195 1766 2262 Verumtamen
1809 2197 2070 2280 qualem
2112 2219 2234 2283 pu·

279 2290 504 2347 tamus
578 2276 722 2345 eius
787 2281 1234 2348 conditionem
1300 2302 1493 2365 quem
1561 2282 1748 2348 Deus
1812 2282 2054 2350 iudicio
2114 2303 2233 2349 suo

277 2363 806 2450 persequebatur
848 2375 917 2433 et
957 2388 1151 2451 quem
1199 2368 1383 2433 velut
1423 2368 1662 2435 iniecta
1704 2366 1974 2436 naribus
2033 2367 2234 2435 fibula

271 2448 669 2518 retrahebat
703 2472 743 2515 a
786 2454 1134 2536 proposito,
1179 2461 1248 2519 et
1291 2452 1492 2520 exitio
1527 2454 1907 2521 reservabat
1939 2475 2075 2520 non
2110 2456 2232 2521 im-

271 2546 546 2604 mutata
588 2547 809 2603 mente
854 2539 1058 2622 ipsius
1100 2541 1171 2604 in
1196 2537 1481 2605 melius?
1528 2537 1641 2607 Sic
1684 2538 1869 2606 Deus
1900 2539 2067 2607 solet
2109 2542 2232 2606 im-

271 2621 644 2708 proborum
670 2620 1014 2690 hominum
1039 2635 1315 2692 conatus
1337 2626 1658 2710 frangere,
1704 2638 1772 2691 et
1792 2626 1922 2693 nisi
1946 2628 2232 2692 furorem

266 2710 580 2793 ipsorum
626 2708 906 2792 frangat,
951 2721 1022 2776 et
1063 2711 1131 2776 in
1178 2710 1503 2777 mitiorem
1548 2712 1839 2777 animum
1877 2720 2234 2779 commutet

267 2794 562 2861 naribus
606 2794 867 2861 iniectis
912 2796 1133 2862 fibulis
1155 2811 1462 2863 coercere
1491 2806 1558 2861 et
1578 2810 1807 2863 contra
1826 2798 2235 2866 voluntatem

265 2881 584 2965 ipsorum
628 2878 758 2945 alio
802 2880 1089 2948 trahere.
1154 2881 1260 2947 Ita
1306 2879 1494 2950 Sauli
1539 2881 1808 2949 Domini
1853 2905 2090 2951 manus
2133 2885 2236 2950 in·

264 2967 442 3036 iecta
488 2971 603 3033 est
639 2973 716 3030 ut
757 2966 827 3031 in
871 2966 1199 3035 Davidem
1243 2969 1495 3035 saevire
1540 2989 1671 3034 non
1715 2979 1952 3053 posset,
2008 2979 2077 3036 et
2122 2969 2236 3036 do-

261 3074 455 3120 mum
500 3050 729 3117 redire
771 3073 1032 3119 summa
1076 3075 1196 3120 sua
1240 3054 1620 3121 confusione
1663 3066 2032 3141 cogeretur.
2095 3055 2234 3121 Da-

262 3139 406 3206 vidi
455 3157 628 3206 vero
672 3147 920 3217 contra,
969 3141 1155 3206 cuius
1198 3138 1482 3205 deterior
1535 3140 1817 3207 conditio
1859 3141 2238 3223 videbatur,

267 3225 468 3291 Deus
511 3222 654 3289 otia
697 3223 885 3300 fecit,
933 3233 1002 3291 et
1045 3224 1409 3310 respirandi
1454 3228 1736 3309 spatium
1782 3227 2046 3310 aliquod
2089 3249 2238 3295 con·

261 3313 492 3388 cessit,
562 3329 652 3375 ne
703 3312 1044 3393 perpetuis
1114 3312 1584 3378 tentationibus
1646 3322 1714 3377 et
1772 3312 2238 3381 afflictionibus

262 3395 703 3464 obrueretur.
749 3395 920 3461 Nam
958 3397 1084 3464 etsi
1108 3395 1378 3465 Saulem
1401 3396 1484 3464 ad
1509 3407 1767 3483 tempus
1787 3399 2094 3483 placavit,
2138 3410 2239 3466 ta-

259 3502 427 3549 men
484 3481 566 3548 in
622 3501 815 3547 snum
871 3482 1436 3568 propugnaculum
1492 3485 1737 3550 reverti
1794 3493 2057 3553 coactus
2115 3495 2237 3564 est,

255 3568 446 3652 quod
495 3587 662 3634 sane
706 3586 837 3632 non
883 3578 1026 3634 erat
1081 3569 1411 3635 munitum
1471 3567 1559 3635 ali
1609 3570 1736 3636 uod
1781 3571 2125 3638 castellum
2170 3580 2240 3638 et

255 3654 476 3722 rebus
541 3653 932 3719 necessariis
990 3651 1427 3736 instructum,
1657 3664 1733 3721 ut
1775 3665 1931 3723 ante
1973 3657 2241 3723 videtur

254 3739 599 3826 spelunca
638 3738 710 3804 in
753 3737 1030 3820 deserto,
1169 3741 1457 3825 rfugium
1516 3739 1856 3807 damarum
1910 3750 1980 3808 et
2021 3762 2233 3811 came-

255 3828 514 3906 lorum,
576 3826 648 3890 in
702 3845 899 3909 quam
956 3847 1029 3893 se
1142 3827 1289 3894 avid
1347 3825 1596 3911 recepit
1651 3828 1838 3910 quasi
1882 3848 2033 3895 cum
2079 3828 2236 3896 feris

253 3916 332 3980 in
379 3912 668 3996 rupium
710 3912 1014 3979 cavernis
1052 3913 1158 3979 vel
1201 3913 1420 3997 potius
1462 3923 1774 3996 tanquam
1817 3913 1891 3978 in
1932 3913 2233 3998 sepulcro

252 3999 486 4067 vitam
535 4004 783 4081 ageret.
873 3996 1066 4079 Quae
1108 3998 1290 4064 vitae
1333 3997 1615 4066 conditio
1673 3999 1965 4083 profecto
1999 3999 2230 4066 miser-

247 4086 440 4153 rima
487 4083 640 4160 fuit.
684 4081 802 4148 sed
843 4082 912 4149 in
957 4103 1089 4168 qua
1131 4093 1353 4150 tamen
1389 4084 1519 4150 Dei
1554 4085 1910 4151 bonitatem
1946 4085 2230 4169 experiri

249 4192 403 4240 non
455 4168 682 4249 desiit,
740 4167 914 4251 quod
971 4169 1072 4235 illi
1116 4170 1365 4254 aliquot
1422 4169 1675 4237 dierum
1735 4169 2033 4238 inducias
2076 4192 2231 4238 oon·

248 4258 489 4327 cessit.
559 4254 700 4321 Nos
739 4254 987 4339 itaque,
1030 4256 1186 4323 licet
1224 4278 1358 4323 non
1399 4276 1658 4340 semper
1700 4255 1896 4322 rebus
1929 4256 2232 4323 secundis

245 4346 617 4421 fruamur,
679 4360 892 4424 neque
947 4341 1138 4408 nobis
1202 4342 1424 4409 omnia
1485 4362 1569 4408 ex
1633 4341 1841 4408 animi
1906 4343 2233 4409 sententia

385 4429 497 4496 tin
596 4433 694 4508 nt,
751 4425 870 4493 sed
927 4426 1002 4493 in
1061 4428 1186 4493 hac
1233 4428 1370 4493 vita
1425 4447 1575 4495 cum
1635 4426 1863 4494 multis
1902 4428 2233 4495 luctemur

246 4517 405 4584 diffi
534 4514 802 4591 tatibus,
847 4521 914 4578 et
954 4512 1185 4580 multis
1225 4513 1488 4580 iniuriis
1528 4521 1599 4579 et
1632 4513 1980 4580 calumniis
2013 4513 2231 4598 oppri-

241 4620 565 4679 mamur,
623 4609 689 4665 et
731 4600 922 4678 fame,
979 4598 1108 4678 siti,
1164 4611 1368 4679 aestu,
1425 4598 1670 4685 frigore
1713 4619 2057 4676 vexemur,
2116 4598 2231 4666 sed

240 4684 715 4775 ignominiam
759 4702 838 4751 ac
879 4683 1160 4753 dedecus
1203 4683 1286 4751 ab
1345 4684 1720 4751 hominibus
1758 4686 2105 4769 patiamur.
2165 4693 2234 4751 et

242 4773 534 4842 multia-
557 4770 707 4837 aliis
748 4767 1115 4838 istiusmodi
1159 4769 1587 4837 incommodis
1629 4769 1769 4835 vita
1811 4780 2042 4837 nostra
2081 4790 2235 4855 per-

237 4862 490 4930 mixta
527 4858 641 4934 sit,
687 4878 772 4924 ne
793 4876 1091 4938 unquam
1126 4864 1347 4921 tamen
1372 4855 1668 4922 animum
1691 4854 2230 4940 despondeamus,

236 4966 484 5035 neque
537 4942 776 5010 deinde
812 4938 1296 5009 misericordiae
1329 4961 1594 5008 sensum
1629 4949 1698 5007 et
1730 4949 2002 5026 gustum
2037 4941 2232 5008 amit-

235 5047 522 5116 tamus,
586 5050 756 5114 quae
798 5028 869 5094 in
910 5026 1212 5093 omnibus
1253 5025 1753 5094 difficultatibus
1796 5035 1863 5093 et
1903 5027 2231 5111 augustiis

2344 395 2464 465 Sin
2509 418 2670 466 vero
2717 398 2900 464 Deus
2942 397 3130 465 nobis
3172 397 3308 462 otia
3353 395 3598 473 fecerit,
3644 402 3891 463 attente
3935 397 4143 481 ipsius
4175 396 4285 465 be-

2341 485 2575 550 neficia
2597 483 3100 563 consideremus,
3142 495 3209 549 et
3244 481 3434 548 nobis
3458 481 3876 566 applicemus,
3925 494 3995 547 ut
4017 502 4281 550 omnem

2341 569 2678 635 tristitiam
2723 579 2791 634 et
2846 570 3268 635 afflictionem
3336 588 3465 652 qua
3522 588 3895 651 prememur
3950 568 4280 652 spirituali

2340 654 2593 721 laetitia
2647 654 3024 735 vincamus,
3091 674 3351 736 semper
3395 653 3616 719 animo
3660 664 3881 720 nostro
3924 655 4280 721 retinentes

2339 739 2846 806 fundamentum
2891 741 3061 806 istud
3108 742 3399 817 firmum,
3440 739 3660 805 Deum
3705 739 3818 822 qui
3854 761 3970 806 nos
4013 740 4082 805 in
4107 750 4279 806 tute·

2341 826 2469 891 lam
2499 847 2683 892 suam
2707 827 2974 909 recepit,
3018 847 3140 892 nos
3162 845 3497 907 nunquam
3532 824 3965 904 deserturum,
4009 826 4280 909 eiusque

2340 911 2699 978 bonitatem
2743 932 2889 978 eam
2932 934 3074 978 esse
3115 932 3273 995 erga
3316 930 3436 976 nos
3480 920 3555 975 ut
3596 911 3666 976 in
3712 930 3789 976 ea
3824 910 4280 994 conquiescere

2343 1017 2463 1064 nos
2506 1009 2821 1081 oporteat,
2867 1008 2932 1062 et
2974 997 3298 1064 mundum
3342 1015 3421 1061 ac
3453 1015 3679 1062 omnes
3713 996 4107 1063 tentationes
4150 997 4282 1064 for-

2341 1084 2497 1149 titer
2540 1104 2869 1167 superare.

2511 1168 2828 1253 Sequitur
2870 1166 3176 1251 deinceps
3198 1167 3522 1234 Davidem
3569 1188 3701 1233 uon
3725 1167 3933 1232 solum
3979 1168 4062 1234 ad
4086 1190 4277 1235 suum

2340 1255 2902 1340 propugnaculum
2950 1253 3217 1320 rediisse
3261 1253 3377 1320 sed
3421 1253 3618 1320 etiam
3655 1254 4042 1321 descendisse
4060 1275 4281 1321 versus

2338 1343 2649 1408 desertum
2706 1338 3038 1406 Pharaonis
3094 1340 3267 1424 quod
3324 1339 3587 1424 longius
3645 1339 3867 1405 aberat
3927 1360 3968 1405 a
4009 1339 4277 1422 Iudaea,

2338 1436 2408 1492 et
2467 1447 2507 1490 a
2563 1426 2938 1492 sanctuario
2995 1427 3063 1491 in
3134 1446 3262 1508 quo
3335 1424 3522 1491 Deus
3583 1425 4021 1508 praesentiam
4087 1446 4276 1492 suam

2340 1511 2723 1581 testabatur.
2764 1512 2929 1576 Erat
2972 1512 3143 1577 enim
3189 1512 3366 1577 inter
3409 1513 3786 1596 Aegyptum
3831 1522 3898 1575 et
3942 1511 4277 1589 Arabiam,

2338 1596 2509 1682 quod
2557 1595 2801 1662 Davidi
2840 1618 3042 1680 grave
3083 1597 3284 1662 fuisse
3328 1606 3430 1663 est
3471 1597 3927 1675 certissimum,
3985 1595 4160 1680 quod
4201 1617 4280 1663 ea

2339 1684 2593 1750 ratione
2650 1681 2986 1748 videretur
3051 1703 3091 1748 a
3138 1682 3391 1749 iudaico
3436 1681 3672 1765 populo
3716 1682 3983 1766 recisus,
4041 1693 4109 1747 et
4161 1703 4280 1748 ex·

2340 1767 2660 1835 sulareco
2707 1777 2928 1834 eretur
2952 1780 3127 1833 terra
3167 1789 3363 1852 quam
3392 1768 3575 1834 Deus
3596 1767 3957 1833 Abrahami
4002 1769 4281 1851 posteris

2338 1856 2641 1938 possiden
2691 1875 2797 1920 am
2853 1866 2918 1919 et
2959 1853 3368 1920 incolendam
3426 1852 3712 1932 dederat,
3769 1862 3837 1918 et
3891 1856 4279 1938 assignarat.

2340 1942 2550 2008 Porro
2595 1941 3055 2023 promissiones
3115 1961 3341 2005 omnes
3385 1938 3708 2005 Israelitis
3765 1938 3973 2006 factae
4030 1960 4070 2003 a
4112 1940 4274 2017 Deo,

2338 2026 2782 2112 respiciebant
2823 2024 2909 2090 D.
2953 2025 3035 2092 N.
3079 2024 3300 2091 Iesum
3348 2025 3687 2092 Christum
3750 2025 3861 2108 qui
3906 2034 4010 2090 est
4050 2044 4276 2090 earum

2339 2112 2667 2197 perfectio,
2712 2112 2898 2178 cuius
2919 2109 3137 2177 David
3158 2121 3300 2176 erat
3336 2112 3582 2196 figura;
3626 2131 3829 2194 quare
3852 2131 4054 2193 quum
4090 2120 4279 2176 tanto

2339 2198 2651 2266 beneficio
2696 2196 2911 2264 infimi
2952 2197 3191 2280 quique
3234 2219 3315 2263 ex
3358 2197 3503 2280 ipsa
3546 2195 3733 2280 plebe
3776 2194 4171 2277 fruerentur,
4215 2205 4282 2261 et

2339 2285 2409 2350 in
2466 2293 2647 2350 terra
2703 2281 3081 2348 habitarent
3137 2302 3335 2366 quam
3402 2282 3559 2366 ipsis
3618 2283 3801 2347 Deus
3874 2280 4143 2347 dederat
4211 2289 4281 2346 et

2339 2391 2507 2455 quae
2529 2390 2806 2454 regnum
2844 2368 3184 2452 spirituale
3217 2368 3770 2453 repraesentabat,
3816 2366 4035 2432 David
4058 2378 4281 2432 autem

2340 2463 2540 2540 caput
2581 2465 2650 2522 et
2690 2456 2907 2539 figura
2959 2454 3259 2539 promissi
3304 2453 3477 2539 regis
3522 2452 3749 2519 eadem
3807 2452 4161 2534 exsularet,
4217 2461 4284 2517 et

2340 2541 2607 2626 quidem
2667 2561 2800 2605 non
2866 2537 2950 2605 ad
3008 2538 3269 2622 aliquod
3327 2540 3641 2623 temporis
3685 2547 4111 2616 momentum,
4168 2538 4282 2603 sed

2341 2649 2458 2712 per
2493 2626 2761 2711 longum
2812 2625 3119 2709 temporis
3153 2625 3462 2709 spatium,
3507 2624 3668 2691 adeo
3702 2624 3963 2707 quidem
4000 2633 4076 2689 ut
4100 2623 4281 2689 vide-

2341 2723 2523 2779 retur
2565 2712 2780 2777 omnis
2822 2710 2922 2776 illi
2952 2709 3257 2796 adempta
3290 2732 3441 2795 spes
3476 2709 3749 2791 reditus,
3795 2708 4123 2775 horrenda
4158 2710 4285 2774 suit

2339 2820 2500 2865 sane
2520 2798 2818 2877 tentatio,
2862 2818 2994 2881 qua
3015 2818 3147 2862 non
3173 2816 3410 2881 parum
3431 2796 3632 2862 fuisse
3666 2797 4118 2878 perturbatum
4141 2794 4281 2860 Da·

2343 2885 2562 2950 videm
2629 2882 2985 2950 verisimile
3049 2893 3166 2961 est,
3232 2900 3434 2966 quum
3493 2902 3534 2946 a
3590 2879 3736 2945 Deo
3796 2889 3930 2945 tam
3989 2882 4282 2978 graviter

2340 2979 2773 3037 exerceretur.
2844 2967 2981 3035 Sed
3026 2989 3159 3034 non
3218 2976 3439 3034 tamen
3496 2965 3609 3033 isti
3667 2965 4014 3030 tentationi
4055 2963 4278 3030 David

2341 3055 2702 3134 succubuit,
2761 3052 2878 3121 sed
2934 3053 3064 3121 fide
3120 3052 3483 3139 superavit.
3596 3050 3813 3133 Quam
3871 3049 3955 3115 ob
4009 3070 4277 3116 causam

2340 3140 2519 3208 Psal.
2549 3140 2628 3205 11
2654 3140 2791 3207 suis
2823 3140 2984 3223 ipsis
3017 3138 3313 3207 hostibus
3356 3137 3683 3205 insultans
3727 3136 3851 3201 ait:
3898 3135 3983 3201 In
4005 3135 4279 3203 Domino

2337 3226 2593 3309 confido,
2647 3228 2943 3308 qumodo
2983 3226 3196 3293 dicitis
3237 3225 3489 3292 αηὺηαε
3529 3243 3720 3304 meae,
3772 3223 4167 3306 transmiyra
4205 3222 4279 3290 in

2336 3318 2602 3379 montem
2636 3313 2798 3378 sieut
2823 3332 3170 3394 passerem
3228 3310 3408 3378 Sane
3451 3310 3673 3376 hostes
3696 3307 3826 3374 Dei
3862 3309 4090 3374 multis
4131 3307 4277 3407 qui-

2338 3399 2487 3465 dem
2524 3397 2783 3465 cavillis
2817 3398 3025 3482 ipsius
3046 3417 3274 3463 servos
3317 3396 3648 3463 lacessunt
3681 3402 3749 3459 et
3783 3393 4021 3459 infesto
4056 3414 4277 3461 ammo

2338 3485 2422 3552 ad
2477 3493 2756 3550 mortem
2815 3493 3314 3633 persequuntur,
3370 3489 3436 3548 et
3489 3480 3740 3546 coelum
3798 3479 4016 3564 ipsum
4063 3489 4279 3548 terrae

2338 3572 2634 3650 miscere,
2692 3578 2759 3636 et
2800 3588 2840 3634 a
2883 3571 2997 3635 fun
3046 3569 3331 3635 amentis
3389 3576 3632 3633 terram
3692 3564 4062 3633 convellere
4108 3565 4278 3634 velle

2340 3656 2664 3723 videntur.
2755 3652 2885 3722 Sed
2945 3654 3015 3720 in
3061 3653 3276 3719 Deum
3316 3651 3488 3721 oculi
3545 3661 3703 3717 sunt
3759 3650 4124 3717 coniicendi
4168 3654 4280 3737 qui

2335 3751 2670 3809 momento
2713 3760 2983 3807 suorum
3040 3738 3323 3807 hostium
3380 3737 3655 3805 consilia
3697 3736 3853 3803 dissi
3902 3757 4016 3802 are
4059 3747 4129 3803 et
4169 3757 4276 3805 oo·

2336 3837 2532 3895 natus
2589 3828 2897 3912 frangere
2954 3835 3200 3910 potest:
3253 3835 3319 3891 et
3374 3822 3612 3889 idcirco
3654 3821 3829 3888 Davi
3933 3843 4004 3888 se
4061 3822 4277 3907 ipsum

2336 3915 2461 3979 hac
2504 3911 2928 3978 meditatione
2971 3909 3346 3978 consolatur
3404 3918 3474 3976 et
3515 3908 3730 3993 erigit.
3809 3907 4131 3975 Dominus
4170 3909 4273 3974 in-

2336 3999 2483 4083 quit
2523 3999 2598 4064 in
2637 3998 2868 4082 templo
2908 4001 3121 4064 sancto
3163 4016 3303 4079 sue,
3362 3996 3432 4061 in
3475 3994 3636 4062 coelo
3676 3994 3852 4060 sedes
3893 3994 4048 4076 eius,
4113 3993 4277 4060 oculi

2334 4086 2473 4151 eius
2512 4085 2587 4151 in
2616 4102 2966 4166 pauperem
3003 4082 3364 4166 respiciunt,
3412 4079 3760 4163 palpebrae
3818 4079 3957 4144 eius
4014 4079 4275 4144 interro-

2329 4175 2482 4256 gant
2520 4170 2697 4251 filios
2735 4168 3074 4234 hominum.
3119 4167 3268 4232 Nou
3305 4167 3511 4252 igitur
3553 4163 3881 4230 immerito
3924 4185 3995 4229 se
4038 4165 4109 4229 in
4145 4164 4276 4231 Do-

2334 4258 2514 4322 mino
2557 4254 2885 4323 confidere
2943 4252 3112 4319 dixit
3155 4273 3352 4338 quem
3397 4266 3710 4335 tanquam
3753 4249 4058 4333 clypeum
4104 4250 4277 4316 exci-

2332 4340 2589 4427 piendis
2639 4339 2945 4407 omnibus
2985 4338 3275 4406 hostium
3318 4335 3556 4403 ictibus
3614 4333 3904 4420 opponit.
3983 4334 4075 4400 Et
4114 4356 4275 4402 sane

2333 4425 2631 4494 diabolus
2672 4425 2997 4493 iaculatur
3039 4426 3109 4491 iu
3153 4445 3272 4490 nos
3314 4424 3511 4509 ignea
3548 4418 3699 4503 tela,
3742 4429 3821 4484 ut
3855 4431 4075 4486 monet
4097 4420 4274 4488 Pau-

2332 4512 2459 4596 lus,
2517 4521 2587 4578 et
2638 4511 2818 4578 mille
2875 4520 3053 4577 artes
3110 4509 3311 4575 habet
3369 4504 3645 4575 nocendi
3701 4504 3938 4589 quibus
3998 4507 4274 4592 singulis

2333 4598 2684 4665 momentis
2724 4597 3187 4664 obrueremur:
3232 4595 3358 4660 nisi
3403 4592 3533 4658 Dei
3578 4591 3827 4657 virtute
3869 4601 3939 4656 et
3980 4593 4276 4675 potentia

2331 4693 2710 4768 tegeremur
2766 4691 2836 4749 et
2898 4683 3329 4749 muniremur.
3409 4675 3632 4743 David
3690 4686 3909 4742 autem
3956 4679 4275 4746 rationem

2332 4789 2453 4836 nos
2497 4767 2685 4835 docet
2726 4785 2858 4852 qua
2898 4768 3225 4852 possimus
3266 4766 3467 4831 armis
3509 4761 3652 4829 istis
3696 4762 3977 4828 muniri:
4038 4785 4275 4849 nempe

2332 4863 2408 4922 ut
2448 4854 2753 4939 clypeum
2796 4873 3204 4920 assumamus
3237 4850 3392 4917 fidei
3428 4867 3595 4933 quae
3628 4847 3698 4913 in
3723 4844 3854 4914 Dei
3892 4850 4271 4933 promissio-

2332 4962 2450 5008 nes
2495 4939 2833 5007 recumbit.
2919 4938 3093 5005 Nam
3146 4937 3205 5005 si
3261 4935 3386 5003 hoo
3427 4933 3661 5034 clypeo
3720 4934 3878 5001 tecti
3933 4933 4272 5016 fuerimus,

2330 5025 2644 5093 facillime
2697 5025 2873 5092 hosti
2928 5035 3154 5090 nostro
3196 5020 3666 5087 insultabimus
3683 5066 3703 5100 ,
3767 5030 3839 5089 et
3880 5022 4274 5089 tentationes

233 5136 601 5212 praesens
635 5115 957 5183 auxilium
991 5111 1254 5180 adferre
1288 5121 1358 5180 et
1392 5111 1695 5180 labantes
1713 5113 1970 5199 erigere
1992 5123 2229 5198 potest.
2276 5107 2286 5162 Ι
2329 5132 2560 5179 omnes
2600 5110 3068 5196 superabimus.
3112 5107 3215 5176 Ac
3246 5107 3402 5175 licet
3434 5101 3730 5173 mundus
3770 5108 3923 5202 ipse
3955 5104 4285 5187 conspiret
