5059 6059
337 318 455 387 385

334 509 493 590 Heu,
532 509 690 591 quod
720 528 850 576 non
891 509 1177 592 capietur
1218 509 1528 592 iniquitas
1559 508 1779 575 domus
1805 510 1947 576 cius
1987 509 2258 576 victimis

338 602 391 662 et
462 594 822 660 muneribus
900 615 1099 678 usque
1185 596 1256 661 in
1320 599 1656 662 ademum.
1768 595 1870 661 15.
1936 594 2262 662 Dormivit

332 686 523 748 andem
582 679 836 746 Βαηιιιεῑ
890 701 1085 764 usque
1135 700 1337 761 manc,
1403 683 1767 764 aperuitque
1818 683 1981 748 ostia
2035 683 2259 748 domus

329 767 598 834 Domitii.
687 765 777 832 Et
822 766 1081 834 Semel
1121 767 1373 833 timebat
1413 768 1698 833 iudicare
1740 768 2043 833 visionem
2086 767 2253 834 Heli.

331 853 422 919 16.
495 852 745 919 Vocavit
799 873 940 937 erqo
999 853 1153 920 Heli
1197 851 1564 931 Samuelem
1621 859 1679 919 et
1735 853 1917 933 dixit,
1977 852 2256 932 Samuel,

323 939 415 1020 fili
453 940 560 1005 mi.
657 938 781 1021 Qui
837 940 1221 1020 respondens
1262 939 1386 1005 αἰὲς
1441 938 1700 1006 Praesto
1755 959 1921 1006 suun.
2008 940 2110 1003 17.
2170 939 2262 1004 Et

327 1026 904 1109 interroycviteum:
947 1027 1105 1107 Quis
1134 1030 1228 1092 cst
1266 1044 1467 1091 senno
1499 1026 1612 1107 qui
1645 1024 1850 1090 dictus
1889 1029 1982 1090 est
2020 1026 2108 1092 ad
2150 1025 2256 1090 te?

326 1114 506 1177 orote
545 1131 623 1176 ue
663 1110 959 1176 celaveris
1000 1131 1115 1177 mc.
1183 1110 1361 1177 Haec
1399 1110 1600 1193 faciat
1630 1109 1965 1190 tibiDeus‚
2009 1116 2065 1176 et
2106 1110 2259 1176 haec

323 1195 2258 1277 addat,siabscondoeisamesernwnemexomnibus

319 1281 507 1349 verbis
547 1302 716 1364 quae
758 1281 924 1348 dicta
964 1287 1111 1348 stunt
1150 1281 1284 1348 tibi.

476 1453 830 1537 Ooepimus
884 1453 1198 1519 hesterna
1253 1454 1563 1521 concione
1619 1452 1871 1532 docere,
1929 1453 2254 1537 quomodo

320 1539 655 1625 dispositos
701 1559 846 1605 esse
886 1559 1009 1605 nos
1055 1540 1297 1620 deceat,
1341 1560 1544 1622 quum
1588 1539 1772 1605 Deus
1816 1562 1938 1607 nos
1979 1538 2105 1606 hoc
2151 1542 2255 1607 be-

317 1627 532 1693 neficio
614 1625 854 1703 afficit,
937 1634 1014 1690 ut
1091 1627 1370 1691 verbum
1437 1646 1629 1693 suum
1697 1626 1886 1692 nobis
1963 1628 2252 1710 patefiat,

316 1730 557 1796 nempe,
604 1719 894 1776 attentas
937 1732 1131 1778 aures
1175 1711 1257 1777 ad
1302 1712 1443 1778 eius
1486 1711 1691 1777 verba
1722 1720 2022 1794 oportere
2066 1733 2250 1795 prae-

319 1798 441 1864 beri
504 1817 544 1862 a
606 1795 817 1863 nobis.
904 1797 1135 1879 Neque
1197 1816 1357 1863 vero
1417 1797 1745 1863 Dominus
1810 1818 1952 1876 nos,
2016 1797 2251 1864 surdas

320 1884 459 1950 licet
518 1903 719 1949 aures
783 1891 851 1949 et
913 1895 1329 1949 contumaces
1393 1882 1782 1960 adferentes,
1862 1883 2103 1966 alloqui
2183 1894 2249 1949 et

315 1968 697 2052 compellare
739 1967 995 2048 desinit,
1038 1968 1154 2034 sed
1197 1978 1273 2033 ut
1316 1968 1509 2034 multi
1551 1970 1714 2034 fiant
1756 1968 2250 2051 inexcusabiles,

310 2055 517 2120 audita
559 2054 832 2138 quidem
874 2053 990 2121 sed
1032 2063 1410 2139 contempta
1452 2056 1751 2120 veritate.
1819 2055 2055 2139 Itaque
2099 2077 2247 2122 ver·

314 2141 452 2205 bum
493 2138 764 2224 quidem
812 2140 937 2205 Dei
993 2140 1299 2206 omnibus
1357 2141 1503 2206 sine
1556 2139 1934 2206 discrimine
1989 2141 2245 2224 praedi·

313 2226 566 2305 cabitur,
616 2237 758 2291 tam
801 2225 1157 2292 incredulis
1199 2246 1399 2309 quam
1442 2224 1765 2303 fidelibus,
1823 2235 1960 2292 tam
2004 2227 2246 2294 refrac-

318 2313 483 2378 tariis
534 2320 605 2378 et
666 2310 1192 2390 contumacibus,
1258 2332 1455 2396 quam
1521 2312 1868 2396 morigeris
1931 2322 1999 2378 et
2060 2314 2246 2380 obse-

314 2398 686 2480 quentibus:
734 2397 847 2463 sed
891 2418 1232 2481 nunquam
1276 2416 1423 2463 cum
1470 2397 1689 2463 debita
1733 2398 2104 2466 reverentia
2138 2418 2249 2464 ex-

311 2484 611 2567 cipietur,
682 2484 812 2549 nisi
875 2485 1171 2549 animum
1242 2482 1326 2549 ad
1391 2483 1532 2550 eius
1597 2482 1797 2551 verba
1862 2484 2246 2567 excipienda

313 2579 784 2653 praeparatum,
825 2578 894 2635 et
935 2570 1016 2635 ad
1062 2569 1202 2635 eius
1241 2569 1621 2652 obsequium
1667 2569 2099 2652 compositum
2136 2569 2249 2635 ha-

313 2658 601 2722 beamus:
673 2665 749 2720 ut
803 2655 1169 2723 doctrinam
1229 2655 1633 2739 propositam
1689 2675 1839 2722 cum
1887 2656 2066 2721 omni
2108 2677 2248 2722 mo-

312 2740 504 2808 destia
546 2741 797 2806 nostris
838 2741 1078 2806 animis
1139 2742 1508 2823 infigamus.
1598 2738 2062 2822 Quamobrem,
2121 2741 2247 2808 etsi

314 2847 430 2892 non
469 2828 706 2893 eadem
751 2847 919 2911 quae
960 2826 1235 2894 Samuel
1293 2826 1496 2893 verba
1549 2847 1962 2909 usurpemus,
2022 2836 2242 2893 tamen

312 2913 441 2978 eius
484 2912 794 2996 exemplo
837 2912 1256 2980 statuendum
1294 2910 1472 2995 apud
1531 2932 1650 2978 nos
1703 2913 1972 2978 omnino
2029 2921 2129 2979 est
2181 2921 2249 2978 et

309 3000 530 3066 animis
571 2999 782 3065 altius
816 2997 1241 3083 infigendum,
1288 2998 1419 3064 Dei
1455 2995 1724 3064 verbum
1759 3019 1952 3065 suum
1986 3019 2247 3082 semper

310 3085 598 3152 effectum
687 3086 1090 3150 sortiturum.
1199 3085 1279 3151 In
1358 3085 1729 3167 praesentia
1791 3083 1996 3169 igitur
2058 3086 2245 3150 nobis

208 3227 231 3246 ,
310 3168 705 3238 observanda
745 3170 1154 3237 confirmatio
1196 3172 1564 3236 sententiae
1608 3172 1741 3235 iam
1785 3191 1825 3236 a
1869 3169 2015 3236 Deo
2060 3171 2244 3254 prius

310 3256 483 3340 latae,
526 3256 705 3341 quod
749 3256 989 3322 iterum
1026 3256 1211 3321 illam
1253 3263 1585 3342 oporteret
1627 3256 2050 3340 promulgari,
2110 3278 2243 3322 non

307 3340 377 3405 ad
409 3344 616 3426 ipsius
655 3351 917 3409 tantum
940 3342 1115 3419 Heli,
1162 3340 1278 3408 sed
1322 3341 1405 3407 ad
1449 3341 1674 3426 populi
1718 3342 1920 3408 totins
1964 3344 2243 3407 instruc-

307 3428 547 3506 tionem,
587 3439 673 3495 ut
716 3428 917 3512 probe
960 3437 1181 3494 nosset
1222 3447 1263 3491 a
1298 3426 1444 3494 Deo
1488 3430 1607 3494 toti
1652 3427 1752 3492 illi
1796 3427 2084 3493 familiae
2128 3449 2243 3510 pu·

308 3513 613 3581 uitionem
675 3512 1070 3591 denuntiari,
1127 3535 1259 3597 qua
1314 3514 1457 3598 ipse
1515 3514 1716 3579 etiam
1783 3515 2240 3597 corrigeretur,

309 3610 556 3683 propter
618 3600 995 3685 neglectum
1041 3600 1167 3665 Dei
1213 3620 1473 3677 nomen,
1534 3608 1602 3665 et
1644 3598 1901 3665 cultum
1943 3599 2083 3665 eius
2128 3599 2243 3666 de·

310 3697 670 3766 pravatum.
760 3687 970 3752 Porro
1015 3705 1217 3768 quum
1276 3685 1373 3750 ait
1415 3684 1776 3751 Dominus:
1834 3685 1999 3750 Rem
2038 3705 2105 3751 se
2142 3684 2243 3767 fa·

308 3790 442 3851 cere,
484 3792 685 3855 quam
725 3773 837 3853 qui
882 3773 1179 3851 audiant,
1220 3771 1510 3854 futurum
1551 3772 1640 3836 sit
1678 3777 1751 3835 ut
1791 3790 2008 3836 corum
2052 3791 2242 3836 aures

311 3856 596 3939 tinniant,
663 3857 922 3941 phrasis
978 3854 1391 3923 observanda
1450 3867 1586 3923 tam
1647 3855 1778 3941 legi
1833 3878 2030 3940 quam
2091 3877 2239 3939 pro·

312 3940 504 4021 pheu's
559 3944 1019 4020 usitatissima,
1076 3943 1158 4009 ad
1216 3941 1541 4025 stupenda
1583 3942 1709 4008 Dei
1764 3941 2001 4008 iudicia
2042 3941 2242 4009 deno-

314 4027 512 4106 tanda,
556 4027 650 4095 ad
694 4051 862 4112 quae
910 4029 1205 4096 homines
1238 4030 1425 4094 velut
1465 4028 1730 4094 attoniti
1767 4029 2242 4111 obstupescant,

310 4124 371 4176 et
420 4125 735 4199 tanquam
807 4116 918 4181 icti
977 4115 1294 4182 divinitus
1352 4114 1693 4180 horreant:
1761 4112 1902 4192 hoc,
1969 4113 2239 4197 inquam

310 4198 423 4264 sibi
462 4201 705 4267 volunt
744 4200 870 4266 hae
915 4221 1126 4284 voces,
1169 4200 1306 4266 sore
1350 4210 1428 4265 ut
1471 4221 1660 4266 aures
1703 4201 2007 4265 tinniant.
2094 4198 2238 4264 Du-

307 4285 465 4351 citur
520 4297 744 4353 autem
803 4286 967 4353 haec
1020 4286 1326 4369 loquendi
1382 4285 1595 4351 forma
1651 4286 1732 4352 ab
1776 4307 1851 4351 eo
1892 4285 2065 4369 quod
2108 4284 2242 4368 ple-

308 4390 574 4455 rumque
599 4372 843 4439 accidit
876 4384 950 4438 ut
984 4374 1273 4438 tinniant
1306 4393 1519 4450 aures,
1563 4372 1750 4454 quasi
1789 4380 1984 4437 vento
2023 4370 2238 4454 aliquo

309 4476 675 4537 percussae,
742 4460 856 4542 qui
919 4469 1137 4524 tamen
1203 4458 1377 4524 unde
1439 4457 1529 4523 sit
1590 4457 1965 4541 ignoretur,
2031 4477 2241 4539 neque

310 4544 470 4609 enim
515 4566 722 4610 sonus
766 4545 875 4610 ille
915 4565 1067 4611 cum
1111 4544 1328 4628 aliqua
1362 4551 1464 4609 est
1497 4543 1947 4627 intelligentia.
2017 4540 2239 4623 Quare

310 4648 498 4710 quum
541 4631 624 4697 de
660 4631 901 4700 divinis
933 4631 1206 4708 iudiciis,
1252 4651 1514 4695 omnem
1540 4629 1894 4695 humanam
1918 4629 2239 4696 rationem

309 4716 761 4797 superantibus
804 4716 1041 4802 agitur,
1105 4715 1188 4781 ad
1245 4736 1412 4800 quae
1456 4736 1688 4780 sensus
1731 4715 1857 4798 ipsi
1901 4714 2238 4797 obstupes-

311 4810 478 4882 cunt,
518 4823 715 4870 aures
755 4804 1000 4869 tinnire
1050 4801 1183 4868 illis
1227 4810 1489 4868 nostrae
1544 4800 1870 4868 dicuntur.
1959 4803 2059 4865 Ac
2102 4820 2240 4864 me-

313 4887 431 4952 rito
484 4910 647 4955 sane
706 4890 1022 4974 populum
1079 4888 1426 4971 oportebat
1478 4884 1559 4952 ad
1618 4886 1782 4951 haec
1826 4886 2094 4951 Domini
2138 4886 2239 4950 iu-

312 4971 487 5051 dicia,
533 4975 617 5040 de
659 4974 896 5059 quibus
932 4975 1256 5057 deinceps,
1292 4972 1577 5039 horrere.
1641 4972 1816 5038 Nam
1852 4993 1931 5037 ea
1964 4991 2034 5037 se
2058 4972 2241 5037 Deus

314 5059 525 5140 populi
564 5062 768 5128 'huius
810 5070 1242 5146 protectorem
1284 5060 1542 5125 ratione
1599 5057 2006 5143 promiserat,
2067 5055 2239 5140 quod

314 5143 379 5206 in
422 5145 635 5211 medio
677 5149 899 5231 ipsius,
959 5154 1226 5230 propter
1269 5145 1715 5213 sanctuarium
1757 5151 1914 5226 puta
1958 5164 2076 5209 suo
2123 5165 2240 5207 no-

312 5230 469 5295 mini
511 5231 794 5299 dicatum
838 5233 1196 5301 habitaret:
1263 5231 1434 5314 quod
1492 5232 1756 5315 signum
1814 5251 1957 5296 esse
2011 5251 2238 5313 perpe‘

452 5333 668 5391 dev‘m'
700 5351 895 5405 opera.
969 5335 1089 5392 Vol.
1123 5332 1364 5389 XXIX.

1666 318 1769 386 IN
1809 318 1866 388 1.
1910 320 2092 388 LIB.
2137 319 2541 388 SAMUEL.
2586 320 2788 389 OAP.
2830 320 2960 388 ΠΙ.

4186 327 4320 395 386

2360 518 2567 589 tuum,
2644 517 2898 577 certum
2963 517 3031 575 et
3092 508 3535 579 indubitatum
3598 515 3965 596 praesentis
4041 516 4310 586 virtutis

2359 616 2517 661 suae
2563 594 2841 663 volebat.
2930 595 3155 678 Quum
3197 596 3404 682 igitur
3465 596 3687 665 hosoes
3730 600 3957 684 populi
3999 600 4308 687 deinceps

2358 681 2440 748 de
2474 682 2847 747 sanctuario
2885 681 3308 765 triumphant,
3352 683 3730 751 immaniter
3764 688 4089 764 saeviunt,
4123 708 4309 757 sanc-

2359 767 2618 832 titatem
2661 788 2921 834 omnem
2966 777 3260 834 evertere
3302 770 3624 848 nituntur,
3692 772 4001 856 populum
4047 773 4303 860 fugant,

2358 872 2581 920 arcam
2632 853 2843 935 ipsam
2887 852 3169 920 foederis
3208 864 3470 938 captam
3514 865 3866 940 asportant,
3926 857 4054 925 Dei
4097 861 4305 943 ipsius

2358 938 2572 1005 veluti
2629 939 2915 1022 figuram
2974 947 3040 1005 et
3096 940 3186 1004 im
3277 941 3472 1019 'nem,
3529 942 3699 1024 quod
3759 943 3827 1008 in
3885 965 3964 1010 ea
4006 943 4118 1011 lex
4158 947 4305 1030 ipsa

2358 1032 2426 1090 et
2467 1025 2773 1092 instituta
2827 1024 3082 1109 reliqua
3135 1026 3208 1091 in
3274 1048 3390 1091 usa
3448 1037 3890 1110 servarentur,
3947 1031 4115 1114 quis,
4170 1053 4303 1114 oro,

2358 1111 2525 1194 quis,
2577 1111 2868 1194 inquam,
2926 1132 3055 1176 non
3117 1110 3199 1175 ad
3260 1122 3394 1178 tam
3438 1112 3810 1181 luctuosum
3852 1117 4301 1199 spectaculum

2358 1206 2536 1261 totus
2579 1196 3009 1277 cohorreeoat,
3052 1197 3225 1279 quod
3271 1219 3310 1263 a
3352 1199 3497 1264 Deo
3540 1200 3748 1266 veluti
3792 1201 4301 1285 repudiarentur

2359 1293 2426 1348 et
2468 1282 2738 1349 omnino
2797 1283 3267 1350 reiicerenmr?
3351 1284 3503 1351 Non
3559 1286 3676 1352 abs
3740 1307 3813 1351 re
3868 1287 4073 1372 igitur
4117 1289 4300 1356 Deus

2358 1368 2483 1436 hoc
2523 1368 2837 1434 iudicium
2880 1368 3168 1434 ostendit
3209 1369 3347 1435 fore
3392 1378 3526 1434 tam
3572 1370 3993 1453 horrendum,
4040 1383 4115 1439 ut
4155 1395 4304 1441 sen·

2355 1474 2469 1520 sus
2524 1453 2798 1519 humani
2855 1454 3314 1538 obstupefiunt.
3403 1455 3612 1521 Porro
3670 1477 3873 1540 quum
3927 1459 4300 1527 istiusmodi

2355 1540 2894 1605 comminationes
2952 1540 3342 1618 audivimus,
3398 1549 3699 1608 nostrum
3755 1552 3857 1609 est
3919 1566 4166 1629 sapere,
4231 1556 4301 1613 et

2353 1624 2575 1691 Deum
2630 1624 3012 1709 suppliciter
3065 1625 3419 1709 deprecari,
3476 1649 3561 1693 ne
3618 1649 3819 1712 quum
3878 1629 3958 1697 de
4015 1633 4298 1715 peccatis

2355 1712 2602 1777 nostris
2644 1732 2885 1794 poenas
2930 1723 3312 1793 sumpturus
3355 1733 3625 1780 manum
3683 1714 3990 1783 ultricem
4033 1719 4297 1798 exserit,

2350 1796 2646 1862 severius
2688 1798 2756 1862 in
2799 1817 2922 1864 nos
2964 1797 3500 1864 animadvertens
3532 1799 3772 1868 ictibus
3805 1801 3898 1868 ita
3919 1803 4295 1883 contundat,

2351 1890 2429 1947 ut
2469 1882 2544 1947 in
2580 1882 2930 1966 reprobum
2964 1903 3229 1949 sensum
3267 1883 3726 1951 coniiciamur:
3770 1887 3884 1952 sed
3921 1890 4139 1972 potius
4171 1890 4293 1956 sub

2351 1967 2495 2034 eius
2539 1989 2739 2033 manu
2782 1969 2876 2035 sic
2918 1969 3349 2051 proficiamus,
3396 1979 3470 2035 ut
3512 1970 3669 2036 dum
3715 1994 3836 2038 nos
3877 1975 4165 2059 corrigit,
4211 1976 4293 2042 de

2349 2055 2594 2119 nostris
2635 2055 2916 2138 peccatis
2960 2053 3130 2120 serio
3165 2054 3532 2138 cogitemus
3566 2065 3635 2123 et
3669 2058 3926 2124 veniam
3962 2081 4049 2126 ex
4070 2062 4290 2128 animo

2348 2139 2677 2223 supplices
2721 2137 3166 2223 deprecemur.
3257 2138 3476 2221 Quam
3519 2142 3694 2209 enim
3740 2142 4140 2211 horrendum
4168 2157 4289 2224 est,

2348 2224 2480 2290 Dei
2522 2246 2790 2291 manum
2835 2237 3154 2290 armatam
3200 2224 3284 2291 ad
3330 2225 3682 2294 vindictam
3727 2227 4072 2298 adversum
4117 2255 4292 2301 mor·

2350 2309 2516 2377 tales
2574 2311 2879 2400 experiri,
2942 2318 3010 2378 et
3075 2311 3156 2376 ad
3220 2311 3448 2396 plagas
3510 2313 3720 2397 ipsius
3784 2314 4287 2400 obstupescere?

2352 2394 2578 2477 Quum
2641 2397 2845 2481 igitur
2901 2395 3319 2464 didicerimus
3375 2419 3500 2465 nos
3564 2399 3869 2468 omnibus
3921 2404 4292 2487 castigatio·

2351 2480 2549 2548 nibus
2629 2495 2699 2547 et
2766 2482 3219 2565 punitionibus
3304 2492 3574 2568 propter
3637 2497 3865 2552 nostra
3928 2499 4192 2571 peccata
4251 2512 4291 2556 a

2350 2567 2496 2634 Deo
2537 2568 2849 2636 immissis
2889 2569 2986 2634 ita
3026 2568 3430 2649 submittere,
3487 2580 3561 2635 ut
3602 2592 3946 2654 precemur
3998 2594 4150 2641 eum
4205 2597 4292 2642 ne

2351 2662 2620 2737 stupore
2673 2653 2788 2721 illo
2844 2674 2967 2721 nos
3021 2653 3245 2734 feriat,
3303 2675 3431 2738 quo
3486 2655 3558 2722 in
3613 2679 3879 2725 sensum
3940 2660 4289 2743 reprobum
4373 2703 4376 2706 -

2351 2741 2630 2807 coniecti
2673 2739 2769 2806 sic
2812 2740 2953 2806 eius
2994 2741 3435 2823 praesentiam
3479 2740 3880 2824 horreamus,
3946 2755 4022 2811 ut
4054 2746 4289 2815 iudicis

2351 2836 2422 2892 et
2464 2826 2957 2910 antagonistae:
3013 2824 3132 2892 sed
3174 2826 3392 2909 potius
3434 2826 3779 2895 audiamus
3824 2830 4288 2899 admonentem

2352 2922 2419 2977 et
2476 2912 2924 2979 declarantem
2979 2932 3053 2978 se
3111 2910 3244 2979 illis
3299 2932 3423 2977 nos
3465 2913 3726 2980 erudire
3770 2913 3852 2980 ad
3898 2917 4286 2984 modestiam

2351 3006 2419 3062 et
2461 2997 2921 3077 humilitatem,
2979 3018 3057 3063 ac
3099 3007 3512 3081 peccatorum
3562 2999 3801 3065 seriam
3859 3000 4284 3086 agnitionem,

2348 3103 2476 3184 quo
2520 3084 2971 3150 remissionem
3007 3083 3437 3164 obtineamus,
3480 3086 3765 3150 multum
3800 3106 3963 3153 sane
3996 3090 4285 3172 profece-

2352 3190 2580 3236 rimus.

2518 3254 2851 3340 Deinceps
2891 3256 3177 3322 minatur
3211 3253 3392 3322 Deus
3442 3276 3511 3321 se
3552 3257 3858 3323 adversus
3899 3257 4053 3325 Heli
4089 3260 4286 3342 fami-

2345 3341 2505 3408 liam
2567 3361 2962 3424 quouscunque
3006 3342 3426 3425 praedixerat
3466 3343 3939 3408 suscitaturum.
4028 3343 4287 3426 Quibus

2348 3427 2567 3493 verbis
2590 3447 2777 3494 sacra
2811 3429 3138 3513 scriptura
3171 3428 3551 3510 frequenter
3594 3428 3820 3513 utitur,
3867 3438 3943 3495 ut
3984 3430 4287 3498 ostendat

2345 3514 2563 3580 Deum
2620 3525 2757 3579 tam
2798 3513 3337 3579 comminationes
3382 3533 3583 3596 quam
3627 3515 4088 3596 promissiones
4130 3539 4287 3586 suas

2342 3598 2427 3665 ad
2471 3598 2726 3664 exitum
2768 3598 3147 3683 perducere,
3191 3608 3266 3663 ut
3311 3598 3478 3663 nibil
3523 3620 3808 3682 unquam
3833 3600 4022 3667 Deus
4055 3602 4290 3669 cadere

2342 3705 2569 3751 eorum
2604 3705 2772 3768 quae
2808 3684 2997 3764 dixit,
3041 3682 3108 3748 id
3130 3692 3231 3750 est
3264 3684 3527 3749 irritum
3562 3705 3704 3751 esse
3738 3686 3931 3751 sinat.
3998 3687 4286 3756 Ducitur

2340 3783 2564 3836 autem
2621 3770 2781 3837 haec
2838 3767 3199 3837 similitudo
3256 3789 3295 3834 a
3353 3771 3545 3837 rebus
3606 3773 3949 3855 corporeis,
4005 3782 4084 3839 ut
4134 3784 4282 3841 tum

2339 3856 2471 3921 Dei
2540 3856 2810 3923 verbum
2874 3854 3183 3923 cecidisse
3246 3854 3521 3935 dicatur,
3601 3875 3805 3940 quum
3867 3878 4001 3925 non
4067 3863 4279 3943 primo

2341 3963 2598 4026 quoque
2641 3952 2932 4027 tempore
2975 3960 3171 4008 suum
3212 3940 3519 4008 effectum
3553 3942 3870 4026 producit.
3941 3943 4052 4012 Sic
4087 3946 4279 4029 paulo

2341 4037 2489 4110 post
2531 4028 2814 4106 additur,
2872 4047 3102 4093 eorum
3159 4047 3330 4110 quae
3371 4026 3557 4094 Deus
3618 4031 4167 4111 pronunciaverat
4210 4034 4280 4097 in

2343 4125 2588 4180 terram
2645 4114 2813 4180 nihil
2873 4111 3205 4190 decidisse,
3265 4111 3330 4177 id
3391 4126 3492 4178 est
3548 4114 3768 4180 Deum
3822 4127 3965 4181 rata
4023 4137 4279 4199 semper

2341 4201 2571 4266 fecisse
2635 4221 2802 4283 quae
2865 4199 2935 4264 in
3002 4218 3195 4263 auras
3258 4199 3495 4264 abiisse
3561 4199 3965 4267 videbantur.
4054 4199 4277 4282 Quare

2342 4285 2854 4364 observandum,
2919 4283 3137 4350 Deum
3204 4284 3287 4350 ad
3352 4285 3616 4368 aliquod
3683 4296 3941 4369 tempus
4007 4308 4274 4353 suorum

2340 4372 2732 4439 iudiciorum
2771 4370 3185 4437 differentem
3220 4371 3692 4449 executionem,
3729 4393 3860 4437 non
3889 4371 4036 4437 ideo
4059 4384 4278 4438 tamen

2343 4479 2475 4524 non
2541 4457 2986 4534 metuendum,
3053 4465 3166 4521 aut
3240 4477 3372 4521 non
3437 4456 3585 4522 ideo
3666 4457 4276 4526 comminationibus

2339 4545 2548 4626 ipsius
2589 4543 2788 4609 fidem
2833 4563 2969 4608 non
3012 4541 3469 4620 adhibendam,
3512 4545 3693 4627 quasi
3733 4545 3917 4608 vanis
3952 4553 4019 4609 et
4052 4542 4275 4612 irritis.

2340 4628 2541 4696 Absit
2580 4630 2916 4695 imitemur
2951 4627 3276 4710 profanos,
3336 4648 3500 4711 quos
3552 4629 3608 4694 si
3652 4628 3835 4693 Deus
3895 4628 3975 4693 ad
4021 4637 4278 4712 tempus

2342 4716 2653 4792 tolerarit,
2715 4724 2782 4780 et
2837 4714 3330 4798 castigationem
3387 4735 3577 4779 suam
3620 4712 3964 4788 distulerit,
4009 4714 4133 4780 sibi
4180 4716 4277 4782 vi·

2343 4801 2498 4868 deas
2541 4801 3002 4885 impunitatem
3041 4798 3358 4882 polliceri:
3405 4800 3532 4865 Dei
3575 4799 4107 4866 comminationes
4145 4823 4276 4868 non

2341 4888 2672 4954 absimiles
2716 4886 2974 4954 ardenti
3015 4882 3324 4952 candelae
3366 4884 3744 4964 iudicantes,
3810 4905 3973 4968 quae
4007 4885 4159 4952 licet
4194 4887 4278 4954 ad

2341 4972 2542 5040 horae
2620 4973 2814 5040 unius
2893 4979 3008 5038 aut
3085 4971 3356 5037 alterius
3433 4980 3834 5036 momentum
3914 4972 4276 5055 splendeat,

2341 5068 2582 5142 puncto
2626 5067 2843 5125 tamen
2890 5055 3201 5140 temporis
3237 5055 3699 5139 exstinguitur.
3762 5056 3856 5121 At
3890 5079 4021 5123 non
4056 5058 4280 5127 huius·

2343 5144 2519 5211 modi
2562 5152 2664 5211 est
2703 5146 2979 5213 verbum
3023 5142 3327 5225 Domini:
3379 5142 3563 5208 cuius
3604 5140 3834 5208 eadem
3876 5152 3978 5209 est
4018 5164 4279 5230 semper

2344 5230 2466 5311 vis,
2510 5252 2711 5315 quam
2740 5239 3106 5316 opportuno
3149 5227 3414 5295 demum
3455 5227 3703 5295 exserit
3737 5235 4050 5314 tempore.
4096 5229 4280 5313 Qua-
