5059 6059
863 290 994 357 263

863 480 1071 565 igitur
1138 474 1544 563 ingratitudo
1601 476 1730 542 fuit
1785 496 1913 540 non
1974 494 2323 561 agnoscere
2379 472 2786 540 benefactum

869 560 1189 635 Davidis?
1256 570 1497 647 quanta
1555 560 1799 629 malitia
1859 571 1993 629 tam
2037 561 2234 625 atroci
2278 558 2423 624 odio
2467 560 2789 625 Davidem

872 670 1057 737 prose
1103 647 1170 712 ui
1227 658 1292 713 et
1351 668 1465 729 pro
1510 647 1679 712 bono
1724 646 1965 711 malum
2013 644 2410 728 rependere?
2479 644 2617 710 Cur
2659 667 2788 710 non

867 670 1195 820 cogitabat
1254 752 1417 815 opus
1479 731 1772 799 divinum
1834 731 2019 796 esse?
2084 730 2401 796 Davidem
2460 732 2583 797 sibi
2626 730 2788 794 nihil

869 819 1202 906 proprium
1260 815 1650 883 vendicare?
1713 817 1852 882 Deo
1910 817 2070 883 duce
2113 817 2346 880 factum
2394 815 2558 881 illud
2603 813 2786 881 esse?

872 907 1013 973 Cur
1056 924 1185 969 non
1230 902 1299 966 in
1346 904 1721 968 memoriam
1767 900 2110 967 revocabat
2154 901 2281 965 Dei
2316 901 2667 983 decretum,
2712 900 2790 965 de

870 1012 994 1057 sua
1051 986 1578 1054 exauctoratione
1632 999 1696 1052 et
1752 988 2094 1052 reiectione
2139 1008 2178 1051 a
2221 987 2397 1070 regia
2442 986 2788 1070 dignitate,

874 1086 942 1141 et
985 1073 1194 1141 eidem
1239 1093 1380 1139 sese
1424 1071 1887 1139 submittebat?
1935 1073 2158 1153 Quare
2203 1071 2363 1138 Saul
2408 1092 2540 1137 non
2587 1071 2788 1135 Davi-

874 1162 1043 1238 dem,
1111 1157 1223 1224 sed
1288 1157 1507 1222 Deum
1572 1160 1784 1241 ipsum
1848 1159 2307 1230 insectabatur,
2376 1167 2440 1221 et
2481 1158 2605 1241 ipsi
2648 1155 2791 1221 Deo

872 1245 1132 1313 viventi
1196 1241 1436 1309 bellum
1491 1244 1846 1308 indicebat:
1913 1256 1974 1307 et
2035 1254 2336 1325 tanquam
2395 1246 2672 1307 furiosus
2726 1249 2793 1307 et

877 1330 1226 1399 freneticus
1269 1330 1481 1411 ipsum
1527 1328 1775 1393 coelum
1820 1338 2037 1411 petere
2079 1329 2358 1393 volebat.
2449 1327 2628 1392 Haec
2671 1328 2791 1391 ita-

879 1439 1006 1502 que
1051 1413 1392 1479 manifesta
1436 1412 1655 1479 Saulis
1702 1414 1876 1479 vitia.
1963 1413 2142 1478 Hinc
2180 1413 2500 1479 discamus
2544 1414 2613 1477 in
2658 1412 2792 1495 pri-

879 1504 1005 1568 mis
1068 1520 1298 1566 cavere
1364 1519 1789 1582 summopere,
1856 1520 1939 1562 ne
2004 1496 2148 1564 aliis
2205 1500 2479 1564 virtutes
2538 1519 2697 1580 quas
2754 1518 2793 1561 a

879 1587 1024 1653 Deo
1093 1593 1480 1668 acceperunt
1551 1583 1990 1649 invideamus:
2063 1584 2375 1665 siquidem
2434 1582 2792 1648 alienarum

883 1673 1199 1737 virtutum
1244 1666 1446 1733 invidi
1493 1690 1621 1733 non
1667 1669 1736 1732 in
1780 1668 2074 1733 homines
2119 1682 2390 1746 tantum,
2434 1669 2547 1733 sed
2590 1669 2660 1732 in
2697 1671 2792 1751 ip-

881 1778 1025 1823 sum
1073 1756 1288 1820 Deum
1337 1754 1662 1819 viventem
1707 1765 1975 1838 peccant
2017 1763 2081 1817 et
2123 1764 2273 1819 sunt
2316 1754 2792 1819 contumeliosi:

881 1849 949 1906 et
985 1841 1042 1907 si
1072 1840 1357 1905 divinam
1385 1841 1784 1905 maiestatem
1807 1839 2244 1905 adversariam
2270 1839 2527 1913 habent,
2576 1839 2797 1920 quales

885 1930 1172 2011 ipsorum
1231 1925 1406 1989 vires
1466 1923 1773 1990 adversus
1833 1944 1973 1989 eam
2019 1924 2278 1988 futurae
2333 1923 2535 1989 sunt?
2624 1924 2798 1989 Con·

885 2014 1178 2096 spicuum
1224 2010 1432 2092 igitur
1475 2020 1592 2092 est,
1659 2010 1824 2086 odia,
1892 2021 1956 2074 et
2012 2010 2340 2085 invidiam,
2408 2017 2473 2073 et
2526 2009 2797 2073 livorem

886 2099 1132 2162 alienae
1205 2095 1467 2160 virtutis
1526 2115 1663 2159 esse
1723 2095 2035 2158 adversus
2088 2093 2303 2158 Deum
2362 2094 2796 2159 inimicitiam:

887 2204 961 2248 ac
1003 2180 1271 2265 proinde
1316 2181 1424 2262 qui
1467 2178 1762 2261 proximo
1805 2178 1971 2243 dona
2007 2179 2277 2256 invidet,
2323 2199 2451 2243 non
2492 2179 2802 2243 adversus

889 2266 1248 2343 mortalem,
1310 2264 1420 2329 sed
1467 2263 1780 2330 adversus
1836 2263 2057 2329 Deum
2113 2265 2325 2346 ipsum
2372 2285 2680 2349 pugnare,
2740 2277 2804 2327 et

888 2351 1153 2418 tandem
1211 2348 1672 2415 detrimentum
1735 2370 1808 2414 ac
1867 2370 2184 2414 summam
2243 2352 2678 2414 confusionem
2734 2348 2798 2411 in

888 2459 958 2503 se
1002 2439 1215 2520 ipsum
1294 2456 1638 2501 accersere.
1725 2434 1900 2515 Quin
1955 2436 2085 2499 imo
2129 2433 2288 2500 Saul
2331 2435 2466 2518 ipse
2510 2455 2650 2499 sese
2694 2454 2802 2498 ore

889 2521 1147 2607 proprio
1205 2521 1611 2597 condemnat,
1669 2541 1867 2602 quum
1913 2520 2021 2596 ait,
2078 2520 2230 2601 quid
2271 2520 2329 2584 ei
2361 2525 2636 2600 superest
2674 2520 2803 2584 nisi

891 2610 1092 2674 solum
1133 2606 1442 2690 requam?
1529 2604 1697 2669 Nam
1744 2626 1872 2669 non
1917 2604 2181 2669 dubium
2221 2613 2319 2668 est
2355 2605 2512 2687 quin
2549 2604 2803 2670 venerit

889 2694 1015 2777 ipsi
1072 2692 1142 2755 in
1199 2698 1482 2756 mentem
1541 2690 1862 2756 Samuelis
1904 2690 2016 2755 illa
2059 2690 2488 2767 comminatio,
2544 2690 2647 2754 cui
2690 2709 2804 2773 pro

889 2777 1143 2845 viribus
1189 2777 1485 2841 resistere
1531 2776 1773 2841 nititur.
1861 2773 1991 2841 Sed
2031 2775 2182 2858 quid
2220 2776 2415 2840 miser
2450 2783 2802 2858 promovet,

891 2865 1016 2930 nisi
1054 2860 1222 2946 quod
1258 2860 1565 2927 adversus
1599 2860 1893 2926 stimulos
1928 2859 2261 2926 calcitrat?
2339 2859 2501 2925 Inde
2538 2872 2803 2944 apparet

891 2948 1188 3015 homines
1225 2946 1361 3011 suis
1395 2945 1800 3028 passionibus
1835 2947 2201 3029 implicitos,
2249 2967 2504 3010 omnem
2543 2966 2803 3010 sensum

890 3034 1161 3099 rationis
1205 3031 1519 3108 amittere,
1566 3044 1628 3096 et
1663 3040 1972 3113 tauquam
1996 3034 2164 3096 feras
2186 3031 2518 3096 belluasin
2546 3032 2807 3096 obvium

892 3138 1210 3203 quemque
1257 3127 1496 3181 temere
1541 3117 1730 3181 ferri:
1776 3137 1851 3181 ao
1894 3117 1948 3181 si
1983 3116 2194 3181 Deum
2218 3120 2430 3199 ipsum
2454 3115 2805 3194 offendant,

890 3205 1086 3272 etiam
1144 3201 1458 3266 adversus
1514 3203 1729 3284 ipsum
1798 3221 2111 3286 pugnare,
2174 3222 2487 3284 suumque
2542 3203 2809 3267 exitium

895 3289 1155 3354 sibimet
1196 3289 1356 3370 ipsis
1396 3285 1666 3351 adferre.
1755 3286 1903 3367 Quo
1946 3307 2167 3352 sumus
2211 3288 2410 3371 igitur
2453 3288 2520 3351 in
2556 3287 2677 3352 hoc
2722 3289 2810 3351 vi·

896 3378 1057 3439 tium
1127 3372 1559 3454 procliviores,
1626 3392 1700 3436 eo
1764 3372 1970 3437 maior
2035 3371 2399 3437 adhibenda
2464 3373 2650 3438 nobis
2714 3380 2814 3437 est

897 3459 1129 3533 cautio,
1180 3466 1250 3521 ut
1292 3457 1534 3521 nostris
1578 3457 1911 3522 affectibus
1952 3456 2376 3531 moderemur,
2443 3479 2524 3522 ne
2570 3471 2810 3522 temere

898 3544 1214 3608 adversus
1260 3542 1472 3606 Deum
1518 3541 1730 3624 ipsum
1776 3543 2190 3626 insurgamus
2233 3554 2298 3607 et
2343 3543 2653 3607 feramur:
2699 3541 2810 3607 sed

902 3640 1132 3712 sponte
1190 3637 1255 3691 et
1314 3626 1559 3709 placide
1612 3627 1777 3692 colla
1818 3628 1939 3710 ipsi
1986 3626 2418 3705 subiiciamus,
2477 3637 2561 3705 et,
2617 3644 2812 3710 quam

902 3734 1178 3798 poenam
1220 3713 1404 3778 nobis
1436 3713 1767 3793 imponere
1802 3713 2115 3795 placuerit
2151 3714 2468 3794 patienter
2507 3714 2809 3777 feramus.

1075 3799 1164 3862 Et
1208 3795 1287 3861 de
1328 3797 1470 3862 istis
1515 3796 1847 3863 hactenus.
1938 3796 2097 3863 Saul
2140 3797 2566 3862 nihilominus
2609 3798 2810 3862 Davi·-

907 3884 1053 3949 dem
1108 3881 1280 3965 apud
1333 3902 1401 3946 se
1445 3882 1731 3947 retinuit.
1820 3882 1998 3963 Quid
2041 3883 2134 3948 ita
2175 3883 2374 3947 vero?
2462 3882 2631 3947 Nam
2676 3884 2812 3948 eius

905 3979 1233 4051 aspectum
1270 3968 1380 4031 vix
1417 3968 1583 4031 ferre
1623 3979 1890 4050 poterat,
1930 3978 1995 4032 et
2022 3979 2096 4031 ut
2118 3968 2413 4050 deinceps
2438 3967 2812 4047 videbimus,

905 4056 1044 4119 eius
1081 4052 1509 4135 praesentiam
1548 4063 1678 4117 tam
1717 4074 1906 4137 aegre
1937 4053 2104 4132 tulit,
2151 4068 2221 4117 ut
2266 4053 2391 4117 alio
2433 4049 2812 4136 amandarit,

905 4152 970 4204 et
1015 4138 1168 4203 alibi
1214 4136 1518 4202 mandata
1561 4139 1681 4219 ipsi
1725 4137 1990 4215 dederit,
2037 4160 2117 4202 ne
2164 4139 2439 4220 amplius
2484 4139 2684 4203 oculis
2717 4139 2811 4220 ip-

903 4226 1037 4292 sius
1080 4224 1553 4289 obversaretur.
1641 4222 1780 4287 Iam
1827 4226 2041 4306 itaque
2084 4225 2349 4288 retinuit
2392 4226 2602 4306 ipsum
2643 4224 2814 4307 apud

904 4333 992 4388 se,
1038 4310 1289 4374 invitus
1334 4320 1397 4372 et
1439 4330 1586 4374 cum
1632 4309 1951 4374 amicitiae
1994 4309 2419 4374 simulatione.
2505 4307 2668 4373 Inde
2703 4331 2814 4392 ap-

905 4406 1090 4480 paret
1159 4395 1456 4459 homines
1517 4394 1665 4457 odia
1721 4414 1838 4458 sua
1893 4404 1959 4458 et
2015 4395 2380 4460 inimicitias
2434 4394 2814 4477 plerumque

906 4494 1123 4566 tegere
1166 4480 1486 4544 amicitiae
1531 4478 1743 4562 pallio,
1790 4488 1856 4544 et
1888 4479 2163 4563 aliquem
2195 4480 2403 4545 odisse
2439 4484 2506 4544 in
2543 4491 2814 4563 pectore,

907 4587 1098 4651 quem
1156 4580 1390 4642 tamen,
1443 4586 1524 4629 ne
1585 4563 1896 4629 malitiam
1952 4586 2136 4629 suam
2192 4578 2254 4629 et
2300 4567 2480 4631 virus
2525 4565 2815 4649 prodant,

907 4673 1125 4720 secum
1185 4650 1462 4715 retinere
1518 4665 1584 4714 et
1643 4649 1878 4715 habere
1937 4650 2162 4726 velint,
2229 4651 2579 4734 multisque
2624 4650 2814 4715 bene·

905 4739 1067 4805 ficiis
1105 4737 1416 4801 demereri
1452 4735 1816 4814 videantur,
1860 4735 1971 4800 sed
2012 4748 2078 4801 ut
2115 4737 2441 4802 incautum
2477 4736 2531 4800 si
2568 4738 2817 4820 possint

908 4824 1297 4908 opprimant.
1388 4820 1564 4886 Saue
1619 4821 1965 4904 primariae
2020 4820 2351 4905 dignitatis
2406 4822 2597 4901 viros,
2662 4834 2816 4904 puta

907 4930 1112 4993 reges,
1196 4906 1474 4990 rincipes
1509 4918 1574 4971 et
1607 4907 1970 4973 istiusmodi
2008 4908 2183 4972 viros
2214 4928 2480 4990 magnos
2502 4907 2815 4987 videmus,

909 4998 965 5062 si
1021 5014 1144 5077 quo
1227 4992 1297 5056 in
1346 5013 1461 5057 ens
1506 4992 1883 5058 beneficium
1930 4994 2292 5075 acceperint
2335 5014 2373 5058 a
2416 4991 2816 5057 subditorum

911 5080 1142 5162 aliquo,
1199 5099 1284 5161 pu
1331 5098 1441 5143 ore
1497 5078 1773 5160 quodam
1819 5079 1985 5145 affici
2028 5076 2198 5160 quod
2240 5079 2396 5162 ipsis
2437 5098 2512 5142 eo
2557 5078 2816 5144 nomine

907 5165 1191 5232 devincti
1256 5162 1422 5230 sint:
1488 5184 1563 5230 ac
1627 5163 1898 5249 proinde
1956 5173 2181 5248 optare
2235 5184 2273 5228 a
2314 5185 2431 5229 suo
2475 5172 2816 5246 conspectu

2474 284 2888 353 HOMILIA
2936 283 3182 351 LXVI.

4633 288 4727 351 264

2890 485 3191 553 remotos,
3236 485 3303 538 et
3344 472 3604 538 illorum
3650 494 3882 539 nomen
3926 494 3963 538 e
4004 473 4173 538 vivis
4211 469 4544 537 sublatum.
4599 474 4735 540 'Ealis

2890 572 2988 623 est
3046 580 3160 641 pro
3217 558 3496 640 acceptis
3554 559 3878 624 beneficiis
3933 559 4164 640 gratia,
4223 568 4289 622 et
4346 568 4735 643 compensatio.

2889 645 3187 710 Profecto
3252 646 3308 708 si
3370 642 3525 711 Saul
3586 644 3858 710 candide
3917 657 3980 707 et
4035 645 4283 710 sincere
4338 664 4482 708 cum
4535 644 4738 711 Davide

2888 730 3144 813 egisset,
3189 750 3337 794 eum
3381 729 3552 794 ultro
3595 728 3766 812 apud
3809 750 3879 795 se
3922 739 4249 812 receptum
4295 729 4564 805 fovisset,
4603 731 4739 794 etad

2887 814 3167 879 honores
3212 816 3654 898 promovisset,
3700 837 3770 879 re
3812 814 3955 897 ipsa
3990 827 4314 897 expertus,
4359 830 4424 879 et
4458 817 4743 881 universus

2889 920 3039 966 cum
3074 901 3213 983 ipso
3248 899 3542 984 populus,
3587 911 3743 981 quot
3777 900 4165 983 quantisque
4200 900 4545 966 virtutibus
4576 922 4611 964 a
4638 901 4744 965 Deo

2890 994 3060 1052 esset
3125 996 3494 1050 exornatus.
3587 983 3718 1050 Sed
3776 985 4214 1066 nihilominus,
4271 988 4388 1051 etsi
4432 988 4747 1051 contraius

2889 1083 2954 1136 et
2996 1091 3273 1152 aequum
3317 1070 3691 1136 inimicitias
3733 1083 3990 1153 pectore
4034 1069 4313 1151 fovebat,
4372 1082 4437 1134 et
4479 1093 4603 1136 non
4638 1093 4746 1136 eum

2891 1156 3156 1221 homine
3216 1155 3490 1232 mortali,
3558 1156 3675 1221 sed
3733 1176 3882 1221 cum
3938 1155 4080 1221 Deo
4137 1157 4275 1237 ipso
4320 1157 4555 1221 bellum
4594 1160 4750 1221 susei-

2891 1241 3127 1324 piebat,
3175 1240 3281 1305 vel
3325 1240 3605 1305 invitum
3648 1241 3934 1325 oportuit
3976 1240 4146 1324 apud
4190 1263 4258 1307 se
4296 1242 4607 1307 Davidem
4638 1244 4748 1306 reti·

2890 1347 3047 1391 nere
3108 1336 3184 1391 ut
3241 1327 3379 1389 eius
3436 1326 3614 1391 furor
3671 1339 3736 1392 et
3793 1328 4012 1391 odium
4056 1338 4418 1411 augeretur,
4475 1340 4537 1391 et
4574 1340 4752 1393 contra

2892 1409 3132 1475 Davidi
3166 1431 3544 1493 prosperum
3582 1433 3801 1477 rerum
3837 1432 4199 1477 successum
4239 1412 4393 1489 dari,
4433 1422 4499 1476 et
4525 1413 4751 1496 gratiam

2892 1509 2959 1560 et
3016 1497 3424 1561 autoritatem
3484 1498 3562 1574 ei,
3631 1497 3729 1561 vel
3774 1497 3911 1580 ipso
3956 1496 4154 1562 Saule
4196 1498 4514 1578 ministro,
4570 1501 4753 1580 parari.

2892 1582 3060 1647 Nam
3123 1591 3277 1663 quot
3336 1580 3432 1645 illi
3490 1583 3797 1646 mandata
3855 1582 4030 1648 dedit
4073 1584 4142 1646 in
4188 1595 4323 1647 tota
4364 1585 4639 1666 regione,
4687 1594 4757 1646 tot

2893 1666 3109 1732 media
3167 1667 3429 1731 fuerunt
3488 1667 3720 1748 quibus
3776 1667 3873 1731 illi
3926 1671 4138 1752 gratia
4179 1682 4245 1733 et
4287 1669 4593 1733 autoritas
4629 1668 4757 1749 apud

2895 1753 3202 1835 populum
3238 1764 3466 1834 parata
3501 1752 3650 1817 fuit:
3698 1752 3869 1835 quod
3904 1754 4096 1819 etiam
4137 1755 4517 1819 nominatim
4554 1753 4759 1818 dicitur.

2894 1838 3070 1903 Hinc
3115 1847 3385 1920 apparet
3429 1839 3751 1921 principes
3795 1859 3987 1922 saepe
4024 1839 4126 1903 vel
4162 1840 4400 1903 invitos
4437 1860 4761 1921 promovere

2897 1943 3047 1988 suos
3113 1922 3400 1987 subditos
3459 1923 3523 1987 in
3587 1924 3865 2005 aliquam
3934 1924 4331 2008 dignitatem,
4400 1946 4531 1989 non
4586 1943 4759 1987 amors

2898 2030 3023 2091 quo
3068 2006 3196 2071 illis
3241 2005 3402 2071 bene
3445 2006 3669 2083 velint,
3726 2009 4026 2091 quoniam
4073 2031 4201 2073 non
4248 2022 4404 2073 eunt
4450 2008 4642 2083 liberi,
4677 2008 4759 2073 sed

2901 2093 3208 2159 vitiorum
3293 2113 3558 2156 suorum
3639 2094 3833 2157 servi.
3922 2093 4267 2159 Praeterea
4338 2093 4761 2159 observandum

2900 2199 3019 2242 sua
3077 2176 3376 2259 opinione
3420 2177 3684 2242 Saulem
3728 2177 4063 2243 excidisse.
4150 2180 4317 2243 Nam
4363 2201 4562 2262 quum
4606 2180 4761 2244 Davi·

2902 2262 3048 2327 dem
3105 2262 3275 2346 apud
3332 2283 3402 2326 se
3458 2263 3740 2338 retinuit,
3803 2284 3933 2328 non
3990 2264 4176 2330 modo
4236 2267 4406 2329 viam
4468 2264 4765 2347 praeclusit

2903 2348 3200 2414 omnibus
3257 2348 3392 2412 suis
3450 2351 3669 2430 pravis
3723 2349 4036 2414 adversus
4079 2350 4293 2434 ipsum
4338 2350 4640 2424 consiliis,
4682 2348 4764 2412 sed

2904 2435 3098 2499 etiam
3159 2435 3555 2498 occasionem
3594 2435 3830 2518 populo
3875 2434 4188 2516 praebuit,
4255 2436 4426 2517 quod
4473 2434 4767 2508 metuebat,

2907 2516 3240 2584 efficiendi.
3328 2518 3495 2583 Nam
3566 2519 3837 2602 populus
3892 2518 4043 2584 inde
4101 2532 4354 2602 poterat
4413 2522 4766 2587 occasionem

2907 2606 3190 2687 arripere
3234 2605 3411 2686 regia
3452 2604 3769 2687 dignitate
3810 2603 4022 2687 ipsum
4059 2604 4390 2690 spoliandi,
4440 2619 4505 2671 et
4539 2604 4768 2669 ludibrio

2907 2688 3206 2767 habendi,
3261 2688 3427 2771 quod
3487 2689 3656 2754 malo
3698 2690 3928 2773 spiritu
3971 2691 4220 2774 vexari,
4277 2706 4345 2755 et
4388 2691 4769 2775 ignominiose

2908 2775 3110 2841 vitam
3153 2794 3345 2857 agere
3390 2773 3653 2839 videret.
3742 2774 3977 2856 Nosne,
4037 2788 4339 2859 poterant
4380 2777 4611 2855 dicere,
4667 2776 4769 2857 regi

2907 2861 3132 2925 insano
3166 2871 3229 2922 et
3262 2859 3500 2923 furioso
3537 2859 3936 2926 servituros?
3974 2861 4129 2926 Istis
4165 2875 4233 2926 et
4266 2862 4590 2927 similibus
4620 2861 4770 2924 ratio·

2910 2944 3096 3010 uibus
3161 2943 3390 3009 adduci
3444 2956 3695 3027 poterat
3755 2946 4028 3029 populus
4074 2946 4152 3012 ad
4200 2945 4472 3012 Saulem
4518 2960 4771 3012 exaucto-

2909 3029 3202 3107 randum,
3290 3037 3357 3092 et
3436 3030 3505 3093 in
3593 3032 3891 3095 ultimum
3969 3033 4239 3097 exitium
4319 3031 4771 3097 deturbandum.

2910 3116 3104 3181 Multi
3174 3124 3471 3196 poterant
3534 3136 3619 3179 ex
3676 3117 3859 3197 plebe
3913 3118 4108 3182 rebus
4168 3118 4352 3183 novis
4408 3118 4677 3193 studere,
4726 3126 4772 3177 et

2912 3201 3093 3284 pulso
3139 3199 3342 3264 Saule
3384 3199 3707 3265 Davidem
3750 3200 3847 3265 illi
3890 3202 4301 3281 substituere,
4347 3204 4462 3285 qui
4508 3202 4664 3285 apud
4694 3220 4772 3284 po-

2914 3287 3133 3368 pulum
3200 3286 3335 3349 suis
3400 3285 3746 3352 virtutibus
3804 3297 3870 3350 et
3913 3288 4171 3371 egregie
4216 3288 4397 3353 factis
4444 3290 4699 3372 gratiam
4728 3298 4773 3349 et

2912 3371 3320 3435 autoritatem
3366 3370 3755 3451 acquirebat.
3842 3370 4003 3436 Saul
4046 3382 4263 3437 autem
4308 3374 4498 3437 illum
4543 3372 4692 3454 apud
4725 3389 4773 3433 se

2910 3457 3166 3538 retinet,
3210 3468 3282 3519 ut
3327 3466 3626 3537 tanquam
3671 3457 3992 3539 mancipio
4036 3469 4280 3542 utatur,
4325 3470 4390 3523 et
4437 3460 4578 3524 eius
4612 3458 4772 3521 virtu·

2912 3550 3040 3606 tem
3114 3539 3583 3623 quodammodo
3651 3542 3944 3624 sepeliat:
4022 3543 4135 3608 sed
4193 3544 4505 3627 opinione
4561 3544 4772 3608 fallitur.

2910 3627 3081 3691 Nam
3131 3626 3247 3690 Dei
3294 3622 3619 3691 decretum
3655 3627 4075 3692 irrevocabile
4107 3649 4299 3693 suum
4338 3631 4636 3695 effectum
4666 3647 4771 3710 pro·

2912 3711 3107 3777 ducat
3171 3731 3432 3775 necesse
3476 3722 3592 3775 est.
3681 3711 4120 3792 Quamobrem
4165 3716 4399 3781 animis
4451 3714 4675 3779 nostris
4708 3710 4773 3775 al·

2912 3799 3039 3861 tius
3082 3796 3427 3877 infigamus
3463 3818 3603 3860 eam
3639 3799 4045 3871 sententiam,
4090 3820 4257 3882 quae
4292 3802 4358 3864 in
4396 3800 4598 3865 sacris
4629 3815 4773 3878 soepe

2912 3883 3222 3948 occurrit:
3269 3880 3464 3946 Nulla
3508 3880 3797 3946 humana
3840 3883 4128 3962 consilia,
4174 3906 4383 3967 neque
4425 3885 4593 3950 ullos
4623 3904 4771 3949 oona·

2912 3975 3019 4032 tus
3055 3987 3242 4050 posse
3277 3967 3418 4031 Deo
3454 3967 3779 4032 resistere:
3824 3967 3890 4031 id
3928 3980 4043 4045 est,
4091 3990 4274 4052 posse
4309 3970 4620 4053 impedire
4650 3984 4771 4050 quas

2914 4052 3084 4136 apud
3121 4073 3191 4115 se
3227 4051 3526 4117 decrevit.
3615 4053 3690 4117 Si
3732 4052 3915 4118 Sauli
3941 4053 4068 4118 Dei
4092 4057 4423 4120 sententia
4446 4078 4573 4120 non
4596 4054 4772 4120 fuisset

2915 4139 3222 4221 abrogata
3264 4137 3443 4219 regia
3487 4137 3787 4220 dignitas,
3848 4148 3913 4202 et
3955 4140 4012 4203 si
4055 4162 4184 4204 non
4229 4143 4583 4223 accepisset
4620 4162 4655 4203 a
4688 4137 4773 4201 Sa-

2917 4223 3125 4287 muele
3161 4222 3472 4304 propheta
3507 4222 3743 4289 decreti
3785 4222 3990 4288 divini
4016 4225 4539 4306 declarationem,
4574 4236 4771 4309 poterat

2915 4308 3201 4372 humana
3257 4306 3530 4389 quadam
3587 4307 3926 4390 prudentia
3970 4310 4288 4376 Davidem
4335 4312 4575 4390 fovere,
4625 4320 4683 4374 et
4713 4304 4769 4370 ad

2916 4394 3161 4475 aliquos
3211 4391 3487 4459 honores
3544 4414 3939 4478 promovere,
3996 4416 4120 4477 quo
4165 4396 4333 4461 facto
4376 4398 4503 4463 sibi
4544 4394 4767 4481 gratiam

2916 4478 3085 4562 apud
3132 4477 3437 4561 populum
3480 4479 3897 4558 conciliasset,
3964 4492 4036 4545 ut
4076 4484 4184 4564 qui
4227 4494 4493 4565 gratum
4535 4482 4768 4547 animum

2915 4566 2973 4628 ei
3038 4563 3390 4642 exhiberet,
3455 4565 3637 4630 cuius
3699 4566 3942 4631 auxilio
4007 4566 4278 4632 victoria
4343 4580 4532 4651 parta
4592 4569 4765 4632 fuerat.

2919 4649 3049 4716 Sed
3092 4670 3287 4732 quum
3336 4650 3503 4733 apud
3550 4672 3618 4714 se
3661 4670 3923 4717 manere
3963 4650 4158 4731 iubet,
4199 4653 4294 4720 sic
4338 4663 4414 4718 ut
4451 4675 4531 4719 ne
4562 4650 4766 4737 prodire

2914 4735 3172 4817 quidem
3218 4735 3358 4799 sine
3399 4735 3699 4799 mandato
3745 4738 3966 4820 possit,
4029 4749 4096 4802 et
4140 4749 4449 4821 tanquam
4494 4737 4765 4822 captivum

2915 4821 3169 4901 retinet,
3211 4821 3336 4886 etsi
3371 4841 3560 4886 suum
3595 4821 3932 4887 consilium
3968 4842 4101 4888 non
4137 4825 4370 4906 prodit,
4412 4826 4569 4889 satis
4600 4837 4763 4886 tamen

2915 4915 3180 4990 apparet
3222 4926 3299 4971 ea
3343 4917 3560 4972 mente
3602 4906 3810 4990 ipsum
3855 4908 4080 4984 facere,
4126 4920 4199 4975 ut
4241 4909 4563 4976 Davidem
4603 4912 4765 4973 arceat

2915 5012 2954 5056 a
3008 4991 3189 5077 regia
3244 4991 3578 5077 dignitate,
3638 5013 3719 5057 ne
3760 4992 3884 5058 sibi
3927 4995 4245 5075 succedat,
4303 5007 4371 5061 et
4410 4996 4582 5061 illam
4619 4992 4762 5057 Ionn-

2917 5077 3118 5143 thano
3156 5076 3294 5143 filio
3336 5097 3453 5142 suo
3497 5078 3867 5161 praeripiat.
3952 5079 4537 5148 verumenimvero
4576 5082 4761 5145 frustm

2918 5163 3199 5247 laborat3
3241 5162 3412 5247 quod
3448 5163 3678 5229 metuit
3710 5164 3968 5232 eveniat
4002 5175 4288 5249 oportet:
4333 5186 4452 5234 nec
4483 5168 4612 5252 ipse
4640 5157 4757 5229 Saul
