<?xml version="1.0" encoding="UTF-8"?>
<!DOCTYPE html PUBLIC "-//W3C//DTD XHTML 1.0 Transitional//EN"
    "http://www.w3.org/TR/xhtml1/DTD/xhtml1-transitional.dtd">
<html xmlns="http://www.w3.org/1999/xhtml" xml:lang="en" lang="en">
 <head>
  <title>
</title>
<meta http-equiv="Content-Type" content="text/html;charset=utf-8" />
  <meta name='ocr-system' content='tesseract 3.04.00' />
  <meta name='ocr-capabilities' content='ocr_page ocr_carea ocr_par ocr_line ocrx_word'/>
</head>
<body>
  <div class='ocr_page' id='page_1' title='image "./ioanniscalvinio07unkngoog_0146.png"; bbox 0 0 5059 6059; ppageno 0'>
   <div class='ocr_carea' id='block_1_1' title="bbox 766 313 901 384">
    <p class='ocr_par' dir='ltr' id='par_1_1' title="bbox 766 313 901 384">
     <span class='ocr_line' id='line_1_1' title="bbox 766 313 901 384; baseline -0.015 0"><span class='ocrx_word' id='word_1_1' title='bbox 766 313 901 384; x_wconf 76' lang='lat'><strong>263</strong></span> 
     </span>
    </p>
   </div>
   <div class='ocr_carea' id='block_1_2' title="bbox 766 506 2738 5230">
    <p class='ocr_par' dir='ltr' id='par_1_2' title="bbox 766 506 2720 2892">
     <span class='ocr_line' id='line_1_2' title="bbox 766 506 2710 593; baseline 0.001 -20"><span class='ocrx_word' id='word_1_2' title='bbox 766 506 906 573; x_wconf 85' lang='lat' dir='ltr'><strong>imo</strong></span> <span class='ocrx_word' id='word_1_3' title='bbox 959 527 1044 573; x_wconf 92' lang='lat' dir='ltr'><strong>ne</strong></span> <span class='ocrx_word' id='word_1_4' title='bbox 1102 506 1333 571; x_wconf 88' lang='lat' dir='ltr'><strong>rimam</strong></span> <span class='ocrx_word' id='word_1_5' title='bbox 1391 506 1651 590; x_wconf 88' lang='lat' dir='ltr'><strong>quidem</strong></span> <span class='ocrx_word' id='word_1_6' title='bbox 1699 507 1902 573; x_wconf 90' lang='lat' dir='ltr'><strong>ullam</strong></span> <span class='ocrx_word' id='word_1_7' title='bbox 1949 507 2236 575; x_wconf 85' lang='lat' dir='ltr'><strong>Satanae</strong></span> <span class='ocrx_word' id='word_1_8' title='bbox 2279 507 2362 575; x_wconf 89' lang='lat' dir='ltr'><strong>ad</strong></span> <span class='ocrx_word' id='word_1_9' title='bbox 2404 508 2710 593; x_wconf 87' lang='lat' dir='ltr'><strong>despera·-</strong></span> 
     </span>
     <span class='ocr_line' id='line_1_3' title="bbox 772 592 2711 679; baseline 0.002 -21"><span class='ocrx_word' id='word_1_10' title='bbox 772 595 1018 659; x_wconf 82' lang='lat' dir='ltr'><strong>tionem</strong></span> <span class='ocrx_word' id='word_1_11' title='bbox 1082 613 1199 657; x_wconf 89' lang='lat' dir='ltr'><strong>nos</strong></span> <span class='ocrx_word' id='word_1_12' title='bbox 1267 592 1678 659; x_wconf 91' lang='lat' dir='ltr'><strong>sollicitantis</strong></span> <span class='ocrx_word' id='word_1_13' title='bbox 1749 596 2139 679; x_wconf 85' lang='lat' dir='ltr'><strong>aperiamus.</strong></span> <span class='ocrx_word' id='word_1_14' title='bbox 2254 596 2531 662; x_wconf 84' lang='lat' dir='ltr'><strong>Davidis</strong></span> <span class='ocrx_word' id='word_1_15' title='bbox 2595 618 2711 661; x_wconf 87' lang='lat' dir='ltr'><strong>ex-</strong></span> 
     </span>
     <span class='ocr_line' id='line_1_4' title="bbox 773 678 2715 764; baseline 0.001 -20"><span class='ocrx_word' id='word_1_16' title='bbox 773 680 1065 762; x_wconf 88' lang='lat' dir='ltr'><strong>emplum</strong></span> <span class='ocrx_word' id='word_1_17' title='bbox 1122 678 1473 759; x_wconf 87' lang='lat' dir='ltr'><strong>imitemur,</strong></span> <span class='ocrx_word' id='word_1_18' title='bbox 1531 701 1723 762; x_wconf 89' lang='lat' dir='ltr'><strong>quem</strong></span> <span class='ocrx_word' id='word_1_19' title='bbox 1785 703 2115 764; x_wconf 90' lang='lat' dir='ltr'><strong>nunquam</strong></span> <span class='ocrx_word' id='word_1_20' title='bbox 2176 682 2422 747; x_wconf 90' lang='lat' dir='ltr'><strong>orando</strong></span> <span class='ocrx_word' id='word_1_21' title='bbox 2480 682 2715 746; x_wconf 86' lang='lat' dir='ltr'><strong>defati-</strong></span> 
     </span>
     <span class='ocr_line' id='line_1_5' title="bbox 777 768 2711 852; baseline 0.001 -23"><span class='ocrx_word' id='word_1_22' title='bbox 777 781 1006 850; x_wconf 89' lang='lat' dir='ltr'><strong>gatum</strong></span> <span class='ocrx_word' id='word_1_23' title='bbox 1054 786 1278 849; x_wconf 87' lang='lat' dir='ltr'><strong>preces</strong></span> <span class='ocrx_word' id='word_1_24' title='bbox 1357 768 1497 829; x_wconf 91' lang='lat' dir='ltr'><strong>eius</strong></span> <span class='ocrx_word' id='word_1_25' title='bbox 1566 777 1926 845; x_wconf 79' lang='lat' dir='ltr'><strong>testantur,</strong></span> <span class='ocrx_word' id='word_1_26' title='bbox 1986 782 2279 852; x_wconf 89' lang='lat' dir='ltr'><strong>tempore</strong></span> <span class='ocrx_word' id='word_1_27' title='bbox 2330 771 2711 851; x_wconf 89' lang='lat' dir='ltr'><strong>praesertim</strong></span> 
     </span>
     <span class='ocr_line' id='line_1_6' title="bbox 774 851 2714 936; baseline 0.001 -20"><span class='ocrx_word' id='word_1_28' title='bbox 774 865 1157 934; x_wconf 88' lang='lat' dir='ltr'><strong>opportuno,</strong></span> <span class='ocrx_word' id='word_1_29' title='bbox 1214 851 1284 915; x_wconf 92' lang='lat' dir='ltr'><strong>in</strong></span> <span class='ocrx_word' id='word_1_30' title='bbox 1340 852 1615 916; x_wconf 90' lang='lat' dir='ltr'><strong>summis</strong></span> <span class='ocrx_word' id='word_1_31' title='bbox 1671 856 1989 936; x_wconf 87' lang='lat' dir='ltr'><strong>angustiis</strong></span> <span class='ocrx_word' id='word_1_32' title='bbox 2036 856 2246 935; x_wconf 86' lang='lat' dir='ltr'><strong>positi,</strong></span> <span class='ocrx_word' id='word_1_33' title='bbox 2305 867 2371 918; x_wconf 91' lang='lat' dir='ltr'><strong>et</strong></span> <span class='ocrx_word' id='word_1_34' title='bbox 2426 855 2714 919; x_wconf 91' lang='lat' dir='ltr'><strong>hostium</strong></span> 
     </span>
     <span class='ocr_line' id='line_1_7' title="bbox 824 937 2713 1019; baseline 0.001 -18"><span class='ocrx_word' id='word_1_35' title='bbox 824 938 1048 1001; x_wconf 78' lang='lat' dir='ltr'>edibus</span> <span class='ocrx_word' id='word_1_36' title='bbox 1089 937 1289 1001; x_wconf 88' lang='lat' dir='ltr'><strong>veluti</strong></span> <span class='ocrx_word' id='word_1_37' title='bbox 1334 937 1680 1019; x_wconf 84' lang='lat' dir='ltr'>provoluti.</span> <span class='ocrx_word' id='word_1_38' title='bbox 1750 940 1865 1005; x_wconf 66' lang='lat' dir='ltr'><strong>Sic</strong></span> <span class='ocrx_word' id='word_1_39' title='bbox 1900 939 2064 1004; x_wconf 91' lang='lat' dir='ltr'><strong>bene</strong></span> <span class='ocrx_word' id='word_1_40' title='bbox 2098 953 2324 1004; x_wconf 89' lang='lat' dir='ltr'><strong>monet</strong></span> <span class='ocrx_word' id='word_1_41' title='bbox 2357 962 2478 1006; x_wconf 89' lang='lat' dir='ltr'><strong>nos</strong></span> <span class='ocrx_word' id='word_1_42' title='bbox 2516 941 2713 1003; x_wconf 86' lang='lat' dir='ltr'><strong>etiam</strong></span> 
     </span>
     <span class='ocr_line' id='line_1_8' title="bbox 772 958 2717 1105; baseline 0.002 -18"><span class='ocrx_word' id='word_1_43' title='bbox 772 958 1070 1100; x_wconf 60' lang='lat' dir='ltr'><strong>facobus,</strong></span> <span class='ocrx_word' id='word_1_44' title='bbox 1122 1036 1193 1086; x_wconf 91' lang='lat' dir='ltr'><strong>ut</strong></span> <span class='ocrx_word' id='word_1_45' title='bbox 1249 1043 1377 1104; x_wconf 92' lang='lat' dir='ltr'><strong>quo</strong></span> <span class='ocrx_word' id='word_1_46' title='bbox 1432 1023 1577 1105; x_wconf 91' lang='lat' dir='ltr'><strong>quis</strong></span> <span class='ocrx_word' id='word_1_47' title='bbox 1635 1044 1784 1090; x_wconf 92' lang='lat' dir='ltr'><strong>cum</strong></span> <span class='ocrx_word' id='word_1_48' title='bbox 1830 1026 2184 1091; x_wconf 88' lang='lat' dir='ltr'><strong>maioribus</strong></span> <span class='ocrx_word' id='word_1_49' title='bbox 2227 1025 2717 1091; x_wconf 84' lang='lat' dir='ltr'><strong>difficultatibus</strong></span> 
     </span>
     <span class='ocr_line' id='line_1_9' title="bbox 778 1106 2716 1195; baseline 0.003 -23"><span class='ocrx_word' id='word_1_50' title='bbox 778 1109 1081 1188; x_wconf 86' lang='lat' dir='ltr'><strong>luctatur,</strong></span> <span class='ocrx_word' id='word_1_51' title='bbox 1124 1129 1200 1172; x_wconf 87' lang='lat' dir='ltr'><strong>eo</strong></span> <span class='ocrx_word' id='word_1_52' title='bbox 1245 1106 1648 1173; x_wconf 79' lang='lat' dir='ltr'><strong>ardentiores</strong></span> <span class='ocrx_word' id='word_1_53' title='bbox 1691 1110 1771 1173; x_wconf 90' lang='lat' dir='ltr'><strong>ad</strong></span> <span class='ocrx_word' id='word_1_54' title='bbox 1804 1109 2022 1175; x_wconf 90' lang='lat' dir='ltr'><strong>Deum</strong></span> <span class='ocrx_word' id='word_1_55' title='bbox 2069 1132 2291 1195; x_wconf 88' lang='lat' dir='ltr'><strong>preces</strong></span> <span class='ocrx_word' id='word_1_56' title='bbox 2334 1113 2716 1195; x_wconf 77' lang='lat' dir='ltr'><strong>ingeminet.</strong></span> 
     </span>
     <span class='ocr_line' id='line_1_10' title="bbox 776 1193 2717 1279; baseline 0.001 -19"><span class='ocrx_word' id='word_1_57' title='bbox 776 1193 1026 1260; x_wconf 82' lang='lat' dir='ltr'><strong>Nostro</strong></span> <span class='ocrx_word' id='word_1_58' title='bbox 1083 1194 1260 1258; x_wconf 90' lang='lat' dir='ltr'><strong>enim</strong></span> <span class='ocrx_word' id='word_1_59' title='bbox 1317 1194 1475 1258; x_wconf 87' lang='lat' dir='ltr'><strong>vitio</strong></span> <span class='ocrx_word' id='word_1_60' title='bbox 1536 1193 1920 1278; x_wconf 90' lang='lat' dir='ltr'><strong>plerumque</strong></span> <span class='ocrx_word' id='word_1_61' title='bbox 1977 1196 2228 1272; x_wconf 87' lang='lat' dir='ltr'><strong>accidit,</strong></span> <span class='ocrx_word' id='word_1_62' title='bbox 2290 1214 2363 1261; x_wconf 86' lang='lat' dir='ltr'><strong>ut</strong></span> <span class='ocrx_word' id='word_1_63' title='bbox 2406 1198 2717 1279; x_wconf 89' lang='lat' dir='ltr'><strong>ingruen-</strong></span> 
     </span>
     <span class='ocr_line' id='line_1_11' title="bbox 780 1280 2719 1348; baseline 0.002 -4"><span class='ocrx_word' id='word_1_64' title='bbox 780 1280 958 1345; x_wconf 89' lang='lat' dir='ltr'><strong>tibus</strong></span> <span class='ocrx_word' id='word_1_65' title='bbox 1015 1280 1493 1345; x_wconf 76' lang='lat' dir='ltr'><strong>calamitatibus</strong></span> <span class='ocrx_word' id='word_1_66' title='bbox 1548 1280 1849 1345; x_wconf 86' lang='lat' dir='ltr'><strong>videatur</strong></span> <span class='ocrx_word' id='word_1_67' title='bbox 1893 1303 1933 1347; x_wconf 89' lang='lat' dir='ltr'><strong>a</strong></span> <span class='ocrx_word' id='word_1_68' title='bbox 1976 1284 2162 1348; x_wconf 90' lang='lat' dir='ltr'><strong>nobis</strong></span> <span class='ocrx_word' id='word_1_69' title='bbox 2217 1283 2493 1347; x_wconf 89' lang='lat' dir='ltr'><strong>alienior</strong></span> <span class='ocrx_word' id='word_1_70' title='bbox 2534 1283 2719 1347; x_wconf 91' lang='lat' dir='ltr'><strong>Deus</strong></span> 
     </span>
     <span class='ocr_line' id='line_1_12' title="bbox 781 1366 2718 1450; baseline 0.001 -20"><span class='ocrx_word' id='word_1_71' title='bbox 781 1387 858 1432; x_wconf 92' lang='lat' dir='ltr'><strong>ac</strong></span> <span class='ocrx_word' id='word_1_72' title='bbox 916 1366 1238 1430; x_wconf 77' lang='lat' dir='ltr'><strong>remotior.</strong></span> <span class='ocrx_word' id='word_1_73' title='bbox 1330 1370 1547 1447; x_wconf 87' lang='lat' dir='ltr'><strong>Atque</strong></span> <span class='ocrx_word' id='word_1_74' title='bbox 1604 1367 1765 1431; x_wconf 90' lang='lat' dir='ltr'><strong>adeo</strong></span> <span class='ocrx_word' id='word_1_75' title='bbox 1826 1368 2373 1450; x_wconf 78' lang='lat' dir='ltr'><strong>quemadmodum</strong></span> <span class='ocrx_word' id='word_1_76' title='bbox 2441 1368 2582 1433; x_wconf 87' lang='lat' dir='ltr'><strong>eius</strong></span> <span class='ocrx_word' id='word_1_77' title='bbox 2647 1368 2718 1432; x_wconf 93' lang='lat' dir='ltr'><strong>in</strong></span> 
     </span>
     <span class='ocr_line' id='line_1_13' title="bbox 774 1450 2718 1535; baseline 0.002 -20"><span class='ocrx_word' id='word_1_78' title='bbox 774 1451 902 1517; x_wconf 89' lang='lat' dir='ltr'><strong>hoc</strong></span> <span class='ocrx_word' id='word_1_79' title='bbox 977 1450 1220 1515; x_wconf 89' lang='lat' dir='ltr'><strong>mundo</strong></span> <span class='ocrx_word' id='word_1_80' title='bbox 1297 1451 1607 1516; x_wconf 90' lang='lat' dir='ltr'><strong>beneficia</strong></span> <span class='ocrx_word' id='word_1_81' title='bbox 1671 1453 1906 1535; x_wconf 88' lang='lat' dir='ltr'><strong>quibus</strong></span> <span class='ocrx_word' id='word_1_82' title='bbox 1971 1455 2385 1520; x_wconf 84' lang='lat' dir='ltr'><strong>cumulamur</strong></span> <span class='ocrx_word' id='word_1_83' title='bbox 2448 1454 2718 1518; x_wconf 86' lang='lat' dir='ltr'><strong>totidem</strong></span> 
     </span>
     <span class='ocr_line' id='line_1_14' title="bbox 778 1535 2717 1623; baseline 0.001 -20"><span class='ocrx_word' id='word_1_84' title='bbox 778 1550 937 1603; x_wconf 89' lang='lat' dir='ltr'><strong>sunt</strong></span> <span class='ocrx_word' id='word_1_85' title='bbox 994 1538 1178 1602; x_wconf 86' lang='lat' dir='ltr'><strong>nobis</strong></span> <span class='ocrx_word' id='word_1_86' title='bbox 1236 1535 1444 1603; x_wconf 84' lang='lat' dir='ltr'><strong>divini</strong></span> <span class='ocrx_word' id='word_1_87' title='bbox 1503 1540 1750 1604; x_wconf 86' lang='lat' dir='ltr'><strong>favoris</strong></span> <span class='ocrx_word' id='word_1_88' title='bbox 1808 1542 2019 1622; x_wconf 88' lang='lat' dir='ltr'><strong>signa,</strong></span> <span class='ocrx_word' id='word_1_89' title='bbox 2080 1541 2174 1604; x_wconf 88' lang='lat' dir='ltr'><strong>sic</strong></span> <span class='ocrx_word' id='word_1_90' title='bbox 2229 1554 2458 1606; x_wconf 88' lang='lat' dir='ltr'><strong>contra</strong></span> <span class='ocrx_word' id='word_1_91' title='bbox 2520 1561 2717 1623; x_wconf 87' lang='lat' dir='ltr'><strong>quae-</strong></span> 
     </span>
     <span class='ocr_line' id='line_1_15' title="bbox 777 1623 2717 1709; baseline 0 -20"><span class='ocrx_word' id='word_1_92' title='bbox 777 1639 1034 1706; x_wconf 88' lang='lat' dir='ltr'><strong>cunque</strong></span> <span class='ocrx_word' id='word_1_93' title='bbox 1086 1623 1471 1688; x_wconf 80' lang='lat' dir='ltr'><strong>afflictiones</strong></span> <span class='ocrx_word' id='word_1_94' title='bbox 1528 1637 1644 1689; x_wconf 92' lang='lat' dir='ltr'><strong>aut</strong></span> <span class='ocrx_word' id='word_1_95' title='bbox 1708 1628 2245 1708; x_wconf 72' lang='lat' dir='ltr'><strong>persequutiones</strong></span> <span class='ocrx_word' id='word_1_96' title='bbox 2326 1628 2717 1709; x_wconf 80' lang='lat' dir='ltr'><strong>ingruerint,</strong></span> 
     </span>
     <span class='ocr_line' id='line_1_16' title="bbox 778 1710 2717 1794; baseline 0.001 -20"><span class='ocrx_word' id='word_1_97' title='bbox 778 1711 1049 1774; x_wconf 87' lang='lat' dir='ltr'><strong>totidem</strong></span> <span class='ocrx_word' id='word_1_98' title='bbox 1111 1711 1245 1774; x_wconf 90' lang='lat' dir='ltr'><strong>irae</strong></span> <span class='ocrx_word' id='word_1_99' title='bbox 1300 1725 1366 1773; x_wconf 87' lang='lat' dir='ltr'><strong>et</strong></span> <span class='ocrx_word' id='word_1_100' title='bbox 1426 1710 1667 1774; x_wconf 83' lang='lat' dir='ltr'><strong>furoris</strong></span> <span class='ocrx_word' id='word_1_101' title='bbox 1711 1711 1916 1794; x_wconf 90' lang='lat' dir='ltr'><strong>ipsius</strong></span> <span class='ocrx_word' id='word_1_102' title='bbox 1962 1713 2340 1778; x_wconf 87' lang='lat' dir='ltr'><strong>testimonia</strong></span> <span class='ocrx_word' id='word_1_103' title='bbox 2385 1712 2717 1777; x_wconf 85' lang='lat' dir='ltr'><strong>videntur.</strong></span> 
     </span>
     <span class='ocr_line' id='line_1_17' title="bbox 780 1793 2718 1882; baseline 0.002 -23"><span class='ocrx_word' id='word_1_104' title='bbox 780 1793 1006 1876; x_wconf 89' lang='lat' dir='ltr'><strong>Quare</strong></span> <span class='ocrx_word' id='word_1_105' title='bbox 1051 1806 1208 1860; x_wconf 90' lang='lat' dir='ltr'><strong>tunc</strong></span> <span class='ocrx_word' id='word_1_106' title='bbox 1251 1796 1538 1860; x_wconf 78' lang='lat' dir='ltr'><strong>maxime</strong></span> <span class='ocrx_word' id='word_1_107' title='bbox 1582 1810 1739 1861; x_wconf 89' lang='lat' dir='ltr'><strong>sunt</strong></span> <span class='ocrx_word' id='word_1_108' title='bbox 1782 1797 1851 1860; x_wconf 93' lang='lat' dir='ltr'><strong>in</strong></span> <span class='ocrx_word' id='word_1_109' title='bbox 1901 1819 2091 1863; x_wconf 90' lang='lat' dir='ltr'><strong>usum</strong></span> <span class='ocrx_word' id='word_1_110' title='bbox 2137 1820 2177 1862; x_wconf 92' lang='lat' dir='ltr'><strong>a</strong></span> <span class='ocrx_word' id='word_1_111' title='bbox 2221 1799 2410 1863; x_wconf 87' lang='lat' dir='ltr'><strong>nobis</strong></span> <span class='ocrx_word' id='word_1_112' title='bbox 2445 1797 2718 1882; x_wconf 85' lang='lat' dir='ltr'><strong>propbe-</strong></span> 
     </span>
     <span class='ocr_line' id='line_1_18' title="bbox 779 1882 2720 1963; baseline 0.002 -17"><span class='ocrx_word' id='word_1_113' title='bbox 779 1892 998 1946; x_wconf 86' lang='lat' dir='ltr'><strong>tarum</strong></span> <span class='ocrx_word' id='word_1_114' title='bbox 1070 1883 1356 1963; x_wconf 90' lang='lat' dir='ltr'><strong>insignia</strong></span> <span class='ocrx_word' id='word_1_115' title='bbox 1422 1882 1881 1948; x_wconf 82' lang='lat' dir='ltr'><strong>consolat-ionis</strong></span> <span class='ocrx_word' id='word_1_116' title='bbox 1948 1883 2121 1949; x_wconf 87' lang='lat' dir='ltr'><strong>dicta</strong></span> <span class='ocrx_word' id='word_1_117' title='bbox 2188 1883 2574 1958; x_wconf 83' lang='lat' dir='ltr'><strong>revocanda,</strong></span> <span class='ocrx_word' id='word_1_118' title='bbox 2643 1905 2720 1950; x_wconf 91' lang='lat' dir='ltr'><strong>ac</strong></span> 
     </span>
     <span class='ocr_line' id='line_1_19' title="bbox 778 1964 2719 2053; baseline 0.001 -22"><span class='ocrx_word' id='word_1_119' title='bbox 778 1968 1165 2051; x_wconf 87' lang='lat' dir='ltr'><strong>praesertim</strong></span> <span class='ocrx_word' id='word_1_120' title='bbox 1192 1964 1482 2045; x_wconf 86' lang='lat' dir='ltr'><strong>Davidis,</strong></span> <span class='ocrx_word' id='word_1_121' title='bbox 1520 1969 1630 2051; x_wconf 93' lang='lat' dir='ltr'><strong>qui</strong></span> <span class='ocrx_word' id='word_1_122' title='bbox 1655 1968 1973 2033; x_wconf 89' lang='lat' dir='ltr'><strong>malorum</strong></span> <span class='ocrx_word' id='word_1_123' title='bbox 2009 1971 2264 2053; x_wconf 80' lang='lat' dir='ltr'><strong>ingenti</strong></span> <span class='ocrx_word' id='word_1_124' title='bbox 2302 1968 2719 2034; x_wconf 89' lang='lat' dir='ltr'><strong>multitudine</strong></span> 
     </span>
     <span class='ocr_line' id='line_1_20' title="bbox 780 2052 2720 2139; baseline 0.002 -23"><span class='ocrx_word' id='word_1_125' title='bbox 780 2073 1148 2135; x_wconf 87' lang='lat' dir='ltr'><strong>oppressus,</strong></span> <span class='ocrx_word' id='word_1_126' title='bbox 1209 2052 1387 2116; x_wconf 84' lang='lat' dir='ltr'><strong>velut</strong></span> <span class='ocrx_word' id='word_1_127' title='bbox 1437 2075 1520 2117; x_wconf 91' lang='lat' dir='ltr'><strong>ex</strong></span> <span class='ocrx_word' id='word_1_128' title='bbox 1566 2053 1890 2137; x_wconf 88' lang='lat' dir='ltr'><strong>profundo</strong></span> <span class='ocrx_word' id='word_1_129' title='bbox 1933 2057 2193 2139; x_wconf 84' lang='lat' dir='ltr'><strong>gurgite</strong></span> <span class='ocrx_word' id='word_1_130' title='bbox 2238 2071 2303 2120; x_wconf 91' lang='lat' dir='ltr'><strong>et</strong></span> <span class='ocrx_word' id='word_1_131' title='bbox 2344 2055 2720 2138; x_wconf 86' lang='lat' dir='ltr'><strong>profundis·</strong></span> 
     </span>
     <span class='ocr_line' id='line_1_21' title="bbox 781 2140 2716 2223; baseline 0.001 -20"><span class='ocrx_word' id='word_1_132' title='bbox 781 2140 949 2204; x_wconf 87' lang='lat' dir='ltr'><strong>sima</strong></span> <span class='ocrx_word' id='word_1_133' title='bbox 1016 2140 1422 2202; x_wconf 87' lang='lat' dir='ltr'><strong>miseriarum</strong></span> <span class='ocrx_word' id='word_1_134' title='bbox 1490 2140 1729 2223; x_wconf 80' lang='lat' dir='ltr'><strong>abysso</strong></span> <span class='ocrx_word' id='word_1_135' title='bbox 1795 2141 2094 2223; x_wconf 89' lang='lat' dir='ltr'><strong>precibus</strong></span> <span class='ocrx_word' id='word_1_136' title='bbox 2160 2143 2304 2206; x_wconf 88' lang='lat' dir='ltr'><strong>istis</strong></span> <span class='ocrx_word' id='word_1_137' title='bbox 2368 2142 2453 2206; x_wconf 90' lang='lat' dir='ltr'><strong>ad</strong></span> <span class='ocrx_word' id='word_1_138' title='bbox 2500 2140 2716 2204; x_wconf 91' lang='lat' dir='ltr'><strong>Deum</strong></span> 
     </span>
     <span class='ocr_line' id='line_1_22' title="bbox 782 2223 2717 2311; baseline 0.001 -21"><span class='ocrx_word' id='word_1_139' title='bbox 782 2223 1096 2307; x_wconf 87' lang='lat' dir='ltr'><strong>assurgit:</strong></span> <span class='ocrx_word' id='word_1_140' title='bbox 1145 2223 1617 2308; x_wconf 73' lang='lat' dir='ltr'><strong>Quemcunque</strong></span> <span class='ocrx_word' id='word_1_141' title='bbox 1661 2230 1871 2307; x_wconf 83' lang='lat' dir='ltr'><strong>gratia</strong></span> <span class='ocrx_word' id='word_1_142' title='bbox 1907 2240 2022 2292; x_wconf 89' lang='lat' dir='ltr'><strong>tua</strong></span> <span class='ocrx_word' id='word_1_143' title='bbox 2057 2226 2367 2311; x_wconf 85' lang='lat' dir='ltr'><strong>dignaris,</strong></span> <span class='ocrx_word' id='word_1_144' title='bbox 2412 2226 2717 2311; x_wconf 87' lang='lat' dir='ltr'><strong>depreca-</strong></span> 
     </span>
     <span class='ocr_line' id='line_1_23' title="bbox 781 2309 2716 2396; baseline 0.002 -23"><span class='ocrx_word' id='word_1_145' title='bbox 781 2309 960 2373; x_wconf 88' lang='lat' dir='ltr'><strong>bitur</strong></span> <span class='ocrx_word' id='word_1_146' title='bbox 1018 2322 1082 2372; x_wconf 92' lang='lat' dir='ltr'><strong>te</strong></span> <span class='ocrx_word' id='word_1_147' title='bbox 1144 2326 1428 2391; x_wconf 88' lang='lat' dir='ltr'><strong>tempore</strong></span> <span class='ocrx_word' id='word_1_148' title='bbox 1488 2332 1615 2393; x_wconf 90' lang='lat' dir='ltr'><strong>quo</strong></span> <span class='ocrx_word' id='word_1_149' title='bbox 1672 2314 2011 2391; x_wconf 87' lang='lat' dir='ltr'><strong>inveniris,</strong></span> <span class='ocrx_word' id='word_1_150' title='bbox 2079 2327 2237 2395; x_wconf 87' lang='lat' dir='ltr'><strong>puta</strong></span> <span class='ocrx_word' id='word_1_151' title='bbox 2295 2314 2363 2377; x_wconf 91' lang='lat' dir='ltr'><strong>in</strong></span> <span class='ocrx_word' id='word_1_152' title='bbox 2422 2316 2716 2396; x_wconf 88' lang='lat' dir='ltr'><strong>ipsarum</strong></span> 
     </span>
     <span class='ocr_line' id='line_1_24' title="bbox 783 2394 2715 2478; baseline 0.001 -17"><span class='ocrx_word' id='word_1_153' title='bbox 783 2394 1211 2461; x_wconf 83' lang='lat' dir='ltr'><strong>afflictionum</strong></span> <span class='ocrx_word' id='word_1_154' title='bbox 1257 2396 1429 2460; x_wconf 85' lang='lat' dir='ltr'><strong>acie:</strong></span> <span class='ocrx_word' id='word_1_155' title='bbox 1476 2399 1662 2478; x_wconf 84' lang='lat' dir='ltr'><strong>quasi</strong></span> <span class='ocrx_word' id='word_1_156' title='bbox 1708 2398 1916 2464; x_wconf 78' lang='lat' dir='ltr'><strong>dicat=</strong></span> <span class='ocrx_word' id='word_1_157' title='bbox 1960 2399 2289 2463; x_wconf 82' lang='lat' dir='ltr'><strong>Futurum</strong></span> <span class='ocrx_word' id='word_1_158' title='bbox 2333 2411 2451 2472; x_wconf 88' lang='lat' dir='ltr'><strong>est,</strong></span> <span class='ocrx_word' id='word_1_159' title='bbox 2502 2412 2579 2462; x_wconf 92' lang='lat' dir='ltr'><strong>ut</strong></span> <span class='ocrx_word' id='word_1_160' title='bbox 2621 2399 2715 2463; x_wconf 92' lang='lat' dir='ltr'><strong>tui</strong></span> 
     </span>
     <span class='ocr_line' id='line_1_25' title="bbox 784 2483 2715 2562; baseline 0.002 -15"><span class='ocrx_word' id='word_1_161' title='bbox 784 2499 1013 2547; x_wconf 89' lang='lat' dir='ltr'><strong>omnes</strong></span> <span class='ocrx_word' id='word_1_162' title='bbox 1072 2500 1379 2562; x_wconf 89' lang='lat' dir='ltr'><strong>praesens</strong></span> <span class='ocrx_word' id='word_1_163' title='bbox 1438 2493 1623 2546; x_wconf 90' lang='lat' dir='ltr'><strong>tuum</strong></span> <span class='ocrx_word' id='word_1_164' title='bbox 1672 2483 1987 2550; x_wconf 88' lang='lat' dir='ltr'><strong>auxilium</strong></span> <span class='ocrx_word' id='word_1_165' title='bbox 2045 2485 2118 2548; x_wconf 88' lang='lat' dir='ltr'><strong>in</strong></span> <span class='ocrx_word' id='word_1_166' title='bbox 2175 2488 2447 2550; x_wconf 85' lang='lat' dir='ltr'><strong>summis</strong></span> <span class='ocrx_word' id='word_1_167' title='bbox 2511 2484 2715 2550; x_wconf 87' lang='lat' dir='ltr'><strong>afflic-</strong></span> 
     </span>
     <span class='ocr_line' id='line_1_26' title="bbox 782 2567 2716 2653; baseline 0.002 -23"><span class='ocrx_word' id='word_1_168' title='bbox 782 2567 1072 2631; x_wconf 88' lang='lat' dir='ltr'><strong>tionibus</strong></span> <span class='ocrx_word' id='word_1_169' title='bbox 1095 2568 1348 2647; x_wconf 87' lang='lat' dir='ltr'><strong>experti</strong></span> <span class='ocrx_word' id='word_1_170' title='bbox 1375 2567 1753 2652; x_wconf 88' lang='lat' dir='ltr'><strong>confugiant</strong></span> <span class='ocrx_word' id='word_1_171' title='bbox 1787 2570 1869 2634; x_wconf 92' lang='lat' dir='ltr'><strong>ad</strong></span> <span class='ocrx_word' id='word_1_172' title='bbox 1918 2582 1984 2634; x_wconf 92' lang='lat' dir='ltr'><strong>te</strong></span> <span class='ocrx_word' id='word_1_173' title='bbox 2018 2571 2465 2653; x_wconf 77' lang='lat' dir='ltr'><strong>praesentiore</strong></span> <span class='ocrx_word' id='word_1_174' title='bbox 2499 2571 2716 2634; x_wconf 90' lang='lat' dir='ltr'><strong>animo</strong></span> 
     </span>
     <span class='ocr_line' id='line_1_27' title="bbox 781 2652 2717 2736; baseline 0.003 -20"><span class='ocrx_word' id='word_1_175' title='bbox 781 2672 968 2735; x_wconf 88' lang='lat' dir='ltr'><strong>opem</strong></span> <span class='ocrx_word' id='word_1_176' title='bbox 1013 2652 1386 2735; x_wconf 88' lang='lat' dir='ltr'><strong>flagitaturi.</strong></span> <span class='ocrx_word' id='word_1_177' title='bbox 1450 2655 1548 2720; x_wconf 83' lang='lat' dir='ltr'><strong>Ac</strong></span> <span class='ocrx_word' id='word_1_178' title='bbox 1592 2655 1811 2736; x_wconf 90' lang='lat' dir='ltr'><strong>procul</strong></span> <span class='ocrx_word' id='word_1_179' title='bbox 1860 2656 2057 2722; x_wconf 87' lang='lat' dir='ltr'><strong>dubio</strong></span> <span class='ocrx_word' id='word_1_180' title='bbox 2100 2656 2371 2721; x_wconf 89' lang='lat' dir='ltr'><strong>minime</strong></span> <span class='ocrx_word' id='word_1_181' title='bbox 2415 2654 2717 2721; x_wconf 85' lang='lat' dir='ltr'><strong>dubitan-</strong></span> 
     </span>
     <span class='ocr_line' id='line_1_28' title="bbox 781 2737 2717 2821; baseline 0.002 -18"><span class='ocrx_word' id='word_1_182' title='bbox 781 2737 939 2803; x_wconf 91' lang='lat' dir='ltr'><strong>dum</strong></span> <span class='ocrx_word' id='word_1_183' title='bbox 1008 2740 1165 2821; x_wconf 91' lang='lat' dir='ltr'><strong>quin</strong></span> <span class='ocrx_word' id='word_1_184' title='bbox 1234 2739 1417 2804; x_wconf 89' lang='lat' dir='ltr'><strong>Deus</strong></span> <span class='ocrx_word' id='word_1_185' title='bbox 1482 2742 1549 2803; x_wconf 92' lang='lat' dir='ltr'><strong>in</strong></span> <span class='ocrx_word' id='word_1_186' title='bbox 1617 2739 1850 2806; x_wconf 90' lang='lat' dir='ltr'><strong>mediis</strong></span> <span class='ocrx_word' id='word_1_187' title='bbox 1915 2742 2372 2809; x_wconf 86' lang='lat' dir='ltr'><strong>afflictionibus</strong></span> <span class='ocrx_word' id='word_1_188' title='bbox 2448 2764 2717 2807; x_wconf 67' lang='lat' dir='ltr'><strong>uranum</strong></span> 
     </span>
     <span class='ocr_line' id='line_1_29' title="bbox 779 2824 1810 2892; baseline 0.002 -3"><span class='ocrx_word' id='word_1_189' title='bbox 779 2844 967 2890; x_wconf 88' lang='lat' dir='ltr'><strong>suam</strong></span> <span class='ocrx_word' id='word_1_190' title='bbox 1013 2824 1487 2890; x_wconf 73' lang='lat' dir='ltr'><strong>auxiliatricem</strong></span> <span class='ocrx_word' id='word_1_191' title='bbox 1533 2839 1810 2892; x_wconf 86' lang='lat' dir='ltr'><strong>exserat.</strong></span> 
     </span>
    </p>

    <p class='ocr_par' dir='ltr' id='par_1_3' title="bbox 781 2909 2738 5230">
     <span class='ocr_line' id='line_1_30' title="bbox 955 2909 2718 2996; baseline 0.001 -20"><span class='ocrx_word' id='word_1_192' title='bbox 955 2909 1087 2976; x_wconf 84' lang='lat' dir='ltr'><strong>Sed</strong></span> <span class='ocrx_word' id='word_1_193' title='bbox 1147 2922 1399 2994; x_wconf 91' lang='lat' dir='ltr'><strong>tempus</strong></span> <span class='ocrx_word' id='word_1_194' title='bbox 1443 2924 1562 2988; x_wconf 87' lang='lat' dir='ltr'><strong>est,</strong></span> <span class='ocrx_word' id='word_1_195' title='bbox 1622 2930 1699 2976; x_wconf 88' lang='lat' dir='ltr'><strong>ut</strong></span> <span class='ocrx_word' id='word_1_196' title='bbox 1743 2913 1886 2977; x_wconf 90' lang='lat' dir='ltr'><strong>Deo</strong></span> <span class='ocrx_word' id='word_1_197' title='bbox 1935 2911 2092 2996; x_wconf 89' lang='lat' dir='ltr'><strong>Opt.</strong></span> <span class='ocrx_word' id='word_1_198' title='bbox 2137 2914 2333 2983; x_wconf 81' lang='lat' dir='ltr'><strong>Max..</strong></span> <span class='ocrx_word' id='word_1_199' title='bbox 2363 2914 2521 2980; x_wconf 83' lang='lat' dir='ltr'><strong>facti</strong></span> <span class='ocrx_word' id='word_1_200' title='bbox 2565 2933 2718 2996; x_wconf 89' lang='lat' dir='ltr'><strong>sup·</strong></span> 
     </span>
     <span class='ocr_line' id='line_1_31' title="bbox 783 2995 2717 3085; baseline 0.003 -27"><span class='ocrx_word' id='word_1_201' title='bbox 783 2995 1002 3078; x_wconf 86' lang='lat' dir='ltr'><strong>plices,</strong></span> <span class='ocrx_word' id='word_1_202' title='bbox 1059 3004 1126 3060; x_wconf 92' lang='lat' dir='ltr'><strong>et</strong></span> <span class='ocrx_word' id='word_1_203' title='bbox 1168 3017 1388 3062; x_wconf 88' lang='lat' dir='ltr'><strong>coram</strong></span> <span class='ocrx_word' id='word_1_204' title='bbox 1430 2998 1569 3062; x_wconf 89' lang='lat' dir='ltr'><strong>eius</strong></span> <span class='ocrx_word' id='word_1_205' title='bbox 1622 3000 1995 3063; x_wconf 82' lang='lat' dir='ltr'><strong>veneranda</strong></span> <span class='ocrx_word' id='word_1_206' title='bbox 2038 3001 2377 3066; x_wconf 86' lang='lat' dir='ltr'><strong>maiestate</strong></span> <span class='ocrx_word' id='word_1_207' title='bbox 2422 3019 2717 3085; x_wconf 89' lang='lat' dir='ltr'><strong>procum-</strong></span> 
     </span>
     <span class='ocr_line' id='line_1_32' title="bbox 782 3082 2717 3171; baseline 0.002 -25"><span class='ocrx_word' id='word_1_208' title='bbox 782 3082 1034 3162; x_wconf 88' lang='lat' dir='ltr'><strong>bentes,</strong></span> <span class='ocrx_word' id='word_1_209' title='bbox 1082 3102 1233 3147; x_wconf 91' lang='lat' dir='ltr'><strong>cum</strong></span> <span class='ocrx_word' id='word_1_210' title='bbox 1278 3084 1617 3166; x_wconf 84' lang='lat' dir='ltr'><strong>agnitione</strong></span> <span class='ocrx_word' id='word_1_211' title='bbox 1663 3097 1759 3149; x_wconf 90' lang='lat' dir='ltr'><strong>tot</strong></span> <span class='ocrx_word' id='word_1_212' title='bbox 1805 3097 2264 3168; x_wconf 87' lang='lat' dir='ltr'><strong>tantorumque</strong></span> <span class='ocrx_word' id='word_1_213' title='bbox 2308 3099 2717 3171; x_wconf 85' lang='lat' dir='ltr'><strong>peccatorum</strong></span> 
     </span>
     <span class='ocr_line' id='line_1_33' title="bbox 781 3168 2719 3254; baseline 0.003 -22"><span class='ocrx_word' id='word_1_214' title='bbox 781 3168 1018 3250; x_wconf 90' lang='lat' dir='ltr'><strong>quibus</strong></span> <span class='ocrx_word' id='word_1_215' title='bbox 1076 3168 1219 3232; x_wconf 88' lang='lat' dir='ltr'><strong>eius</strong></span> <span class='ocrx_word' id='word_1_216' title='bbox 1277 3170 1441 3233; x_wconf 89' lang='lat' dir='ltr'><strong>iram</strong></span> <span class='ocrx_word' id='word_1_217' title='bbox 1488 3168 1555 3234; x_wconf 93' lang='lat' dir='ltr'><strong>in</strong></span> <span class='ocrx_word' id='word_1_218' title='bbox 1601 3192 1721 3234; x_wconf 89' lang='lat' dir='ltr'><strong>nos</strong></span> <span class='ocrx_word' id='word_1_219' title='bbox 1781 3169 2228 3236; x_wconf 84' lang='lat' dir='ltr'><strong>indesinenter</strong></span> <span class='ocrx_word' id='word_1_220' title='bbox 2272 3193 2719 3254; x_wconf 89' lang='lat' dir='ltr'><strong>provocamus,</strong></span> 
     </span>
     <span class='ocr_line' id='line_1_34' title="bbox 782 3255 2715 3337; baseline 0.002 -20"><span class='ocrx_word' id='word_1_221' title='bbox 782 3275 1127 3337; x_wconf 79' lang='lat' dir='ltr'><strong>precemur</strong></span> <span class='ocrx_word' id='word_1_222' title='bbox 1183 3275 1333 3318; x_wconf 91' lang='lat' dir='ltr'><strong>eum</strong></span> <span class='ocrx_word' id='word_1_223' title='bbox 1378 3270 1452 3318; x_wconf 92' lang='lat' dir='ltr'><strong>ut</strong></span> <span class='ocrx_word' id='word_1_224' title='bbox 1497 3256 1566 3319; x_wconf 93' lang='lat' dir='ltr'><strong>in</strong></span> <span class='ocrx_word' id='word_1_225' title='bbox 1627 3255 1920 3320; x_wconf 90' lang='lat' dir='ltr'><strong>animum</strong></span> <span class='ocrx_word' id='word_1_226' title='bbox 1964 3268 2031 3321; x_wconf 91' lang='lat' dir='ltr'><strong>et</strong></span> <span class='ocrx_word' id='word_1_227' title='bbox 2076 3269 2361 3323; x_wconf 89' lang='lat' dir='ltr'><strong>mentem</strong></span> <span class='ocrx_word' id='word_1_228' title='bbox 2426 3271 2715 3323; x_wconf 89' lang='lat' dir='ltr'><strong>nostram</strong></span> 
     </span>
     <span class='ocr_line' id='line_1_35' title="bbox 784 3339 2721 3410; baseline 0.002 -7"><span class='ocrx_word' id='word_1_229' title='bbox 784 3339 1065 3404; x_wconf 89' lang='lat' dir='ltr'><strong>instillet</strong></span> <span class='ocrx_word' id='word_1_230' title='bbox 1121 3339 1414 3404; x_wconf 90' lang='lat' dir='ltr'><strong>studium</strong></span> <span class='ocrx_word' id='word_1_231' title='bbox 1474 3351 1609 3405; x_wconf 88' lang='lat' dir='ltr'><strong>toto</strong></span> <span class='ocrx_word' id='word_1_232' title='bbox 1670 3343 1846 3407; x_wconf 88' lang='lat' dir='ltr'><strong>vitae</strong></span> <span class='ocrx_word' id='word_1_233' title='bbox 1891 3355 2152 3407; x_wconf 88' lang='lat' dir='ltr'><strong>nostrae</strong></span> <span class='ocrx_word' id='word_1_234' title='bbox 2195 3344 2520 3410; x_wconf 88' lang='lat' dir='ltr'><strong>curriculo</strong></span> <span class='ocrx_word' id='word_1_235' title='bbox 2584 3344 2721 3408; x_wconf 87' lang='lat' dir='ltr'><strong>sin·</strong></span> 
     </span>
     <span class='ocr_line' id='line_1_36' title="bbox 784 3424 2720 3512; baseline 0.001 -21"><span class='ocrx_word' id='word_1_236' title='bbox 784 3443 932 3491; x_wconf 86' lang='lat' dir='ltr'><strong>cere</strong></span> <span class='ocrx_word' id='word_1_237' title='bbox 989 3424 1206 3508; x_wconf 89' lang='lat' dir='ltr'><strong>ipsum</strong></span> <span class='ocrx_word' id='word_1_238' title='bbox 1264 3426 1621 3491; x_wconf 81' lang='lat' dir='ltr'><strong>venerandi</strong></span> <span class='ocrx_word' id='word_1_239' title='bbox 1679 3427 2097 3510; x_wconf 80' lang='lat' dir='ltr'><strong>colendique:</strong></span> <span class='ocrx_word' id='word_1_240' title='bbox 2162 3449 2240 3494; x_wconf 90' lang='lat' dir='ltr'><strong>ac</strong></span> <span class='ocrx_word' id='word_1_241' title='bbox 2300 3428 2720 3512; x_wconf 89' lang='lat' dir='ltr'><strong>quemadmo-</strong></span> 
     </span>
     <span class='ocr_line' id='line_1_37' title="bbox 789 3510 2722 3599; baseline 0.002 -24"><span class='ocrx_word' id='word_1_242' title='bbox 789 3510 946 3575; x_wconf 92' lang='lat' dir='ltr'><strong>dum</strong></span> <span class='ocrx_word' id='word_1_243' title='bbox 1011 3530 1196 3575; x_wconf 90' lang='lat' dir='ltr'><strong>suam</strong></span> <span class='ocrx_word' id='word_1_244' title='bbox 1262 3511 1448 3577; x_wconf 90' lang='lat' dir='ltr'><strong>nobis</strong></span> <span class='ocrx_word' id='word_1_245' title='bbox 1516 3512 1917 3580; x_wconf 83' lang='lat' dir='ltr'><strong>voluntatem</strong></span> <span class='ocrx_word' id='word_1_246' title='bbox 1986 3513 2352 3597; x_wconf 83' lang='lat' dir='ltr'><strong>patefacere</strong></span> <span class='ocrx_word' id='word_1_247' title='bbox 2410 3515 2722 3599; x_wconf 88' lang='lat' dir='ltr'><strong>dignatus</strong></span> 
     </span>
     <span class='ocr_line' id='line_1_38' title="bbox 787 3595 2723 3682; baseline 0.002 -21"><span class='ocrx_word' id='word_1_248' title='bbox 787 3607 908 3676; x_wconf 90' lang='lat' dir='ltr'><strong>est,</strong></span> <span class='ocrx_word' id='word_1_249' title='bbox 972 3595 1068 3660; x_wconf 91' lang='lat' dir='ltr'><strong>ita</strong></span> <span class='ocrx_word' id='word_1_250' title='bbox 1122 3619 1241 3663; x_wconf 91' lang='lat' dir='ltr'><strong>nos</strong></span> <span class='ocrx_word' id='word_1_251' title='bbox 1304 3597 1591 3663; x_wconf 81' lang='lat' dir='ltr'><strong>invicem</strong></span> <span class='ocrx_word' id='word_1_252' title='bbox 1659 3600 1867 3664; x_wconf 86' lang='lat' dir='ltr'><strong>sancti</strong></span> <span class='ocrx_word' id='word_1_253' title='bbox 1933 3604 2034 3665; x_wconf 91' lang='lat' dir='ltr'><strong>sui</strong></span> <span class='ocrx_word' id='word_1_254' title='bbox 2116 3601 2391 3682; x_wconf 90' lang='lat' dir='ltr'><strong>spiritus</strong></span> <span class='ocrx_word' id='word_1_255' title='bbox 2458 3601 2723 3668; x_wconf 83' lang='lat' dir='ltr'><strong>vinculo</strong></span> 
     </span>
     <span class='ocr_line' id='line_1_39' title="bbox 792 3683 2724 3759; baseline 0.003 -13"><span class='ocrx_word' id='word_1_256' title='bbox 792 3683 995 3759; x_wconf 89' lang='lat' dir='ltr'><strong>uniat,</strong></span> <span class='ocrx_word' id='word_1_257' title='bbox 1055 3691 1128 3746; x_wconf 91' lang='lat' dir='ltr'><strong>ut</strong></span> <span class='ocrx_word' id='word_1_258' title='bbox 1177 3703 1338 3747; x_wconf 78' lang='lat' dir='ltr'><strong>vera</strong></span> <span class='ocrx_word' id='word_1_259' title='bbox 1381 3684 1649 3748; x_wconf 89' lang='lat' dir='ltr'><strong>Domini</strong></span> <span class='ocrx_word' id='word_1_260' title='bbox 1707 3685 1915 3750; x_wconf 78' lang='lat' dir='ltr'><strong>nostri</strong></span> <span class='ocrx_word' id='word_1_261' title='bbox 1960 3685 2215 3751; x_wconf 87' lang='lat' dir='ltr'><strong>Christi</strong></span> <span class='ocrx_word' id='word_1_262' title='bbox 2265 3687 2562 3753; x_wconf 90' lang='lat' dir='ltr'><strong>membra</strong></span> <span class='ocrx_word' id='word_1_263' title='bbox 2607 3688 2724 3752; x_wconf 88' lang='lat' dir='ltr'><strong>fia·</strong></span> 
     </span>
     <span class='ocr_line' id='line_1_40' title="bbox 790 3768 2723 3851; baseline 0.003 -19"><span class='ocrx_word' id='word_1_264' title='bbox 790 3788 969 3832; x_wconf 86' lang='lat' dir='ltr'><strong>mus:</strong></span> <span class='ocrx_word' id='word_1_265' title='bbox 1031 3781 1223 3851; x_wconf 87' lang='lat' dir='ltr'><strong>atque</strong></span> <span class='ocrx_word' id='word_1_266' title='bbox 1294 3768 1456 3834; x_wconf 91' lang='lat' dir='ltr'><strong>adeo</strong></span> <span class='ocrx_word' id='word_1_267' title='bbox 1516 3792 1646 3834; x_wconf 91' lang='lat' dir='ltr'><strong>nou</strong></span> <span class='ocrx_word' id='word_1_268' title='bbox 1708 3784 1966 3835; x_wconf 92' lang='lat' dir='ltr'><strong>tantum</strong></span> <span class='ocrx_word' id='word_1_269' title='bbox 2013 3773 2093 3837; x_wconf 88' lang='lat' dir='ltr'><strong>ab</strong></span> <span class='ocrx_word' id='word_1_270' title='bbox 2138 3772 2416 3838; x_wconf 88' lang='lat' dir='ltr'><strong>aliorum</strong></span> <span class='ocrx_word' id='word_1_271' title='bbox 2461 3774 2723 3838; x_wconf 88' lang='lat' dir='ltr'><strong>iniuriis</strong></span> 
     </span>
     <span class='ocr_line' id='line_1_41' title="bbox 791 3851 2725 3939; baseline 0.004 -23"><span class='ocrx_word' id='word_1_272' title='bbox 791 3851 1266 3919; x_wconf 79' lang='lat' dir='ltr'><strong>abstineamus:</strong></span> <span class='ocrx_word' id='word_1_273' title='bbox 1348 3855 1463 3919; x_wconf 91' lang='lat' dir='ltr'><strong>sed</strong></span> <span class='ocrx_word' id='word_1_274' title='bbox 1533 3857 1733 3920; x_wconf 90' lang='lat' dir='ltr'><strong>etiam</strong></span> <span class='ocrx_word' id='word_1_275' title='bbox 1813 3876 2229 3939; x_wconf 89' lang='lat' dir='ltr'><strong>quascunque</strong></span> <span class='ocrx_word' id='word_1_276' title='bbox 2295 3857 2725 3924; x_wconf 89' lang='lat' dir='ltr'><strong>contumelias</strong></span> 
     </span>
     <span class='ocr_line' id='line_1_42' title="bbox 790 3939 2726 4025; baseline 0.003 -22"><span class='ocrx_word' id='word_1_277' title='bbox 790 3939 1114 4022; x_wconf 81' lang='lat' dir='ltr'><strong>patienter</strong></span> <span class='ocrx_word' id='word_1_278' title='bbox 1178 3940 1480 4018; x_wconf 86' lang='lat' dir='ltr'><strong>feramus,</strong></span> <span class='ocrx_word' id='word_1_279' title='bbox 1549 3962 1902 4025; x_wconf 86' lang='lat' dir='ltr'><strong>earumque</strong></span> <span class='ocrx_word' id='word_1_280' title='bbox 1968 3943 2329 4008; x_wconf 84' lang='lat' dir='ltr'><strong>vindictam</strong></span> <span class='ocrx_word' id='word_1_281' title='bbox 2398 3945 2514 4009; x_wconf 89' lang='lat' dir='ltr'><strong>uni</strong></span> <span class='ocrx_word' id='word_1_282' title='bbox 2586 3945 2726 4009; x_wconf 92' lang='lat' dir='ltr'><strong>Deo</strong></span> 
     </span>
     <span class='ocr_line' id='line_1_43' title="bbox 792 4025 2726 4111; baseline 0.003 -23"><span class='ocrx_word' id='word_1_283' title='bbox 792 4028 1266 4110; x_wconf 87' lang='lat' dir='ltr'><strong>permittamus.</strong></span> <span class='ocrx_word' id='word_1_284' title='bbox 1355 4025 1610 4105; x_wconf 81' lang='lat' dir='ltr'><strong>Quibus</strong></span> <span class='ocrx_word' id='word_1_285' title='bbox 1657 4029 1839 4092; x_wconf 91' lang='lat' dir='ltr'><strong>Deus</strong></span> <span class='ocrx_word' id='word_1_286' title='bbox 1899 4029 2293 4111; x_wconf 80' lang='lat' dir='ltr'><strong>insigniores</strong></span> <span class='ocrx_word' id='word_1_287' title='bbox 2352 4029 2534 4095; x_wconf 89' lang='lat' dir='ltr'><strong>dotes</strong></span> <span class='ocrx_word' id='word_1_288' title='bbox 2591 4028 2726 4094; x_wconf 87' lang='lat' dir='ltr'><strong>lar·</strong></span> 
     </span>
     <span class='ocr_line' id='line_1_44' title="bbox 794 4110 2726 4201; baseline 0.002 -26"><span class='ocrx_word' id='word_1_289' title='bbox 794 4112 971 4196; x_wconf 88' lang='lat' dir='ltr'><strong>gitus</strong></span> <span class='ocrx_word' id='word_1_290' title='bbox 1030 4110 1263 4193; x_wconf 86' lang='lat' dir='ltr'><strong>fuerit,</strong></span> <span class='ocrx_word' id='word_1_291' title='bbox 1348 4133 1498 4178; x_wconf 92' lang='lat' dir='ltr'><strong>cum</strong></span> <span class='ocrx_word' id='word_1_292' title='bbox 1560 4114 1881 4196; x_wconf 80' lang='lat' dir='ltr'><strong>proximis</strong></span> <span class='ocrx_word' id='word_1_293' title='bbox 1936 4113 2195 4179; x_wconf 87' lang='lat' dir='ltr'><strong>easdem</strong></span> <span class='ocrx_word' id='word_1_294' title='bbox 2278 4136 2410 4180; x_wconf 90' lang='lat' dir='ltr'><strong>non</strong></span> <span class='ocrx_word' id='word_1_295' title='bbox 2467 4112 2726 4201; x_wconf 83' lang='lat' dir='ltr'><strong>ingrate</strong></span> 
     </span>
     <span class='ocr_line' id='line_1_45' title="bbox 792 4197 2728 4282; baseline 0.001 -18"><span class='ocrx_word' id='word_1_296' title='bbox 792 4198 1296 4264; x_wconf 88' lang='lat' dir='ltr'><strong>communicent.</strong></span> <span class='ocrx_word' id='word_1_297' title='bbox 1384 4197 1684 4282; x_wconf 90' lang='lat' dir='ltr'><strong>Denique</strong></span> <span class='ocrx_word' id='word_1_298' title='bbox 1728 4220 1813 4264; x_wconf 90' lang='lat' dir='ltr'><strong>ne</strong></span> <span class='ocrx_word' id='word_1_299' title='bbox 1877 4202 2324 4267; x_wconf 80' lang='lat' dir='ltr'><strong>simultatibus</strong></span> <span class='ocrx_word' id='word_1_300' title='bbox 2367 4201 2582 4267; x_wconf 86' lang='lat' dir='ltr'><strong>locum</strong></span> <span class='ocrx_word' id='word_1_301' title='bbox 2632 4201 2728 4266; x_wconf 88' lang='lat' dir='ltr'><strong>ul·</strong></span> 
     </span>
     <span class='ocr_line' id='line_1_46' title="bbox 794 4282 2730 4369; baseline 0.003 -22"><span class='ocrx_word' id='word_1_302' title='bbox 794 4283 936 4347; x_wconf 90' lang='lat' dir='ltr'><strong>lum</strong></span> <span class='ocrx_word' id='word_1_303' title='bbox 995 4282 1244 4362; x_wconf 89' lang='lat' dir='ltr'><strong>demus,</strong></span> <span class='ocrx_word' id='word_1_304' title='bbox 1302 4285 1415 4349; x_wconf 93' lang='lat' dir='ltr'><strong>sed</strong></span> <span class='ocrx_word' id='word_1_305' title='bbox 1475 4286 1542 4348; x_wconf 86' lang='lat' dir='ltr'><strong>in</strong></span> <span class='ocrx_word' id='word_1_306' title='bbox 1599 4286 1804 4369; x_wconf 89' lang='lat' dir='ltr'><strong>ipsius</strong></span> <span class='ocrx_word' id='word_1_307' title='bbox 1864 4285 2085 4351; x_wconf 81' lang='lat' dir='ltr'><strong>ecbola</strong></span> <span class='ocrx_word' id='word_1_308' title='bbox 2145 4288 2423 4352; x_wconf 89' lang='lat' dir='ltr'><strong>maiores</strong></span> <span class='ocrx_word' id='word_1_309' title='bbox 2471 4289 2545 4352; x_wconf 90' lang='lat' dir='ltr'><strong>in</strong></span> <span class='ocrx_word' id='word_1_310' title='bbox 2590 4286 2730 4353; x_wconf 85' lang='lat' dir='ltr'><strong>dies</strong></span> 
     </span>
     <span class='ocr_line' id='line_1_47' title="bbox 794 4369 2733 4451; baseline 0.004 -19"><span class='ocrx_word' id='word_1_311' title='bbox 794 4389 1177 4451; x_wconf 85' lang='lat' dir='ltr'><strong>progressus</strong></span> <span class='ocrx_word' id='word_1_312' title='bbox 1236 4369 1564 4446; x_wconf 84' lang='lat' dir='ltr'><strong>facientes,</strong></span> <span class='ocrx_word' id='word_1_313' title='bbox 1630 4393 1746 4438; x_wconf 91' lang='lat' dir='ltr'><strong>nos</strong></span> <span class='ocrx_word' id='word_1_314' title='bbox 1789 4369 1871 4435; x_wconf 89' lang='lat' dir='ltr'><strong>ad</strong></span> <span class='ocrx_word' id='word_1_315' title='bbox 1918 4373 2239 4437; x_wconf 86' lang='lat' dir='ltr'><strong>rationem</strong></span> <span class='ocrx_word' id='word_1_316' title='bbox 2275 4373 2347 4437; x_wconf 89' lang='lat' dir='ltr'><strong>in</strong></span> <span class='ocrx_word' id='word_1_317' title='bbox 2392 4375 2537 4439; x_wconf 90' lang='lat' dir='ltr'><strong>eius</strong></span> <span class='ocrx_word' id='word_1_318' title='bbox 2580 4395 2733 4440; x_wconf 90' lang='lat' dir='ltr'><strong>con·-</strong></span> 
     </span>
     <span class='ocr_line' id='line_1_48' title="bbox 797 4455 2727 4543; baseline 0.002 -22"><span class='ocrx_word' id='word_1_319' title='bbox 797 4467 1022 4537; x_wconf 92' lang='lat' dir='ltr'><strong>spectu</strong></span> <span class='ocrx_word' id='word_1_320' title='bbox 1080 4455 1401 4520; x_wconf 87' lang='lat' dir='ltr'><strong>factorum</strong></span> <span class='ocrx_word' id='word_1_321' title='bbox 1455 4468 1824 4523; x_wconf 88' lang='lat' dir='ltr'><strong>nostrorum</strong></span> <span class='ocrx_word' id='word_1_322' title='bbox 1873 4457 2271 4523; x_wconf 88' lang='lat' dir='ltr'><strong>reddendam</strong></span> <span class='ocrx_word' id='word_1_323' title='bbox 2318 4479 2727 4543; x_wconf 86' lang='lat' dir='ltr'><strong>apparemus,</strong></span> 
     </span>
     <span class='ocr_line' id='line_1_49' title="bbox 796 4540 2731 4629; baseline 0.004 -25"><span class='ocrx_word' id='word_1_324' title='bbox 796 4544 868 4605; x_wconf 89' lang='lat' dir='ltr'><strong>in</strong></span> <span class='ocrx_word' id='word_1_325' title='bbox 912 4540 1182 4623; x_wconf 81' lang='lat' dir='ltr'><strong>gloriam</strong></span> <span class='ocrx_word' id='word_1_326' title='bbox 1225 4541 1365 4607; x_wconf 91' lang='lat' dir='ltr'><strong>eius</strong></span> <span class='ocrx_word' id='word_1_327' title='bbox 1407 4544 1663 4608; x_wconf 89' lang='lat' dir='ltr'><strong>unicam</strong></span> <span class='ocrx_word' id='word_1_328' title='bbox 1725 4543 2033 4626; x_wconf 85' lang='lat' dir='ltr'><strong>quamdiu</strong></span> <span class='ocrx_word' id='word_1_329' title='bbox 2080 4543 2147 4609; x_wconf 92' lang='lat' dir='ltr'><strong>in</strong></span> <span class='ocrx_word' id='word_1_330' title='bbox 2196 4547 2385 4610; x_wconf 87' lang='lat' dir='ltr'><strong>terris</strong></span> <span class='ocrx_word' id='word_1_331' title='bbox 2431 4546 2731 4629; x_wconf 79' lang='lat' dir='ltr'><strong>degimus</strong></span> 
     </span>
     <span class='ocr_line' id='line_1_50' title="bbox 795 4627 2735 4710; baseline 0.002 -18"><span class='ocrx_word' id='word_1_332' title='bbox 795 4627 1053 4708; x_wconf 83' lang='lat' dir='ltr'><strong>intenti,</strong></span> <span class='ocrx_word' id='word_1_333' title='bbox 1098 4627 1180 4691; x_wconf 90' lang='lat' dir='ltr'><strong>ad</strong></span> <span class='ocrx_word' id='word_1_334' title='bbox 1224 4649 1420 4710; x_wconf 89' lang='lat' dir='ltr'><strong>quam</strong></span> <span class='ocrx_word' id='word_1_335' title='bbox 1466 4629 1669 4694; x_wconf 90' lang='lat' dir='ltr'><strong>solam</strong></span> <span class='ocrx_word' id='word_1_336' title='bbox 1720 4631 1854 4694; x_wconf 87' lang='lat' dir='ltr'><strong>nati</strong></span> <span class='ocrx_word' id='word_1_337' title='bbox 1912 4651 2158 4695; x_wconf 89' lang='lat' dir='ltr'><strong>sumus.</strong></span> <span class='ocrx_word' id='word_1_338' title='bbox 2250 4630 2466 4697; x_wconf 84' lang='lat' dir='ltr'><strong>Verae</strong></span> <span class='ocrx_word' id='word_1_339' title='bbox 2509 4634 2578 4696; x_wconf 90' lang='lat' dir='ltr'><strong>in</strong></span> <span class='ocrx_word' id='word_1_340' title='bbox 2624 4655 2735 4696; x_wconf 91' lang='lat' dir='ltr'><strong>no-</strong></span> 
     </span>
     <span class='ocr_line' id='line_1_51' title="bbox 796 4713 2732 4799; baseline 0.001 -20"><span class='ocrx_word' id='word_1_341' title='bbox 796 4714 899 4779; x_wconf 88' lang='lat' dir='ltr'><strong>bis</strong></span> <span class='ocrx_word' id='word_1_342' title='bbox 959 4713 1294 4797; x_wconf 86' lang='lat' dir='ltr'><strong>religionis</strong></span> <span class='ocrx_word' id='word_1_343' title='bbox 1352 4715 1798 4780; x_wconf 85' lang='lat' dir='ltr'><strong>fundamentis</strong></span> <span class='ocrx_word' id='word_1_344' title='bbox 1846 4715 2092 4799; x_wconf 85' lang='lat' dir='ltr'><strong>positis,</strong></span> <span class='ocrx_word' id='word_1_345' title='bbox 2153 4717 2245 4782; x_wconf 88' lang='lat' dir='ltr'><strong>sic</strong></span> <span class='ocrx_word' id='word_1_346' title='bbox 2292 4718 2497 4782; x_wconf 87' lang='lat' dir='ltr'><strong>vitam</strong></span> <span class='ocrx_word' id='word_1_347' title='bbox 2541 4718 2732 4782; x_wconf 90' lang='lat' dir='ltr'><strong>insti·</strong></span> 
     </span>
     <span class='ocr_line' id='line_1_52' title="bbox 803 4799 2736 4874; baseline 0.003 -12"><span class='ocrx_word' id='word_1_348' title='bbox 803 4810 1095 4874; x_wconf 80' lang='lat' dir='ltr'><strong>tuamne,</strong></span> <span class='ocrx_word' id='word_1_349' title='bbox 1152 4811 1227 4864; x_wconf 90' lang='lat' dir='ltr'><strong>ut</strong></span> <span class='ocrx_word' id='word_1_350' title='bbox 1287 4802 1355 4866; x_wconf 91' lang='lat' dir='ltr'><strong>in</strong></span> <span class='ocrx_word' id='word_1_351' title='bbox 1413 4799 1553 4867; x_wconf 89' lang='lat' dir='ltr'><strong>dies</strong></span> <span class='ocrx_word' id='word_1_352' title='bbox 1632 4801 1955 4867; x_wconf 86' lang='lat' dir='ltr'><strong>auctiores</strong></span> <span class='ocrx_word' id='word_1_353' title='bbox 2000 4813 2068 4866; x_wconf 88' lang='lat' dir='ltr'><strong>et</strong></span> <span class='ocrx_word' id='word_1_354' title='bbox 2104 4803 2406 4868; x_wconf 90' lang='lat' dir='ltr'><strong>meliores</strong></span> <span class='ocrx_word' id='word_1_355' title='bbox 2450 4804 2607 4868; x_wconf 87' lang='lat' dir='ltr'><strong>facti</strong></span> <span class='ocrx_word' id='word_1_356' title='bbox 2651 4801 2736 4868; x_wconf 87' lang='lat' dir='ltr'><strong>ab</strong></span> 
     </span>
     <span class='ocr_line' id='line_1_53' title="bbox 801 4886 2735 4972; baseline 0.003 -24"><span class='ocrx_word' id='word_1_357' title='bbox 801 4887 940 4951; x_wconf 91' lang='lat' dir='ltr'><strong>eius</strong></span> <span class='ocrx_word' id='word_1_358' title='bbox 1000 4887 1196 4951; x_wconf 91' lang='lat' dir='ltr'><strong>unius</strong></span> <span class='ocrx_word' id='word_1_359' title='bbox 1249 4886 1594 4952; x_wconf 81' lang='lat' dir='ltr'><strong>voluntate</strong></span> <span class='ocrx_word' id='word_1_360' title='bbox 1649 4888 2071 4969; x_wconf 87' lang='lat' dir='ltr'><strong>pendeamus,</strong></span> <span class='ocrx_word' id='word_1_361' title='bbox 2131 4890 2595 4972; x_wconf 87' lang='lat' dir='ltr'><strong>proximosque</strong></span> <span class='ocrx_word' id='word_1_362' title='bbox 2653 4888 2735 4953; x_wconf 90' lang='lat' dir='ltr'><strong>ad</strong></span> 
     </span>
     <span class='ocr_line' id='line_1_54' title="bbox 796 4972 2737 5058; baseline 0.003 -24"><span class='ocrx_word' id='word_1_363' title='bbox 796 4972 1133 5037; x_wconf 85' lang='lat' dir='ltr'><strong>meliorem</strong></span> <span class='ocrx_word' id='word_1_364' title='bbox 1196 4973 1399 5037; x_wconf 86' lang='lat' dir='ltr'><strong>vitam</strong></span> <span class='ocrx_word' id='word_1_365' title='bbox 1460 4973 1761 5056; x_wconf 87' lang='lat' dir='ltr'><strong>exemplo</strong></span> <span class='ocrx_word' id='word_1_366' title='bbox 1816 4988 2040 5039; x_wconf 91' lang='lat' dir='ltr'><strong>nostro</strong></span> <span class='ocrx_word' id='word_1_367' title='bbox 2102 4974 2464 5058; x_wconf 88' lang='lat' dir='ltr'><strong>degendam</strong></span> <span class='ocrx_word' id='word_1_368' title='bbox 2509 4975 2737 5041; x_wconf 89' lang='lat' dir='ltr'><strong>incite-</strong></span> 
     </span>
     <span class='ocr_line' id='line_1_55' title="bbox 800 5058 2738 5144; baseline 0.003 -24"><span class='ocrx_word' id='word_1_369' title='bbox 800 5077 971 5121; x_wconf 86' lang='lat' dir='ltr'><strong>mus.</strong></span> <span class='ocrx_word' id='word_1_370' title='bbox 1060 5058 1287 5142; x_wconf 90' lang='lat' dir='ltr'><strong>Neque</strong></span> <span class='ocrx_word' id='word_1_371' title='bbox 1347 5080 1500 5125; x_wconf 85' lang='lat' dir='ltr'><strong>vero</strong></span> <span class='ocrx_word' id='word_1_372' title='bbox 1557 5060 1743 5126; x_wconf 88' lang='lat' dir='ltr'><strong>nobis</strong></span> <span class='ocrx_word' id='word_1_373' title='bbox 1798 5060 1959 5125; x_wconf 91' lang='lat' dir='ltr'><strong>solis</strong></span> <span class='ocrx_word' id='word_1_374' title='bbox 2015 5060 2297 5144; x_wconf 85' lang='lat' dir='ltr'><strong>gratiam</strong></span> <span class='ocrx_word' id='word_1_375' title='bbox 2366 5060 2557 5140; x_wconf 89' lang='lat' dir='ltr'><strong>hanc,</strong></span> <span class='ocrx_word' id='word_1_376' title='bbox 2622 5060 2738 5127; x_wconf 90' lang='lat' dir='ltr'><strong>sed</strong></span> 
     </span>
     <span class='ocr_line' id='line_1_56' title="bbox 796 5144 2529 5230; baseline 0.003 -24"><span class='ocrx_word' id='word_1_377' title='bbox 796 5144 1101 5209; x_wconf 89' lang='lat' dir='ltr'><strong>omnibus</strong></span> <span class='ocrx_word' id='word_1_378' title='bbox 1145 5144 1400 5227; x_wconf 89' lang='lat' dir='ltr'><strong>populis</strong></span> <span class='ocrx_word' id='word_1_379' title='bbox 1442 5165 1518 5211; x_wconf 86' lang='lat' dir='ltr'><strong>ac</strong></span> <span class='ocrx_word' id='word_1_380' title='bbox 1561 5145 1872 5230; x_wconf 90' lang='lat' dir='ltr'><strong>gentibus</strong></span> <span class='ocrx_word' id='word_1_381' title='bbox 1918 5145 2362 5227; x_wconf 85' lang='lat' dir='ltr'><strong>deprecemur,</strong></span> <span class='ocrx_word' id='word_1_382' title='bbox 2407 5159 2529 5212; x_wconf 87' lang='lat' dir='ltr'><strong>etc.</strong></span> 
     </span>
    </p>
   </div>
   <div class='ocr_carea' id='block_1_3' title="bbox 2455 315 3044 385">
    <p class='ocr_par' dir='ltr' id='par_1_4' title="bbox 2455 315 3044 385">
     <span class='ocr_line' id='line_1_57' title="bbox 2455 315 3044 385; baseline 0 0"><span class='ocrx_word' id='word_1_383' title='bbox 2455 315 2874 385; x_wconf 80' lang='lat' dir='ltr'><strong>HOMILIA</strong></span> <span class='ocrx_word' id='word_1_384' title='bbox 2914 315 3044 385; x_wconf 86' lang='lat'>111.</span> 
     </span>
    </p>
   </div>
   <div class='ocr_carea' id='block_1_4' title="bbox 3308 314 4707 592">
    <p class='ocr_par' dir='ltr' id='par_1_5' title="bbox 3308 314 4707 592">
     <span class='ocr_line' id='line_1_58' title="bbox 4603 314 4707 381; baseline 0.019 -2"><span class='ocrx_word' id='word_1_385' title='bbox 4603 314 4707 381; x_wconf 74' lang='lat'><strong>264</strong></span> 
     </span>
     <span class='ocr_line' id='line_1_59' title="bbox 3308 510 4248 592; baseline -0.005 -2"><span class='ocrx_word' id='word_1_386' title='bbox 3308 513 3776 592; x_wconf 87' lang='lat' dir='ltr'>HOMILIA</span> <span class='ocrx_word' id='word_1_387' title='bbox 3823 510 4248 586; x_wconf 85' lang='lat' dir='ltr'><strong>TERTIA.</strong></span> 
     </span>
    </p>
   </div>
   <div class='ocr_carea' id='block_1_5' title="bbox 2809 674 4739 2481">
    <p class='ocr_par' dir='ltr' id='par_1_6' title="bbox 2809 674 4739 2481">
     <span class='ocr_line' id='line_1_60' title="bbox 2989 674 4715 757; baseline 0.001 -14"><span class='ocrx_word' id='word_1_388' title='bbox 2989 680 3092 744; x_wconf 95' lang='grc'><strong>11.</strong></span> <span class='ocrx_word' id='word_1_389' title='bbox 3136 680 3337 745; x_wconf 74' lang='lat' dir='ltr'><strong>Anna</strong></span> <span class='ocrx_word' id='word_1_390' title='bbox 3391 684 3600 744; x_wconf 80' lang='lat' dir='ltr'><strong>votum</strong></span> <span class='ocrx_word' id='word_1_391' title='bbox 3654 678 3835 757; x_wconf 80' lang='lat' dir='ltr'><strong>vovit,</strong></span> <span class='ocrx_word' id='word_1_392' title='bbox 3888 677 4122 752; x_wconf 68' lang='lat' dir='ltr'><strong>dicem,</strong></span> <span class='ocrx_word' id='word_1_393' title='bbox 4191 674 4466 742; x_wconf 73' lang='lat' dir='ltr'><strong>Domine</strong></span> <span class='ocrx_word' id='word_1_394' title='bbox 4518 681 4715 745; x_wconf 71' lang='lat' dir='ltr'><strong>exerci-</strong></span> 
     </span>
     <span class='ocr_line' id='line_1_61' title="bbox 2814 761 4714 848; baseline -0.001 -18"><span class='ocrx_word' id='word_1_395' title='bbox 2814 770 3007 845; x_wconf 80' lang='lat' dir='ltr'><strong>tuum,</strong></span> <span class='ocrx_word' id='word_1_396' title='bbox 3062 767 3124 831; x_wconf 82' lang='lat' dir='ltr'><strong>si</strong></span> <span class='ocrx_word' id='word_1_397' title='bbox 3165 766 3506 848; x_wconf 76' lang='lat' dir='ltr'><strong>respiciens</strong></span> <span class='ocrx_word' id='word_1_398' title='bbox 3556 765 3792 829; x_wconf 81' lang='lat' dir='ltr'><strong>videris</strong></span> <span class='ocrx_word' id='word_1_399' title='bbox 3833 762 4232 843; x_wconf 76' lang='lat' dir='ltr'><strong>afflictionem</strong></span> <span class='ocrx_word' id='word_1_400' title='bbox 4269 761 4545 844; x_wconf 78' lang='lat' dir='ltr'><strong>famulae</strong></span> <span class='ocrx_word' id='word_1_401' title='bbox 4579 769 4714 844; x_wconf 69' lang='lat' dir='ltr'><strong>tuae,</strong></span> 
     </span>
     <span class='ocr_line' id='line_1_62' title="bbox 2818 847 4717 931; baseline 0 -15"><span class='ocrx_word' id='word_1_402' title='bbox 2818 856 2871 916; x_wconf 84' lang='lat' dir='ltr'><strong>et</strong></span> <span class='ocrx_word' id='word_1_403' title='bbox 2913 852 3269 917; x_wconf 78' lang='lat' dir='ltr'><strong>recordatus</strong></span> <span class='ocrx_word' id='word_1_404' title='bbox 3311 852 3434 916; x_wconf 85' lang='lat' dir='ltr'><strong>mei</strong></span> <span class='ocrx_word' id='word_1_405' title='bbox 3472 849 3697 931; x_wconf 72' lang='lat' dir='ltr'><strong>fueri-9,</strong></span> <span class='ocrx_word' id='word_1_406' title='bbox 3741 868 3853 914; x_wconf 78' lang='lat' dir='ltr'><strong>nec</strong></span> <span class='ocrx_word' id='word_1_407' title='bbox 3894 847 4115 914; x_wconf 77' lang='lat' dir='ltr'><strong>oblitus</strong></span> <span class='ocrx_word' id='word_1_408' title='bbox 4156 847 4422 913; x_wconf 75' lang='lat' dir='ltr'><strong>ancillae</strong></span> <span class='ocrx_word' id='word_1_409' title='bbox 4449 852 4599 929; x_wconf 82' lang='lat' dir='ltr'><strong>tuae,</strong></span> <span class='ocrx_word' id='word_1_410' title='bbox 4636 851 4717 916; x_wconf 81' lang='lat' dir='ltr'><strong>de-</strong></span> 
     </span>
     <span class='ocr_line' id='line_1_63' title="bbox 2818 933 4716 1019; baseline -0.002 -16"><span class='ocrx_word' id='word_1_411' title='bbox 2818 939 3108 1019; x_wconf 68' lang='lat' dir='ltr'><strong>aerisque</strong></span> <span class='ocrx_word' id='word_1_412' title='bbox 3164 958 3381 1004; x_wconf 80' lang='lat' dir='ltr'><strong>servae</strong></span> <span class='ocrx_word' id='word_1_413' title='bbox 3439 941 3585 1001; x_wconf 81' lang='lat' dir='ltr'><strong>tuae</strong></span> <span class='ocrx_word' id='word_1_414' title='bbox 3628 955 3852 1001; x_wconf 74' lang='lat' dir='ltr'><strong>sexum</strong></span> <span class='ocrx_word' id='word_1_415' title='bbox 3905 934 4190 1000; x_wconf 83' lang='lat' dir='ltr'><strong>virilem.-</strong></span> <span class='ocrx_word' id='word_1_416' title='bbox 4237 933 4396 1000; x_wconf 82' lang='lat' dir='ltr'><strong>dabo</strong></span> <span class='ocrx_word' id='word_1_417' title='bbox 4437 955 4569 1000; x_wconf 69' lang='lat' dir='ltr'><strong>man</strong></span> <span class='ocrx_word' id='word_1_418' title='bbox 4607 935 4716 1000; x_wconf 90' lang='lat' dir='ltr'><strong>Do·</strong></span> 
     </span>
     <span class='ocr_line' id='line_1_64' title="bbox 2819 1020 4719 1096; baseline -0.001 -7"><span class='ocrx_word' id='word_1_419' title='bbox 2819 1025 2989 1089; x_wconf 75' lang='lat' dir='ltr'><strong>mino</strong></span> <span class='ocrx_word' id='word_1_420' title='bbox 3045 1024 3329 1089; x_wconf 72' lang='lat' dir='ltr'><strong>munibus</strong></span> <span class='ocrx_word' id='word_1_421' title='bbox 3369 1021 3586 1088; x_wconf 79' lang='lat' dir='ltr'><strong>diebus</strong></span> <span class='ocrx_word' id='word_1_422' title='bbox 3624 1023 3789 1086; x_wconf 83' lang='lat' dir='ltr'><strong>vitae</strong></span> <span class='ocrx_word' id='word_1_423' title='bbox 3832 1021 3987 1096; x_wconf 75' lang='lat' dir='ltr'><strong>ciue,</strong></span> <span class='ocrx_word' id='word_1_424' title='bbox 4039 1026 4094 1085; x_wconf 87' lang='lat' dir='ltr'><strong>et</strong></span> <span class='ocrx_word' id='word_1_425' title='bbox 4135 1020 4437 1086; x_wconf 80' lang='lat' dir='ltr'><strong>novacula</strong></span> <span class='ocrx_word' id='word_1_426' title='bbox 4475 1041 4592 1086; x_wconf 78' lang='lat' dir='ltr'><strong>uon</strong></span> <span class='ocrx_word' id='word_1_427' title='bbox 4629 1023 4719 1088; x_wconf 74' lang='lat' dir='ltr'><strong>aa·</strong></span> 
     </span>
     <span class='ocr_line' id='line_1_65' title="bbox 2819 1105 4718 1191; baseline -0.002 -15"><span class='ocrx_word' id='word_1_428' title='bbox 2819 1110 3062 1176; x_wconf 78' lang='lat' dir='ltr'><strong>scendet</strong></span> <span class='ocrx_word' id='word_1_429' title='bbox 3137 1129 3328 1191; x_wconf 84' lang='lat' dir='ltr'><strong>super</strong></span> <span class='ocrx_word' id='word_1_430' title='bbox 3406 1113 3593 1188; x_wconf 84' lang='lat' dir='ltr'><strong>caput</strong></span> <span class='ocrx_word' id='word_1_431' title='bbox 3663 1108 3819 1173; x_wconf 77' lang='lat' dir='ltr'><strong>eius.</strong></span> <span class='ocrx_word' id='word_1_432' title='bbox 3911 1106 4012 1172; x_wconf 83' lang='lat'><strong>12.</strong></span> <span class='ocrx_word' id='word_1_433' title='bbox 4061 1105 4328 1171; x_wconf 84' lang='lat' dir='ltr'><strong>Factum</strong></span> <span class='ocrx_word' id='word_1_434' title='bbox 4395 1111 4482 1172; x_wconf 77' lang='lat' dir='ltr'><strong>est</strong></span> <span class='ocrx_word' id='word_1_435' title='bbox 4542 1113 4718 1173; x_wconf 63' lang='lat' dir='ltr'><strong>atam</strong></span> 
     </span>
     <span class='ocr_line' id='line_1_66' title="bbox 2822 1190 4723 1279; baseline -0.002 -18"><span class='ocrx_word' id='word_1_436' title='bbox 2822 1215 3016 1279; x_wconf 75' lang='lat' dir='ltr'><strong>quum</strong></span> <span class='ocrx_word' id='word_1_437' title='bbox 3063 1196 3177 1261; x_wconf 86' lang='lat' dir='ltr'><strong>illa</strong></span> <span class='ocrx_word' id='word_1_438' title='bbox 3218 1194 3664 1275; x_wconf 77' lang='lat' dir='ltr'><strong>multiplicaret</strong></span> <span class='ocrx_word' id='word_1_439' title='bbox 3699 1212 3914 1274; x_wconf 78' lang='lat' dir='ltr'><strong>preces</strong></span> <span class='ocrx_word' id='word_1_440' title='bbox 3955 1212 4168 1258; x_wconf 86' lang='lat' dir='ltr'><strong>coram</strong></span> <span class='ocrx_word' id='word_1_441' title='bbox 4187 1191 4478 1272; x_wconf 76' lang='lat' dir='ltr'><strong>Domino,</strong></span> <span class='ocrx_word' id='word_1_442' title='bbox 4519 1199 4582 1257; x_wconf 84' lang='lat' dir='ltr'><strong>ut</strong></span> <span class='ocrx_word' id='word_1_443' title='bbox 4621 1190 4723 1259; x_wconf 81' lang='lat' dir='ltr'><strong>He-</strong></span> 
     </span>
     <span class='ocr_line' id='line_1_67' title="bbox 2822 1278 4723 1359; baseline -0.001 -12"><span class='ocrx_word' id='word_1_444' title='bbox 2822 1283 2873 1347; x_wconf 79' lang='lat' dir='ltr'><strong>li</strong></span> <span class='ocrx_word' id='word_1_445' title='bbox 2913 1281 3259 1347; x_wconf 77' lang='lat' dir='ltr'><strong>observaret</strong></span> <span class='ocrx_word' id='word_1_446' title='bbox 3299 1301 3369 1346; x_wconf 76' lang='lat' dir='ltr'><strong>os</strong></span> <span class='ocrx_word' id='word_1_447' title='bbox 3404 1281 3559 1345; x_wconf 80' lang='lat' dir='ltr'><strong>eius.</strong></span> <span class='ocrx_word' id='word_1_448' title='bbox 3652 1279 3750 1344; x_wconf 87' lang='lat'><strong>13.</strong></span> <span class='ocrx_word' id='word_1_449' title='bbox 3802 1278 4008 1344; x_wconf 87' lang='lat' dir='ltr'><strong>Porro</strong></span> <span class='ocrx_word' id='word_1_450' title='bbox 4050 1281 4246 1344; x_wconf 75' lang='lat' dir='ltr'><strong>Anna</strong></span> <span class='ocrx_word' id='word_1_451' title='bbox 4288 1278 4634 1359; x_wconf 56' lang='lat' dir='ltr'><strong>loquaeatur</strong></span> <span class='ocrx_word' id='word_1_452' title='bbox 4666 1283 4723 1345; x_wconf 80' lang='lat' dir='ltr'><strong>in</strong></span> 
     </span>
     <span class='ocr_line' id='line_1_68' title="bbox 2821 1363 4725 1446; baseline -0.001 -14"><span class='ocrx_word' id='word_1_453' title='bbox 2821 1368 3000 1432; x_wconf 80' lang='lat' dir='ltr'><strong>eorde</strong></span> <span class='ocrx_word' id='word_1_454' title='bbox 3040 1387 3170 1442; x_wconf 80' lang='lat' dir='ltr'><strong>suo,</strong></span> <span class='ocrx_word' id='word_1_455' title='bbox 3229 1372 3591 1446; x_wconf 77' lang='lat' dir='ltr'><strong>tantumque</strong></span> <span class='ocrx_word' id='word_1_456' title='bbox 3632 1365 3802 1430; x_wconf 80' lang='lat' dir='ltr'><strong>labia</strong></span> <span class='ocrx_word' id='word_1_457' title='bbox 3845 1365 4030 1430; x_wconf 85' lang='lat' dir='ltr'><strong>illius</strong></span> <span class='ocrx_word' id='word_1_458' title='bbox 4080 1363 4491 1442; x_wconf 80' lang='lat' dir='ltr'><strong>movebantur,</strong></span> <span class='ocrx_word' id='word_1_459' title='bbox 4541 1369 4593 1429; x_wconf 86' lang='lat' dir='ltr'><strong>et</strong></span> <span class='ocrx_word' id='word_1_460' title='bbox 4627 1385 4725 1430; x_wconf 75' lang='lat' dir='ltr'><strong>vox</strong></span> 
     </span>
     <span class='ocr_line' id='line_1_69' title="bbox 2810 1450 4724 1534; baseline -0.001 -16"><span class='ocrx_word' id='word_1_461' title='bbox 2810 1455 3073 1534; x_wconf 76' lang='lat' dir='ltr'><strong>penitus</strong></span> <span class='ocrx_word' id='word_1_462' title='bbox 3137 1473 3263 1517; x_wconf 80' lang='lat' dir='ltr'><strong>non</strong></span> <span class='ocrx_word' id='word_1_463' title='bbox 3297 1453 3688 1517; x_wconf 76' lang='lat' dir='ltr'><strong>audiebatur.</strong></span> <span class='ocrx_word' id='word_1_464' title='bbox 3777 1450 4197 1515; x_wconf 71' lang='lat' dir='ltr'><strong>Existimavit</strong></span> <span class='ocrx_word' id='word_1_465' title='bbox 4239 1471 4384 1533; x_wconf 72' lang='lat' dir='ltr'><strong>erqo</strong></span> <span class='ocrx_word' id='word_1_466' title='bbox 4429 1450 4573 1515; x_wconf 87' lang='lat' dir='ltr'><strong>Heli</strong></span> <span class='ocrx_word' id='word_1_467' title='bbox 4611 1472 4724 1517; x_wconf 82' lang='lat' dir='ltr'><strong>eam</strong></span> 
     </span>
     <span class='ocr_line' id='line_1_70' title="bbox 2823 1535 4723 1620; baseline -0.002 -16"><span class='ocrx_word' id='word_1_468' title='bbox 2823 1539 3250 1604; x_wconf 76' lang='lat' dir='ltr'><strong>temulentam:</strong></span> <span class='ocrx_word' id='word_1_469' title='bbox 3338 1538 3436 1602; x_wconf 88' lang='grc'><strong>14.</strong></span> <span class='ocrx_word' id='word_1_470' title='bbox 3483 1537 3794 1620; x_wconf 75' lang='lat' dir='ltr'><strong>Dixitque</strong></span> <span class='ocrx_word' id='word_1_471' title='bbox 3836 1538 3929 1602; x_wconf 84' lang='lat' dir='ltr'><strong>ei:</strong></span> <span class='ocrx_word' id='word_1_472' title='bbox 4002 1535 4323 1618; x_wconf 72' lang='lat' dir='ltr'><strong>Usquequo</strong></span> <span class='ocrx_word' id='word_1_473' title='bbox 4364 1536 4537 1603; x_wconf 82' lang='lat' dir='ltr'><strong>ebria</strong></span> <span class='ocrx_word' id='word_1_474' title='bbox 4576 1536 4723 1604; x_wconf 72' lang='lat' dir='ltr'><strong>eris?</strong></span> 
     </span>
     <span class='ocr_line' id='line_1_71' title="bbox 2824 1620 4727 1704; baseline -0.001 -15"><span class='ocrx_word' id='word_1_475' title='bbox 2824 1646 3034 1691; x_wconf 86' lang='lat' dir='ltr'><strong>amove</strong></span> <span class='ocrx_word' id='word_1_476' title='bbox 3088 1625 3308 1689; x_wconf 78' lang='lat' dir='ltr'><strong>vinum</strong></span> <span class='ocrx_word' id='word_1_477' title='bbox 3350 1629 3526 1688; x_wconf 85' lang='lat' dir='ltr'><strong>tuum</strong></span> <span class='ocrx_word' id='word_1_478' title='bbox 3568 1629 3728 1688; x_wconf 86' lang='lat' dir='ltr'><strong>a·te.</strong></span> <span class='ocrx_word' id='word_1_479' title='bbox 3821 1620 3922 1687; x_wconf 86' lang='lat'><strong>15.</strong></span> <span class='ocrx_word' id='word_1_480' title='bbox 3971 1621 4095 1688; x_wconf 78' lang='lat' dir='ltr'><strong>Sed</strong></span> <span class='ocrx_word' id='word_1_481' title='bbox 4137 1622 4519 1704; x_wconf 81' lang='lat' dir='ltr'><strong>respondens</strong></span> <span class='ocrx_word' id='word_1_482' title='bbox 4558 1624 4727 1689; x_wconf 79' lang='lat' dir='ltr'><strong>Anna</strong></span> 
     </span>
     <span class='ocr_line' id='line_1_72' title="bbox 2822 1707 4727 1792; baseline -0.001 -16"><span class='ocrx_word' id='word_1_483' title='bbox 2822 1712 3016 1776; x_wconf 68' lang='lat' dir='ltr'><strong>dixit.-</strong></span> <span class='ocrx_word' id='word_1_484' title='bbox 3075 1710 3511 1792; x_wconf 68' lang='lat' dir='ltr'><strong>Nequaquam,</strong></span> <span class='ocrx_word' id='word_1_485' title='bbox 3569 1710 3820 1775; x_wconf 78' lang='lat' dir='ltr'><strong>domine</strong></span> <span class='ocrx_word' id='word_1_486' title='bbox 3858 1709 3980 1773; x_wconf 86' lang='lat' dir='ltr'><strong>mi:</strong></span> <span class='ocrx_word' id='word_1_487' title='bbox 4041 1707 4271 1772; x_wconf 87' lang='lat' dir='ltr'><strong>mulier</strong></span> <span class='ocrx_word' id='word_1_488' title='bbox 4312 1729 4506 1792; x_wconf 76' lang='lat' dir='ltr'><strong>aeyra</strong></span> <span class='ocrx_word' id='word_1_489' title='bbox 4549 1710 4727 1774; x_wconf 73' lang='lat' dir='ltr'><strong>anim</strong></span> 
     </span>
     <span class='ocr_line' id='line_1_73' title="bbox 2821 1793 4729 1880; baseline -0.001 -18"><span class='ocrx_word' id='word_1_490' title='bbox 2821 1817 2983 1880; x_wconf 75' lang='lat' dir='ltr'><strong>sum,</strong></span> <span class='ocrx_word' id='word_1_491' title='bbox 3043 1801 3101 1861; x_wconf 86' lang='lat' dir='ltr'><strong>et</strong></span> <span class='ocrx_word' id='word_1_492' title='bbox 3140 1798 3357 1861; x_wconf 76' lang='lat' dir='ltr'><strong>vinum</strong></span> <span class='ocrx_word' id='word_1_493' title='bbox 3414 1801 3527 1860; x_wconf 85' lang='lat' dir='ltr'><strong>aut</strong></span> <span class='ocrx_word' id='word_1_494' title='bbox 3559 1802 3778 1877; x_wconf 85' lang='lat' dir='ltr'><strong>potum</strong></span> <span class='ocrx_word' id='word_1_495' title='bbox 3836 1794 4243 1859; x_wconf 78' lang='lat' dir='ltr'><strong>inebriantem</strong></span> <span class='ocrx_word' id='word_1_496' title='bbox 4285 1815 4408 1858; x_wconf 80' lang='lat' dir='ltr'><strong>non</strong></span> <span class='ocrx_word' id='word_1_497' title='bbox 4451 1793 4603 1859; x_wconf 79' lang='lat' dir='ltr'><strong>bibi:</strong></span> <span class='ocrx_word' id='word_1_498' title='bbox 4639 1795 4729 1860; x_wconf 73' lang='lat' dir='ltr'><strong>sal</strong></span> 
     </span>
     <span class='ocr_line' id='line_1_74' title="bbox 2823 1879 4728 1964; baseline -0.002 -16"><span class='ocrx_word' id='word_1_499' title='bbox 2823 1882 3072 1964; x_wconf 75' lang='lat' dir='ltr'><strong>effundo</strong></span> <span class='ocrx_word' id='word_1_500' title='bbox 3130 1883 3415 1947; x_wconf 68' lang='lat' dir='ltr'><strong>unionum</strong></span> <span class='ocrx_word' id='word_1_501' title='bbox 3456 1902 3659 1946; x_wconf 80' lang='lat' dir='ltr'><strong>meum</strong></span> <span class='ocrx_word' id='word_1_502' title='bbox 3699 1901 3913 1947; x_wconf 85' lang='lat' dir='ltr'><strong>coram</strong></span> <span class='ocrx_word' id='word_1_503' title='bbox 3964 1879 4213 1944; x_wconf 80' lang='lat' dir='ltr'><strong>Ielwca.</strong></span> <span class='ocrx_word' id='word_1_504' title='bbox 4306 1880 4410 1944; x_wconf 87' lang='grc'><strong>16.</strong></span> <span class='ocrx_word' id='word_1_505' title='bbox 4460 1880 4557 1945; x_wconf 84' lang='lat' dir='ltr'><strong>Ne</strong></span> <span class='ocrx_word' id='word_1_506' title='bbox 4595 1899 4728 1945; x_wconf 74' lang='lat' dir='ltr'><strong>com·</strong></span> 
     </span>
     <span class='ocr_line' id='line_1_75' title="bbox 2809 1966 4736 2050; baseline -0.001 -17"><span class='ocrx_word' id='word_1_507' title='bbox 2809 1989 3010 2050; x_wconf 76' lang='lat' dir='ltr'><strong>pares</strong></span> <span class='ocrx_word' id='word_1_508' title='bbox 3065 1967 3362 2033; x_wconf 79' lang='lat' dir='ltr'><strong>ancillam</strong></span> <span class='ocrx_word' id='word_1_509' title='bbox 3404 1973 3579 2032; x_wconf 84' lang='lat' dir='ltr'><strong>tuam</strong></span> <span class='ocrx_word' id='word_1_510' title='bbox 3621 1987 3760 2032; x_wconf 87' lang='lat' dir='ltr'><strong>cum</strong></span> <span class='ocrx_word' id='word_1_511' title='bbox 3801 1966 3938 2031; x_wconf 85' lang='lat' dir='ltr'><strong>ulla</strong></span> <span class='ocrx_word' id='word_1_512' title='bbox 3976 1966 4217 2048; x_wconf 79' lang='lat' dir='ltr'><strong>femina</strong></span> <span class='ocrx_word' id='word_1_513' title='bbox 4259 1986 4559 2048; x_wconf 74' lang='lat' dir='ltr'><strong>nequam:</strong></span> <span class='ocrx_word' id='word_1_514' title='bbox 4611 1987 4736 2031; x_wconf 73' lang='lat' dir='ltr'><strong>nam</strong></span> 
     </span>
     <span class='ocr_line' id='line_1_76' title="bbox 2811 2052 4737 2137; baseline -0.001 -19"><span class='ocrx_word' id='word_1_515' title='bbox 2811 2075 2980 2135; x_wconf 85' lang='lat' dir='ltr'><strong>prae</strong></span> <span class='ocrx_word' id='word_1_516' title='bbox 3031 2054 3461 2137; x_wconf 74' lang='lat' dir='ltr'><strong>maynitudine</strong></span> <span class='ocrx_word' id='word_1_517' title='bbox 3516 2053 3945 2120; x_wconf 77' lang='lat' dir='ltr'><strong>meditationis</strong></span> <span class='ocrx_word' id='word_1_518' title='bbox 3998 2072 4171 2117; x_wconf 86' lang='lat' dir='ltr'><strong>meae</strong></span> <span class='ocrx_word' id='word_1_519' title='bbox 4204 2057 4260 2118; x_wconf 82' lang='lat' dir='ltr'><strong>et</strong></span> <span class='ocrx_word' id='word_1_520' title='bbox 4313 2052 4737 2135; x_wconf 72' lang='lat' dir='ltr'><strong>indiyuatioeris</strong></span> 
     </span>
     <span class='ocr_line' id='line_1_77' title="bbox 2822 2136 4739 2221; baseline 0 -17"><span class='ocrx_word' id='word_1_521' title='bbox 2822 2160 2995 2205; x_wconf 89' lang='lat' dir='ltr'><strong>meae</strong></span> <span class='ocrx_word' id='word_1_522' title='bbox 3037 2141 3130 2204; x_wconf 82' lang='lat' dir='ltr'><strong>sic</strong></span> <span class='ocrx_word' id='word_1_523' title='bbox 3174 2140 3432 2221; x_wconf 79' lang='lat' dir='ltr'><strong>loquuta</strong></span> <span class='ocrx_word' id='word_1_524' title='bbox 3473 2159 3613 2203; x_wconf 77' lang='lat' dir='ltr'><strong>sum</strong></span> <span class='ocrx_word' id='word_1_525' title='bbox 3656 2139 3968 2205; x_wconf 73' lang='lat' dir='ltr'><strong>haelenae.</strong></span> <span class='ocrx_word' id='word_1_526' title='bbox 4039 2136 4140 2202; x_wconf 82' lang='lat'><strong>17.</strong></span> <span class='ocrx_word' id='word_1_527' title='bbox 4195 2138 4359 2203; x_wconf 85' lang='lat' dir='ltr'><strong>Tum</strong></span> <span class='ocrx_word' id='word_1_528' title='bbox 4396 2139 4739 2220; x_wconf 67' lang='lat' dir='ltr'><strong>respondete</strong></span> 
     </span>
     <span class='ocr_line' id='line_1_78' title="bbox 2824 2223 4737 2307; baseline -0.002 -16"><span class='ocrx_word' id='word_1_529' title='bbox 2824 2226 2980 2291; x_wconf 79' lang='lat' dir='ltr'><strong>Heli</strong></span> <span class='ocrx_word' id='word_1_530' title='bbox 3021 2225 3204 2304; x_wconf 70' lang='lat' dir='ltr'><strong>discit,</strong></span> <span class='ocrx_word' id='word_1_531' title='bbox 3249 2225 3380 2291; x_wconf 74' lang='lat' dir='ltr'><strong>Abi</strong></span> <span class='ocrx_word' id='word_1_532' title='bbox 3421 2244 3564 2290; x_wconf 82' lang='lat' dir='ltr'><strong>cum</strong></span> <span class='ocrx_word' id='word_1_533' title='bbox 3592 2241 3781 2307; x_wconf 74' lang='lat' dir='ltr'><strong>paee.-</strong></span> <span class='ocrx_word' id='word_1_534' title='bbox 3823 2223 4006 2290; x_wconf 75' lang='lat' dir='ltr'><strong>Deus</strong></span> <span class='ocrx_word' id='word_1_535' title='bbox 4034 2229 4243 2288; x_wconf 80' lang='lat' dir='ltr'><strong>autem</strong></span> <span class='ocrx_word' id='word_1_536' title='bbox 4265 2225 4737 2305; x_wconf 67' lang='lat' dir='ltr'><strong>Iisraelisprce·</strong></span> 
     </span>
     <span class='ocr_line' id='line_1_79' title="bbox 2822 2309 4734 2394; baseline -0.002 -17"><span class='ocrx_word' id='word_1_537' title='bbox 2822 2317 2937 2377; x_wconf 77' lang='lat' dir='ltr'><strong>stet</strong></span> <span class='ocrx_word' id='word_1_538' title='bbox 2971 2312 3331 2394; x_wconf 71' lang='lat' dir='ltr'><strong>petitionem</strong></span> <span class='ocrx_word' id='word_1_539' title='bbox 3371 2316 3546 2376; x_wconf 83' lang='lat' dir='ltr'><strong>tuam</strong></span> <span class='ocrx_word' id='word_1_540' title='bbox 3588 2331 3780 2393; x_wconf 75' lang='lat' dir='ltr'><strong>quam</strong></span> <span class='ocrx_word' id='word_1_541' title='bbox 3828 2310 4074 2393; x_wconf 79' lang='lat' dir='ltr'><strong>petiisti</strong></span> <span class='ocrx_word' id='word_1_542' title='bbox 4127 2311 4208 2374; x_wconf 79' lang='lat' dir='ltr'><strong>ab</strong></span> <span class='ocrx_word' id='word_1_543' title='bbox 4250 2329 4342 2375; x_wconf 86' lang='lat' dir='ltr'><strong>eo.</strong></span> <span class='ocrx_word' id='word_1_544' title='bbox 4436 2309 4538 2374; x_wconf 88' lang='lat'><strong>18.</strong></span> <span class='ocrx_word' id='word_1_545' title='bbox 4590 2311 4734 2391; x_wconf 79' lang='lat' dir='ltr'><strong>Quae</strong></span> 
     </span>
     <span class='ocr_line' id='line_1_80' title="bbox 2822 2395 4638 2481; baseline -0.002 -19"><span class='ocrx_word' id='word_1_546' title='bbox 2822 2398 3018 2464; x_wconf 73' lang='lat' dir='ltr'><strong>dizit.-</strong></span> <span class='ocrx_word' id='word_1_547' title='bbox 3061 2398 3353 2463; x_wconf 77' lang='lat' dir='ltr'><strong>Inveniat</strong></span> <span class='ocrx_word' id='word_1_548' title='bbox 3396 2396 3631 2462; x_wconf 82' lang='lat' dir='ltr'><strong>ancilla</strong></span> <span class='ocrx_word' id='word_1_549' title='bbox 3671 2402 3784 2462; x_wconf 78' lang='lat' dir='ltr'><strong>tua</strong></span> <span class='ocrx_word' id='word_1_550' title='bbox 3821 2396 4100 2481; x_wconf 73' lang='lat' dir='ltr'><strong>qratiam</strong></span> <span class='ocrx_word' id='word_1_551' title='bbox 4142 2397 4217 2461; x_wconf 75' lang='lat' dir='ltr'><strong>iu</strong></span> <span class='ocrx_word' id='word_1_552' title='bbox 4258 2395 4459 2461; x_wconf 80' lang='lat' dir='ltr'><strong>oeulis</strong></span> <span class='ocrx_word' id='word_1_553' title='bbox 4497 2397 4638 2461; x_wconf 79' lang='lat' dir='ltr'><strong>tuis.</strong></span> 
     </span>
    </p>
   </div>
   <div class='ocr_carea' id='block_1_6' title="bbox 2821 2565 4754 5300">
    <p class='ocr_par' dir='ltr' id='par_1_7' title="bbox 2821 2565 4753 5215">
     <span class='ocr_line' id='line_1_81' title="bbox 2993 2565 4739 2652; baseline -0.002 -19"><span class='ocrx_word' id='word_1_554' title='bbox 2993 2567 3252 2650; x_wconf 91' lang='lat' dir='ltr'><strong>Quibus</strong></span> <span class='ocrx_word' id='word_1_555' title='bbox 3309 2568 3688 2652; x_wconf 89' lang='lat' dir='ltr'><strong>gemitibus,</strong></span> <span class='ocrx_word' id='word_1_556' title='bbox 3756 2583 3826 2632; x_wconf 90' lang='lat' dir='ltr'><strong>et</strong></span> <span class='ocrx_word' id='word_1_557' title='bbox 3891 2588 4107 2650; x_wconf 19' lang='lat' dir='ltr'><strong>quam,</strong></span> <span class='ocrx_word' id='word_1_558' title='bbox 4155 2566 4541 2632; x_wconf 89' lang='lat' dir='ltr'><strong>ardentibus</strong></span> <span class='ocrx_word' id='word_1_559' title='bbox 4597 2565 4739 2631; x_wconf 85' lang='lat' dir='ltr'><strong>votis</strong></span> 
     </span>
     <span class='ocr_line' id='line_1_82' title="bbox 2822 2650 4738 2736; baseline -0.003 -15"><span class='ocrx_word' id='word_1_560' title='bbox 2822 2660 3039 2734; x_wconf 84' lang='lat' dir='ltr'><strong>Anna,</strong></span> <span class='ocrx_word' id='word_1_561' title='bbox 3098 2654 3521 2721; x_wconf 83' lang='lat' dir='ltr'><strong>contumeliis</strong></span> <span class='ocrx_word' id='word_1_562' title='bbox 3567 2676 3604 2719; x_wconf 89' lang='lat' dir='ltr'><strong>a</strong></span> <span class='ocrx_word' id='word_1_563' title='bbox 3640 2654 3949 2719; x_wconf 90' lang='lat' dir='ltr'><strong>Peninna</strong></span> <span class='ocrx_word' id='word_1_564' title='bbox 4005 2652 4287 2736; x_wconf 89' lang='lat' dir='ltr'><strong>coniuge</strong></span> <span class='ocrx_word' id='word_1_565' title='bbox 4349 2652 4564 2718; x_wconf 88' lang='lat' dir='ltr'><strong>altera</strong></span> <span class='ocrx_word' id='word_1_566' title='bbox 4601 2650 4738 2716; x_wconf 84' lang='lat' dir='ltr'><strong>Hel-</strong></span> 
     </span>
     <span class='ocr_line' id='line_1_83' title="bbox 2821 2737 4739 2824; baseline -0.003 -16"><span class='ocrx_word' id='word_1_567' title='bbox 2821 2761 3024 2808; x_wconf 88' lang='lat' dir='ltr'><strong>canae</strong></span> <span class='ocrx_word' id='word_1_568' title='bbox 3067 2754 3422 2824; x_wconf 86' lang='lat' dir='ltr'><strong>provocata</strong></span> <span class='ocrx_word' id='word_1_569' title='bbox 3482 2741 3697 2805; x_wconf 91' lang='lat' dir='ltr'><strong>Deum</strong></span> <span class='ocrx_word' id='word_1_570' title='bbox 3760 2739 4147 2816; x_wconf 65' lang='lat' dir='ltr'><strong>sollicitam,</strong></span> <span class='ocrx_word' id='word_1_571' title='bbox 4215 2738 4537 2804; x_wconf 88' lang='lat' dir='ltr'><strong>hactenus</strong></span> <span class='ocrx_word' id='word_1_572' title='bbox 4580 2737 4739 2803; x_wconf 86' lang='lat' dir='ltr'><strong>audi-</strong></span> 
     </span>
     <span class='ocr_line' id='line_1_84' title="bbox 2823 2822 4740 2908; baseline -0.002 -16"><span class='ocrx_word' id='word_1_573' title='bbox 2823 2829 3061 2893; x_wconf 72' lang='lat' dir='ltr'><strong>vimuS.</strong></span> <span class='ocrx_word' id='word_1_574' title='bbox 3131 2826 3319 2907; x_wconf 87' lang='lat' dir='ltr'><strong>Quae</strong></span> <span class='ocrx_word' id='word_1_575' title='bbox 3367 2841 3590 2891; x_wconf 89' lang='lat' dir='ltr'><strong>tamen</strong></span> <span class='ocrx_word' id='word_1_576' title='bbox 3617 2825 3829 2908; x_wconf 89' lang='lat' dir='ltr'><strong>primo</strong></span> <span class='ocrx_word' id='word_1_577' title='bbox 3866 2825 4114 2889; x_wconf 89' lang='lat' dir='ltr'><strong>intuitu</strong></span> <span class='ocrx_word' id='word_1_578' title='bbox 4160 2825 4329 2889; x_wconf 88' lang='lat' dir='ltr'><strong>forte</strong></span> <span class='ocrx_word' id='word_1_579' title='bbox 4364 2822 4740 2890; x_wconf 86' lang='lat' dir='ltr'><strong>videbuntur</strong></span> 
     </span>
     <span class='ocr_line' id='line_1_85' title="bbox 2824 2908 4740 3010; baseline -0.003 -31"><span class='ocrx_word' id='word_1_580' title='bbox 2824 2913 3095 2996; x_wconf 88' lang='lat' dir='ltr'><strong>indigna</strong></span> <span class='ocrx_word' id='word_1_581' title='bbox 3141 2914 3268 2978; x_wconf 92' lang='lat' dir='ltr'><strong>Dei</strong></span> <span class='ocrx_word' id='word_1_582' title='bbox 3325 2926 3696 3010; x_wconf 66' lang='lat' dir='ltr'><strong>conspectu,</strong></span> <span class='ocrx_word' id='word_1_583' title='bbox 3759 2911 3865 2979; x_wconf 87' lang='lat' dir='ltr'><strong>vel</strong></span> <span class='ocrx_word' id='word_1_584' title='bbox 3910 2931 4081 2992; x_wconf 88' lang='lat' dir='ltr'><strong>quae</strong></span> <span class='ocrx_word' id='word_1_585' title='bbox 4130 2912 4200 2974; x_wconf 92' lang='lat' dir='ltr'><strong>in</strong></span> <span class='ocrx_word' id='word_1_586' title='bbox 4246 2911 4512 2977; x_wconf 87' lang='lat' dir='ltr'><strong>tabulas</strong></span> <span class='ocrx_word' id='word_1_587' title='bbox 4556 2908 4740 2994; x_wconf 89' lang='lat' dir='ltr'><strong>publi·</strong></span> 
     </span>
     <span class='ocr_line' id='line_1_86' title="bbox 2823 2996 4739 3080; baseline -0.003 -16"><span class='ocrx_word' id='word_1_588' title='bbox 2823 3018 2932 3065; x_wconf 88' lang='lat' dir='ltr'><strong>cas</strong></span> <span class='ocrx_word' id='word_1_589' title='bbox 3002 2998 3397 3063; x_wconf 86' lang='lat' dir='ltr'><strong>referantur.</strong></span> <span class='ocrx_word' id='word_1_590' title='bbox 3485 2996 3739 3080; x_wconf 80' lang='lat' dir='ltr'><strong>Ecquid</strong></span> <span class='ocrx_word' id='word_1_591' title='bbox 3805 2997 3981 3061; x_wconf 87' lang='lat' dir='ltr'><strong>enim</strong></span> <span class='ocrx_word' id='word_1_592' title='bbox 4045 2996 4212 3061; x_wconf 87' lang='lat' dir='ltr'><strong>tanti</strong></span> <span class='ocrx_word' id='word_1_593' title='bbox 4274 3010 4436 3062; x_wconf 86' lang='lat' dir='ltr'><strong>sunt</strong></span> <span class='ocrx_word' id='word_1_594' title='bbox 4492 2996 4739 3062; x_wconf 88' lang='lat' dir='ltr'><strong>duarum</strong></span> 
     </span>
     <span class='ocr_line' id='line_1_87' title="bbox 2824 3081 4739 3164; baseline -0.003 -14"><span class='ocrx_word' id='word_1_595' title='bbox 2824 3085 3173 3150; x_wconf 87' lang='lat' dir='ltr'><strong>mulierum</strong></span> <span class='ocrx_word' id='word_1_596' title='bbox 3237 3084 3442 3161; x_wconf 85' lang='lat' dir='ltr'><strong>rixae,</strong></span> <span class='ocrx_word' id='word_1_597' title='bbox 3506 3099 3579 3149; x_wconf 90' lang='lat' dir='ltr'><strong>ut</strong></span> <span class='ocrx_word' id='word_1_598' title='bbox 3636 3103 3854 3149; x_wconf 87' lang='lat' dir='ltr'><strong>coram</strong></span> <span class='ocrx_word' id='word_1_599' title='bbox 3914 3083 4076 3162; x_wconf 86' lang='lat' dir='ltr'><strong>Deo,</strong></span> <span class='ocrx_word' id='word_1_600' title='bbox 4136 3082 4318 3148; x_wconf 87' lang='lat' dir='ltr'><strong>velut</strong></span> <span class='ocrx_word' id='word_1_601' title='bbox 4374 3082 4460 3147; x_wconf 92' lang='lat' dir='ltr'><strong>de</strong></span> <span class='ocrx_word' id='word_1_602' title='bbox 4518 3081 4739 3164; x_wconf 82' lang='lat' dir='ltr'><strong>ingenti</strong></span> 
     </span>
     <span class='ocr_line' id='line_1_88' title="bbox 2823 3167 4737 3252; baseline -0.003 -17"><span class='ocrx_word' id='word_1_603' title='bbox 2823 3172 3110 3236; x_wconf 85' lang='lat' dir='ltr'><strong>facinore</strong></span> <span class='ocrx_word' id='word_1_604' title='bbox 3154 3170 3334 3235; x_wconf 86' lang='lat' dir='ltr'><strong>litem</strong></span> <span class='ocrx_word' id='word_1_605' title='bbox 3381 3170 3588 3236; x_wconf 88' lang='lat' dir='ltr'><strong>altera</strong></span> <span class='ocrx_word' id='word_1_606' title='bbox 3610 3169 3801 3234; x_wconf 91' lang='lat' dir='ltr'><strong>alteri</strong></span> <span class='ocrx_word' id='word_1_607' title='bbox 3845 3168 4189 3234; x_wconf 78' lang='lat' dir='ltr'><strong>intendat?</strong></span> <span class='ocrx_word' id='word_1_608' title='bbox 4236 3167 4549 3234; x_wconf 86' lang='lat' dir='ltr'><strong>Ridicula</strong></span> <span class='ocrx_word' id='word_1_609' title='bbox 4570 3170 4737 3252; x_wconf 86' lang='lat' dir='ltr'><strong>plane</strong></span> 
     </span>
     <span class='ocr_line' id='line_1_89' title="bbox 2826 3254 4740 3340; baseline -0.003 -19"><span class='ocrx_word' id='word_1_610' title='bbox 2826 3258 3041 3340; x_wconf 85' lang='lat' dir='ltr'><strong>potius</strong></span> <span class='ocrx_word' id='word_1_611' title='bbox 3106 3255 3271 3322; x_wconf 91' lang='lat' dir='ltr'><strong>haec</strong></span> <span class='ocrx_word' id='word_1_612' title='bbox 3336 3254 3678 3322; x_wconf 86' lang='lat' dir='ltr'><strong>videntur:</strong></span> <span class='ocrx_word' id='word_1_613' title='bbox 3746 3276 3973 3319; x_wconf 88' lang='lat' dir='ltr'><strong>verum</strong></span> <span class='ocrx_word' id='word_1_614' title='bbox 4042 3276 4124 3320; x_wconf 91' lang='lat' dir='ltr'><strong>ex</strong></span> <span class='ocrx_word' id='word_1_615' title='bbox 4184 3255 4265 3319; x_wconf 84' lang='lat' dir='ltr'><strong>iis</strong></span> <span class='ocrx_word' id='word_1_616' title='bbox 4325 3256 4740 3320; x_wconf 86' lang='lat' dir='ltr'><strong>certissimum</strong></span> 
     </span>
     <span class='ocr_line' id='line_1_90' title="bbox 2826 3339 4741 3424; baseline -0.003 -17"><span class='ocrx_word' id='word_1_617' title='bbox 2826 3342 3031 3408; x_wconf 85' lang='lat' dir='ltr'><strong>divini</strong></span> <span class='ocrx_word' id='word_1_618' title='bbox 3087 3341 3334 3409; x_wconf 80' lang='lat' dir='ltr'><strong>favoris</strong></span> <span class='ocrx_word' id='word_1_619' title='bbox 3393 3343 3462 3406; x_wconf 88' lang='lat' dir='ltr'><strong>in</strong></span> <span class='ocrx_word' id='word_1_620' title='bbox 3523 3339 3950 3407; x_wconf 85' lang='lat' dir='ltr'><strong>exaudiendis</strong></span> <span class='ocrx_word' id='word_1_621' title='bbox 4007 3342 4247 3407; x_wconf 87' lang='lat' dir='ltr'><strong>nostris</strong></span> <span class='ocrx_word' id='word_1_622' title='bbox 4289 3340 4592 3424; x_wconf 85' lang='lat' dir='ltr'><strong>precibus</strong></span> <span class='ocrx_word' id='word_1_623' title='bbox 4631 3353 4741 3403; x_wconf 84' lang='lat' dir='ltr'><strong>tes-</strong></span> 
     </span>
     <span class='ocr_line' id='line_1_91' title="bbox 2827 3425 4742 3512; baseline -0.004 -18"><span class='ocrx_word' id='word_1_624' title='bbox 2827 3430 3170 3495; x_wconf 88' lang='lat' dir='ltr'><strong>timonium</strong></span> <span class='ocrx_word' id='word_1_625' title='bbox 3238 3427 3628 3512; x_wconf 87' lang='lat' dir='ltr'><strong>colligimus,</strong></span> <span class='ocrx_word' id='word_1_626' title='bbox 3695 3427 3948 3510; x_wconf 88' lang='lat' dir='ltr'><strong>quoties</strong></span> <span class='ocrx_word' id='word_1_627' title='bbox 4007 3425 4090 3492; x_wconf 88' lang='lat' dir='ltr'><strong>ad</strong></span> <span class='ocrx_word' id='word_1_628' title='bbox 4148 3447 4303 3492; x_wconf 92' lang='lat' dir='ltr'><strong>eum</strong></span> <span class='ocrx_word' id='word_1_629' title='bbox 4352 3425 4742 3492; x_wconf 85' lang='lat' dir='ltr'><strong>familiariter</strong></span> 
     </span>
     <span class='ocr_line' id='line_1_92' title="bbox 2827 3513 4739 3581; baseline -0.004 -1"><span class='ocrx_word' id='word_1_630' title='bbox 2827 3514 3206 3581; x_wconf 88' lang='lat' dir='ltr'><strong>accedentes</strong></span> <span class='ocrx_word' id='word_1_631' title='bbox 3267 3516 3452 3579; x_wconf 84' lang='lat' dir='ltr'><strong>velut</strong></span> <span class='ocrx_word' id='word_1_632' title='bbox 3495 3517 3566 3579; x_wconf 90' lang='lat' dir='ltr'><strong>in</strong></span> <span class='ocrx_word' id='word_1_633' title='bbox 3609 3514 3751 3579; x_wconf 91' lang='lat' dir='ltr'><strong>eius</strong></span> <span class='ocrx_word' id='word_1_634' title='bbox 3795 3513 4012 3578; x_wconf 91' lang='lat' dir='ltr'><strong>sinum</strong></span> <span class='ocrx_word' id='word_1_635' title='bbox 4070 3533 4299 3578; x_wconf 85' lang='lat' dir='ltr'><strong>omnes</strong></span> <span class='ocrx_word' id='word_1_636' title='bbox 4345 3527 4605 3579; x_wconf 88' lang='lat' dir='ltr'><strong>nostras</strong></span> <span class='ocrx_word' id='word_1_637' title='bbox 4644 3530 4739 3574; x_wconf 90' lang='lat' dir='ltr'><strong>cu-</strong></span> 
     </span>
     <span class='ocr_line' id='line_1_93' title="bbox 2828 3598 4738 3682; baseline -0.002 -16"><span class='ocrx_word' id='word_1_638' title='bbox 2828 3621 2936 3666; x_wconf 88' lang='lat' dir='ltr'><strong>ras</strong></span> <span class='ocrx_word' id='word_1_639' title='bbox 2972 3621 3047 3666; x_wconf 85' lang='lat' dir='ltr'><strong>ac</strong></span> <span class='ocrx_word' id='word_1_640' title='bbox 3091 3599 3561 3666; x_wconf 87' lang='lat' dir='ltr'><strong>sollicitudines</strong></span> <span class='ocrx_word' id='word_1_641' title='bbox 3604 3599 3998 3665; x_wconf 87' lang='lat' dir='ltr'><strong>coniicimus.</strong></span> <span class='ocrx_word' id='word_1_642' title='bbox 4067 3598 4292 3679; x_wconf 81' lang='lat' dir='ltr'><strong>Quare</strong></span> <span class='ocrx_word' id='word_1_643' title='bbox 4317 3599 4519 3682; x_wconf 86' lang='lat' dir='ltr'><strong>agite,</strong></span> <span class='ocrx_word' id='word_1_644' title='bbox 4563 3616 4738 3681; x_wconf 86' lang='lat' dir='ltr'><strong>quum</strong></span> 
     </span>
     <span class='ocr_line' id='line_1_94' title="bbox 2829 3683 4740 3768; baseline -0.003 -17"><span class='ocrx_word' id='word_1_645' title='bbox 2829 3701 3013 3751; x_wconf 90' lang='lat' dir='ltr'><strong>tanta</strong></span> <span class='ocrx_word' id='word_1_646' title='bbox 3068 3687 3157 3750; x_wconf 90' lang='lat' dir='ltr'><strong>sit</strong></span> <span class='ocrx_word' id='word_1_647' title='bbox 3200 3685 3328 3751; x_wconf 90' lang='lat' dir='ltr'><strong>Dei</strong></span> <span class='ocrx_word' id='word_1_648' title='bbox 3372 3687 3440 3751; x_wconf 90' lang='lat' dir='ltr'><strong>in</strong></span> <span class='ocrx_word' id='word_1_649' title='bbox 3484 3685 3786 3751; x_wconf 88' lang='lat' dir='ltr'><strong>homines</strong></span> <span class='ocrx_word' id='word_1_650' title='bbox 3843 3685 4209 3767; x_wconf 90' lang='lat' dir='ltr'><strong>propensio,</strong></span> <span class='ocrx_word' id='word_1_651' title='bbox 4266 3683 4584 3768; x_wconf 90' lang='lat' dir='ltr'><strong>quidquid</strong></span> <span class='ocrx_word' id='word_1_652' title='bbox 4624 3702 4740 3748; x_wconf 88' lang='lat' dir='ltr'><strong>mc·</strong></span> 
     </span>
     <span class='ocr_line' id='line_1_95' title="bbox 2828 3770 4742 3855; baseline -0.003 -19"><span class='ocrx_word' id='word_1_653' title='bbox 2828 3773 3167 3838; x_wconf 90' lang='lat' dir='ltr'><strong>lestiarum</strong></span> <span class='ocrx_word' id='word_1_654' title='bbox 3213 3772 3518 3855; x_wconf 89' lang='lat' dir='ltr'><strong>patimur,</strong></span> <span class='ocrx_word' id='word_1_655' title='bbox 3563 3792 3726 3853; x_wconf 86' lang='lat' dir='ltr'><strong>quas</strong></span> <span class='ocrx_word' id='word_1_656' title='bbox 3774 3771 3891 3835; x_wconf 83' lang='lat' dir='ltr'><strong>vix</strong></span> <span class='ocrx_word' id='word_1_657' title='bbox 3927 3770 4457 3836; x_wconf 87' lang='lat' dir='ltr'><strong>familiarissimis</strong></span> <span class='ocrx_word' id='word_1_658' title='bbox 4498 3785 4742 3853; x_wconf 85' lang='lat' dir='ltr'><strong>aperue-</strong></span> 
     </span>
     <span class='ocr_line' id='line_1_96' title="bbox 2827 3856 4746 3941; baseline -0.003 -19"><span class='ocrx_word' id='word_1_659' title='bbox 2827 3859 3069 3936; x_wconf 87' lang='lat' dir='ltr'><strong>rimus,</strong></span> <span class='ocrx_word' id='word_1_660' title='bbox 3156 3858 3300 3922; x_wconf 92' lang='lat' dir='ltr'><strong>Deo</strong></span> <span class='ocrx_word' id='word_1_661' title='bbox 3366 3860 3489 3940; x_wconf 82' lang='lat' dir='ltr'><strong>ipsi</strong></span> <span class='ocrx_word' id='word_1_662' title='bbox 3558 3861 3922 3941; x_wconf 84' lang='lat' dir='ltr'><strong>patefacere</strong></span> <span class='ocrx_word' id='word_1_663' title='bbox 3981 3879 4064 3922; x_wconf 91' lang='lat' dir='ltr'><strong>ne</strong></span> <span class='ocrx_word' id='word_1_664' title='bbox 4129 3876 4518 3923; x_wconf 79' lang='lat' dir='ltr'><strong>vereamur:</strong></span> <span class='ocrx_word' id='word_1_665' title='bbox 4582 3856 4746 3920; x_wconf 84' lang='lat' dir='ltr'><strong>cuius</strong></span> 
     </span>
     <span class='ocr_line' id='line_1_97' title="bbox 2830 3937 4746 4027; baseline -0.002 -18"><span class='ocrx_word' id='word_1_666' title='bbox 2830 3955 3143 4027; x_wconf 89' lang='lat' dir='ltr'><strong>perpetua</strong></span> <span class='ocrx_word' id='word_1_667' title='bbox 3199 3957 3357 4008; x_wconf 86' lang='lat' dir='ltr'><strong>sunt</strong></span> <span class='ocrx_word' id='word_1_668' title='bbox 3401 3947 3466 4009; x_wconf 90' lang='lat' dir='ltr'><strong>in</strong></span> <span class='ocrx_word' id='word_1_669' title='bbox 3513 3966 3631 4009; x_wconf 92' lang='lat' dir='ltr'><strong>nos</strong></span> <span class='ocrx_word' id='word_1_670' title='bbox 3691 3943 4018 4021; x_wconf 90' lang='lat' dir='ltr'><strong>beneficia,</strong></span> <span class='ocrx_word' id='word_1_671' title='bbox 4079 3964 4155 4009; x_wconf 88' lang='lat' dir='ltr'><strong>ac</strong></span> <span class='ocrx_word' id='word_1_672' title='bbox 4201 3953 4482 4025; x_wconf 88' lang='lat' dir='ltr'><strong>paterna</strong></span> <span class='ocrx_word' id='word_1_673' title='bbox 4525 3937 4746 4027; x_wconf 84' lang='lat' dir='ltr'><strong>pollici-</strong></span> 
     </span>
     <span class='ocr_line' id='line_1_98' title="bbox 2833 4028 4744 4112; baseline -0.002 -18"><span class='ocrx_word' id='word_1_674' title='bbox 2833 4032 3010 4112; x_wconf 87' lang='lat' dir='ltr'><strong>tatio,</strong></span> <span class='ocrx_word' id='word_1_675' title='bbox 3049 4030 3485 4112; x_wconf 90' lang='lat' dir='ltr'><strong>propinquum</strong></span> <span class='ocrx_word' id='word_1_676' title='bbox 3533 4052 3673 4095; x_wconf 91' lang='lat' dir='ltr'><strong>sese</strong></span> <span class='ocrx_word' id='word_1_677' title='bbox 3718 4029 4021 4095; x_wconf 86' lang='lat' dir='ltr'><strong>omnibus</strong></span> <span class='ocrx_word' id='word_1_678' title='bbox 4066 4029 4133 4093; x_wconf 90' lang='lat' dir='ltr'><strong>in</strong></span> <span class='ocrx_word' id='word_1_679' title='bbox 4181 4047 4336 4093; x_wconf 82' lang='lat' dir='ltr'><strong>vcra</strong></span> <span class='ocrx_word' id='word_1_680' title='bbox 4379 4028 4512 4094; x_wconf 86' lang='lat' dir='ltr'><strong>fide</strong></span> <span class='ocrx_word' id='word_1_681' title='bbox 4553 4030 4744 4111; x_wconf 81' lang='lat' dir='ltr'><strong>ipsum</strong></span> 
     </span>
     <span class='ocr_line' id='line_1_99' title="bbox 2833 4113 4746 4198; baseline -0.003 -17"><span class='ocrx_word' id='word_1_682' title='bbox 2833 4117 3286 4182; x_wconf 86' lang='lat' dir='ltr'><strong>invocantibus</strong></span> <span class='ocrx_word' id='word_1_683' title='bbox 3344 4118 3499 4182; x_wconf 89' lang='lat' dir='ltr'><strong>fore.</strong></span> <span class='ocrx_word' id='word_1_684' title='bbox 3593 4113 3976 4181; x_wconf 81' lang='lat' dir='ltr'><strong>Cavendum</strong></span> <span class='ocrx_word' id='word_1_685' title='bbox 4039 4126 4283 4191; x_wconf 88' lang='lat' dir='ltr'><strong>autem,</strong></span> <span class='ocrx_word' id='word_1_686' title='bbox 4365 4139 4472 4193; x_wconf 89' lang='lat' dir='ltr'><strong>ne,</strong></span> <span class='ocrx_word' id='word_1_687' title='bbox 4535 4116 4746 4198; x_wconf 81' lang='lat' dir='ltr'><strong>pleros·</strong></span> 
     </span>
     <span class='ocr_line' id='line_1_100' title="bbox 2833 4200 4745 4285; baseline -0.002 -18"><span class='ocrx_word' id='word_1_688' title='bbox 2833 4223 2957 4285; x_wconf 88' lang='lat' dir='ltr'><strong>que</strong></span> <span class='ocrx_word' id='word_1_689' title='bbox 3024 4200 3403 4285; x_wconf 77' lang='lat' dir='ltr'><strong>hypocritas</strong></span> <span class='ocrx_word' id='word_1_690' title='bbox 3470 4201 3725 4279; x_wconf 91' lang='lat' dir='ltr'><strong>imitati,</strong></span> <span class='ocrx_word' id='word_1_691' title='bbox 3794 4200 4015 4266; x_wconf 90' lang='lat' dir='ltr'><strong>Deum</strong></span> <span class='ocrx_word' id='word_1_692' title='bbox 4083 4222 4458 4283; x_wconf 86' lang='lat' dir='ltr'><strong>precemur,</strong></span> <span class='ocrx_word' id='word_1_693' title='bbox 4533 4217 4745 4285; x_wconf 75' lang='lat' dir='ltr'><strong>pravas</strong></span> 
     </span>
     <span class='ocr_line' id='line_1_101' title="bbox 2836 4285 4745 4370; baseline -0.003 -17"><span class='ocrx_word' id='word_1_694' title='bbox 2836 4303 3088 4353; x_wconf 84' lang='lat' dir='ltr'><strong>nostras</strong></span> <span class='ocrx_word' id='word_1_695' title='bbox 3134 4287 3513 4354; x_wconf 83' lang='lat' dir='ltr'><strong>affectiones</strong></span> <span class='ocrx_word' id='word_1_696' title='bbox 3556 4301 3622 4353; x_wconf 92' lang='lat' dir='ltr'><strong>et</strong></span> <span class='ocrx_word' id='word_1_697' title='bbox 3664 4286 4061 4370; x_wconf 86' lang='lat' dir='ltr'><strong>cupiditates</strong></span> <span class='ocrx_word' id='word_1_698' title='bbox 4109 4285 4191 4350; x_wconf 87' lang='lat' dir='ltr'><strong>ab</strong></span> <span class='ocrx_word' id='word_1_699' title='bbox 4246 4286 4392 4370; x_wconf 86' lang='lat' dir='ltr'><strong>ipso</strong></span> <span class='ocrx_word' id='word_1_700' title='bbox 4435 4287 4745 4369; x_wconf 81' lang='lat' dir='ltr'><strong>cupientes</strong></span> 
     </span>
     <span class='ocr_line' id='line_1_102' title="bbox 2835 4371 4746 4457; baseline -0.005 -18"><span class='ocrx_word' id='word_1_701' title='bbox 2835 4372 3165 4439; x_wconf 83' lang='lat' dir='ltr'><strong>exaudiri:</strong></span> <span class='ocrx_word' id='word_1_702' title='bbox 3249 4373 3364 4439; x_wconf 88' lang='lat' dir='ltr'><strong>sed</strong></span> <span class='ocrx_word' id='word_1_703' title='bbox 3430 4377 3650 4457; x_wconf 87' lang='lat' dir='ltr'><strong>potius</strong></span> <span class='ocrx_word' id='word_1_704' title='bbox 3716 4394 3794 4437; x_wconf 85' lang='lat' dir='ltr'><strong>ea</strong></span> <span class='ocrx_word' id='word_1_705' title='bbox 3858 4372 4263 4455; x_wconf 90' lang='lat' dir='ltr'><strong>postulemus</strong></span> <span class='ocrx_word' id='word_1_706' title='bbox 4328 4393 4504 4455; x_wconf 88' lang='lat' dir='ltr'><strong>quae</strong></span> <span class='ocrx_word' id='word_1_707' title='bbox 4567 4371 4746 4454; x_wconf 86' lang='lat' dir='ltr'><strong>ipsius</strong></span> 
     </span>
     <span class='ocr_line' id='line_1_103' title="bbox 2839 4457 4745 4541; baseline -0.004 -15"><span class='ocrx_word' id='word_1_708' title='bbox 2839 4460 3160 4526; x_wconf 83' lang='lat' dir='ltr'><strong>voluntati</strong></span> <span class='ocrx_word' id='word_1_709' title='bbox 3195 4460 3648 4526; x_wconf 85' lang='lat' dir='ltr'><strong>consentiunt:</strong></span> <span class='ocrx_word' id='word_1_710' title='bbox 3695 4457 4247 4541; x_wconf 88' lang='lat' dir='ltr'><strong>quemadmodum</strong></span> <span class='ocrx_word' id='word_1_711' title='bbox 4291 4458 4486 4525; x_wconf 90' lang='lat' dir='ltr'><strong>docet</strong></span> <span class='ocrx_word' id='word_1_712' title='bbox 4520 4467 4745 4541; x_wconf 85' lang='lat' dir='ltr'><strong>aposto-</strong></span> 
     </span>
     <span class='ocr_line' id='line_1_104' title="bbox 2837 4542 4748 4629; baseline -0.001 -20"><span class='ocrx_word' id='word_1_713' title='bbox 2837 4546 2959 4621; x_wconf 87' lang='lat' dir='ltr'><strong>lus,</strong></span> <span class='ocrx_word' id='word_1_714' title='bbox 3025 4568 3252 4629; x_wconf 86' lang='lat' dir='ltr'><strong>preces</strong></span> <span class='ocrx_word' id='word_1_715' title='bbox 3311 4560 3571 4611; x_wconf 88' lang='lat' dir='ltr'><strong>nostras</strong></span> <span class='ocrx_word' id='word_1_716' title='bbox 3632 4547 3954 4610; x_wconf 83' lang='lat' dir='ltr'><strong>voluntati</strong></span> <span class='ocrx_word' id='word_1_717' title='bbox 4016 4542 4147 4609; x_wconf 92' lang='lat' dir='ltr'><strong>Dei</strong></span> <span class='ocrx_word' id='word_1_718' title='bbox 4207 4545 4577 4611; x_wconf 84' lang='lat' dir='ltr'><strong>conformes</strong></span> <span class='ocrx_word' id='word_1_719' title='bbox 4630 4559 4748 4607; x_wconf 73' lang='lat' dir='ltr'><strong>esso</strong></span> 
     </span>
     <span class='ocr_line' id='line_1_105' title="bbox 2836 4619 4749 4715; baseline -0.003 -18"><span class='ocrx_word' id='word_1_720' title='bbox 2836 4643 3162 4715; x_wconf 86' lang='lat' dir='ltr'><strong>oportere,</strong></span> <span class='ocrx_word' id='word_1_721' title='bbox 3253 4645 3319 4696; x_wconf 89' lang='lat' dir='ltr'><strong>et</strong></span> <span class='ocrx_word' id='word_1_722' title='bbox 3404 4630 3783 4697; x_wconf 89' lang='lat' dir='ltr'><strong>discendum</strong></span> <span class='ocrx_word' id='word_1_723' title='bbox 3871 4653 3955 4697; x_wconf 90' lang='lat' dir='ltr'><strong>ex</strong></span> <span class='ocrx_word' id='word_1_724' title='bbox 4042 4631 4243 4696; x_wconf 83' lang='lat' dir='ltr'><strong>verbo</strong></span> <span class='ocrx_word' id='word_1_725' title='bbox 4330 4630 4540 4713; x_wconf 84' lang='lat' dir='ltr'><strong>ipsius</strong></span> <span class='ocrx_word' id='word_1_726' title='bbox 4619 4619 4749 4710; x_wconf 84' lang='lat' dir='ltr'><strong>quid</strong></span> 
     </span>
     <span class='ocr_line' id='line_1_106' title="bbox 2839 4715 4748 4802; baseline -0.004 -20"><span class='ocrx_word' id='word_1_727' title='bbox 2839 4727 3098 4802; x_wconf 88' lang='lat' dir='ltr'><strong>gratum</strong></span> <span class='ocrx_word' id='word_1_728' title='bbox 3179 4729 3644 4801; x_wconf 85' lang='lat' dir='ltr'><strong>acceptumque</strong></span> <span class='ocrx_word' id='word_1_729' title='bbox 3707 4716 3803 4782; x_wconf 90' lang='lat' dir='ltr'><strong>illi</strong></span> <span class='ocrx_word' id='word_1_730' title='bbox 3863 4719 3965 4782; x_wconf 86' lang='lat' dir='ltr'><strong>sit.</strong></span> <span class='ocrx_word' id='word_1_731' title='bbox 4054 4715 4406 4783; x_wconf 88' lang='lat' dir='ltr'><strong>anterum</strong></span> <span class='ocrx_word' id='word_1_732' title='bbox 4468 4715 4588 4781; x_wconf 89' lang='lat' dir='ltr'><strong>etsi</strong></span> <span class='ocrx_word' id='word_1_733' title='bbox 4639 4731 4748 4777; x_wconf 88' lang='lat' dir='ltr'><strong>nou</strong></span> 
     </span>
     <span class='ocr_line' id='line_1_107' title="bbox 2839 4801 4752 4887; baseline -0.004 -17"><span class='ocrx_word' id='word_1_734' title='bbox 2839 4802 2998 4870; x_wconf 88' lang='lat' dir='ltr'><strong>adeo</strong></span> <span class='ocrx_word' id='word_1_735' title='bbox 3044 4804 3266 4887; x_wconf 90' lang='lat' dir='ltr'><strong>magni</strong></span> <span class='ocrx_word' id='word_1_736' title='bbox 3331 4804 3674 4880; x_wconf 86' lang='lat' dir='ltr'><strong>momenti,</strong></span> <span class='ocrx_word' id='word_1_737' title='bbox 3753 4803 3868 4869; x_wconf 85' lang='lat' dir='ltr'><strong>sed</strong></span> <span class='ocrx_word' id='word_1_738' title='bbox 3928 4802 4127 4866; x_wconf 87' lang='lat' dir='ltr'><strong>exilia</strong></span> <span class='ocrx_word' id='word_1_739' title='bbox 4173 4801 4384 4885; x_wconf 88' lang='lat' dir='ltr'><strong>potius</strong></span> <span class='ocrx_word' id='word_1_740' title='bbox 4452 4821 4617 4886; x_wconf 86' lang='lat' dir='ltr'><strong>quae</strong></span> <span class='ocrx_word' id='word_1_741' title='bbox 4662 4818 4752 4864; x_wconf 86' lang='lat' dir='ltr'><strong>ne-</strong></span> 
     </span>
     <span class='ocr_line' id='line_1_108' title="bbox 2839 4887 4749 4971; baseline -0.004 -14"><span class='ocrx_word' id='word_1_742' title='bbox 2839 4890 3119 4957; x_wconf 88' lang='lat' dir='ltr'><strong>cessaria</strong></span> <span class='ocrx_word' id='word_1_743' title='bbox 3188 4887 3375 4954; x_wconf 90' lang='lat' dir='ltr'><strong>nobis</strong></span> <span class='ocrx_word' id='word_1_744' title='bbox 3441 4888 3837 4969; x_wconf 88' lang='lat' dir='ltr'><strong>iudicamus,</strong></span> <span class='ocrx_word' id='word_1_745' title='bbox 3918 4887 4348 4966; x_wconf 86' lang='lat' dir='ltr'><strong>videbuntur,</strong></span> <span class='ocrx_word' id='word_1_746' title='bbox 4431 4912 4514 4953; x_wconf 91' lang='lat' dir='ltr'><strong>ne</strong></span> <span class='ocrx_word' id='word_1_747' title='bbox 4577 4905 4749 4971; x_wconf 86' lang='lat' dir='ltr'><strong>prop·</strong></span> 
     </span>
     <span class='ocr_line' id='line_1_109' title="bbox 2842 4973 4752 5057; baseline -0.001 -17"><span class='ocrx_word' id='word_1_748' title='bbox 2842 4989 3026 5041; x_wconf 86' lang='lat' dir='ltr'><strong>terea</strong></span> <span class='ocrx_word' id='word_1_749' title='bbox 3100 4987 3318 5040; x_wconf 88' lang='lat' dir='ltr'><strong>tamen</strong></span> <span class='ocrx_word' id='word_1_750' title='bbox 3382 4975 3509 5040; x_wconf 89' lang='lat' dir='ltr'><strong>Dei</strong></span> <span class='ocrx_word' id='word_1_751' title='bbox 3585 4975 3997 5041; x_wconf 85' lang='lat' dir='ltr'><strong>maiestatem</strong></span> <span class='ocrx_word' id='word_1_752' title='bbox 4076 4973 4501 5057; x_wconf 87' lang='lat' dir='ltr'><strong>interpellare</strong></span> <span class='ocrx_word' id='word_1_753' title='bbox 4557 4990 4752 5039; x_wconf 72' lang='lat' dir='ltr'><strong>verca-</strong></span> 
     </span>
     <span class='ocr_line' id='line_1_110' title="bbox 2844 5061 4753 5144; baseline -0.004 -18"><span class='ocrx_word' id='word_1_754' title='bbox 2844 5084 3011 5127; x_wconf 90' lang='lat' dir='ltr'><strong>mur.</strong></span> <span class='ocrx_word' id='word_1_755' title='bbox 3099 5061 3326 5143; x_wconf 88' lang='lat' dir='ltr'><strong>Neque</strong></span> <span class='ocrx_word' id='word_1_756' title='bbox 3370 5062 3545 5127; x_wconf 91' lang='lat' dir='ltr'><strong>enim</strong></span> <span class='ocrx_word' id='word_1_757' title='bbox 3592 5061 3865 5127; x_wconf 90' lang='lat' dir='ltr'><strong>dubium</strong></span> <span class='ocrx_word' id='word_1_758' title='bbox 3908 5075 4008 5126; x_wconf 86' lang='lat' dir='ltr'><strong>est</strong></span> <span class='ocrx_word' id='word_1_759' title='bbox 4048 5062 4211 5144; x_wconf 91' lang='lat' dir='ltr'><strong>quin</strong></span> <span class='ocrx_word' id='word_1_760' title='bbox 4253 5061 4476 5126; x_wconf 88' lang='lat' dir='ltr'><strong>omnia</strong></span> <span class='ocrx_word' id='word_1_761' title='bbox 4510 5061 4596 5125; x_wconf 90' lang='lat' dir='ltr'><strong>sit</strong></span> <span class='ocrx_word' id='word_1_762' title='bbox 4634 5078 4753 5142; x_wconf 70' lang='grc' dir='ltr'><strong>μοι·</strong></span> 
     </span>
     <span class='ocr_line' id='line_1_111' title="bbox 2841 5150 3152 5215; baseline -0.003 -2"><span class='ocrx_word' id='word_1_763' title='bbox 2841 5150 3152 5215; x_wconf 83' lang='lat' dir='ltr'><strong>fecturus.</strong></span> 
     </span>
    </p>

    <p class='ocr_par' dir='ltr' id='par_1_8' title="bbox 3018 5227 4754 5300">
     <span class='ocr_line' id='line_1_112' title="bbox 3018 5227 4754 5300; baseline -0.005 -1"><span class='ocrx_word' id='word_1_764' title='bbox 3018 5234 3223 5299; x_wconf 88' lang='lat' dir='ltr'><strong>Porro</strong></span> <span class='ocrx_word' id='word_1_765' title='bbox 3289 5233 3442 5300; x_wconf 85' lang='lat' dir='ltr'><strong>licet</strong></span> <span class='ocrx_word' id='word_1_766' title='bbox 3510 5246 3732 5300; x_wconf 82' lang='lat' dir='ltr'><strong>tantus</strong></span> <span class='ocrx_word' id='word_1_767' title='bbox 3795 5233 3919 5300; x_wconf 88' lang='lat' dir='ltr'><strong>iste</strong></span> <span class='ocrx_word' id='word_1_768' title='bbox 3964 5237 4201 5299; x_wconf 84' lang='lat' dir='ltr'><strong>Annae</strong></span> <span class='ocrx_word' id='word_1_769' title='bbox 4267 5231 4451 5298; x_wconf 86' lang='lat' dir='ltr'><strong>dolor</strong></span> <span class='ocrx_word' id='word_1_770' title='bbox 4511 5255 4592 5299; x_wconf 88' lang='lat' dir='ltr'><strong>ex</strong></span> <span class='ocrx_word' id='word_1_771' title='bbox 4645 5227 4754 5296; x_wconf 76' lang='lat' dir='ltr'><strong>levi</strong></span> 
     </span>
    </p>
   </div>
   <div class='ocr_carea' id='block_1_7' title="bbox 4922 60 4928 751">
    <p class='ocr_par' dir='ltr' id='par_1_9' title="bbox 4922 60 4928 751">
     <span class='ocr_line' id='line_1_113' title="bbox 4922 60 4928 751; baseline 0 0"><span class='ocrx_word' id='word_1_772' title='bbox 4922 60 4928 751; x_wconf 95' lang='lat' dir='ltr'><strong> </strong></span> 
     </span>
    </p>
   </div>
   <div class='ocr_carea' id='block_1_8' title="bbox 4921 4601 4929 5287">
    <p class='ocr_par' dir='ltr' id='par_1_10' title="bbox 4921 4601 4929 5287">
     <span class='ocr_line' id='line_1_114' title="bbox 4921 4601 4929 5287; baseline 0 0"><span class='ocrx_word' id='word_1_773' title='bbox 4921 4601 4929 5287; x_wconf 95' lang='lat' dir='ltr'><strong> </strong></span> 
     </span>
    </p>
   </div>
   <div class='ocr_carea' id='block_1_9' title="bbox 4922 5456 4928 6024">
    <p class='ocr_par' dir='ltr' id='par_1_11' title="bbox 4922 5456 4928 6024">
     <span class='ocr_line' id='line_1_115' title="bbox 4922 5456 4928 6024; baseline 0 0"><span class='ocrx_word' id='word_1_774' title='bbox 4922 5456 4928 6024; x_wconf 95' lang='lat' dir='ltr'><strong> </strong></span> 
     </span>
    </p>
   </div>
  </div>
 </body>
</html>
