5059 6059
303 315 408 380 197
1252 353 1259 360 -
1551 314 1652 380 IN
1697 315 1750 381 1.
1799 316 1974 388 LIB.
2021 315 2424 384 SAMUEL.
2484 316 2687 384 CAP.
2728 313 2963 381 XVII.
4122 315 4249 382 198

294 506 490 576 tertius
541 522 778 584 quoque
839 502 1116 570 Samma.
1208 503 1308 568 14.
1354 504 1575 570 David
1632 511 1837 571 autem
1893 511 2025 571 erat
2064 508 2183 573 mi·
2300 505 2445 572 Deo
2505 513 2573 571 et
2630 504 2943 590 proximis
2989 505 3364 570 devinctum
3409 503 3720 588 agnoscit.
3811 501 3887 569 Si
3932 503 4078 586 quis
4121 503 4247 588 igi-

292 596 499 661 nimus,
629 587 863 654 Tribus
939 609 1079 672 eryo
1157 590 1508 655 maioribus
1583 593 1864 673 aequatis
1943 592 2197 658 Saulem
2299 604 2406 657 tur
2471 592 2542 658 in
2602 611 2929 660 summam
2989 589 3371 674 dignitatem
3428 591 3710 672 aliquam
3771 603 4042 655 evectus
4102 610 4239 656 non

301 681 385 745 15.
426 674 598 741 Abiit
637 674 876 753 David,
933 680 990 739 et
1035 695 1325 740 reversus
1366 681 1458 742 est
1498 698 1540 740 a
1585 675 1763 753 Saul.
1813 683 1883 743 ut
1917 684 2198 758 pasceret
2297 677 2629 744 insolescit
2671 698 2879 760 neque
2915 677 3291 758 arrogantia
3341 686 3567 750 tumet,
3612 675 3726 742 sed
3763 675 3831 739 in
3869 696 3947 740 ea
3983 695 4056 742 se
4098 695 4244 746 mo-

289 782 518 851 yreyem
580 762 800 841 patris
861 760 967 825 sui
1029 763 1098 824 in
1164 759 1544 828 Bethlehem.
1658 764 1756 828 16.
1828 762 2199 831 Procedebat
2297 762 2509 832 destia
2563 763 2871 839 continet,
2934 782 3016 826 ne
3061 762 3221 826 alios
3265 769 3660 841 contemnat,
3704 771 3774 826 et
3816 781 3975 830 suae
4017 759 4246 829 eondi-

291 870 417 918 vero
459 846 864 926 philistaeus,
920 867 1103 912 mane
1153 852 1210 911 et
1265 868 1534 929 vespere,
1590 853 1646 912 et
1683 848 1887 914 stabat
1929 851 2200 931 quadra·
2298 849 2493 915 tionis
2550 849 2941 928 meminerit,
3000 845 3342 916 laudabilis
3401 868 3560 911 sane
3619 847 3832 912 virtus
3877 847 4073 911 etiam
4117 854 4244 913 est.

285 939 448 1022 qinta
485 931 720 997 diebus.
790 933 889 996 17.
938 931 1128 998 Dixit
1170 937 1377 998 autem
1423 934 1562 999 Isai
1605 935 1691 1000 ad
1733 934 1954 1000 David
1992 936 2201 1016 tilium
2299 935 2523 1000 Tertia
2579 935 2898 1018 quaedam
2953 932 3034 1000 ad
3095 934 3255 1000 istas
3313 931 3564 998 accedit
3610 932 3820 1000 virtus
3865 932 4061 1017 longe
4105 931 4243 998 illis

288 1040 493 1090 summ
549 1015 780 1097 Accipe
831 1019 1144 1099 fratribus
1196 1018 1326 1085 tuis
1367 1020 1512 1101 ephi
1544 1019 1846 1102 polentae,
1903 1026 1960 1085 et
2001 1021 2199 1088 decem
2300 1021 2615 1104 superior,
2672 1041 2875 1102 quum
2920 1018 3082 1084 nulli
3128 1017 3428 1096 honores,
3470 1016 3656 1082 nulla
3700 1017 3987 1100 dignitas
4032 1017 4245 1086 homi·

277 1125 464 1191 panes
495 1105 665 1186 istos,
707 1109 968 1170 eteurre
1002 1104 1070 1168 in
1111 1109 1320 1170 castra
1364 1105 1450 1171 ad
1487 1105 1723 1186 fratres
1761 1111 1915 1173 tuos.
1988 1107 2090 1174 18.
2117 1106 2200 1172 Et
2301 1127 2453 1174 nem
2498 1126 2539 1170 a
2581 1107 2932 1174 sobrietate
2973 1117 3040 1171 et
3082 1103 3400 1171 modestia
3444 1114 3657 1187 potest
3701 1103 4067 1168 dimovere:
4126 1101 4243 1169 sed

282 1195 469 1259 decem
523 1189 848 1271 formellas
907 1190 1077 1255 casei
1128 1189 1247 1255 kas
1298 1190 1537 1271 deferes
1587 1192 1673 1256 ad
1722 1192 2071 1267 tribunum:
2146 1197 2202 1259 et
2302 1192 2519 1275 potius
2555 1213 2637 1257 ex
2673 1191 2804 1258 illis
2838 1191 3152 1274 agnoscit,
3196 1212 3267 1256 se
3302 1211 3342 1254 a
3364 1188 3508 1256 Deo
3550 1191 3619 1253 in
3666 1209 3807 1254 eam
3854 1187 4244 1271 dignitatem

277 1279 501 1362 fratres
558 1281 694 1340 tuos
748 1274 1053 1353 visitabis,
1107 1276 1167 1340 si
1217 1281 1372 1340 recte
1420 1283 1637 1360 ayant:
1697 1283 1753 1344 et
1793 1298 1935 1343 eum
1977 1278 2203 1361 quibus
2300 1289 2603 1346 evectum
2668 1275 2994 1359 explorari
3062 1285 3131 1340 et
3196 1276 3277 1348 ad
3342 1274 3724 1340 modestiam
3791 1273 4079 1339 erudiri:
4169 1295 4249 1341 ac

280 1362 546 1431 ordinati
586 1365 750 1440 sunt,
793 1360 976 1426 disee.
1049 1361 1145 1426 19.
1184 1359 1344 1427 Saul
1381 1368 1594 1426 autem
1636 1370 1692 1428 et
1731 1363 1850 1437 illi.
1895 1369 1952 1429 et
1993 1384 2202 1429 omnes
2302 1362 2582 1447 proinde
2639 1363 2694 1428 si
2746 1362 2827 1427 de
2872 1359 3193 1445 dignitate
3238 1361 3427 1427 deiici
3470 1373 3537 1426 et
3581 1380 3854 1443 parvum
3900 1360 4045 1424 fieri
4088 1380 4245 1428 con-

277 1450 396 1532 filii
452 1447 660 1512 Israel
731 1448 802 1512 in
867 1446 1029 1512 valle
1085 1446 1413 1512 terebinthi
1481 1449 1844 1531 pugnabant
1900 1450 2203 1516 adversus
2301 1449 2545 1530 tigerit,
2603 1470 2723 1514 sua
2772 1447 3149 1514 conditione
3209 1445 3471 1530 gaudet,
3527 1458 3595 1511 et
3638 1447 3984 1527 pristinam
4030 1443 4246 1530 digni-

277 1533 643 1602 Phaistiim.
712 1532 816 1598 20.
863 1530 1154 1597 Surrexit
1193 1533 1404 1614 itaque
1450 1534 1665 1599 David
1704 1555 1905 1613 mane,
1949 1541 2004 1600 et
2046 1556 2204 1602 ωηι-
2303 1543 2505 1600 tatem
2570 1533 2762 1599 facile
2826 1533 3253 1602 obliviscitur.
3338 1532 3639 1597 Profecto
3705 1532 3763 1598 si
3828 1533 3975 1613 quis
4033 1551 4248 1614 aequo

272 1619 583 1686 meridavit
607 1638 849 1701 φερειν.
884 1619 1154 1683 custodi.-
1196 1624 1253 1683 et
1295 1624 1558 1684 onustus
1599 1620 1772 1696 abiit,
1818 1623 1980 1686 sieut
2009 1641 2200 1702 prae·
2247 1613 2255 1678 l
2303 1622 2524 1686 animo
2570 1631 2824 1685 tantam
2869 1619 3297 1686 mutationem
3343 1618 3514 1684 ferre
3560 1617 3804 1698 didicit,
3862 1629 3934 1681 ut
3978 1616 4133 1684 licet
4173 1617 4247 1681 in

267 1710 505 1789 ceperat
559 1704 620 1769 ei
674 1702 848 1769 Isa’i:
901 1708 958 1768 et
1015 1706 1181 1768 venit
1238 1704 1323 1769 ad
1380 1703 1577 1770 locum
1637 1706 1936 1790 Mayala,
2004 1713 2061 1772 et
2115 1707 2203 1772 ad
2303 1704 2657 1772 autoritate
2698 1705 3047 1772 collocatus
3108 1717 3327 1770 tamen
3388 1702 3776 1768 modestiam
3819 1703 4008 1780 colat.
4070 1710 4142 1768 et
4184 1702 4242 1767 si

266 1791 605 1858 exereitum
658 1790 770 1871 qai
830 1809 1116 1871 eyressm
1168 1790 1254 1854 ad
1297 1811 1586 1874 puqnam
1640 1793 2013 1875 vociferatus
2069 1797 2203 1857 erat
2304 1793 2620 1858 abiectam
2656 1789 3094 1858 conditionem
3133 1793 3306 1856 vitae
3358 1790 3692 1873 ingressus
3736 1788 3823 1854 sit
3867 1809 3997 1854 non
4042 1808 4242 1872 aegre

267 1879 336 1943 ia
374 1877 727 1942 certamine.
815 1876 920 1940 21.
967 1874 1315 1941 Direxerat
1357 1877 1524 1941 enim
1565 1879 1764 1943 aciem
1803 1878 2044 1944 Israel.-
2093 1878 2204 1943 sed
2302 1878 2505 1943 ferat:
2551 1877 2664 1944 sed
2701 1897 3123 1961 quaecunque
3161 1878 3332 1941 vitae
3376 1876 3543 1941 ratio
3585 1873 3804 1954 fuerit,
3847 1875 3989 1940 sive
4034 1874 4246 1954 dives,

264 1969 318 2028 et
339 1961 700 2028 Philistiim
737 1982 813 2024 ex
845 1962 1106 2026 adverso
1139 1961 1397 2042 fuerant
1416 1966 1818 2045 praeparati.
1878 1964 1961 2028 22
2007 1964 2203 2030 Dere-
2304 1964 2611 2047 pauperis
2677 1963 2968 2029 animum
3038 1963 3330 2037 retineat,
3397 1961 3539 2025 sive
3603 1980 3868 2042 pauper,
3936 1980 4019 2025 ne
4082 1979 4245 2042 opes

262 2049 554 2131 linquens
610 2067 756 2129 erqo
797 2046 1021 2116 David
1074 2066 1235 2112 vasa
1288 2068 1447 2128 quae
1483 2050 1795 2124 attulerat,
1850 2050 1966 2114 sub
2008 2070 2203 2114 mnu
2303 2050 2584 2125 affectet,
2631 2060 2698 2115 et
2738 2069 3162 2133 quaecunque
3205 2048 3477 2112 mutatio
3519 2049 3874 2130 contingat,
3920 2046 4247 2129 patienter

256 2134 534 2201 custodis
595 2133 681 2197 ad
737 2132 1044 2210 sarcinas,
1103 2136 1378 2198 cucurrit
1432 2135 1518 2202 ad
1577 2134 1775 2202 locum
1820 2135 2200 2215 certaminis,
2304 2155 2490 2202 casus
2549 2155 2778 2201 omnes
2834 2136 3021 2212 ferat,
3077 2153 3392 2218 magnum
3446 2131 3636 2197 illum
3692 2152 3816 2216 ego
3873 2132 4116 2210 virum,
4175 2138 4247 2197 et

259 2226 313 2285 et
370 2218 798 2300 interroyabat
845 2219 909 2282 si
949 2219 1160 2283 munia
1201 2224 1356 2283 recte
1398 2226 1723 2303 ayereutur
1764 2221 1933 2287 inter
1971 2223 2206 2303 fratres
2305 2220 2673 2306 insignibus
2725 2220 3079 2287 virtutibus
3116 2220 3430 2285 eximium
3473 2216 3709 2283 iudico.
3798 2217 3992 2282 Hanc
4038 2217 4248 2283 virtu·

252 2325 421 2372 suos.
514 2303 628 2369 23.
679 2304 1003 2386 Quumque
1060 2304 1263 2370 adhue
1315 2304 1422 2370 ille
1465 2305 1810 2387 loqueretur
1853 2308 1963 2382 eis,
2010 2327 2207 2388 appa-
2306 2319 2438 2373 tem
2494 2308 2770 2374 coluisse
2813 2305 3139 2371 Davidem
3199 2327 3281 2369 ex
3338 2302 3462 2369 hoc
3506 2303 3644 2368 loco
3685 2304 3763 2368 fit
3804 2302 4251 2384 conspicuum,

251 2392 387 2457 ruit
456 2392 572 2455 vir
633 2388 738 2454 ille
800 2390 1066 2470 spurius
1128 2390 1541 2468 adscendens,
1614 2392 1869 2458 Goliam
1933 2394 2202 2476 nomine,
2307 2392 2417 2462 ubi
2478 2392 2788 2462 audimus
2842 2393 3059 2474 ipsum
3120 2405 3459 2474 postquam
3505 2389 3712 2455 factus
3746 2387 3979 2453 fuisset
4024 2385 4247 2453 Saulis

251 2476 659 2542 Phili-stactis
719 2474 798 2541 de
867 2475 1057 2555 Geth,
1132 2476 1206 2539 de
1268 2476 1493 2542 eastris
1563 2477 2084 2544 Philistinorum:
2145 2483 2204 2542 et
2308 2478 2613 2561 armiger,
2660 2489 2727 2542 et
2770 2479 2837 2542 in
2882 2477 3096 2561 gratia
3136 2487 3311 2543 esset
3354 2473 3528 2558 apud
3575 2472 3867 2552 Saulem,
3912 2493 4252 2542 reversum

248 2563 563 2645 loquendo
662 2581 731 2627 eo
829 2560 978 2627 haee
1073 2563 1287 2630 eadem
1373 2563 1555 2627 verba
1639 2564 1882 2629 audivit
1965 2564 2203 2631 David.

251 2649 357 2716 24.
413 2647 653 2716 Omnes
694 2650 900 2712 autem
942 2645 1274 2714 Israelitae
1316 2648 1586 2713 videntes
1629 2651 1856 2723 virum.
1909 2650 2207 2733 superant

248 2757 292 2801 a
337 2736 517 2817 facie
564 2735 721 2812 eiua,
777 2732 1051 2797 timentes
1093 2752 1232 2797 eum
1273 2733 1468 2798 valde.
1558 2734 1661 2799 25.
1712 2734 1794 2798 Et
1835 2736 2002 2801 dixit
2042 2753 2206 2800 unus

248 2822 589 2904 quispiam
642 2819 719 2883 de
774 2815 1015 2883 Israel.-
1075 2817 1252 2883 Num
1307 2819 1561 2884 vidistis
1616 2822 1825 2885 virum
1875 2821 2041 2885 hune
2094 2819 2207 2901 qui

245 2904 641 2972 adscendit?
692 2903 777 2968 ad
833 2903 1336 2983 exprobrandum
1376 2906 1542 2970 enim
1588 2906 1824 2971 Israeli
1867 2906 2203 2972 adscendit.

263 2991 504 3093 Virum
562 3010 707 3072 erqo
765 2990 877 3088 qui
925 2991 1302 3070 percusserit
1353 3011 1497 3089 eum
1539 2993 1765 3057 ditabit
1804 3013 1919 3058 rex
1959 2992 2208 3057 divitiis

240 3081 657 3246 3233&ss
677 3076 914 3243 m
944 3094 1173 3227 33²3.
1214 3075 1535 3229 mss
1582 3079 1969 3229 3632?ss
1992 3082 2208 3228 me

237 3251 329 3316 ad
395 3251 588 3315 viros
650 3247 763 3329 qui
825 3246 1074 3312 stabant
1134 3267 1357 3323 seeum,
1423 3249 1665 3316 dicens:
1733 3249 1900 3331 Quid
1954 3249 2209 3314 dabitur

235 3338 380 3401 viro
430 3335 562 3418 qui
607 3334 995 3414 percusserit
1040 3332 1458 3399 Philistaeum
1513 3335 1697 3406 hune.
1757 3341 1814 3401 et
1854 3335 2066 3400 aderit
2104 3354 2208 3416 op-

225 3422 593 3504 probrium
650 3420 726 3484 de
772 3417 1028 3485 Israel?
1117 3419 1275 3500 Quis
1333 3426 1425 3485 est
1463 3423 1632 3487 enim
1676 3421 1781 3487 hie
1823 3420 2212 3486 Philistaeus

233 3506 751 3573 incircumcisus
827 3506 942 3586 qui
1017 3506 1410 3585 exprobravit
1478 3508 1646 3571 acies
1711 3507 1836 3572 Dei
1901 3504 2212 3572 viventis?

233 3592 345 3657 27.
421 3590 777 3674 Referebat
840 3595 1045 3654 autem
1102 3590 1160 3654 ei
1203 3589 1480 3671 populus
1533 3592 1793 3657 eundem
1848 3612 2208 3668 sermonem,

228 3680 496 3747 dicens:
549 3676 732 3742 Haec
773 3675 1093 3742 dabuntur
1131 3676 1268 3740 viro
1309 3677 1422 3757 qui
1451 3679 1835 3758 percusserit
1875 3699 2037 3743 eum.

2311 2575 2528 2630 tamen
2567 2565 2638 2628 in
2674 2564 2939 2629 domum
2978 2573 3320 2644 paternam
3367 2574 3434 2625 et
3468 2560 3550 2625 ad
3590 2561 3810 2626 ovium
3855 2579 4114 2643 pascua,
4183 2569 4255 2624 et

2310 2735 2576 2809 aulicae,
2635 2734 2819 2798 nulla
2864 2752 3099 2816 pompa
3140 2732 3416 2798 retinuit
3459 2735 3617 2816 quin
3662 2725 3747 2797 ’ad
3790 2732 4017 2798 ovium
4062 2740 4251 2813 septa

2312 2830 2785 2898 reverteretur,
2854 2819 3041 2902 quasi
3110 2839 3446 2902 nunquam
3509 2817 3592 2884 ab
3655 2817 3789 2883 illis
3854 2817 4251 2882 recessisset.

2313 2906 2581 2972 Oertum
2638 2917 2740 2970 est
2794 2908 2970 2970 enim
3015 2925 3181 2987 quae
3224 2905 3348 2970 hoc
3390 2903 3533 2969 loco
3576 2915 3999 2970 recensentur
4041 2900 4251 2967 conti-

2312 2991 2485 3076 gisse
2525 3012 2613 3058 ex
2655 3012 2783 3074 quo
2808 2990 3026 3057 David
3070 2990 3137 3055 in
3184 2988 3402 3057 Saulis
3448 2989 3664 3060 aulam
3708 2987 4065 3053 advocatus
4106 2987 4250 3052 fue·

2313 3088 2433 3160 rat,
2478 3087 2546 3142 et
2578 3078 2792 3162 gratia
2829 3076 3106 3142 multum
3143 3074 3315 3159 apud
3350 3095 3649 3158 proceres
3694 3074 3967 3139 valebat.
4014 3071 4250 3138 Fidem

2310 3163 2506 3229 huius
2545 3165 2636 3228 rei
2682 3164 2929 3229 faciunt
2970 3183 3281 3244 expressa
3326 3172 3545 3226 textus
3589 3161 3808 3239 verba,
3873 3158 4109 3240 quibus
4156 3156 4254 3222 di-

2314 3249 2488 3314 citur
2544 3248 2765 3314 David
2826 3270 2865 3314 a
2908 3248 3112 3316 Saule
3171 3248 3425 3325 abiisse,
3479 3257 3546 3314 et
3603 3265 3906 3310 reversus
3965 3263 4107 3310 esse
4162 3241 4247 3308 ad

2313 3334 2672 3416 pascendas
2715 3354 2903 3400 oves:
2948 3343 3017 3399 et
3058 3332 3366 3417 deinceps
3410 3333 3609 3398 etiam
3646 3329 4013 3396 videbimus
4056 3328 4249 3400 illum

2313 3421 2510 3486 fuisse
2534 3421 2727 3486 istius
2763 3420 3103 3503 dignitatis
3138 3420 3538 3501 participem.
3596 3416 3763 3481 Nam
3803 3418 3859 3481 si
3896 3429 4249 3498 antequam

2311 3508 2379 3571 in
2448 3507 2700 3590 regiam
2765 3506 2981 3574 aulam
3049 3516 3317 3570 vocatus
3382 3504 3640 3580 fuisset,
3708 3502 4095 3568 Goliathum
4162 3499 4246 3565 ad

2311 3603 2641 3658 certamen
2708 3603 3128 3675 provocasset
3191 3603 3257 3656 et
3318 3597 3719 3672 superasset,
3784 3587 4253 3671 quaerentibus

2313 3679 2525 3743 servis
2585 3676 2812 3744 Saulis
2868 3675 3195 3760 quendam
3253 3677 3363 3758 qui
3421 3694 3640 3740 coram
3699 3675 3871 3755 ipso,
3946 3693 4153 3754 quum
4210 3692 4254 3736 a

2312 3764 2546 3848 spiritu
2594 3763 2763 3828 malo
2805 3772 3172 3841 vexaretur,
3215 3763 3533 3828 citharam
3580 3760 3891 3844 pulsaret,
3936 3774 4004 3823 et
4031 3757 4252 3824 David

2313 3863 2583 3914 vocatus
2626 3859 2817 3928 esset,
2862 3869 3078 3926 nonne
3121 3870 3205 3913 ex
3248 3847 3458 3932 signis
3498 3845 3645 3912 istis
3686 3844 3922 3911 suisset
3964 3845 4257 3928 agnitus.

2311 3956 2460 4000 eum
2521 3935 2830 4000 nimirum
2890 3956 3033 4000 esse
3090 3934 3399 3998 invenem
3457 3931 3645 3999 illum
3704 3933 3815 4015 qui
3861 3929 4257 4002 Goliathum

2311 4021 2646 4104 gigantem
2707 4020 3023 4104 singulari
3067 4020 3426 4086 certamine
3473 4016 3780 4084 vicisset?
3870 4016 4003 4084 Sed
4049 4039 4254 4101 quum

2312 4110 2599 4188 primum
2645 4105 2726 4172 ad
2752 4106 3023 4172 Saulem
3070 4106 3267 4182 venit,
3311 4115 3623 4188 tanquam
3667 4105 3933 4187 ignotus
3971 4113 4041 4168 et
4082 4125 4256 4170 nun·

2312 4212 2508 4275 quam
2556 4206 2749 4257 antea
2793 4195 2973 4258 visus
3016 4203 3119 4256 est
3161 4190 3501 4260 adductus.

2490 4278 2738 4343 Verum
2799 4290 3013 4344 tamen
3072 4275 3388 4359 quaedam
3448 4276 3554 4340 hic
3613 4275 3828 4340 oritur
3871 4297 4003 4340 non
4044 4295 4255 4360 parva

2312 4362 2683 4432 difficultas.
2769 4364 2942 4430 Nam
3000 4363 3194 4444 paulo
3251 4377 3398 4445 post
3442 4360 3810 4428 videbimus
3857 4359 4124 4428 Saulem
4168 4360 4253 4430 de

2313 4448 2592 4525 Davide,
2649 4470 2850 4532 quum
2911 4468 2982 4513 se
3035 4448 3118 4512 ad
3172 4448 3510 4533 singulare
3567 4456 3898 4513 certamen
3959 4446 4249 4524 offerret,

2312 4534 2732 4617 inquisivisse
2789 4534 2935 4617 quis
2993 4543 3184 4612 esset,
3244 4534 3430 4617 quasi
3484 4552 3819 4615 nunquam
3863 4553 4015 4599 eum
4059 4544 4256 4598 antea

2309 4623 2785 4704 conspexisset:
2831 4630 2900 4684 et
2940 4640 2980 4683 a
3025 4620 3296 4685 victoria
3341 4639 3676 4685 reversum
3722 4619 4124 4700 quaesivisse
4168 4640 4255 4684 ex

2309 4706 2594 4790 Abnero‚
2658 4705 2830 4771 unde
2890 4726 3100 4780 genus
3141 4704 3518 4772 adolescens
3560 4702 3673 4767 ille
3717 4702 4005 4781 duceret,
4064 4704 4255 4787 quasi

2311 4791 2495 4856 nulla
2532 4811 2822 4875 unquam
2859 4793 2940 4857 de
2984 4793 3124 4876 ipso
3157 4790 3329 4875 apud
3375 4809 3598 4873 regem
3642 4790 3810 4854 facta
3853 4808 4027 4856 esset
4066 4810 4256 4857 men·

2311 4879 2421 4942 tio.
2480 4878 2734 4943 Verum
2772 4898 2857 4942 ex
2893 4898 2971 4944 eo
3007 4880 3081 4942 fit
3116 4877 3543 4960 conspicuum
3569 4872 3839 4941 Saulem
3884 4896 4013 4939 non
4060 4875 4252 4942 modo

2310 4964 2687 5044 perturbata
2713 4976 2933 5030 mente
2957 4963 3175 5040 fuisse,
3213 4962 3327 5030 sed
3363 4962 3558 5027 etiam
3595 4959 3861 5043 stupida
3892 4971 3960 5025 et
3992 4960 4253 5032 hebeti:

2310 5061 2376 5115 et
2410 5049 2615 5114 aDeo
2657 5048 2752 5116 sic
2796 5051 2866 5115 in
2912 5048 3261 5133 reprobum
3307 5067 3574 5114 sensum
3618 5048 3823 5112 fuisse
3864 5048 4254 5130 coniectum,

2311 5144 2387 5201 ut
2421 5155 2504 5199 ne
2540 5136 2715 5204 inter
2748 5134 3047 5206 homines
3081 5133 3343 5217 quidem
3379 5133 3779 5200 discerneret
3818 5152 3931 5200 eos
3973 5153 4254 5217 quorum

2315 5220 2621 5292 utebatur
2676 5221 3016 5288 ordinario
3058 5218 3441 5288 ministerio.
3530 5217 3878 5288 Caeterum
3922 5217 4253 5288 Davidem

3735 5319 3838 5375 13·

420 3850 700 3932 Magna
756 3867 915 3912 sane
973 3856 1040 3911 et
1096 3846 1589 3914 inaestimabilis
1642 3850 1851 3914 virtus
1911 3850 2053 3914 eius
2113 3861 2212 3913 est

225 3936 344 4017 qui
400 3935 636 4000 vitam
684 3933 823 4016 agit
866 3933 1213 4017 privatam,
1257 3933 1546 4013 quietam
1593 3945 1658 4000 et
1702 3955 2017 4010 securam,
2078 3956 2209 3999 non

221 4020 577 4087 invidens
616 4018 764 4084 aliis
798 4039 1088 4084 summos
1125 4018 1405 4084 honores
1439 4032 1508 4084 et
1542 4019 1912 4103 dignitates.
1969 4020 2207 4086 Notum

222 4108 422 4173 enim
491 4117 614 4171 est
659 4125 853 4187 quam
898 4105 1064 4170 altas
1107 4103 1358 4170 radices
1402 4116 1558 4191 agat
1602 4121 1841 4171 natura
1882 4107 1953 4171 in
2002 4107 2211 4171 bomi-

216 4194 436 4261 nibus
505 4192 863 4273 superbia,
922 4204 994 4254 ut
1051 4192 1328 4273 quisque
1387 4193 1608 4275 cupiat
1667 4194 1953 4257 eminere
2013 4205 2080 4257 et
2137 4194 2208 4257 in

217 4281 396 4347 alios
461 4277 839 4360 imperium
898 4277 1212 4342 obtinere.
1294 4275 1516 4358 Quare
1572 4276 1835 4343 difficile
1894 4289 1994 4343 est
2036 4280 2213 4343 intra

215 4367 630 4433 modestiae
704 4377 770 4427 et
840 4361 1231 4429 humilitatis
1287 4364 1600 4428 terminos
1658 4384 1801 4428 sese
1856 4365 2210 4445 continere,

213 4473 503 4536 suaque
557 4448 943 4517 conditione
987 4457 1360 4513 contentum
1406 4469 1568 4526 esse,
1624 4449 1949 4531 vilemque
1992 4461 2055 4515 et
2101 4451 2212 4515 ab·

212 4539 493 4605 iectum
565 4536 822 4610 haberi,
890 4534 1037 4600 aliis
1093 4533 1173 4599 ad
1233 4553 1523 4599 summos
1568 4532 1849 4599 honores
1884 4549 1951 4599 et
1994 4535 2212 4618 digni-

210 4637 403 4690 tates
473 4622 779 4688 evectis:
840 4633 906 4684 et
953 4620 1095 4685 Deo
1150 4619 1403 4702 placide
1462 4620 1804 4699 inservire,
1859 4642 1985 4688 non
2032 4622 2208 4686 solli-

207 4716 496 4777 citante
523 4706 1068 4788 eoncupiscentia
1092 4726 1296 4788 neque
1341 4705 1717 4788 impellente
1760 4706 1841 4770 ad
1891 4708 2208 4773 bonorum

203 4793 737 4878 cupiditatem:
783 4790 1154 4873 singularis,
1199 4792 1485 4874 inquam,
1523 4791 1636 4856 illa
1680 4803 1781 4857 est
1823 4795 2052 4859 virtus.
2118 4794 2211 4859 Et

205 4883 551 4949 vicissim
601 4898 756 4942 rara
791 4877 1000 4942 virtus
1035 4888 1154 4955 est,
1200 4879 1254 4943 si
1278 4879 1421 4958 quis
1444 4877 1823 4958 honoribus,
1869 4877 2206 4963 dignitate,

201 4969 456 5054 gratia
524 4975 608 5030 et
666 4963 1016 5027 autoritate
1075 4962 1410 5045 praeditus
1469 4984 1598 5028 non
1660 4964 1936 5029 effertur
1996 4985 2209 5048 neque

201 5049 645 5122 insolescit:
712 5048 826 5114 sed
892 5069 1033 5113 sese
1099 5060 1305 5113 totum
1373 5049 1499 5114 Dei
1556 5050 1758 5116 cultui
1816 5049 2076 5133 addicit,
2143 5061 2211 5115 et

195 5161 339 5228 pro
423 5135 710 5206 viribus
776 5135 1220 5217 proximorum
1287 5135 1553 5200 utilitati
1619 5136 1873 5214 studet,
1953 5147 2020 5202 et
2082 5157 2210 5221 quo

198 5224 636 5295 maioribus
693 5217 881 5285 donis
938 5239 979 5284 a
1020 5219 1164 5285 Deo
1223 5219 1500 5288 donatus
1558 5231 1675 5301 est,
1734 5242 1811 5289 eo
1868 5244 1941 5291 se
1997 5224 2210 5310 magis

2252 2547 2270 5292 mae—W

2313 2649 2626 2715 rusticam
2688 2650 2886 2714 vitam
2947 2650 3180 2731 egisse.
3268 2646 3506 2715 Nullae
3550 2645 3735 2711 illum
3780 2666 3939 2711 sane
3984 2644 4248 2710 delitiae
4375 2663 4379 2667 ’
