5059 6059
267 326 337 391 61
1535 323 1630 389 IN
1678 323 1733 389 1.
1780 321 1961 389 LIB.
2000 321 2400 389 SAMUEL.
2450 323 2648 390 CAP.
2717 323 2906 388 XIV.
4119 327 4210 392 62

267 511 524 581 Iehova?
611 512 853 578 Annon
922 514 978 578 is
1043 522 1142 578 est
1203 516 1388 579 cuius
1454 512 1721 579 abstulit
1786 512 2046 578 excelsa
2099 519 2166 577 et

264 599 488 678 altaria,
547 619 711 681 quae
768 598 1049 665 habebat
1167 599 1539 665 ratissima?
1632 599 1901 664 Deusne
1971 598 2163 662 illum

266 683 622 752 exaudiret?
670 705 887 751 nonne
928 683 1024 748 illi
1068 706 1107 749 a
1157 687 1485 751 versarius
1529 683 1678 750 est?
1767 684 1907 749 Nae
1943 684 2161 749 istius·

263 770 418 837 modi
473 770 734 836 vocibus
795 771 999 836 bonus
1053 770 1166 837 ille
1224 771 1539 837 Ezechias
1597 782 1851 854 poterat
1905 791 1945 835 a
1987 779 2164 835 recto

263 857 497 923 tramite
557 856 807 930 abduci.
873 857 928 921 si
986 878 1056 922 se
1109 855 1189 921 ob
1234 868 1492 940 peccata
1537 857 1752 940 puniri
1798 876 1834 919 a
1883 855 2165 920 Domino

260 943 608 1008 iudicasset:
670 963 818 1007 nam
866 943 1301 1008 existimasset
1345 944 1586 1008 bonum
1632 941 1799 1025 quod
1849 940 1976 1006 Dei
2020 962 2165 1006 sen·

260 1029 450 1093 tentia
520 1028 825 1109 probatur
891 1029 1135 1093 malum
1199 1049 1357 1095 esse.
1447 1027 1865 1111 Quapropter
1928 1025 2164 1092 animis

259 1114 478 1180 nostris
533 1114 708 1179 istud
767 1114 963 1180 altius
1023 1115 1304 1180 resideat
1360 1134 1625 1180 necesse
1684 1122 1805 1189 est,
1866 1113 2054 1177 malis
2099 1120 2165 1177 et

259 1199 696 1266 afflictionibus
754 1222 872 1266 006
932 1199 1392 1282 prementibus,
1449 1210 1744 1283 oportere
1800 1208 1875 1264 ut
1933 1199 2000 1262 in
2048 1219 2164 1263 nos

256 1286 416 1369 ipsos
457 1285 918 1370 ingrediamur,
985 1298 1046 1350 et
1107 1308 1225 1351 nos
1283 1286 1714 1370 exploremus,
1780 1305 1907 1368 qua
1964 1285 2034 1348 in
2094 1305 2164 1348 re

257 1372 367 1437 Dei
409 1369 753 1437 adversum
796 1393 915 1437 nos
950 1371 1116 1436 iram
1154 1374 1738 1455 provocaverimus.
1826 1369 1918 1436 Ac
1954 1371 2009 1435 si
2047 1390 2163 1434 006

255 1459 632 1523 000601601ἰο
677 1457 1046 1541 redarguat,
1106 1458 1363 1541 culpam
1409 1457 1692 1541 ingenue
1738 1475 2164 1540 agnoscamus

254 1554 312 1607 et
385 1544 721 1620 fateamur,
813 1543 1198 1626 veniamque
1269 1563 1308 1606 a
1374 1541 1656 1607 Domino
1724 1542 2164 1625 deprecemur.

253 1626 418 1709 Quin
470 1631 667 1693 etiam
734 1630 789 1693 si
852 1648 1110 1694 causam
1178 1629 1604 1695 afflictionum
1671 1628 2164 1713 investigantes,

250 1734 368 1778 non
411 1714 993 1780 animadvertimus
1040 1715 1196 1781 11060
1242 1728 1355 1780 aut
1422 1715 1533 1779 illa
1599 1724 1879 1796 peccata,
1949 1713 2163 1778 Deum

248 1799 510 1866 sciamus
576 1800 770 1886 longe
833 1821 1027 1882 quam
1094 1822 1210 1866 nos
1275 1799 1512 1865 habere
1570 1800 1789 1865 oculos
1847 1799 2166 1884 perspica-

253 1886 460 1964 ciores,
506 1895 573 1951 et
616 1908 736 1952 nos
779 1886 850 1950 in
895 1888 1176 1970 peccatis
1221 1886 1464 1951 nostris
1509 1906 1776 1968 prorsus
1811 1886 2161 1951 caecutire:

288 1972 501 2036 roinde
535 1973 835 2037 fraenum
871 1973 964 2037 ori
1004 1982 1223 2038 nostro
1258 1972 1684 2055 imponamus,
1730 1992 1815 2035 ne
1851 1969 2166 2034 adversus

340 2059 495 2122 mini
542 2059 703 2124 casti
792 2062 999 2124 tiones
1040 2058 1484 2141 obloquamur,
1531 2078 1698 2122 neve
1742 2057 2047 2121 iniuriam
2083 2055 2164 2120 ab

239 2144 368 2226 ipso
426 2145 570 2208 fieri
633 2165 716 2207 no
763 2145 817 2208 is
877 2142 1286 2209 arbitremur.
1375 2144 1543 2207 Tum
1602 2163 1758 2207 vero
1814 2143 2011 2207 etiam
2056 2162 2164 2206 ca·

243 2227 513 2294 vendum
560 2251 645 2294 ne
689 2230 981 2294 animum
1025 2228 1558 2312 despondeamus,
1624 2229 1772 2294 licet
1816 2227 2163 2294 adversum

241 2336 348 2380 nos
403 2316 638 2381 duram
693 2326 758 2379 et
802 2336 1099 2399 asperam
1147 2315 1350 2399 ipsius
1395 2335 1664 2379 manum
1709 2313 2159 2398 experiamur:

241 2400 345 2464 sed
397 2400 619 2483 potius
676 2400 899 2466 baberi
961 2422 1076 2467 nos
1134 2404 1213 2467 ab
1272 2401 1412 2483 ipso
1457 2414 1530 2465 ut
1573 2399 1741 2464 filios
1786 2405 2157 2465 teneamus:

239 2505 306 2550 ac
349 2485 619 2566 proinde
663 2507 943 2569 aequum
986 2508 1128 2553 esse
1173 2496 1245 2551 ut
1305 2487 1520 2569 lapsos
1575 2486 1869 2569 castiget.
1961 2485 2157 2550 Prae·

238 2581 405 2636 terea
459 2575 658 2638 etiam
717 2593 1165 2657 agnoscamus,
1224 2571 1742 2656 quandoquidem
1805 2571 1984 2635 Deus
2046 2590 2160 2634 nos

238 2670 304 2721 ut
345 2658 516 2723 filios
564 2678 789 2741 regere
835 2658 995 2733 vult,
1044 2681 1168 2723 000
1216 2680 1355 2724 6666
1390 2670 1699 2740 tanquam
1739 2678 2007 2741 gravem
2048 2666 2161 2720 aut

238 2741 478 2818 duram,
543 2743 915 2829 fugiendam
974 2764 1426 2827 quamcunque
1483 2743 1667 2808 nobis
1723 2742 2159 2807 conditionem

235 2831 627 2912 imposuerit,
680 2843 744 2895 et
805 2850 1258 2913 quamcunque
1316 2829 1733 2894 afflictionem
1775 2828 2156 2892 immiserit:

233 2914 336 2979 sed
381 2916 596 2999 potius
640 2937 679 2980 a
722 2916 841 2981 Dei
890 2937 1090 2981 manu
1135 2938 1279 2982 cum
1318 2915 1516 2978 animi
1567 2913 1998 2979 submissione
2044 2935 2158 2977 ex-

234 3000 611 3083 cipiendam,
703 3016 771 3066 ut
837 3022 1217 3085 quacunque
1284 3000 1642 3076 deduxerit,
1735 2998 1981 3082 placide
2062 3019 2157 3064 se·

235 3107 521 3168 quamur.
613 3087 913 3171 Denique
972 3109 1089 3152 nos
1133 3110 1173 3152 a
1217 3087 1358 3151 Deo
1404 3098 1713 3169 tanquam
1757 3085 1924 3150 filios
1967 3086 2157 3149 casti·

235 3173 366 3253 gari
433 3194 819 3256 persuasum
889 3174 1260 3247 habeamus.
1349 3194 1548 3255 quum
1616 3180 1882 3256 peccata
1946 3171 2158 3254 punit,

228 3255 365 3323 licet
428 3280 508 3325 ea
571 3280 702 3324 000
762 3259 1027 3324 omnino
1085 3279 1567 3343 cognoscamus.
1659 3258 1748 3322 Et
1794 3266 2154 3340 praeterea:

230 3364 692 3429 nonnunquam
760 3345 960 3429 affligi
1020 3366 1139 3409 nos
1184 3346 1463 3411 sciamus
1510 3366 1548 3408 a
1593 3343 1735 3408 Deo
1775 3342 2157 3426 patientiam

235 3441 516 3496 nostram
583 3431 986 3514 explorante.
1077 3431 1165 3495 Et
1233 3432 1550 3496 hactenus
1618 3429 1696 3494 de
1751 3429 1968 3494 verbis
2029 3428 2159 3493 illis

231 3516 457 3597 quibus
527 3515 693 3582 Saul
764 3517 903 3582 Deo
969 3517 1088 3582 sibi
1153 3538 1284 3581 non
1349 3514 1801 3598 respondente,
1886 3515 2160 3579 iusserat

231 3605 445 3684 quaeri
515 3624 644 3686 qua
702 3603 773 3667 in
832 3624 903 3667 re
961 3602 1189 3667 fuisset
1247 3623 1321 3667 60
1353 3600 1482 3666 ·(116
1539 3609 1892 3685 peccatum.
1982 3598 2159 3665 Sane

223 3696 354 3751 tum
415 3687 748 3753 Dominus
796 3686 995 3753 verba
1038 3689 1247 3771 ipsius
1291 3687 1564 3752 direxit:
1625 3686 1738 3752 sed
1783 3686 1853 3750 in
1899 3707 1972 3749 eo
2017 3687 2157 3770 ipso

331 3774 508 3839 viter
556 3796 595 3839 a
642 3772 840 3839 Saule
885 3787 1221 3856 peccatum
1265 3784 1384 3852 est,
1434 3772 1606 3857 quod
1653 3794 1784 3837 non
1830 3771 2157 3856 cognovit.

280 3878 710 3943 onnunquam
766 3860 942 3924 enim
1000 3880 1071 3924 66
1128 3860 1350 3942 procul
1398 3879 1436 3922 a
1481 3858 1662 3923 nobis
1710 3858 1890 3922 Deus
1933 3856 2157 3923 abesse

225 3943 573 4022 simulabit,
632 3945 786 4011 lieet
846 3946 1050 4011 nostri
1109 3947 1461 4009 maximam
1508 3965 1728 4010 curam
1776 3943 2028 4019 habeat,
2092 3950 2159 4008 et

227 4046 483 4096 nostrae
530 4031 778 4096 salutis.
871 4031 1047 4096 Male
1090 4030 1307 4113 itaque
1351 4030 1614 4114 collegit
1649 4028 1812 4095 Saul
1851 4029 2158 4092 nimium·

226 4134 342 4196 que
397 4116 728 4200 generalis
786 4117 901 4181 illa
957 4117 1278 4182 sententia
1337 4128 1452 4193 est,
1513 4128 1578 4181 et
1621 4137 1747 4181 nou
1797 4115 2159 4180 necessaria

225 4202 585 4267 conclusio:
659 4201 1196 4285 Quandoquidem
1278 4202 1459 4266 Deus
1525 4201 1717 4266 hodie
1784 4199 1944 4265 mihi
2027 4221 2156 4265 000

224 4288 576 4369 respondit,
632 4308 893 4354 necesse
954 4297 1052 4352 est
1110 4289 1398 4372 graviter
1441 4286 1752 4352 adversus
1800 4286 2158 4351 Dominum

227 4369 418 4440 fuisse
488 4387 845 4456 peccatum.
934 4373 1159 4438 Potuit
1227 4374 1421 4449 enim,
1493 4383 1569 4437 ut
1635 4382 1785 4437 ante
1849 4369 2156 4448 diximus,

224 4456 343 4521 alia
409 4458 691 4543 quadam
759 4458 838 4522 (16
903 4479 1094 4525 causa
1162 4458 1344 4525 Deus
1410 4480 1539 4524 000
1604 4454 2015 4542 respondere,
2083 4466 2158 4521 ut

222 4562 404 4627 saepe
451 4545 625 4610 solet
667 4545 850 4609 Deus
894 4564 1044 4609 suos
1090 4544 1258 4610 filios
1304 4545 1664 4628 explorare,
1723 4564 1914 4608 suum
1972 4544 2157 4607 auxi·

217 4625 372 4693 lium
417 4629 799 4696 differendo.
890 4628 1109 4710 Quare
1147 4632 1347 4695 nimia
1386 4630 1512 4695 fuit
1547 4629 1770 4696 Saulis
1809 4628 2151 4693 festinatio.

220 4712 663 4782 Nihilominus
709 4728 931 4781 tamen
974 4716 1096 4782 1100
1139 4717 1279 4783 1000
1325 4715 1508 4781 Deus
1554 4715 1706 4780 facit
1750 4715 1889 4779 eius
1943 4726 2153 4778 ratam

221 4802 638 4883 sententiam,
687 4803 871 4869 euius
919 4801 1222 4886 deinceps
1258 4802 1408 4867 facti
1447 4802 1762 4867 rationem
1797 4798 2151 4867 audiemus.

221 4883 494 4951 Interim
576 4887 749 4954 aliud
809 4888 1008 4952 etiam
1068 4886 1290 4954 Saulis
1350 4900 1682 4971 peccatum
1743 4886 1849 4952 hic
1907 4887 2153 4950 exami-

219 4971 530 5039 nandum.
619 4973 789 5039 Nam
877 4995 996 5038 cur
1076 4973 1154 5039 de
1220 4973 1469 5040 occulto
1537 4980 1797 5055 peccato
1863 4971 2150 5054 inquirit,

220 5075 419 5137 quum
489 5059 717 5124 eadem
776 5070 962 5125 nocte
1016 5059 1293 5142 populus
1348 5058 1731 5125 manifestae
1778 5057 2152 5141 pollutionis

219 5152 280 5204 et
337 5143 504 5228 legis
565 5146 840 5211 violatae
897 5165 1044 5209 reus
1105 5156 1272 5210 esset
1330 5144 1584 5211 factus?
1674 5143 1842 5209 Nam
1889 5153 1954 5207 et
1997 5152 2150 5209 ante

2267 511 2667 598 prohibitum
2732 526 2898 576 erat:
2968 532 3134 594 quae
3201 513 3283 578 ab
3347 514 3523 579 omni
3591 534 3750 580 aevo
3804 515 4210 583 consuetudo

2266 599 2657 665 obtinuerat.
2750 597 3196 663 Nihilominus
3259 610 3476 665 tamen
3539 601 3814 683 populus
3871 601 4209 668 famelicus

2267 684 2566 770 neglecta
2626 682 2748 748 Dei
2809 682 3245 767 prohibitione
3305 706 3437 749 000
3499 686 3817 751 abstinuit
3876 688 4209 769 prohibito

2268 771 2617 854 sanguine:
2687 790 2837 834 nam
2897 770 3104 835 caesis
3151 770 3504 853 pecudibus
3549 793 3768 836 earum
3818 773 4209 857 sanguinem

2268 878 2417 924 cum
2475 876 2670 921 carne
2725 855 3019 921 comedit.
3111 856 3260 936 Quo
3317 857 3487 922 facto
3547 858 3888 923 videbatur
3946 857 4068 923 sibi
4136 859 4206 924 10

2268 955 2598 1028 posterum
2637 942 2809 1007 viam
2848 941 2928 1006 ad
2967 940 3434 1007 humanitatem
3475 941 3806 1008 claudere:
3852 965 4207 1029 veramque

2268 1029 2646 1113 religionem
2711 1039 2777 1093 et
2833 1028 3158 1092 sincerum
3204 1026 3330 1093 Dei
3376 1029 3622 1093 cultum
3670 1028 4069 1095 adulterare:
4137 1038 4209 1096 et

2267 1116 2337 1179 in
2406 1114 2772 1181 adulterino
2841 1112 3023 1177 cultu
3090 1113 3380 1179 animum
3439 1113 3802 1180 obfirmare.
3893 1114 4204 1196 Quando·

2266 1201 2525 1283 quidem
2600 1199 2807 1283 igitur
2865 1209 3049 1264 tanta
3107 1200 3417 1282 populum
3472 1200 3745 1283 pollutio
3806 1213 4207 1284 pervaserat,

2267 1308 2466 1371 quare
2532 1306 2603 1349 66
2668 1286 2883 1367 106001
2951 1282 3114 1350 Saul
3184 1308 3313 1349 non
3383 1284 3780 1369 explorabat,
3847 1288 3959 1369 qui
4022 1300 4206 1353 tanto

2266 1373 2438 1437 malo
2511 1392 2774 1438 causam
2854 1369 3262 1453 praebuerat,
3345 1371 3458 1436 sed
3526 1370 3606 1437 (16
3670 1373 3920 1438 0000110
3987 1374 4206 1456 001106

2267 1466 2549 1541 0600010,
2630 1456 3042 1522 severissime
3098 1456 3449 1538 puniendo,
3532 1457 3913 1523 laborabat?
4015 1458 4205 1540 Quur

2267 1540 2684 1609 iureiurando
2743 1563 2812 1606 se
2866 1540 2947 1605 ad
2993 1563 3237 1626 poenas
3278 1544 3707 1626 reposcendas
3751 1544 4203 1629 astringebat?

2267 1630 2408 1695 Nae
2453 1629 2602 1694 dolo
2638 1627 2881 1693 factum
2916 1627 2982 1692 id
3022 1629 3103 1694 ab
3143 1628 3255 1693 1110
3290 1631 3522 1695 merito
3559 1630 3703 1712 quis
3739 1629 4203 1713 suspicabitur:

2269 1716 2650 1799 praesertim
2698 1734 2851 1778 vero
2895 1735 3098 1796 quum
3146 1736 3184 1779 a
3228 1716 3467 1799 000010
3514 1717 3800 1782 seiunxit
3846 1738 3945 1781 se:
3995 1737 4203 1798 0000·

2268 1801 2612 1884 doquidem
2673 1801 2743 1863 in
2805 1800 3114 1883 populum
3173 1802 3467 1866 coniecta
3508 1804 3685 1867 omni
3731 1803 3919 1885 culpa
3966 1803 4202 1866 immu-

2268 1893 2534 1951 nitatem
2598 1888 2736 1967 ipse
2795 1887 3113 1968 sperabat.
3206 1885 3340 1952 Sed
3400 1899 3630 1954 contra
3687 1888 3829 1953 eius
3872 1899 4201 1972 exspecta·

2267 1975 2576 2038 tationem
2623 1971 2863 2035 factum
2902 1983 3028 2036 est:
3076 1971 3518 2039 Ionathanum
3559 1975 3731 2039 enim
3770 1986 3940 2039 sorte
3979 1974 4206 2056 depre-

2268 2058 2545 2123 hensum
2636 2057 2774 2141 ipse
2853 2078 2972 2122 suo
3037 2057 3286 2124 calculo
3354 2060 3667 2125 damnare
3733 2068 3994 2126 0000106
4070 2066 4204 2123 est:

2266 2165 2433 2227 quae
2477 2153 2828 2226 antequam
2872 2144 3335 2225 expendamus,
3386 2146 3584 2210 verba
3628 2145 3742 2211 illa
3787 2145 4011 2210 Saulis
4049 2152 4204 2210 sunt

2264 2230 2449 2295 nobis
2493 2227 2985 2309 consideranda,
3031 2229 3265 2312 quibus
3311 2230 3422 2308 ait,
3467 2236 3539 2295 ut
3579 2232 3730 2297 vivit
3778 2230 4028 2308 lehem,
4091 2230 4203 2313 qui

2262 2319 2466 2381 servat
2491 2314 2810 2392 leaenam,
2856 2316 3104 2379 etiamsi
3137 2316 3302 2382 illud
3340 2318 3536 2399 fuerit
3575 2318 3647 2382 in
3693 2316 4039 2383 Ionatham
4068 2316 4205 2397 filio

2261 2421 2409 2484 mee,
2474 2401 2724 2467 omnino
2788 2401 3098 2465 morietur.
3184 2401 3651 2470 Iusiurandum
3720 2401 3882 2468 illud
3949 2402 4204 2466 ratione

2264 2485 2543 2570 quadam
2590 2495 2656 2551 et
2699 2486 3021 2569 aequitate
3066 2488 3185 2551 niti
3233 2488 3506 2568 videtur,
3567 2511 3716 2554 nam
3764 2490 3873 2571 qui
3918 2488 3987 2551 in
4034 2487 4205 2552 iudi-

2263 2593 2403 2638 cem
2474 2573 2719 2638 electus
2785 2583 2884 2636 est
2949 2573 3402 2640 sanctissimus
3469 2592 3532 2639 et
3598 2575 3995 2640 iustissimus
4061 2594 4204 2639 esse

2264 2657 2473 2739 debet,
2548 2667 2613 2724 et
2678 2677 3102 2742 personarum
3171 2660 3423 2725 nullum
3490 2659 3732 2727 habere
3798 2668 4201 2743 respectum:

2265 2744 2435 2809 Nam
2480 2745 2584 2811 ius
2627 2764 2822 2808 omne
2865 2752 2932 2807 et
2975 2763 3256 2826 aequum
3303 2747 3640 2823 evertitur,
3700 2767 3898 2830 quum
3954 2745 4205 2810 iudices

2266 2830 2368 2895 vel
2424 2829 2573 2896 odio
2616 2830 2724 2895 vel
2769 2829 2990 2894 favore
3035 2845 3485 2898 excaecantur.
3577 2832 3827 2897 Idcirco
3872 2831 4203 2895 Dominus

2267 2930 2485 2981 noster
2553 2916 2740 2982 Iesus
2808 2913 3119 2980 Christus
3184 2915 3343 2983 haec
3411 2917 3537 2983 duo
3603 2917 3888 3002 opponit,
3950 2926 4201 2981 rectum

2265 3000 2599 3083 iudicium,
2665 3011 2729 3066 et
2792 2999 3102 3066 iudicium
3172 3023 3251 3067 ex
3316 3004 3687 3087 acceptione
3754 3021 4201 3087 personarum.

2265 3085 2435 3151 Nam
2495 3089 2551 3152 si
2609 3088 3078 3170 consanguinei
3140 3088 3238 3153 vel
3301 3089 3532 3155 affines
3591 3111 3665 3155 00
3725 3087 4073 3173 propinqui
4119 3085 4203 3149 ad

2263 3170 2552 3237 favorem
2597 3172 2958 3255 impellant,
3002 3174 3058 3237 si
3103 3172 3322 3239 odium
3369 3187 3481 3240 aut
3525 3176 3903 3240 inimicitiae
3941 3171 4200 3249 adsunt,

2262 3258 2516 3323 animus
2596 3257 2726 3324 illis
2797 3258 2889 3322 ita
2954 3270 3484 3344 praeoccupatur,
3572 3273 3643 3326 ut
3708 3270 3897 3325 extra
3962 3278 4032 3321 66
4098 3258 4201 3333 sit,

2259 3341 2607 3428 Deumque
2665 3343 2886 3409 tradat
2946 3344 3280 3412 oblivioni.
3370 3346 3621 3413 Contra
3680 3347 3736 3413 si
3781 3344 4020 3419 odium,
4088 3350 4203 3408 aut

2259 3429 2314 3495 61
2370 3430 2557 3495 favor
2611 3430 2914 3507 abfuerit,
2980 3436 3120 3495 tum
3168 3453 3299 3497 non
3345 3435 3607 3497 omnino
3653 3452 3856 3516 prava
3899 3438 4055 3496 sunt
4096 3429 4198 3493 10·

2259 3512 2446 3582 (11010.
2537 3514 2956 3600 Quapropter
3023 3518 3313 3583 maxima
3370 3519 3756 3583 iudiciorum
3815 3514 4199 3598 corruptela,

2259 3602 2363 3669 vel
2423 3602 2493 3666 10
2551 3600 2695 3667 odio
2755 3601 2859 3666 vel
2903 3601 2972 3665 in
3018 3602 3244 3668 favore
3289 3605 3500 3687 posita
3543 3612 3661 3670 est.
3751 3605 3846 3669 At
3888 3601 4051 3667 Saul
4094 3600 4204 3666 hic

2258 3696 2458 3771 negat
2514 3708 2586 3752 66
2643 3687 2778 3752 filio
2836 3688 3280 3771 parciturum:
3340 3711 3467 3773 qua
3510 3690 3577 3754 in
3624 3708 3696 3754 re
3743 3708 4048 3772 magnam
4093 3707 4205 3752 ae·

2258 3774 2576 3858 quitatem
2636 3794 2793 3857 prae
2852 3794 2922 3838 se
2983 3775 3138 3838 fert:
3202 3794 3434 3839 verum
3492 3775 3767 3840 nimium
3814 3773 4203 3858 praecipitat

2258 3858 2676 3937 sententiam,
2765 3870 3114 3943 antequam
3180 3860 3331 3924 facti
3399 3859 3571 3944 quod
3639 3870 3850 3925 morte
3916 3860 4201 3943 plectere

2257 3946 2500 4031 cogitat
2535 3945 2972 4043 cognitionem
3011 3944 3266 4010 habeat.
3335 3946 3425 4011 Et
3460 3967 3615 4012 sane
3656 3948 3718 4011 in
3754 3944 4201 4011 Ionathanum

2258 4033 2383 4099 hoc
2426 4030 2734 4096 incidlsse
2780 4029 3005 4097 divina
3049 4031 3452 4114 providentia
3496 4031 3812 4106 videmus,
3883 4042 3953 4095 ut
4014 4027 4199 4095 Sauli

2260 4116 2645 4184 temeritatis
2730 4125 2881 4181 nota
2962 4116 3212 4200 turpior
3288 4119 3677 4185 inureretur.
3769 4114 3959 4198 Quod
4040 4134 4197 4179 vero

2259 4202 2678 4269 iureiurando
2725 4222 2908 4266 suam
2956 4204 3344 4268 sententiam
3389 4206 3629 4281 firmat,
3691 4203 3756 4268 id
3803 4224 3878 4266 60
3924 4201 4079 4264 facit
4123 4207 4199 4264 ut

2259 4289 2566 4355 ostendat
2610 4309 2679 4353 se
2725 4288 2891 4352 011111
2936 4308 3130 4372 agere
3175 4290 3499 4356 simulate.
3569 4292 3739 4354 Nam
3776 4307 3967 4370 saepe
4006 4284 4197 4349 multi

2259 4375 2464 4440 multa
2511 4372 2709 4438 verba
2800 4374 3177 4455 refundunt,
3222 4376 3457 4458 quibus
3503 4386 3722 4440 tamen
3772 4371 3975 4437 multa
4022 4372 4195 4434 inest

2258 4460 2586 4526 simulatio
2646 4469 2710 4524 et
2803 4460 3155 4544 ypocrisis:
3217 4472 3283 4526 et
3331 4462 3638 4526 virtutem
3686 4456 3876 4524 multi
3923 4477 4080 4541 prae
4126 4476 4197 4519 se

2259 4547 2494 4623 serunt,
2557 4566 2832 4628 quorum
2879 4554 3097 4610 tamen
3145 4546 3208 4610 in
3259 4559 3519 4631 pectore
3562 4545 3844 4628 plurima
3888 4542 4045 4606 vitia
4089 4560 4194 4605 00·

2256 4632 2606 4698 cultantur.
2697 4630 2950 4696 Idcirco
3026 4632 3471 4697 iuramentum
3556 4632 3621 4695 10
3706 4630 3897 4694 rebus
3972 4627 4192 4709 magni

2254 4718 2569 4784 momenti
2615 4716 3067 4783 necessarium.
3145 4718 3311 4782 Nam
3353 4717 3590 4800 alioqui
3630 4715 4004 4797 frequentes
4043 4712 4195 4777 illae

2257 4803 2687 4869 deierationes
2756 4803 2833 4867 de
2902 4802 3095 4868 rebus
3164 4803 3419 4869 levibus
3507 4822 3690 4866 mera
3755 4809 3908 4864 sunt
3986 4796 4194 4862 divini

2255 4891 2538 4954 nominis
2603 4888 3003 4971 profanatio,
3075 4899 3142 4953 et
3208 4889 3414 4953 divini
3485 4886 3768 4951 nominis
3834 4885 3899 4949 in
3948 4903 4194 4947 vanum

2254 4976 2575 5059 acceptio:
2625 4986 3021 5058 quapropter
3064 4971 3428 5039 istiusmodi
3468 4972 3765 5037 homines
3802 4969 3912 5054 qui
3950 4968 4193 5035 crebris

2253 5082 2393 5126 sese
2437 5061 2825 5126 iuramentis
2870 5060 3196 5125 devovent
3240 5058 3555 5143 sacrilega
3600 5056 3869 5123 audacia
3914 5056 4038 5119 Dei
4076 5055 4193 5120 ho·

2252 5168 2480 5213 norem
2543 5146 2862 5230 polluunt.
2956 5148 3046 5209 At
3105 5167 3233 5208 non
3294 5145 3388 5210 sic
3431 5144 3498 5208 in
3548 5142 3739 5209 rebus
3785 5142 4007 5226 magni
4053 5162 4193 5206 mo·

218 5224 422 5312 legem
471 5230 674 5296 latam
701 5245 768 5296 et
811 5228 1050 5296 tabulis
1094 5231 1561 5315 consignatam,
1609 5230 1929 5314 sanguine
1974 5230 2146 5295 vesci
2198 5222 2206 5285 Ι
2252 5233 2475 5312 menti,
2532 5232 2767 5315 quibus
2830 5231 3272 5296 iuramentum
3332 5229 3696 5295 adhibitum
3757 5228 3963 5295 adfert
4010 5236 4196 5293 auto·
