5059 6059
853 336 980 402 30⁷

1034 530 1168 598 Sed
1214 531 1355 615 ipsa
1400 530 1748 596 Ionathani
1798 530 1995 595 verba
2040 529 2238 616 digna
2281 544 2440 597 suut
2483 553 2647 616 quae
2692 553 2795 598 ac·

862 617 1155 684 curatius
1230 615 1724 699 expendantur:
1809 616 2136 698 Loquutus
2199 625 2290 683 est
2355 618 2659 684 Ionatkas
2722 618 2799 683 de

863 703 1085 769 David
1126 702 1283 767 bona
1327 703 1414 766 ad
1451 700 1612 766 Saul
1640 707 1891 782 patrem
1925 723 2131 781 suum,
2176 704 2456 784 dixitque
2499 705 2585 770 ad
2627 724 2800 768 eum.-

865 789 965 853 Ne
995 794 1202 870 peccet
1241 808 1356 854 rex
1400 789 1469 852 in
1512 806 1761 852 servum
1800 808 1987 853 suum
2029 787 2267 871 David,
2312 791 2465 871 quia
2507 811 2633 856 non
2666 809 2802 872 pec-

860 875 1023 940 cavit
1062 873 1196 953 tibi,
1237 878 1297 938 et
1336 893 1526 954 opera
1569 874 1707 939 eius
1749 872 1906 939 bona
1947 879 2094 939 sunt
2134 875 2250 940 tibi
2292 875 2487 941 valde.
2578 874 2801 957 Quan-

863 959 1229 1043 doquidem,
1289 961 1506 1044 inquit
1565 958 1998 1039 Ionathanus,
2057 959 2276 1027 David
2336 981 2559 1045 regem
2619 961 2803 1026 nulla

861 1048 926 1111 in
973 1066 1047 1111 re
1090 1045 1299 1121 laesit,
1360 1065 1436 1110 eo
1481 1046 1691 1129 magis
1735 1045 1958 1129 inique
2004 1047 2141 1130 agit
2186 1045 2346 1113 Saul
2391 1047 2608 1129 ipsum
2653 1068 2801 1130 per·

860 1132 1206 1215 sequendo.
1274 1130 1682 1197 Ionathanus
1726 1132 1928 1216 igitur
1970 1133 2138 1214 patri
2184 1132 2537 1215 exprobrat
2578 1134 2800 1217 ingra-

862 1230 1002 1284 tum
1049 1219 1361 1295 animum,
1408 1238 1610 1299 quum
1656 1215 1934 1283 Davidis
1983 1218 2317 1284 benefacta
2364 1239 2493 1283 non
2541 1226 2797 1283 tantum

861 1313 1341 1382 commemorat,
1404 1303 1514 1367 sed
1573 1304 1769 1368 etiam
1815 1304 1908 1368 ait
1951 1302 2274 1368 Davidem
2324 1325 2456 1369 nou
2501 1324 2801 1387 peccasse

863 1391 927 1454 in
974 1410 1218 1473 regem.
1307 1389 1536 1470 Neque
1582 1407 1737 1454 vero
1783 1399 2002 1454 tamen
2050 1390 2246 1454 etiam
2294 1391 2589 1454 excusari
2626 1389 2797 1474 apud

861 1477 1081 1541 Deum
1138 1472 1304 1540 Saul
1368 1474 1683 1555 potuisset
1741 1476 1796 1540 si
1852 1484 2061 1540 morte
2118 1474 2399 1540 Davidis
2471 1476 2797 1557 privatam

862 1561 1146 1643 aliquam
1206 1560 1514 1625 iniuriam
1566 1560 1742 1625 ultus
1799 1560 2046 1626 fuisset.
2137 1558 2402 1644 Scripta
2446 1562 2620 1626 enim
2667 1562 2796 1627 iam

861 1648 971 1712 lex
1031 1646 1190 1710 Dei:
1257 1656 1322 1710 et
1385 1644 1650 1728 quidem
1716 1647 1783 1709 in
1852 1647 2086 1713 animis
2151 1647 2494 1713 hominum
2560 1654 2800 1713 natura

861 1732 1226 1815 insculpsit,
1287 1730 1454 1795 bono
1499 1731 1739 1796 malum
1799 1751 1938 1796 com
1989 1733 2387 1798 ensandum:
2443 1751 2644 1817 quare
2688 1754 2799 1799 ne-

860 1840 985 1901 que
1048 1828 1284 1883 natura
1349 1818 1492 1899 ipsa
1552 1818 1864 1900 magistra
1936 1753 2121 1884 Sauli
2186 1818 2507 1886 Davidem
2574 1818 2797 1885 ulcisci

858 1904 1110 1970 licebat.
1202 1903 1301 1968 Ac
1361 1924 1444 1966 ne
1488 1903 1895 1969 Ionathanus
1954 1903 2213 1986 quidem
2271 1904 2479 1970 voluit
2541 1914 2795 1990 patrem

855 1991 1142 2055 eximere
1187 1988 1447 2053 divinae
1496 1988 1727 2053 ultioni
1787 1990 1839 2054 si
1887 1988 2209 2056 Davidem
2255 1990 2471 2056 laesus
2516 1991 2653 2073 ipse
2696 1990 2794 2056 ul·

857 2077 1243 2142 cisceretnr:
1304 2074 1416 2140 sed
1479 2084 1812 2157 peccatum
1874 2076 2143 2159 gravius
2201 2076 2356 2142 facit
2421 2084 2489 2141 et
2545 2075 2791 2142 crimen

855 2172 1066 2245 auget,
1111 2181 1312 2242 quum
1359 2161 1451 2225 ait
1495 2159 1817 2225 Davidem
1865 2160 2047 2226 nulla
2104 2162 2172 2227 in
2219 2183 2289 2227 re
2335 2180 2634 2244 peccasse
2677 2161 2789 2228 ad·

854 2266 1090 2311 versus
1136 2243 1421 2311 Saulem.
1510 2246 1801 2310 Naturae
1857 2247 2033 2310 enim
2078 2247 2200 2329 ipsi
2248 2258 2587 2331 repugnat,
2649 2249 2790 2314 eius

854 2332 1129 2396 exitium
1176 2352 1489 2414 quaerere
1533 2351 1572 2395 a
1608 2351 1737 2414 quo
1782 2333 1872 2398 sis
1908 2332 2181 2399 affectus
2218 2334 2552 2399 beneficio.
2597 2333 2789 2400 Iona·

856 2418 1038 2482 thani
1100 2437 1259 2483 sane
1302 2416 1605 2502 παρῤησία
1649 2415 1994 2498 laudanda,
2052 2418 2260 2500 patris
2305 2420 2542 2486 vitium
2588 2419 2789 2486 libere

855 2503 1248 2581 damnantis,
1295 2513 1360 2566 et
1405 2502 1682 2568 Davidis
1726 2502 1795 2567 in
1840 2511 2090 2586 patrem
2139 2503 2475 2570 benefacta
2510 2526 2789 2571 comme-

854 2589 1186 2653 morantis.
1279 2587 1468 2665 Nam,
1525 2589 1636 2664 ait,
1697 2587 1861 2655 nihil
1911 2590 1983 2653 in
2040 2595 2098 2655 te
2132 2592 2427 2674 peccavit,
2487 2596 2544 2656 et
2602 2612 2789 2674 opera

855 2676 990 2739 eius
1033 2673 1190 2739 bona
1231 2679 1380 2738 aunt
1419 2673 1535 2739 tibi
1578 2675 1773 2739 valde.
1821 2674 2046 2755 Quare
2082 2695 2337 2741 summa
2383 2677 2786 2762 ingratitudo

855 2762 961 2826 hic
1018 2768 1293 2842 apparet
1350 2779 1499 2826 cum
1557 2780 1813 2825 summa
1870 2761 2118 2827 malitia
2162 2763 2525 2828 coniuncta.
2616 2762 2786 2827 Nam

852 2847 1282 2911 inhumanum
1340 2856 1441 2910 est
1498 2867 1645 2911 eum
1707 2867 1747 2910 a
1802 2866 1929 2928 quo
1973 2868 2106 2912 non
2167 2850 2494 2931 acceperis
2538 2850 2783 2914 incom-

851 2931 1117 2997 modum
1161 2931 1428 3016 aggredi
1464 2942 1532 2997 et
1567 2931 1803 2997 habere
1840 2933 2334 2999 contumeliose:
2381 2942 2623 3019 quanto
2661 2935 2782 2999 ita-

849 3039 972 3101 que
1018 3016 1345 3083 crudelius
1391 3025 1459 3081 et
1499 3017 1870 3097 immanius,
1930 3039 2080 3083 eum
2138 3020 2245 3083 cui
2309 3020 2650 3086 devinctus
2694 3022 2784 3085 sis

851 3104 1073 3169 multis
1142 3103 1487 3183 beneficiis,
1567 3114 1635 3168 et
1699 3104 1882 3170 cuius
1948 3105 2283 3188 singulare
2348 3107 2433 3171 sit
2497 3126 2654 3189 erga
2718 3114 2784 3171 te

849 3189 1135 3255 studium
1186 3198 1253 3253 et
1296 3189 1503 3254 multa
1547 3188 1901 3268 benefacta,
1960 3189 2123 3255 odiis
2168 3194 2487 3274 prosequi,
2535 3202 2601 3256 et
2643 3191 2784 3256 eius

850 3277 1023 3341 vitae
1080 3273 1426 3341 insidiari?
1516 3275 1657 3340 Nae
1721 3275 1931 3341 brutis
1983 3276 2143 3358 ipsis
2187 3276 2630 3341 animantibus
2674 3275 2784 3342 de-

849 3362 1119 3427 teriores
1174 3371 1332 3427 sunt
1395 3360 1765 3426 istiusmodi
1829 3359 2147 3426 homines.
2238 3361 2408 3426 Nam
2476 3373 2543 3427 et
2604 3362 2785 3429 canis

848 3468 996 3512 eum
1043 3446 1337 3532 agnoscit
1381 3468 1421 3511 a
1464 3467 1589 3528 quo
1627 3448 1914 3512 frustum
1949 3448 2139 3529 panis
2175 3449 2513 3531 acceperit,
2561 3457 2627 3512 et
2662 3449 2785 3531 ipsi

848 3534 1066 3597 leones
1121 3540 1586 3599 mansuescunt
1643 3541 1708 3597 et
1765 3532 2160 3616 cicurantur,
2220 3542 2298 3599 ut
2354 3555 2438 3599 ex
2482 3534 2784 3617 profano·

849 3639 995 3683 rum
1072 3618 1295 3683 multis
1360 3617 1652 3684 historiis
1719 3627 2006 3700 apparet.
2118 3619 2420 3702 Denique
2485 3618 2785 3686 videmus

848 3705 1212 3768 animantes
1273 3706 1495 3769 brutas
1555 3724 1908 3786 agnoscere
1952 3726 2103 3771 suos
2148 3704 2441 3771 dominos
2487 3715 2554 3770 et
2597 3707 2786 3772 bene-

745 3798 756 3805 ·
854 3789 1149 3854 factores.
1251 3789 1549 3855 Infantes
1616 3798 1964 3873 antequam
2031 3791 2376 3875 pueritiam
2447 3792 2787 3874 attigerint

859 3875 1147 3940 nutrices
1192 3895 1343 3939 suas
1400 3886 1782 3959 agnoscunt,
1843 3898 1882 3940 a
1925 3877 2162 3960 quibus
2207 3877 2407 3942 vitam
2453 3876 2785 3955 hauriunt,

855 3973 922 4025 et
981 3963 1048 4024 in
1107 3981 1381 4043 quarum
1429 3962 1726 4026 mammis
1779 3961 2170 4044 praesidium
2216 3984 2406 4028 suum
2449 3963 2783 4028 collocant.

854 4047 1041 4128 Quos
1107 4066 1260 4110 vero
1320 4045 1505 4111 Deus
1568 4068 1762 4113 sensu
1830 4058 1897 4113 et
1960 4050 2210 4113 ratione
2268 4047 2553 4124 donavit,
2622 4068 2786 4131 quae

854 4132 1056 4198 nullis
1096 4130 1339 4197 viribus
1376 4142 1585 4214 potest
1619 4133 1879 4216 expelli,
1913 4133 2438 4218 quandoquidem
2461 4135 2601 4217 ipse
2638 4155 2785 4200 con-

851 4219 1165 4286 scientiae
1230 4239 1461 4284 sensus
1518 4220 1697 4284 intus
1753 4222 1885 4284 urit
1943 4227 2013 4284 et
2065 4221 2240 4303 cogit
2299 4239 2411 4285 eos
2469 4241 2509 4284 a
2553 4220 2785 4302 quibus

855 4306 1222 4389 acceperint
1281 4304 1593 4370 beneficia
1651 4323 2019 4388 agnoscere,
2087 4326 2306 4370 nonne
2370 4305 2521 4390 plus
2589 4326 2785 4389 quam

856 4392 1157 4457 efferatos
1214 4399 1278 4453 et
1340 4390 1651 4456 barbaros
1710 4410 1849 4456 esse
1908 4411 2168 4457 necesse
2226 4399 2343 4470 est,
2405 4391 2460 4455 si
2505 4392 2786 4475 acceptis

853 4478 934 4542 ab
979 4476 1195 4558 aliquo
1239 4474 1586 4553 beneficiis,
1633 4477 1738 4540 cui
1783 4477 1986 4542 vitam
2025 4476 2348 4555 debemus,
2394 4487 2460 4540 et
2492 4480 2605 4560 qui
2640 4498 2785 4543 nos-

854 4563 973 4628 tris
1031 4561 1385 4628 commodis
1428 4562 1769 4637 studuerit,
1828 4562 2031 4627 vitam
2092 4562 2349 4628 auferre
2391 4563 2584 4628 malis
2627 4564 2784 4627 arti·

853 4648 976 4715 bus
1033 4646 1350 4712 nitimur?
1439 4647 1587 4715 Istis
1631 4647 1993 4714 rationibus
2048 4647 2453 4715 Ionathanus
2511 4655 2784 4732 patrem,

857 4746 924 4799 et
965 4733 1151 4798 illum
1199 4732 1455 4817 quidem
1504 4754 1722 4818 regem
1769 4734 2194 4818 constringit:
2240 4744 2307 4799 et
2350 4747 2544 4818 urget
2588 4734 2785 4800 etiam

857 4840 1059 4904 quum
1105 4818 1304 4896 addit,
1351 4825 1406 4884 et
1446 4820 1680 4898 vidisti,
1723 4825 1779 4884 et
1820 4819 2084 4886 laetatus
2119 4840 2199 4886 es.
2273 4819 2485 4902 Saepe
2528 4818 2787 4902 quidem

852 4905 1175 4988 contingit
1235 4927 1348 4970 nos
1392 4905 1472 4971 ab
1518 4906 1737 4989 aliquo
1795 4906 2180 4971 beneficium
2240 4906 2498 4989 aliquod
2559 4925 2785 4972 conse·

855 4990 985 5073 qui,
1021 4989 1102 5055 de
1126 5011 1252 5073 quo
1290 5011 1415 5056 non
1435 4998 1727 5057 constet:
1772 4990 1886 5056 sed
1921 4991 2034 5056 nbi
2069 4993 2363 5076 agnitum
2402 4992 2784 5057 beneficium

856 5075 1065 5141 nihilo
1099 5077 1319 5143 minus
1352 5078 1540 5161 parvi
1574 5076 1870 5157 facimus,
1909 5088 1976 5142 et
2010 5077 2421 5162 negligimus,
2468 5098 2545 5142 eo
2582 5078 2787 5143 maior

859 5170 958 5226 est
1023 5162 1274 5227 malitia
1339 5176 1584 5240 nostra,
1662 5172 1730 5227 et
1793 5162 2100 5229 maiorem
2181 5163 2787 5231 condemnationem

859 5256 1166 5314 meretur.
1258 5247 1558 5314 Notanda
1614 5249 1820 5332 igitur
1864 5250 1975 5314 illa
2018 5250 2523 5329 circumstantia,
2582 5269 2784 5332 quum

2521 341 2929 408 HOMILIA
2968 342 3189 407 LXX.

4670 346 4759 411 30ss

2903 530 3308 596 Ionathanus
3352 546 3600 614 patrem
3644 532 4073 614 praeveniens
4110 533 4221 611 ait,
4268 552 4400 596 non
4437 542 4603 616 potes
4631 535 4764 618 igno·

2902 616 3186 682 tantiam
3227 616 3428 681 ullam
3471 627 3871 700 praetexere,
3915 637 4127 700 neque
4170 638 4333 700 opus
4377 617 4566 684 habes
4603 619 4764 703 inqui·

2902 702 3154 785 sitione,
3217 712 3288 767 ιιι
3345 702 3469 785 ipsi
3530 703 3753 767 vidisti
3810 703 4088 770 Davidis
4143 704 4457 780 animum,
4511 705 4766 788 tuipsius

2903 787 3255 854 benefactis
3298 789 3568 872 gavisus
3612 808 3712 855 es:
3758 809 3832 855 ac
3877 788 4151 871 proinde
4195 801 4508 872 quantum
4549 790 4656 872 ipsi
4690 791 4767 857 de-

2903 872 3076 953 beas,
3120 874 3306 939 cuius
3351 883 3626 939 mortem
3672 875 3948 957 quaeris,
4014 895 4145 940 non
4188 875 4472 958 ignoras.
4555 874 4771 942 Summa

2902 959 3107 1041 ipsius
3173 979 3331 1043 erga
3395 960 3729 1044 populum,
3808 981 4067 1029 summa
4140 981 4295 1045 erga
4372 972 4438 1026 te
4499 962 4771 1039 beneficia,

2903 1066 3108 1128 quum
3166 1055 3234 1110 et
3288 1055 3353 1110 te
3411 1057 3477 1111 et
3532 1045 3839 1129 populum
3910 1067 3992 1111 ex
4057 1046 4476 1112 inimicorum
4530 1049 4772 1113 manibus

2904 1131 3168 1214 eripuit;
3215 1140 3288 1195 ιιι
3331 1150 3491 1196 sane
3526 1131 3626 1195 illi
3661 1150 3961 1197 coronam
4005 1140 4181 1197 tuam
4220 1131 4431 1212 debes,
4476 1133 4609 1198 sine
4637 1134 4773 1198 cuius

2904 1216 3149 1281 auxilio
3192 1216 3262 1281 in
3307 1215 3593 1283 hostium
3640 1226 4029 1299 potestatem
4077 1216 4566 1284 deveneramus.
4613 1219 4775 1284 Testi-

2904 1301 3027 1367 bus
3070 1323 3202 1366 non
3246 1323 3406 1384 opus
3452 1313 3568 1379 est,
3627 1322 3840 1384 neque
3900 1303 4036 1367 ulla
4078 1303 4519 1385 inquisitione,
4574 1316 4637 1369 tu
4676 1306 4775 1387 ipse

2904 1386 3092 1453 testis
3121 1407 3193 1452 es
3229 1387 3535 1455 idoneus:
3582 1399 3653 1453 tu
3690 1388 3958 1472 gavisus
3993 1408 4064 1454 es
4097 1389 4303 1472 ipsius
4338 1390 4600 1455 virtute.
4642 1390 4778 1456 Gau·

2904 1472 3082 1538 dium
3130 1482 3349 1538 autem
3392 1472 3555 1539 illud
3600 1472 3823 1539 Saulis
3868 1474 4165 1539 manavit
4206 1496 4287 1541 ex
4333 1476 4661 1541 affectione
4696 1498 4777 1540 na·

2905 1559 3119 1636 turali,
3173 1558 3345 1643 qnod
3389 1558 3573 1625 Deus
3629 1561 3803 1643 regis
3860 1570 3927 1624 et
3982 1561 4206 1643 populi
4265 1561 4573 1627 misertus
4624 1574 4780 1628 esset:

2903 1665 3101 1727 quare
3156 1665 3361 1727 quum
3417 1645 3546 1710 iam
3593 1644 3890 1730 capitalis
3932 1654 4107 1711 esset
4162 1645 4338 1712 illius
4381 1647 4671 1714 inimicus
4704 1651 4782 1731 qui

2903 1750 3098 1796 causa
3155 1731 3277 1812 ipsi
3346 1731 3557 1799 fuerat
3615 1741 3835 1796 tantae
3894 1730 4198 1812 laetitiae,
4255 1733 4403 1814 quis
4459 1755 4586 1798 non
4640 1732 4783 1798 illum

2902 1835 3019 1899 pro
3084 1826 3372 1883 monstro
3429 1816 3660 1881 merito
3700 1816 3981 1881 habeat?
4071 1817 4250 1883 Sane
4292 1819 4509 1901 potius
4554 1820 4705 1903 ignis
4738 1832 4785 1883 st

2901 1920 3068 1984 aqua
3103 1901 3637 1981 conciliabantur,
3682 1922 3878 1984 quam
3915 1901 4080 1968 duae
4116 1903 4264 1968 illae
4300 1918 4434 1969 tam
4471 1905 4784 1969 contrariae

2900 1987 3291 2054 affectiones.
3380 1987 3552 2052 Nam
3596 1988 3710 2069 qui
3754 1987 4085 2054 beneficiis
4129 1989 4401 2054 affectus
4448 2002 4552 2056 est
4591 1991 4665 2055 ab
4700 1990 4786 2054 ali·

2897 2093 3045 2157 quo,
3092 2073 3217 2138 nisi
3263 2094 3523 2139 omnem
3570 2073 3753 2139 exuit
3788 2073 4155 2140 naturalem
4191 2075 4503 2142 affectum
4538 2090 4601 2140 et
4632 2077 4785 2140 ratio-

2897 2180 3069 2233 nem.
3114 2158 3348 2225 saltem
3383 2180 3533 2225 eum
3579 2159 3823 2225 honore
3859 2158 4188 2244 dignatur,
4247 2171 4315 2225 et
4346 2161 4582 2227 saltem
4617 2161 4789 2227 animo

2899 2244 3095 2309 habet
3163 2265 3358 2327 quam
3428 2246 3708 2328 gratiam
3774 2245 4018 2310 referre
4084 2266 4214 2311 non
4272 2256 4510 2329 potest.
4610 2246 4787 2328 Quare

2896 2329 3279 2413 desperatus
3315 2338 3415 2397 est
3452 2329 3612 2397 Saul
3657 2341 3725 2396 et
3767 2350 4036 2414 prorsus
4080 2332 4370 2410 insanus,
4418 2354 4620 2416 quum
4653 2332 4789 2398 obla-

2895 2426 3026 2482 tam
3086 2415 3212 2499 ipsi
3268 2416 3550 2482 laetitiae
3608 2418 4033 2498 occasionem,
4094 2418 4161 2482 in
4224 2416 4449 2484 odium
4494 2420 4787 2493 convertit,

2894 2511 2959 2566 et
3001 2501 3288 2567 laetitiae
3330 2502 3512 2568 illius
3555 2516 3846 2568 autorem
3893 2522 4055 2568 cane
4098 2503 4285 2585 peius
4320 2513 4390 2569 et
4425 2525 4640 2589 angue
4670 2524 4789 2570 exo·

2892 2608 3005 2653 sus
3082 2588 3509 2672 persequitur,
3585 2587 3775 2670 eique
3848 2586 4151 2653 ultimum
4218 2591 4499 2655 exitium
4564 2591 4787 2674 quaerit

2893 2671 3334 2754 Quamobrem
3379 2673 3727 2738 Ionathani
3772 2673 4112 2758 integritas
4156 2689 4222 2740 et
4256 2674 4621 2742 liberalitas
4650 2696 4787 2741 sum·

2891 2780 3155 2841 mopere
3215 2769 3315 2824 est
3371 2759 3902 2838 commendanda,
3966 2759 4138 2840 quod
4204 2762 4413 2846 patris
4484 2763 4643 2828 vitia
4696 2784 4789 2826 non

2890 2844 3366 2996 gissimulavit‚
3445 2846 3559 2912 sed
3641 2845 3738 2910 illi
3806 2856 4030 2929 aperte
4094 2866 4280 2912 suam
4348 2847 4787 2931 turpitudinem

2935 2931 3155 2995 etexit.

3060 3016 3150 3081 Et
3191 3016 3453 3100 quidem
3501 3016 3773 3083 ulterius
3817 3017 4012 3083 etiam
4063 3020 4374 3101 respexit,
4426 3039 4656 3102 nempe
4694 3040 4788 3082 non

2890 3123 3030 3168 esse
3088 3102 3213 3187 ipsi
3274 3102 3610 3185 negotium
3658 3114 3912 3168 tantum
3957 3124 4106 3168 cum
4155 3104 4440 3182 Davide,
4503 3116 4618 3170 aut
4656 3124 4791 3168 mor·

2889 3188 3003 3253 tali
3049 3196 3364 3265 creatura,
3410 3187 3523 3252 sed
3564 3208 3713 3253 cum
3759 3190 3900 3271 ipso
3941 3188 4088 3253 Deo
4134 3189 4423 3255 vivente.
4475 3190 4619 3254 Nae
4657 3188 4791 3253 mul·

2892 3284 3031 3339 tum
3091 3284 3235 3339 erat
3290 3275 3714 3355 exprobrasse
3771 3276 3940 3355 patri
3985 3273 4444 3341 crudelitatem
4507 3289 4577 3341 et
4616 3277 4793 3358 ingra-

2890 3359 3260 3441 titudinem,
3324 3368 3400 3424 ιιι
3464 3369 3616 3425 ante
3681 3358 3984 3438 vidimus,
4051 3360 4167 3426 sed
4233 3371 4456 3426 tamen
4528 3363 4794 3428 beneficis

2887 3445 3169 3511 Davidis
3227 3446 3319 3510 sic
3378 3457 3749 3529 exaggerat,
3810 3460 3885 3510 ut
3941 3446 4099 3511 velit
4155 3456 4414 3529 patrem
4480 3448 4563 3514 ad
4618 3446 4794 3511 Deum

2888 3533 3103 3615 ipsum
3148 3551 3507 3614 assurgere,
3551 3552 3752 3613 quum
3787 3533 3896 3610 ait,
3941 3536 3996 3596 et
4031 3534 4180 3616 fecit
4213 3532 4540 3599 Dominus
4573 3533 4795 3598 salsam

2889 3637 3184 3700 maynam
3240 3617 3531 3682 universo
3574 3616 3828 3682 Israeli.
3918 3618 4105 3683 Tune
4165 3639 4322 3702 ergo
4368 3618 4506 3685 Dei
4566 3637 4793 3684 manum

2891 3701 3338 3769 rescinderes?
3407 3702 3574 3768 Nam
3619 3701 3777 3786 quid
3821 3702 3998 3768 aliud
4045 3714 4145 3770 est
4190 3703 4412 3769 David
4464 3726 4658 3788 quam
4697 3703 4795 3768 Dei

2890 3807 3141 3868 manus,
3186 3809 3299 3871 per
3337 3809 3528 3870 quem
3566 3798 3870 3872 operatus
3907 3798 4025 3868 est,
4071 3811 4266 3872 quem
4311 3801 4387 3855 ιιι
4429 3806 4649 3856 tamen
4683 3810 4793 3873 per·

2891 3873 3222 3957 sequeris?
3314 3873 3483 3939 Vide
3539 3895 3694 3959 ergo
3760 3877 4020 3957 quicum
4079 3876 4197 3941 tibi
4255 3896 4361 3941 res
4424 3878 4539 3958 sit,
4601 3889 4664 3942 et
4717 3876 4794 3941 cui

2891 3960 3130 4027 bellum
3190 3958 3458 4026 indicas.
3546 3959 3685 4025 Nae
3743 3960 3914 4043 apud
3958 3960 4257 4027 homines
4300 3963 4489 4044 ipsos
4535 3961 4793 4046 perfidio·

2890 4069 2999 4112 sus
3044 4055 3110 4109 et
3153 4048 3451 4129 ingratus
3498 4046 3757 4111 audies:
3804 4055 3869 4112 et
3912 4045 4009 4112 ita
4052 4047 4313 4131 quidem
4350 4058 4434 4114 ut
4481 4049 4604 4115 tibi
4641 4064 4795 4113 nemo

2889 4132 3171 4216 amplius
3214 4130 3388 4208 fidat,
3436 4131 3548 4197 sed
3595 4142 3658 4196 te
3693 4131 4039 4199 universus
4084 4133 4364 4216 populus
4400 4135 4792 4208 abominetur,

2888 4227 2957 4285 et
3000 4218 3197 4283 dicat:
3265 4217 3502 4283 Nonne
3546 4216 3615 4282 in
3662 4218 3875 4283 Deum
3932 4238 4002 4284 es
4056 4220 4339 4284 iniurius
4385 4232 4459 4285 et
4502 4228 4793 4287 contume-

2888 4302 3134 4369 liosus?
3224 4303 3396 4368 Nam
3505 4301 3617 4369 uid
3679 4303 3856 4368 aliud
3917 4314 4016 4369 est
4075 4304 4297 4370 David
4358 4326 4567 4389 quam
4622 4308 4793 4385 imago

2887 4388 3291 4473 praesentiae
3334 4323 3505 4454 Dei}
3552 4389 3737 4454 Tune
3779 4389 3980 4474 igitur
4023 4390 4445 4457 innocentem
4486 4392 4791 4477 opprime&

2889 4485 2954 4541 et
2999 4475 3139 4540 Deo
3183 4474 3408 4552 invito,
3465 4495 3656 4558 quem
3703 4475 3783 4541 de
3836 4496 3954 4540 suo
3997 4476 4156 4543 solio
4201 4497 4332 4543 nou
4376 4488 4571 4561 potes
4614 4477 4790 4543 detur-

2891 4562 3063 4639 bare,
3145 4581 3293 4627 eum
3357 4561 3541 4626 cuius
3604 4581 3763 4626 usus
3826 4572 3927 4626 est
3990 4561 4351 4628 ministerio
4426 4558 4787 4630 trucidabis?

2889 4648 3083 4722 Eum,
3138 4648 3425 4729 inquam,
3485 4646 3670 4712 ouius
3712 4647 4092 4713 memoriam
4139 4654 4403 4714 exstare
4452 4660 4791 4734 perpetuam

2888 4742 3161 4815 oportet,
3205 4730 3373 4814 quod
3419 4731 3558 4798 eius
3601 4752 3800 4797 mauu
3838 4733 4076 4799 fuimus
4122 4756 4158 4799 e
4189 4734 4492 4816 periculo
4537 4734 4788 4818 proximo

2889 4816 3196 4884 liberati?
3284 4817 3535 4883 Idcirco
3581 4818 3744 4884 bene
3787 4818 4118 4884 concludit
4156 4819 4606 4888 Ionathanus:
4650 4819 4789 4887 Cave

2891 4924 3046 4988 ergo
3090 4923 3315 4987 pecces
3359 4903 3429 4967 in
3473 4905 3792 4989 sanguine
3836 4904 4123 4985 innoxio,
4168 4907 4581 4973 interficiens
4624 4904 4787 4972 Davi·

2890 4991 3059 5070 dem,
3104 4989 3215 5074 qui
3259 5000 3361 5055 est
3404 4988 3644 5072 absque
3686 4991 3895 5074 culpa.
3985 4990 4169 5058 Haec
4213 5013 4372 5076 ergo
4419 4992 4786 5060 Ionathsnus

2889 5076 3065 5160 apud
3122 5084 3374 5158 patrem
3440 5075 3728 5159 protulit,
3795 5096 3964 5160 quae
4030 5078 4290 5161 scriptis
4356 5077 4507 5145 dari
4568 5094 4786 5146 sanctus

2888 5162 3161 5246 spiritus
3203 5161 3431 5243 voluit,
3490 5169 3564 5228 ut
3622 5183 3704 5227 ex
3757 5162 3840 5228 iis
3885 5162 4111 5229 utilem
4155 5162 4532 5233 doctrinam
4576 5163 4787 5232 haurit·

2889 5268 3053 5327 mus,
3119 5254 3186 5313 et
3240 5247 3485 5333 singuli
3552 5246 3735 5314 nobis
3792 5248 3956 5333 ipsis
4012 5249 4493 5319 admonitiones
4549 5253 4693 5318 istas
4736 5256 4783 5311 st
