5059 6059
807 299 937 368 443

803 492 1001 558 mini.-
1042 493 1101 555 et
1139 488 1408 554 tulerunt
1438 486 1689 570 Dayon,
1731 489 1788 551 et
1827 485 2229 551 restituerunt
2260 505 2401 551 eum
2442 485 2514 549 in
2547 482 2750 550 locum

806 596 1011 644 suum.
1099 575 1160 640 4.
1210 574 1611 653 Rursumque
1665 591 1846 636 inane
1899 571 2003 636 die
2057 571 2257 637 altera
2297 575 2746 653 mammes,

810 664 1176 730 invenerunt
1196 660 1428 742 Daqon
1459 660 1749 723 iacentem
1784 676 1974 739 super
2001 656 2231 737 faeiem
2264 676 2446 721 suam
2483 657 2554 721 in
2576 661 2748 721 terra

810 768 1025 817 coram
1080 765 1235 812 area
1294 744 1597 809 Domini.-
1651 748 1840 824 eaput
1894 747 2106 808 autem
2160 741 2417 826 Dayon,
2472 748 2530 807 et
2584 743 2750 807 duae

798 834 1059 917 palmae
1115 851 1418 896 manuum
1462 831 1598 895 eius
1663 829 1976 894 abscissae
2040 833 2221 894 erant
2282 849 2472 909 super
2538 826 2745 892 umen.

810 919 1015 985 Porro
1055 917 1284 1001 Daqon
1339 916 1510 981 solus
1562 920 1819 980 truncus
1866 917 2250 980 remanserat
2303 915 2375 978 in
2431 912 2558 980 loeo
2612 932 2746 978 suo.

809 1005 871 1073 5.
916 1004 1182 1085 Propter
1213 1002 1372 1068 hane
1405 1021 1664 1067 eausam
1696 1020 1825 1065 non
1857 999 2097 1065 caleant
2127 999 2466 1065 sacerdotes
2498 998 2746 1082 Dayon,

810 1097 865 1158 et
906 1110 1115 1156 omnes
1155 1087 1268 1171 qui
1307 1087 1748 1171 ingrediuntur
1789 1084 2079 1166 templum
2120 1085 2273 1164 eius,
2330 1105 2518 1168 super
2558 1084 2748 1150 limen

811 1176 1048 1259 Dayon
1088 1175 1160 1239 in
1202 1174 1420 1251 Azoto,
1465 1193 1660 1254 usque
1701 1173 1769 1238 in
1828 1171 2194 1236 hodiernum
2234 1172 2415 1236 diem.
2504 1171 2566 1235 6.
2611 1170 2746 1253 Ay-

806 1266 1077 1349 9ravata
1131 1264 1219 1326 est
1272 1263 1480 1324 autem
1533 1278 1763 1323 mnus
1807 1256 2069 1322 Domini
2118 1276 2313 1337 super
2365 1255 2639 1335 Aeotios,
2693 1260 2750 1321 et

812 1347 1141 1415 demolitus
1192 1349 1283 1410 est
1321 1363 1453 1411 eos:
1507 1348 1562 1409 et
1593 1343 1907 1425 percussit
1946 1343 2019 1409 in
2059 1342 2372 1408 secretiori
2400 1346 2593 1424 parte
2633 1361 2749 1407 na·

813 1436 975 1501 tium
1015 1433 1284 1497 Azotum
1324 1435 1381 1496 et
1416 1430 1578 1511 fines
1618 1429 1772 1494 eius.

986 1602 1324 1684 Quantum
1367 1601 1568 1666 fuerit
1608 1599 1925 1666 Israelitis
1950 1599 2411 1665 offendiculum
2432 1617 2584 1663 arca
2615 1598 2747 1663 foe·

813 1690 987 1757 deris
1021 1697 1229 1772 capta,
1295 1695 1361 1753 et
1404 1687 1474 1752 in
1531 1686 1943 1769 triumphum
1987 1685 2263 1750 abducta
2306 1686 2387 1751 ab
2433 1683 2749 1764 hostibus,

814 1777 924 1861 qui
988 1775 1381 1841 insultarent
1454 1780 1521 1837 et
1600 1771 1890 1837 divinam
1968 1772 2375 1836 maiestatem
2440 1771 2750 1838 conviciis

815 1860 1325 1948 proscinderent,
1369 1858 1667 1941 superius
1711 1856 2104 1923 audivimus.
2173 1856 2541 1922 Videbatur
2572 1856 2749 1921 enim

814 1969 977 2015 vera
1034 1947 1262 2030 religio
1323 1954 1477 2010 tunc
1534 1962 1801 2027 prorsus
1857 1940 2177 2008 occidisse.
2266 1940 2630 2006 Videbatur
2676 1963 2751 2007 os

815 2042 1113 2118 apertum
1172 2030 1464 2115 profanis
1509 2029 1834 2110 omnibus,
1895 2026 1977 2093 ad
2025 2027 2154 2092 Dei
2212 2028 2492 2094 viventis
2537 2027 2751 2111 legem

814 2129 882 2185 et
924 2118 1175 2185 cultum
1218 2117 1396 2182 omni
1439 2115 1981 2181 contumeliarum
2031 2134 2269 2198 genere
2311 2114 2749 2179 lacerandum.

812 2205 914 2272 Ac
962 2225 1118 2270 sane
1177 2200 1534 2268 verisimile
1580 2211 1679 2267 est
1733 2200 2148 2283 Philistaeos,
2201 2200 2329 2264 nisi
2388 2201 2488 2264 vis
2543 2201 2752 2284 major

816 2292 1067 2357 animos
1131 2290 1423 2372 ipsorum
1467 2286 1913 2362 continuisset,
1972 2305 2188 2351 arcam
2247 2285 2426 2350 illam
2476 2284 2752 2350 foederis

816 2377 889 2441 in
932 2375 1061 2440 Dei
1105 2372 1587 2452 contumeliam,
1646 2380 2015 2456 raptaturos
2047 2371 2268 2448 fuisse,
2323 2378 2391 2435 et
2433 2370 2637 2435 veluti
2672 2369 2752 2435 de

818 2463 960 2528 Deo
1017 2458 1556 2542 triumphaturos,
1606 2457 1775 2541 quod
1838 2457 1960 2523 hoo
2004 2456 2148 2522 Deo
2192 2457 2438 2523 frustra
2477 2457 2753 2521 fuissent

815 2546 1157 2614 Israelitae
1200 2544 1494 2629 gloriati;
1554 2565 1591 2608 a
1642 2564 1769 2628 quo
1814 2543 2090 2609 salutem
2147 2550 2639 2625 exspectassent
2679 2542 2749 2606 in

817 2633 1006 2698 cuius
1028 2641 1247 2697 essent
1268 2630 1491 2697 tutela.
1537 2629 1861 2711 Deinceps
1898 2628 2098 2713 igitur
2139 2629 2296 2711 quid
2320 2627 2400 2691 de
2443 2648 2596 2694 arca
2637 2627 2751 2693 illa

818 2719 1064 2784 factum
1127 2718 1213 2781 sit
1281 2715 1638 2781 videamus.
1737 2714 2068 2781 Dicuntur
2136 2713 2473 2779 Phaistaei
2537 2733 2751 2779 arcam

815 2808 1063 2887 captam
1093 2803 1327 2881 tulisse,
1362 2806 1419 2867 et
1450 2802 1520 2866 in
1556 2801 1848 2883 templum
1880 2799 2009 2866 Dei
2040 2800 2148 2865 sui
2180 2799 2412 2883 Daycn
2441 2799 2749 2882 intulisse,

815 2895 872 2955 et
912 2889 1154 2955 honesto
1195 2888 1320 2953 loco
1361 2907 1499 2953 eam
1539 2888 1720 2952 iuxta
1759 2886 1989 2971 Dayon
2042 2885 2350 2951 statuisse.
2439 2884 2592 2949 Non
2639 2884 2750 2950 du-

816 2976 1014 3053 bium,
1059 2982 1132 3039 ut
1175 2974 1330 3051 dixi,
1370 2972 1529 3055 quin
1564 2971 1856 3038 occultus
1890 2971 2153 3054 quidam
2189 2980 2407 3036 metus
2438 2991 2551 3037 eos
2595 2971 2751 3035 reti-

816 3061 1056 3140 nuerit,
1100 3079 1264 3142 quos
1323 3058 1609 3141 alioquin
1669 3068 1920 3124 certum
1980 3070 2080 3124 est
2124 3057 2323 3122 fuisse
2380 3056 2752 3141 petulanter

815 3165 1004 3212 arcae
1047 3144 1319 3211 Domini
1361 3143 1809 3211 insultaturos.
1879 3142 2047 3224 Quis
2081 3143 2256 3208 enim
2291 3143 2499 3208 nescit
2540 3143 2750 3208 incre·

814 3232 1004 3298 dulos
1073 3230 1471 3297 levissimam
1536 3229 1891 3313 quamlibet
1975 3228 2376 3295 occasionem
2463 3227 2752 3311 arripere

812 3317 1137 3403 gloriandi
1179 3325 1246 3382 et
1286 3337 1429 3381 sese
1470 3315 1670 3380 etiam
1713 3313 2026 3380 adversus
2069 3314 2286 3380 Deum
2330 3315 2546 3397 ipsum
2603 3314 2753 3379 effe·

810 3401 1048 3469 rendi?
1094 3402 1226 3467 Hic
1271 3411 1494 3467 autem
1535 3400 1940 3483 amplissima
1981 3399 2332 3465 videbatur
2375 3400 2754 3465 Philistaeis

813 3489 1029 3555 oblata
1073 3488 1293 3553 Deum
1337 3486 1789 3552 Israelitarum
1833 3485 2288 3551 contemnendi
2332 3495 2399 3550 et
2440 3485 2754 3552 conviciis

812 3573 1289 3658 proscindendi,
1335 3583 1532 3656 atque
1588 3584 1664 3637 ut
1712 3571 1886 3637 victo
1929 3570 2310 3655 insultandi,
2352 3572 2536 3637 cuius
2579 3573 2752 3636 vires

814 3680 891 3725 ac
956 3659 1244 3743 potentia
1307 3658 1380 3723 in
1447 3656 1851 3723 defendendo
1917 3657 2120 3723 electo
2176 3654 2416 3740 populo
2482 3678 2751 3740 prorsus

812 3744 1139 3829 collapsae
1173 3753 1407 3810 essent.
1443 3742 1885 3824 Quamobrem
1920 3764 2118 3826 quum
2154 3762 2369 3808 arcam
2404 3763 2536 3808 non
2563 3742 2751 3807 modo

810 3851 944 3896 non
1004 3828 1385 3914 despiciunt,
1445 3830 1558 3894 sed
1599 3829 1670 3893 in
1715 3828 1963 3894 honore
2006 3828 2268 3908 habent,
2326 3828 2752 3894 manifestum

814 3926 917 3981 est
961 3937 1002 3982 a
1044 3915 1188 3980 Deo
1248 3934 1564 3996 manasse,
1600 3914 1713 3997 qui
1757 3914 1829 3979 vi
1872 3935 1992 3980 sua
2034 3914 2342 3979 interiore
2387 3913 2753 3980 cohibuerit

814 4001 1208 4067 Philistaeos
1272 4022 1353 4066 ne
1417 4001 1718 4082 superbia
1777 3999 1934 4066 elati
1983 4020 2173 4065 arcae
2228 4000 2625 4065 insultarent
2687 4008 2753 4065 et

815 4088 1103 4154 ludibrio
1145 4107 1287 4151 eam
1325 4086 1661 4167 haberent,
1704 4086 1776 4150 in
1812 4107 1941 4170 qua
1983 4085 2092 4151 lex
2125 4084 2254 4150 Dei
2298 4085 2548 4151 inclusa
2589 4098 2749 4150 erat.

814 4174 996 4240 Hinc
1062 4170 1454 4237 Iudaeorum
1523 4181 1769 4255 quanta
1842 4172 1931 4238 sit
2009 4172 2381 4256 ignorantia
2447 4182 2749 4254 apparet:

815 4260 930 4344 qui
974 4258 1481 4342 quotiescunque
1523 4260 1593 4322 in
1638 4257 1841 4324 sacris
1870 4258 2130 4340 scriptis
2166 4257 2481 4340 quaedam
2526 4277 2752 4321 occur-

814 4354 993 4426 runt,
1035 4364 1199 4427 quae
1233 4342 1541 4409 videntur
1574 4364 1707 4408 non
1743 4342 1955 4409 facere
1989 4340 2073 4408 ad
2107 4364 2293 4408 arcae
2328 4351 2395 4407 et
2436 4342 2602 4425 legis
2624 4341 2752 4408 Dei

815 4428 1458 4507 commendationem,
1524 4428 1772 4495 fabulas
1838 4431 2114 4512 fingunt,
2175 4438 2241 4493 et
2304 4450 2436 4493 non
2505 4428 2753 4494 ducunt

814 4516 1123 4602 religioni
1176 4516 1536 4580 sententias
1593 4515 1883 4598 integras
1957 4516 2320 4593 immutare,
2401 4513 2751 4580 dummodo

817 4604 1137 4686 effugiant
1180 4609 1247 4666 et
1291 4600 1419 4684 legi
1464 4599 1593 4666 Dei
1637 4600 2143 4682 patrocinentur.
2216 4600 2445 4684 Itaque
2492 4601 2754 4685 fingunt

818 4708 1037 4756 arcam
1081 4687 1427 4770 spoliatam
1471 4684 1614 4768 lege
1679 4685 1828 4769 Dei,
1886 4694 1954 4750 et
1996 4685 2278 4752 Aaronis
2324 4687 2527 4770 virga,
2587 4706 2751 4769 quae

818 4795 970 4840 arca
1032 4771 1309 4838 foederis
1387 4773 1906 4847 continebantur,
1988 4792 2062 4837 ac
2126 4771 2398 4855 proinde
2477 4792 2749 4836 vacuam

818 4880 1036 4926 arcam
1071 4858 1383 4923 relictam.
1454 4857 1704 4922 Contra
1737 4856 1893 4922 hinc
1935 4859 2351 4940 conspicuum
2390 4865 2492 4923 est
2532 4857 2751 4922 Deum

816 4946 955 5011 vim
998 4967 1184 5011 suam
1229 4944 1615 5022 exseruisse,
1673 4964 1950 5026 suosque
2006 4943 2223 5009 hostes
2271 4965 2348 5008 ne
2405 4943 2477 5007 in
2537 4963 2750 5009 arcam

817 5050 1090 5096 manum
1148 5030 1486 5095 mitterent
1542 5029 1927 5110 cohibuisse,
1987 5029 2173 5095 sicuti
2234 5026 2524 5111 pluribus
2570 5029 2753 5094 dein-

820 5137 974 5199 ceps
1016 5117 1220 5182 visuri
1265 5137 1509 5181 sumus.
1579 5115 1848 5181 Certum
1894 5115 2072 5179 enim
2116 5115 2336 5195 procul
2396 5115 2590 5180 dubio
2634 5127 2752 5193 est,

823 5200 1209 5269 Philistaeos
1233 5212 1536 5268 naturam
1577 5221 1763 5267 suam
1800 5200 2029 5266 ducem
2063 5210 2425 5284 sequentes,
2468 5210 2535 5266 et
2571 5202 2754 5268 nulla

2463 292 2876 362 HOMILIA
2917 292 3115 361 XIX.

4622 302 4724 366 444

2846 484 2911 549 vi
2981 486 3317 567 superiore
3375 483 3716 564 cohibitos,
3775 484 3977 550 fuisse
4020 503 4237 550 arcam
4281 485 4455 551 illam
4509 486 4736 558 foederis

2845 568 3126 636 ludibrio
3170 570 3526 650 habituros,
3583 579 3778 654 atque
3820 570 3889 634 in
3933 570 4150 654 ipsum
4191 570 4516 638 viventem
4554 572 4730 642 Deum

2845 656 3296 737 insultaturos,
3339 666 3534 740 atque
3569 655 3882 721 illusuros
3920 654 4209 721 eiusdem
4244 657 4572 735 maiestati,
4613 660 4730 728 doc·

2847 742 3214 824 trinamque
3259 763 3453 827 quam
3518 741 3758 827 populo
3823 742 4328 825 praescripserat
4386 743 4731 827 blasphemis

2847 827 3113 893 vocibus
3136 828 3545 896 laceraturos.
3617 828 3710 893 At
3746 827 4051 894 nonlicet
4086 827 4219 893 illis
4247 829 4424 894 ultra
4457 831 4731 915 progredi,

2847 934 3008 996 quos
3063 915 3271 981 maior
3304 914 3596 998 potentia
3641 913 3917 979 domitos
3973 913 4255 981 cohibet.
4337 914 4558 998 Neque
4612 937 4731 984 vero

2846 1009 3066 1065 tamen
3121 999 3435 1066 honorem
3493 999 3681 1064 illum
3740 999 3924 1065 Deus
3982 999 4306 1065 admittit:
4373 1021 4522 1066 nam
4573 1003 4732 1069 etiam

2847 1085 2975 1149 Dei
3018 1085 3257 1170 cultus,
3302 1095 3606 1151 manente
3650 1104 3800 1150 arca
3842 1084 4089 1151 diutius
4123 1088 4193 1151 in
4236 1085 4480 1170 templo
4523 1087 4731 1171 Dagon,

2848 1185 3192 1255 corruptus
3248 1173 3478 1237 fuisset
3521 1183 3585 1236 et
3640 1171 4067 1237 adulteratus.
4155 1170 4291 1238 Sed
4335 1192 4613 1238 summus
4648 1174 4732 1239 ille

2847 1278 3067 1322 rerum
3133 1258 3517 1324 administer
3580 1257 3674 1322 sic
3729 1257 3948 1321 omnia
4013 1257 4318 1339 disponit,
4382 1268 4454 1323 ut
4505 1258 4734 1342 improbi

2848 1354 3026 1407 metu
3079 1344 3529 1423 cohibeantur,
3589 1342 3706 1409 etsi
3761 1343 3943 1407 intus
4000 1345 4257 1410 animos
4313 1343 4478 1409 altos
4528 1353 4734 1430 gerant,

2849 1436 2917 1492 et
2937 1429 3245 1512 superbia
3269 1439 3462 1511 atque
3486 1429 3860 1512 arrogantia
3883 1438 4222 1512 turgeant3
4258 1438 4336 1494 ut
4368 1450 4529 1514 quae
4560 1430 4733 1497 animo

2849 1512 3125 1580 volvunt
3194 1526 3413 1581 tamen
3492 1513 3757 1596 explere
3836 1525 4184 1597 nequeant.
4273 1515 4542 1580 Vinctas
4597 1517 4735 1582 ‘enim

2850 1620 3083 1666 manus
3123 1600 3415 1684 ipsorum
3451 1600 3634 1665 Deus
3669 1599 3926 1665 cohibet
3959 1608 4027 1666 et
4068 1602 4271 1667 veluti
4306 1601 4587 1685 captivas
4615 1603 4738 1666 reti·

2851 1695 2981 1763 net,
3020 1707 3148 1750 non
3188 1685 3571 1769 permittens
3606 1686 3884 1770 gloriam
3921 1707 4107 1751 suam
4129 1686 4480 1753 obscurari.
4522 1686 4735 1753 Bonum

2852 1790 2891 1834 a
2955 1771 3126 1837 malo
3194 1771 3518 1852 discernit,
3600 1793 3811 1855 neque
3885 1772 4136 1855 patitur
4199 1773 4541 1839 veritatem
4589 1794 4734 1839 suam

2851 1857 3186 1924 mendacio
3248 1859 3526 1925 misceri.
3625 1858 3797 1923 Nam
3877 1858 4089 1941 prima
4148 1858 4367 1924 fronte
4434 1858 4606 1924 valde
4665 1880 4735 1923 re-

2851 1962 3146 2026 pugnare
3201 1944 3373 2009 inter
3431 1965 3501 2009 se
3560 1943 3721 2010 haec
3780 1943 4175 2024 viderentur,
4231 1944 4453 2010 Deum
4494 1965 4533 2010 a
4569 1943 4736 2010 Phili·

2852 2034 3047 2096 staeis
3108 2029 3390 2094 voluisse
3447 2029 3697 2095 honore
3747 2030 3934 2108 affici,
3995 2037 4064 2095 et
4117 2030 4383 2096 eosdem
4416 2039 4622 2095 tamen
4656 2030 4738 2094 de·

2852 2125 3161 2180 testatum
3198 2116 3397 2181 fuisse
3431 2126 3499 2180 et
3532 2114 3841 2198 gravibus
3878 2115 4103 2199 poenis
4139 2116 4454 2183 affecisse.
4500 2115 4571 2183 Si
4602 2116 4737 2181 enim

2851 2199 3137 2265 debitum
3174 2221 3212 2265 a
3246 2200 3623 2267 Philistaeis
3657 2202 3971 2267 honorem
4006 2202 4411 2284 reposcebat,
4445 2212 4508 2268 et
4541 2222 4736 2268 numen

2851 2307 3044 2351 suum
3088 2308 3229 2353 esse
3271 2286 3444 2369 apud
3502 2287 3652 2353 illos
3696 2286 3970 2367 volebat,
4029 2307 4230 2370 quare
4288 2286 4358 2352 id
4400 2290 4602 2355 locum
4637 2307 4735 2352 non

2853 2371 3081 2438 habuit
3126 2393 3326 2455 quum
3374 2372 3682 2438 viderunt
3727 2373 3918 2438 deum
3962 2364 4152 2438 illum
4205 2393 4400 2440 suum
4445 2373 4736 2458 Dagonem

2856 2457 3039 2522 humi
3106 2457 3550 2541 prostratum?
3622 2479 3823 2542 quare
3887 2458 4194 2542 deinceps
4267 2459 4417 2526 illos
4476 2458 4737 2525 immissis

2853 2544 3255 2626 gravissimis
3290 2544 3358 2609 in
3396 2542 3730 2627 pudendas
3754 2551 3970 2628 partes
4004 2543 4267 2623 morbis,
4305 2554 4466 2628 puta
4485 2543 4736 2620 verubus,

2853 2629 3131 2714 affligit?
3173 2629 3424 2695 Verum
3464 2631 3645 2695 nulla
3684 2630 3793 2696 hic
3826 2631 3898 2695 in
3934 2629 4080 2695 Deo
4123 2631 4564 2698 contradictio.
4604 2630 4735 2695 Nam

2851 2736 3008 2780 suae
3058 2725 3329 2780 naturae
3374 2717 3722 2799 permissos
3767 2715 4161 2782 Philistaeos
4216 2728 4470 2783 certum
4532 2722 4623 2783 est
4651 2735 4734 2797 pe-

2855 2801 3290 2867 tulantissime
3316 2812 3383 2866 et
3415 2801 3805 2868 effusissime
3826 2802 3896 2866 in
3936 2802 4061 2867 Dei
4097 2812 4544 2885 contemptum
4577 2802 4735 2866 fnisse

2857 2898 3188 2966 venturos,
3243 2898 3309 2950 et
3352 2906 3591 2952 nomen
3637 2897 3706 2952 et
3750 2887 3997 2952 cultum
4060 2887 4263 2972 ipsius
4332 2890 4569 2966 sannis,
4619 2906 4735 2951 oon·

2856 2973 3056 3052 viciis,
3092 2972 3488 3055 blasphemis
3525 2973 3791 3039 vocibus
3820 2974 4253 3055 proscissuros
4297 2976 4427 3040 nisi
4457 2975 4521 3041 vi
4542 2972 4735 3038 maiore

2855 3058 3131 3123 fraenati
3184 3058 3477 3123 fuissent.
3566 3059 3657 3122 Et
3714 3058 3954 3124 idcirco
3998 3058 4180 3124 Deus
4236 3061 4439 3125 etiam
4494 3061 4734 3125 incautos

2855 3141 2938 3207 ad
2961 3142 3276 3209 honorem
3309 3162 3497 3210 arcae
3522 3143 3961 3209 exhibendum
3984 3144 4278 3227 impellit.
4315 3145 4388 3211 N
4469 3153 4734 3211 notamen

2855 3227 3000 3293 ideo
3042 3230 3290 3295 cultum
3335 3250 3526 3294 suum
3565 3230 3920 3296 adulterari
3956 3230 4219 3314 patitur.
4309 3230 4434 3297 Ido
4461 3251 4564 3296 um
4603 3228 4734 3294 ferre

2853 3315 3097 3380 socium
3133 3335 3265 3380 non
3303 3323 3534 3398 potest.
3623 3315 3800 3382 Suae
3845 3316 4200 3381 maiestatis
4235 3316 4449 3383 minui
4490 3314 4734 3401 gloriam,

2852 3407 2970 3464 aut
3011 3398 3090 3467 de
3132 3420 3251 3468 sua
3282 3399 3494 3486 gloria
3526 3409 3787 3466 tantum
3825 3400 4079 3467 detrahi
4128 3423 4262 3468 non
4297 3401 4464 3481 vult,
4507 3409 4576 3467 nt
4602 3401 4735 3464 inter

2855 3486 3223 3552 incredulos
3257 3486 3462 3552 veluti
3498 3486 3896 3553 conductitio
3932 3488 4177 3570 templo
4211 3487 4525 3567 inclusus,
4565 3486 4734 3551 minor

2853 3571 3043 3652 idolo,
3085 3572 3253 3655 quod
3276 3571 3617 3638 Philistaei
3655 3594 3771 3656 pro
3793 3573 3937 3639 Deo
3959 3573 4259 3640 colebant
4290 3573 4612 3651 habeatnr,
4641 3568 4734 3635 etsi

2853 3678 3002 3723 cum
3038 3657 3285 3724 honore
3317 3658 3697 3742 excipiatur.
3735 3659 3936 3734 Haec,
3982 3659 4270 3742 inquam,
4308 3659 4437 3725 Dei
4471 3663 4733 3742 respectu.

2854 3742 3121 3808 minime
3156 3753 3310 3809 sunt
3343 3745 3795 3828 repugnantia,
3833 3743 3949 3809 sed
3993 3744 4266 3827 pulchre
4309 3745 4486 3811 inter
4511 3766 4576 3810 se
4611 3761 4731 3807 con·

2858 3830 3146 3895 veniunt.
3234 3829 3586 3896 Caeterum
3641 3852 3723 3896 ex
3769 3830 3872 3896 his
3935 3830 4133 3896 etiam
4200 3832 4608 3915 conspicuum
4642 3835 4732 3904 est,

2856 3916 3006 3980 licet
3045 3915 3305 3998 captiva
3342 3916 3539 3981 suerit
3583 3935 3749 3993 arca,
3795 3915 3963 3981 nihil
4006 3925 4224 3984 tamen
4263 3916 4349 3983 de
4383 3918 4502 3982 Dei
4537 3917 4732 3981 virtuto

2853 4010 2918 4065 et
2954 4002 3243 4083 potentia
3285 4001 3672 4067 Philistaeos
3717 4002 4095 4068 detraxisse.
4181 4002 4409 4084 Quare
4450 4022 4526 4068 ex
4565 3996 4734 4065 homi·

2853 4108 3010 4152 num
3057 4086 3317 4169 quidem
3352 4087 3654 4169 opinione
3693 4088 3873 4154 Deus
3917 4088 4215 4171 permisit
4250 4089 4556 4155 virtutem
4587 4101 4730 4151 susm

2854 4173 2924 4236 in
2984 4173 3426 4254 captivitatem
3493 4172 3747 4252 abduci,
3811 4182 3887 4238 ut
3950 4194 4027 4239 eo
4093 4175 4283 4258 signo
4349 4172 4609 4258 populus
4654 4186 4732 4234 co-

2852 4269 3196 4342 gnosceret
3239 4257 3455 4322 Deum
3498 4280 3537 4324 a
3580 4280 3650 4325 se
3695 4260 4054 4340 recessisse,
4098 4270 4165 4325 et
4208 4260 4564 4327 doctrinam
4602 4251 4730 4337 legis

2855 4362 3013 4409 suae
3071 4343 3435 4409 sustulisse.
3526 4345 4001 4410 Verumtamen
4047 4346 4192 4430 ipse
4248 4347 4498 4431 integer
4547 4342 4731 4422 suique

2854 4450 3111 4512 semper
3167 4429 3397 4495 similis
3454 4431 3712 4507 mansit,
3772 4441 3838 4495 et
3888 4452 4239 4498 mansurus
4295 4441 4415 4510 est,
4472 4419 4731 4512 quidquid

2854 4514 3115 4580 tandem
3161 4514 3457 4580 homines
3492 4515 3866 4594 moliantur,
3905 4527 3971 4582 et
4014 4518 4332 4584 adversus
4373 4519 4576 4601 ipsum
4614 4511 4731 4575 licet

2852 4601 3245 4684 conspirent.
3318 4603 3459 4666 Deo
3498 4602 3663 4667 nihil
3701 4621 3985 4685 unquam
4010 4604 4321 4670 mortales
4354 4594 4728 4669 detraxerint·

2852 4688 3007 4772 quin
3052 4688 3156 4752 ius
3198 4708 3386 4752 suum
3410 4687 3741 4773 integrum
3765 4689 4065 4754 retineat.
4136 4688 4434 4773 Namque
4466 4707 4535 4752 se
4554 4698 4727 4776 suan}-

2852 4795 2981 4857 que
3024 4773 3301 4857 gloriam
3346 4795 3603 4857 semper
3645 4783 3916 4852 tutatur,
3966 4774 4074 4840 vel
4117 4776 4340 4842 invitis
4396 4773 4528 4840 suis
4565 4768 4726 4834 hosu-

2853 4861 2973 4926 bus
3029 4870 3096 4924 et
3151 4861 3330 4925 omni
3384 4859 3645 4924 illorum
3691 4860 3929 4940 furore,
3963 4880 4057 4940 ac,
4098 4867 4365 4945 crepent
4419 4861 4575 4935 lioet,
4625 4851 4728 4917 Vir·

2856 4955 3061 5010 tutem
3086 4953 3268 5011 tuam
3293 4945 3553 5012 exserit.
3593 4946 3859 5011 Pateret
3896 4947 4068 5010 enim
4108 4946 4391 5030 alioquin
4424 4936 4728 5011 incredulis

2855 5042 2922 5096 et
3002 5031 3396 5114 blasphemis
3470 5031 3847 5097 hominibus
3928 5033 4167 5098 ostium
4245 5031 4329 5098 ad
4398 5025 4723 5102 eal-amm

2853 5118 2985 5184 Ubi
3042 5137 3214 5182 nunc
3270 5117 3384 5182 illa
3439 5117 3749 5200 potentia,
3808 5116 3917 5182 ubi
3963 5118 4344 5184 admiranda
4397 5116 4503 5182 illa
4547 5128 4720 5197 opert,

2857 5224 3021 5288 quae
3063 5202 3246 5269 Deus
3289 5203 3555 5270 Israelis
3598 5202 3753 5268 olim
3796 5202 4053 5271 effecit?
4098 5205 4230 5272 Ubi
4264 5201 4564 5271 miracula
4591 5212 4722 5280 quae
