5059 6059
704 303 837 372 663

715 526 911 594 quem
955 505 1024 571 in
1067 502 1369 570 fidelibus
1407 501 1647 584 requiri
1685 500 1960 569 dicimus
1979 503 2198 569 Deum
2235 511 2492 587 oportet
2523 523 2663 569 non

716 595 802 662 ad
859 601 1114 674 tempus
1173 587 1433 673 aliquod
1479 596 1734 654 tautum
1778 590 2055 673 operari,
2113 611 2315 673 quum
2359 590 2443 655 ad
2485 589 2665 656 unici

714 680 837 748 filii
893 678 992 743 sui
1051 674 1491 744 obedientiam
1548 695 1669 740 nos
1727 674 1871 740 vult
1914 674 2256 754 adducere,
2312 676 2428 742 sed
2471 676 2665 742 vivas

724 776 795 832 et
834 765 1004 830 altas
1047 761 1298 829 radices
1341 760 1411 825 in
1454 761 1698 827 nostris
1742 759 2050 827 cordibus
2082 763 2357 829 efficere.
2403 761 2665 827 Deinde

721 872 857 919 non
916 849 1030 915 ille
1097 850 1293 914 timor
1337 858 1566 930 gratus
1608 848 1755 912 Deo
1799 855 1914 927 est,
1971 867 2103 930 quo
2137 848 2309 914 nihil
2352 848 2481 914 nisi
2525 867 2663 912 ser-

716 938 939 1004 viliter
973 936 1179 1003 coacti
1216 933 1512 1011 facimus,
1549 932 1662 998 sed
1699 953 1826 1017 quo
1861 942 2091 1017 sponte
2124 933 2330 1019 ipsius
2358 934 2665 1018 potestati

716 1023 950 1091 subiici
1018 1022 1352 1104 cupimus:
1418 1027 1492 1083 ut
1556 1019 1774 1086 cultus
1816 1018 2026 1102 ipsius
2068 1040 2202 1086 una
2259 1020 2345 1087 sit
2404 1033 2469 1085 et
2524 1018 2666 1084 sola

718 1117 952 1176 nostra
1006 1107 1365 1183 delectatio,
1431 1126 1567 1170 una
1621 1104 1919 1185 felicitas,
1985 1125 2316 1171 summum
2384 1105 2666 1188 denique

719 1203 1016 1263 nostrum
1054 1193 1296 1259 bonum
1336 1192 1478 1257 Deo
1513 1190 1790 1275 placere,
1836 1212 2084 1275 nosque
2116 1192 2404 1257 Domino
2440 1199 2665 1256 nostro

717 1282 875 1348 Iesu
943 1279 1212 1347 Christo
1283 1278 1708 1344 conformare.
1808 1278 1980 1342 Nam
2056 1287 2124 1343 et
2186 1278 2255 1342 in
2325 1277 2666 1360 evangelio

722 1370 948 1435 Deum
1004 1366 1304 1431 videmus
1362 1385 1491 1428 non
1552 1384 1623 1428 se
1682 1362 1873 1429 nobis
1931 1363 2364 1445 spectandum
2425 1365 2495 1427 in
2551 1362 2667 1428 illa

723 1474 844 1522 sua
895 1449 1542 1534 incomprehensibili
1596 1449 1955 1525 maiestate,
2013 1449 2127 1515 sed
2171 1450 2238 1516 in
2285 1449 2669 1533 benignoet

721 1539 1030 1606 clementi
1084 1537 1292 1620 patris
1364 1536 1628 1600 nomine
1692 1555 2071 1619 proponere.
2193 1536 2285 1601 Et
2341 1534 2668 1600 Dominus

723 1635 953 1692 noster
984 1623 1174 1689 Iesus
1209 1620 1518 1688 Christus
1563 1620 1800 1685 blande
1845 1640 1964 1685 nos
2009 1620 2089 1685 ad
2134 1640 2207 1685 se
2249 1622 2353 1687 his
2400 1620 2669 1687 vocibus

725 1712 1009 1777 invitat:
1075 1709 1294 1775 Tollite
1334 1709 1560 1790 iuyum
1601 1727 1811 1772 meum
1844 1727 2039 1788 super
2079 1727 2204 1788 vos,
2250 1714 2308 1773 et
2363 1708 2584 1773 discite
2626 1727 2668 1771 a

725 1819 823 1863 me
880 1797 1050 1880 quod
1106 1795 1281 1860 mitis
1336 1795 1461 1859 sim
1514 1798 1570 1858 et
1626 1792 1888 1859 humilis
1943 1791 2157 1858 corde.-
2221 1798 2278 1858 et
2341 1792 2670 1858 invenietis

716 1884 996 1966 requiem
1037 1880 1372 1947 animabus
1413 1881 1658 1944 vestris.
1748 1879 1985 1962 Iuyum
2029 1879 2196 1943 enim
2229 1898 2436 1945 meum
2476 1878 2669 1961 facile

713 1975 823 2049 est,
865 1973 922 2035 et
963 1988 1121 2033 onus
1162 1985 1366 2032 meum
1408 1965 1534 2030 leve
1574 1969 1677 2030 est.
1743 1964 2047 2046 Denique
2091 1963 2395 2030 videmus
2433 1964 2669 2031 Domi-

717 2076 878 2120 num
934 2063 1232 2119 nostrum
1291 2071 1411 2117 nos
1456 2051 1640 2116 velut
1685 2050 1976 2115 humeris
2020 2050 2155 2115 suis
2198 2050 2540 2134 impositos
2585 2048 2666 2114 ad

718 2162 789 2206 se
850 2139 1250 2223 pertrahere,
1319 2146 1385 2201 et
1453 2136 1784 2220 proposita
1839 2134 1967 2200 Dei
2040 2138 2249 2219 patris
2317 2138 2532 2220 gratia
2601 2145 2669 2200 et

715 2224 1175 2292 benevolentia
1217 2222 1539 2307 pellicere,
1587 2231 1653 2288 et
1695 2221 1775 2287 ad
1822 2222 2114 2286 omnium
2160 2242 2428 2288 suorum
2465 2222 2667 2287 bono-

719 2334 869 2378 rum
930 2311 1498 2394 participationem
1561 2308 1864 2373 invitare.
1970 2307 2224 2373 Idcirco
2289 2309 2489 2372 timor
2554 2307 2667 2372 ille

720 2418 850 2481 quo
887 2395 1273 2462 adducimur
1303 2394 1387 2459 ad
1422 2394 1871 2477 evangelicam
1894 2391 2256 2459 doctrinam
2287 2394 2670 2479 amplexan-

722 2483 895 2560 dam,
961 2503 1098 2546 non
1156 2489 1255 2546 est
1312 2479 1590 2563 simplex
1652 2478 1914 2563 quidam
1981 2488 2196 2545 metus
2262 2488 2379 2545 aut
2444 2499 2667 2563 pavor,

721 2567 1033 2651 quoniam
1082 2566 1373 2648 alioquin
1418 2564 1585 2630 nihil
1632 2566 1760 2631 nisi
1802 2567 2006 2630 coacti
2052 2573 2120 2630 et
2160 2575 2340 2631 metu
2387 2566 2666 2648 perculsi

719 2655 1102 2734 faceremus,
1160 2652 1275 2717 sed
1320 2650 1690 2717 reverentia
1734 2650 1939 2716 divini
1989 2650 2299 2732 numinis,
2343 2670 2473 2735 qua
2514 2673 2665 2736 cog-

722 2741 863 2805 nita
921 2739 1097 2805 illius
1154 2738 1226 2803 in
1286 2759 1405 2803 nos
1462 2736 1785 2821 singulari
1828 2736 2289 2803 benevolentia
2332 2746 2401 2802 et
2442 2757 2667 2803 amore

718 2835 954 2910 sponte
1009 2825 1134 2908 ipsi
1190 2822 1592 2902 subiicimur,
1654 2832 1720 2889 et
1759 2824 1830 2886 in
1875 2823 2017 2888 eius
2052 2822 2435 2907 obsequium
2481 2823 2666 2891 duci-

722 2932 889 2977 mur.
976 2911 1069 2976 Et
1113 2909 1193 2975 de
1236 2912 1363 2975 isto
1409 2909 1645 2975 timore
1688 2909 2026 2975 hactenus.

893 2995 1206 3080 Sequitur
1272 2996 1606 3079 deinceps:
1677 2993 1946 3061 Saulem
2012 2994 2288 3062 lustrato
2353 2995 2667 3075 exercitu,

717 3092 786 3148 et
829 3083 1030 3149 tantis
1074 3081 1281 3164 copiis
1325 3081 1666 3148 recensitis
1700 3081 1974 3147 nuncios
2011 3080 2093 3146 ad
2131 3081 2443 3148 Iabenses
2477 3081 2672 3147 remi-

720 3170 900 3248 sisse,
971 3168 1341 3252 perlaturos
1384 3174 1460 3231 ut
1502 3165 1574 3232 in
1629 3165 1988 3232 crastinum
2036 3167 2356 3233 auxilium
2400 3187 2667 3250 exspec-

721 3263 944 3320 tarent
986 3254 1306 3320 adversus
1349 3253 1669 3319 inimicos.
1714 3251 1816 3317 Ac
1858 3271 2124 3318 rursum
2160 3253 2322 3319 haec
2357 3254 2672 3336 temporis

721 3340 1220 3408 circumstantia
1284 3338 1566 3405 multum
1624 3339 1782 3405 facit
1841 3337 1925 3404 ad
1992 3338 2290 3405 divinum
2353 3358 2517 3422 opus
2562 3338 2670 3406 hic

725 3425 1229 3511 agnoscendum.
1340 3424 1514 3490 Nam
1581 3432 1758 3489 terra
1820 3424 2175 3491 israelitica
2252 3425 2413 3490 satis
2475 3424 2670 3509 longe

719 3512 983 3595 lateque
1047 3512 1334 3594 patebat,
1402 3519 1469 3577 et
1534 3519 1694 3577 tunc
1759 3510 2072 3593 temporis
2138 3530 2273 3574 non
2339 3510 2671 3577 habebant

719 3597 1066 3663 Israelitae
1131 3596 1376 3663 celeres
1441 3617 1658 3680 equos,
1725 3595 1963 3681 quibus
2026 3596 2096 3661 in
2162 3597 2382 3663 varias
2447 3603 2671 3681 partes

720 3684 939 3750 missis
981 3683 1318 3767 negotium
1364 3690 1740 3766 urgeretur:
1787 3681 1903 3748 sed
1938 3702 2057 3766 per
2138 3681 2345 3748 edites
2389 3703 2431 3747 a
2466 3681 2671 3749 Saule

724 3767 881 3833 hinc
938 3768 1091 3833 inde
1137 3768 1438 3835 dimissos
1480 3769 1577 3835 cis
1621 3777 1688 3833 et
1732 3776 1917 3834 trans
1961 3768 2075 3833 Ior
2122 3789 2314 3834 anem
2359 3789 2477 3852 per
2518 3770 2671 3834 uni-

723 3875 993 3921 versum
1050 3854 1357 3919 Israelem
1417 3875 1524 3920 res
1583 3861 1722 3920 tota
1785 3855 2143 3938 peragitur.
2232 3855 2467 3936 Itaque
2534 3865 2668 3919 tam

719 3941 965 4023 exiguo
1009 3941 1317 4023 temporis
1360 3947 1693 4007 momento
1736 3939 2026 4023 potuisse
2084 3945 2333 4004 tantam
2378 3941 2674 4005 multitu-

724 4025 950 4091 dinem
997 4033 1098 4090 ter
1139 4035 1402 4091 centum
1447 4026 1630 4090 mille
1673 4025 2017 4092 hominum
2062 4026 2321 4106 armari,
2366 4028 2484 4091 vix
2527 4033 2671 4091 erat

723 4111 1054 4192 credibile,
1113 4112 1367 4176 etiamsi
1426 4112 1875 4194 paratissimas
1928 4112 2326 4176 munitiones
2391 4122 2457 4177 et
2519 4133 2672 4198 pro-

720 4198 1016 4264 visiones
1070 4197 1271 4263 fuisse
1327 4195 1714 4263 dixerimus:
1774 4206 1853 4261 ut
1908 4218 2172 4263 necesse
2229 4199 2317 4263 sit
2375 4197 2665 4264 divinum

724 4302 889 4366 opus
943 4291 1010 4349 et
1055 4282 1444 4349 miraculum
1489 4283 1596 4349 hic
1642 4283 1924 4368 agnosci.
2012 4283 2241 4366 Neque
2285 4304 2445 4349 vero
2481 4282 2671 4367 impii

721 4369 1022 4436 homines
1085 4376 1202 4434 aut
1258 4368 1531 4452 maligni
1590 4370 1990 4436 occasionem
2051 4368 2297 4435 habent
2352 4390 2519 4452 quae
2563 4370 2671 4437 hic

722 4454 1034 4521 dicuntur
1073 4456 1143 4520 in
1189 4453 1458 4521 dubium
1503 4454 1808 4521 vocandi:
1867 4455 2080 4520 solent
2124 4456 2302 4521 enim
2346 4455 2473 4521 Dei
2517 4475 2672 4521 con-

723 4551 1083 4626 temptores
1127 4550 1203 4605 ut
1245 4559 1469 4607 sacrae
1503 4542 1866 4624 scripturae
1909 4539 2105 4606 fidem
2152 4548 2219 4606 et
2252 4542 2671 4607 autoritatem

725 4627 1002 4706 elevent,
1087 4627 1250 4692 haec
1314 4647 1458 4693 esse
1512 4625 1938 4710 impossibilia
2002 4625 2234 4693 dicere.
2337 4626 2516 4708 Quid
2579 4628 2676 4693 ita

725 4713 930 4779 vero?
977 4712 1233 4795 Nempe
1273 4712 1445 4796 quod
1481 4732 1564 4778 ex
1608 4733 1726 4779 suo
1773 4732 1970 4778 sensu
2005 4713 2136 4778 Dei
2169 4732 2366 4796 opera
2399 4714 2674 4779 metian-

725 4806 852 4864 tur.
945 4801 1055 4864 An
1113 4818 1272 4864 vero
1339 4799 1526 4865 decet
1580 4798 1880 4864 homines
1925 4796 2008 4863 ad
2052 4817 2249 4863 suum
2293 4808 2558 4882 captum
2604 4806 2674 4865 et

724 4885 975 4968 ingenii
1035 4903 1411 4950 mensuram
1472 4904 1672 4967 opera
1726 4885 1855 4950 Dei
1913 4884 2222 4968 exigere?
2321 4886 2670 4969 Equidem,

727 4969 955 5049 fateor,
1014 4969 1200 5036 Deus
1257 4971 1742 5037 ordinariorum
1797 4990 2072 5036 suorum
2131 4989 2403 5053 operum
2448 4973 2671 5057 cogni-

728 5055 977 5120 tionem
1033 5055 1318 5137 aliquam
1377 5055 1565 5122 nobis
1623 5056 1938 5134 concedit,
1996 5064 2064 5120 et
2119 5077 2343 5123 eorum
2387 5057 2674 5141 aliquam

728 5140 1046 5207 habemus
1101 5141 1703 5225 apprehensionem.
1796 5141 1930 5210 Sed
1984 5163 2179 5227 saepe
2221 5164 2481 5209 omnem
2518 5162 2673 5209 nos-

727 5234 910 5292 trum
967 5227 1372 5294 intellectum
1433 5237 1501 5295 et
1565 5231 1884 5295 rationem
1943 5237 2209 5311 superat
2269 5250 2345 5295 ac
2388 5229 2673 5313 pruden-

2274 310 2691 381 HOMILIA
2731 312 3137 382 XXXVIII.

4590 316 4733 381 664

2764 506 2941 583 tiam,
2999 512 3078 570 ut
3130 503 3205 570 in
3262 502 3566 571 omnibus
3609 503 3943 571 miraculis
3988 513 4086 571 est
4131 505 4590 582 manifestum,
4657 506 4733 569 in

2763 589 2997 674 quibus
3053 590 3195 656 eius
3237 588 3622 656 admiranda
3665 591 3877 657 virtus
3921 601 4022 656 est
4064 589 4435 672 adoranda3
4492 601 4571 656 et
4620 589 4739 657 hic

2763 677 2859 742 illi
2904 678 3117 743 honor
3158 675 3570 755 deferendus,
3631 684 3709 742 ut
3750 675 3935 743 illam
3989 675 4736 761 incomprehensibilem

2765 785 2909 830 esse
2966 763 3312 828 fateamur.
3399 762 3634 845 Neque
3692 762 3871 827 enim
3929 783 4218 846 unquam
4277 784 4355 828 ea
4411 784 4549 847 qua
4608 782 4740 847 par

2764 857 2867 915 est
2909 849 3285 914 reverentia
3327 847 3468 915 eius
3509 848 3827 914 miracula
3870 847 4316 932 suscipiemus,
4358 850 4492 914 nisi
4533 851 4741 931 prius

2766 942 3059 1001 nostram
3104 934 3431 1000 inscitiam
3476 942 3543 998 et
3582 934 3962 1001 caecitatem
4009 936 4492 1019 agnoverimus.
4546 934 4739 1001 Nam

2767 1021 2825 1089 si
2867 1021 2939 1086 in
2984 1019 3115 1085 Dei
3158 1040 3357 1103 opera
3398 1019 3721 1085 vellemus
3757 1041 3841 1086 ex
3877 1022 4176 1086 sensibus
4210 1022 4456 1087 nostris
4490 1021 4739 1104 inqui

2766 1127 2930 1187 rere,
2974 1118 3044 1172 et
3084 1107 3154 1171 in
3192 1106 3314 1172 hoc
3355 1105 3745 1172 nominatim
3780 1106 4046 1184 sactum,
4088 1106 4169 1172 de
4203 1128 4328 1191 quo
4362 1107 4741 1189 loquimur,

2768 1200 3021 1260 certum
3066 1201 3165 1258 est
3207 1193 3344 1257 fore
3386 1200 3463 1256 ut
3505 1212 3705 1274 opera
3749 1192 3992 1269 divina,
4039 1204 4360 1275 quantum
4403 1194 4472 1258 in
4520 1191 4745 1257 nobis

2767 1286 2956 1362 esset,
3017 1278 3411 1344 vilescerent
3464 1286 3533 1343 et
3588 1276 4131 1360 deprimerentur.
4220 1277 4445 1360 Quare
4502 1278 4744 1344 disca-

2768 1386 2919 1431 mus
2963 1384 3196 1430 sensus
3241 1372 3500 1429 nostros
3542 1382 3746 1446 supra
3787 1364 4109 1429 mundum
4153 1365 4471 1445 attollere,
4536 1376 4626 1430 et
4674 1365 4744 1428 in

2769 1449 3270 1516 admirationem
3316 1451 3479 1533 rapi,
3534 1450 3590 1514 si
3635 1447 3927 1517 divinam
3971 1451 4285 1516 virtutem
4329 1471 4535 1534 quam
4591 1452 4747 1534 ipse

2768 1538 2840 1602 in
2881 1535 3214 1602 miraculis
3258 1535 3587 1620 patefacit,
3632 1544 3711 1600 ut
3755 1535 3956 1616 decet,
4001 1534 4272 1601 adorare
4306 1547 4374 1601 et
4405 1538 4745 1601 venerari

2769 1621 3096 1690 volumus.
3185 1621 3373 1688 Haec
3435 1621 3640 1705 igitur
3693 1631 3856 1687 sunt
3910 1621 4033 1687 hoc
4087 1622 4229 1688 loco
4282 1623 4748 1705 observanda,

2769 1728 2972 1790 quum
3040 1707 3347 1774 videmus
3410 1715 3567 1772 ante
3631 1706 3803 1772 diem
3870 1708 4242 1790 septimum,
4305 1728 4475 1791 quae
4551 1708 4753 1775 dicta

2771 1792 2910 1860 dies
2969 1794 3052 1859 ab
3110 1792 3410 1858 hostibus
3467 1799 3628 1873 erat,
3692 1790 3965 1858 Saulem
4025 1802 4242 1860 tantas
4305 1795 4560 1878 copias,
4644 1805 4752 1859 ter

2771 1888 3034 1946 centum
3096 1878 3370 1963 triginta
3426 1878 3610 1944 mille
3663 1879 3978 1944 nimirum
4025 1879 4344 1957 homines,
4401 1900 4476 1945 co
4586 1883 4606 1894 '
4732 1932 4748 1957 ,

2767 1965 3101 2044 lustrasse,
3157 1964 3507 2030 Iordanem
3567 1965 4012 2030 transvexisse
4065 1976 4132 2031 et
4172 1965 4578 2032 Iabensibus
4630 1968 4751 2032 ob-

2770 2052 2965 2117 sessis
3046 2064 3114 2116 et
3192 2050 3353 2116 satis
3429 2051 3656 2135 procul
3722 2051 3995 2116 remotis
4058 2051 4392 2135 suppetias
4460 2052 4749 2119 tulisse.

2769 2136 2958 2219 Quae
3017 2157 3221 2221 quum
3266 2146 3528 2220 praeter
3581 2136 3927 2202 hominum
3981 2137 4351 2221 opinionem
4411 2145 4567 2202 tam
4641 2161 4749 2204 ce

2768 2224 2992 2289 leriter
3048 2224 3343 2290 confecta
3399 2223 3554 2306 sint,
3623 2223 3783 2287 satis
3842 2230 3944 2287 est
4000 2224 4423 2306 conspicuum
4492 2224 4743 2289 admi

2769 2308 3052 2374 randum
3116 2309 3246 2375 Dei
3310 2328 3474 2392 opus
3540 2307 3649 2373 hic
3716 2328 3857 2374 esse
3923 2329 3963 2372 a
4027 2307 4215 2374 nobis
4281 2308 4745 2376 adorandum.

2771 2394 3344 2477 Quemadmodum
3400 2393 3622 2461 David
3688 2394 3756 2459 in
3818 2393 4104 2460 Psalmis
4163 2395 4289 2459 Dei
4350 2397 4741 2478 potentiam

2770 2501 2900 2564 qua
2956 2481 3248 2566 regimur
3302 2500 3447 2546 eam
3505 2499 3647 2546 esse
3705 2479 3915 2558 docet,
3982 2501 4148 2563 quae
4211 2480 4745 2564 inspicientibus

2774 2568 3111 2632 horrorem
3183 2575 3249 2632 et
3322 2574 3653 2648 stuporem
3721 2566 3957 2632 afferre
4022 2566 4271 2633 debeat.
4360 2566 4745 2633 Caeterum

2770 2652 2926 2718 hinc
2982 2650 3468 2718 observandum
3512 2652 3640 2718 Dei
3701 2652 4059 2735 potentiam
4106 2673 4237 2718 non
4281 2653 4627 2719 contineri
4676 2666 4747 2719 et

2770 2738 2949 2804 finiri
3007 2739 3265 2805 usitatis
3315 2737 3474 2802 ullis
3524 2735 3758 2803 mediis
3815 2746 3881 2803 et
3936 2738 4333 2805 rationibus:
4399 2739 4513 2804 sed
4587 2760 4745 2805 mo

2770 2834 2993 2890 mento
3028 2825 3245 2891 Deum
3291 2843 3484 2889 suum
3523 2843 3689 2906 opus
3777 2826 4060 2902 erficere,
4106 2831 4303 2906 prout
4336 2823 4463 2907 ipsi
4498 2826 4741 2891 visum

2772 2910 3003 2991 fuerit3
3049 2908 3209 2976 adeo
3251 2918 3328 2975 ut
3360 2910 3617 2975 somnia
3652 2908 3721 2973 vi
3768 2917 4007 2974 eantur
4040 2910 4229 2976 nobis
4260 2910 4482 2993 potius
4515 2932 4743 2995 quam

2772 3016 2879 3063 res
2941 3002 3151 3081 gesta,
3217 3002 3293 3060 ut
3354 2994 3665 3060 Psalmus
3739 2994 3945 3060 docet.
4047 2995 4140 3060 Et
4202 2995 4529 3080 singulari
4606 2998 4745 3063 hoc

2773 3082 3046 3166 dignum
3089 3087 3189 3147 est
3231 3080 3705 3147 observatione.
3792 3080 3968 3147 Nam
4023 3084 4145 3147 etsi
4202 3101 4428 3147 sacrae
4477 3081 4741 3149 literae

2771 3167 3014 3253 passim
3080 3166 3318 3232 docent
3369 3167 3589 3232 Deum
3660 3187 3999 3250 nunquam
4065 3167 4257 3233 nobis
4318 3166 4740 3248 defuturum,

2773 3262 3193 3336 nostramque
3249 3252 3319 3317 in
3362 3252 3477 3317 illo
3518 3252 3796 3319 salutem
3841 3273 3983 3319 esse
4023 3253 4394 3336 repositam,
4441 3273 4521 3320 ac
4562 3256 4740 3320 satis

2773 3346 3107 3423 potentem
3172 3358 3315 3405 esse
3391 3358 3665 3404 manum
3734 3339 3943 3422 ipsius
4009 3338 4091 3404 ad
4157 3358 4279 3404 nos
4344 3338 4597 3407 millies
4665 3342 4737 3406 in

2773 3424 3069 3510 singulos
3130 3424 3269 3492 dies
3326 3445 3363 3489 e
3418 3423 3709 3509 periculo
3767 3425 3998 3490 mortis
4066 3423 4417 3490 eruendos:
4496 3436 4735 3492 tamen

2774 3512 2888 3577 vix
2923 3511 3334 3594 quiescimus,
3379 3511 3508 3576 nisi
3544 3509 3701 3577 hinc
3734 3509 3889 3575 inde
3925 3510 4140 3576 media
4166 3512 4399 3594 quibus
4422 3522 4731 3577 nostram

2775 3598 3057 3664 salutem
3116 3596 3205 3662 sit
3245 3595 3640 3680 impleturus
3680 3597 4216 3679 quaesiverimus,
4272 3605 4339 3662 et
4378 3598 4453 3660 in
4499 3598 4734 3665 oculos

2774 3691 3034 3749 nostros
3075 3681 3495 3749 incurrerint.
3555 3681 3888 3763 Quoniam
3931 3683 4134 3768 igitur
4177 3682 4309 3747 Dei
4352 3684 4732 3765 potentiam

2771 3769 2965 3835 finire
3010 3776 3076 3833 et
3116 3767 3648 3836 circumscribere
3703 3769 4088 3851 plerumque
4129 3788 4447 3835 conamur
4490 3768 4737 3836 mediis

2771 3854 2841 3921 in
2901 3862 3159 3921 nostros
3217 3875 3448 3921 sensus
3503 3854 4009 3932 incurrentibus,
4070 3875 4147 3918 eo
4204 3855 4419 3938 magis
4478 3876 4733 3921 caven

2775 3941 2951 4018 dum,
3031 3961 3117 4005 ne
3181 3939 3328 4006 Deo
3408 3962 3526 4005 nos
3605 3939 3885 4006 insolitis
3966 3939 4199 4006 mediis
4264 3961 4348 4008 ex
4408 3941 4732 4023 periculis

2774 4034 3045 4093 eruente
3100 4027 3526 4109 inquiramus,
3588 4026 3908 4109 quomodo
3962 4026 4137 4092 istud
4195 4027 4341 4090 fiat:
4400 4025 4518 4093 sed
4586 4029 4731 4093 eius

2775 4115 3090 4179 virtutem
3146 4120 3214 4176 et
3270 4112 3629 4196 potentiam
3688 4111 4018 4177 infinitam
4077 4132 4222 4178 esse
4280 4112 4607 4178 sciamus:
4668 4124 4731 4178 et

2775 4198 3036 4283 quidem
3080 4218 3211 4264 non
3257 4197 3341 4263 ad
3385 4217 3589 4263 unum
3635 4196 3984 4281 quodpiam
4022 4218 4187 4281 opus
4229 4196 4412 4262 illam
4449 4201 4727 4264 restrin-

2777 4304 3029 4369 gamus,
3093 4282 3210 4349 sed
3267 4284 3338 4348 in
3393 4282 3593 4349 rebus
3647 4283 3951 4349 omnibus
4016 4304 4434 4366 quascunque
4500 4297 4727 4352 mente

2776 4370 3177 4452 concipimus
3219 4369 3495 4436 eandem
3541 4369 3939 4434 intueamur.
4030 4368 4477 4451 Quamobrem
4512 4391 4721 4453 quum

2776 4476 3000 4522 sacrae
3066 4455 3429 4538 scripturae
3492 4455 3739 4539 passim
3806 4476 3930 4521 nos
3994 4454 4290 4532 doceant,
4366 4455 4590 4520 Deum
4655 4457 4722 4521 in

2776 4540 3103 4609 servanda
3156 4560 3276 4607 sua
3333 4541 3605 4607 ecclesia
3660 4541 3980 4607 rationem
4034 4540 4227 4624 longe
4285 4544 4368 4607 ab
4424 4544 4721 4607 omnium

2775 4648 2975 4694 sensu
3017 4637 3336 4693 remotam
3379 4626 3584 4710 sequi,
3630 4647 3811 4710 spem
3858 4646 4118 4692 omnem
4160 4627 4233 4691 in
4269 4646 4346 4692 eo
4380 4648 4717 4711 ponamus,

2776 4724 2842 4781 et
2898 4714 3026 4797 ipsi
3083 4712 3339 4798 placide
3393 4712 3910 4797 acquiescamus:
3935 4782 3938 4785 ,
3967 4720 4046 4778 ut
4088 4713 4601 4797 quotiescunque
4642 4734 4717 4779 ea

2775 4800 3148 4885 ingruerint
3198 4800 3509 4883 pericula,
3567 4818 3734 4882 quae
3789 4798 4100 4865 ultimum
4161 4798 4437 4864 exitium
4504 4801 4714 4865 mina-

2774 4887 3042 4966 buntur,
3088 4883 3169 4951 ad
3216 4885 3440 4950 Deum
3481 4885 3952 4971 confugientes,
3997 4904 4279 4968 eumque
4321 4885 4717 4968 supplicibus

2774 4971 3076 5057 precibus
3135 4971 3577 5050 sollicitantes,
3634 4973 3920 5037 sciamus
3977 4990 4169 5054 posse
4223 4990 4343 5036 nos
4400 4992 4485 5036 ex
4540 4971 4713 5054 peri-

2775 5058 2941 5126 culis
2995 5056 3415 5138 admirandis,
3472 5056 3542 5122 id
3600 5066 3701 5123 est
3756 5056 4107 5143 incognitis
4164 5057 4356 5124 nobis
4397 5056 4609 5123 modis
4649 5064 4710 5121 et

2774 5144 3158 5223 rationibus,
3202 5166 3364 5229 quas
3404 5143 3534 5228 ipsi
3577 5143 3798 5211 hostes
3841 5163 3928 5209 ne
3969 5143 4257 5226 cogitare
4300 5142 4555 5228 quidem
4598 5150 4711 5208 aut

2774 5230 3122 5316 imaginari
3170 5239 3431 5315 queant,
3476 5230 3744 5314 eripere.
