5059 6059
885 309 1008 377 371

891 524 1156 587 sensus,
1220 500 1379 568 Heli
1420 502 1572 568 filiis
1617 502 2053 569 exauctoratis
2097 505 2163 567 et
2220 500 2579 567 sacerdotio
2646 500 2825 566 abdi-

891 592 1072 670 catis,
1119 589 1334 654 Deum
1380 589 1662 673 gratiam
1708 608 1893 654 suam
1940 597 2006 652 et
2048 600 2389 671 paternam
2432 586 2825 652 benevolen-

890 679 1050 741 tiam
1095 685 1531 753 exsarturum,
1587 695 1662 739 ao
1720 675 1941 739 vivam
1999 674 2350 759 imaginem
2396 673 2826 757 redemptoris

892 760 1357 840 exhibiturum,
1418 772 1491 825 ut
1549 758 1675 824 Dei
1735 759 1996 824 decreta
2052 760 2248 824 finem
2306 760 2567 824 tandem
2630 779 2824 824 suum

893 857 1408 930 assequerentur,
1469 853 1824 930 apparente
1881 846 1951 909 in
2010 846 2204 910 terris
2260 844 2546 910 Domino
2604 855 2824 910 nostro

892 933 1046 998 Iesu
1071 932 1354 1008 Christe,
1401 941 1467 997 et
1511 931 1880 998 substantia
1917 932 2061 1014 ipsa
2104 951 2319 996 rerum
2367 933 2435 995 in
2482 931 2626 1014 lege
2661 933 2824 1014 figu-

893 1025 1185 1083 ratarum
1230 1019 1594 1083 exsisteret.
1684 1017 1773 1081 Et
1816 1015 1937 1083 hoc
1983 1016 2142 1082 satis
2186 1026 2338 1082 ante
2397 1018 2822 1099 conspicuum

894 1111 994 1170 est
1036 1107 1279 1171 factum
1326 1104 1562 1168 Annae
1605 1103 1837 1168 cantici
1881 1104 2097 1168 verbis
2141 1111 2318 1185 puta,
2381 1104 2597 1168 Deum
2655 1124 2822 1167 nun-

894 1211 1086 1273 quam
1133 1210 1289 1254 vere
1335 1210 1405 1254 se
1448 1189 1639 1253 aliter
1684 1189 2016 1253 veteribus
2058 1188 2194 1253 illis
2255 1189 2570 1272 patribus,
2626 1208 2821 1271 quam

892 1277 962 1341 in
1008 1297 1181 1360 rege,
1227 1274 1356 1339 Dei
1392 1274 1863 1357 quodammodo
1906 1274 2119 1358 legato
2154 1283 2220 1339 et
2262 1274 2523 1351 vicario,
2569 1286 2822 1356 patrem

894 1361 1290 1426 exhibuisse.
1380 1360 1483 1424 En
1532 1367 1698 1444 quae'
1739 1360 1984 1426 veteris
2027 1361 2243 1444 populi
2290 1381 2458 1443 spes,
2503 1360 2824 1425 intuentis

892 1448 961 1512 in
1007 1448 1131 1512 Dei
1177 1446 1655 1530 promissiones,
1710 1445 1946 1529 quibus
1990 1467 2059 1510 se
2102 1446 2411 1511 nimirum
2458 1458 2707 1528 patrem
2752 1445 2824 1509 in

894 1542 1268 1616 exspectato
1305 1552 1460 1616 rege
1494 1531 1884 1596 intermedio
1920 1531 2249 1614 pollicitus
2285 1532 2515 1598 fuerat.
2574 1532 2824 1597 Idcirco

893 1618 1205 1685 Ieremias
1248 1618 1317 1682 in
1367 1616 1993 1694 Lamentationibus,
2040 1616 2340 1683 Christus
2385 1617 2534 1701 Dei,
2590 1617 2821 1699 inquit,

892 1706 1080 1773 cuius
1120 1704 1357 1788 spiritu
1404 1704 1710 1780 vivimus,
1755 1704 1939 1785 quasi
1985 1701 2175 1782 dicat,
2234 1704 2347 1787 qui
2409 1704 2545 1769 vita
2601 1713 2825 1767 nostra

892 1799 1012 1869 est,
1059 1789 1138 1855 de
1180 1810 1334 1872 rege
1370 1789 1641 1871 loquens
1682 1788 1753 1852 in
1797 1788 2239 1870 captivitatem
2278 1798 2494 1854 tamen
2532 1787 2825 1853 abducto.

890 1878 1143 1962 Regem
1187 1898 1226 1941 a
1271 1875 1414 1940 Deo
1454 1885 1726 1940 unctum
1774 1881 1962 1940 vocat
2013 1875 2222 1940 vitam
2282 1886 2349 1939 et
2391 1875 2666 1941 salutem
2713 1895 2826 1957 po-

892 1964 1065 2047 puli:
1160 1960 1707 2045 quemadmodum
1797 1959 1866 2024 in
1945 1959 2208 2024 Psalmo
2286 1959 2469 2026 Deus
2548 1961 2823 2024 salutem

895 2050 1165 2117 Christo
1209 2068 1327 2113 suo
1373 2046 1529 2112 dare
1576 2045 1846 2110 dicitur:
1904 2046 2069 2127 quod
2130 2045 2211 2109 de
2266 2045 2467 2111 totius
2520 2045 2828 2111 ecclesiae

894 2147 1111 2204 tamen
1157 2153 1425 2217 corpore
1467 2140 1570 2196 est
1612 2130 2131 2213 intelligendum.
2220 2131 2325 2197 En
2370 2140 2444 2196 ut
2488 2129 2674 2195 Deus
2720 2151 2827 2213 pa·

899 2229 1031 2290 tres
1077 2218 1424 2288 assuefacit
1466 2216 1547 2281 ad
1592 2216 2020 2300 redemptoris
2062 2216 2240 2281 illius
2276 2217 2451 2283 unici
2496 2227 2828 2300 exspecta·

894 2313 1158 2385 tionem,
1212 2326 1252 2369 a
1307 2325 1432 2388 quo
1489 2303 1682 2368 unico
1746 2304 1948 2368 vitam
2012 2302 2368 2367 haurirent.
2471 2302 2606 2367 Nos
2672 2320 2827 2367 vero

896 2405 1137 2481 quanto
1180 2394 1389 2475 magis
1431 2388 1502 2453 in
1545 2387 1661 2453 illo
1705 2387 2004 2452 fiduciam
2050 2408 2305 2452 omnem
2351 2408 2669 2471 reponere
2713 2388 2823 2453 de-

894 2492 1019 2561 cet,
1063 2501 1143 2545 ex
1189 2499 1314 2560 quo
1358 2474 1666 2541 Christus
1708 2474 1847 2556 ipse
1891 2472 2216 2538 Dominus
2273 2474 2343 2537 in
2393 2475 2584 2538 terris
2630 2494 2824 2557 appa-

894 2567 1046 2646 ruit,
1090 2585 1215 2648 quo
1260 2562 1420 2627 duce
1464 2568 1532 2625 et
1572 2560 1999 2625 intercessore
2043 2558 2123 2623 ad
2170 2569 2421 2642 patrem
2459 2559 2647 2624 nobis
2690 2559 2825 2623 adi-

895 2661 1006 2718 tus
1070 2649 1367 2734 patefiat,
1433 2644 1975 2730 quemadmodum
2039 2644 2180 2728 ipse
2246 2643 2325 2710 de
2389 2666 2459 2711 se
2525 2653 2824 2728 testatur,

895 2757 1098 2822 quum
1141 2756 1210 2799 se
1257 2734 1425 2799 viam
1471 2751 1631 2808 esse,
1676 2731 1880 2796 vitam
1926 2735 1996 2796 et
2038 2731 2380 2795 veritatem
2417 2729 2557 2795 ait?
2602 2729 2826 2811 Quare

895 2825 949 2891 si
995 2823 1064 2887 in
1109 2820 1492 2885 alterutram
1537 2825 1787 2899 partem
1836 2814 2394 2895 declinaverimus,
2438 2826 2688 2882 certum
2726 2824 2827 2882 est

894 2929 1018 2974 nos
1074 2926 1330 2989 semper
1385 2897 1673 2984 ἀστόχους
1729 2902 2161 2968 aberraturus.
2250 2901 2395 2967 Hoc
2451 2901 2523 2965 in
2581 2911 2824 2986 papatu

896 2993 1057 3060 satis
1101 3004 1201 3057 est
1242 2989 1680 3073 conspicuum,
1725 2986 1795 3051 in
1840 3006 1968 3072 quo
2014 3006 2194 3051 mera
2236 2987 2474 3070 ubique
2509 2988 2822 3052 confusio.

893 3080 1064 3146 Nam
1133 3087 1306 3159 quot,
1363 3095 1621 3159 quaeso,
1685 3086 1842 3138 sunt
1902 3071 2138 3155 ubique
2196 3072 2603 3148 mediatores,
2671 3083 2825 3156 quot

895 3162 1219 3240 merendi,
1286 3170 1363 3226 ut
1425 3164 1625 3239 aiunt,
1691 3160 1993 3233 rationes,
2060 3156 2174 3223 sed
2238 3159 2380 3223 sine
2444 3179 2601 3242 pace
2666 3180 2820 3224 con·

894 3250 1225 3324 scientiae,
1271 3256 1336 3311 et
1378 3245 1519 3311 sine
1563 3245 1765 3310 animi
1824 3244 1960 3308 nlla
2017 3244 2510 3328 tranquillitate,
2568 3265 2825 3328 semper

895 3334 1125 3410 dubiis,
1170 3353 1429 3415 semper
1471 3329 1943 3396 haesitantibus
1995 3337 2063 3394 et
2122 3329 2316 3394 anxie
2361 3331 2823 3413 quaerentibus

890 3421 1150 3488 miseris
1192 3418 1326 3482 illis
1363 3415 1889 3482 tenebrionibus?
1933 3416 2074 3480 Nae
2110 3416 2354 3481 similes
2390 3436 2543 3480 vere
2578 3414 2822 3481 dixeris

893 3528 1035 3573 esse
1081 3506 1288 3571 brutis
1330 3523 1473 3568 sese
1514 3503 1795 3568 invicem
1850 3500 2321 3580 collidentibus,
2378 3521 2499 3566 nec
2543 3500 2679 3568 loco
2723 3511 2823 3567 ta·

890 3613 1042 3657 men
1090 3589 1519 3666 moventibus,
1578 3608 1804 3654 omnes
1847 3587 2139 3651 omnium
2185 3586 2591 3669 papistarum
2635 3607 2822 3652 occu·

890 3677 1204 3762 pationes,
1249 3676 1529 3739 multum
1588 3674 2047 3758 satagentium,
2101 3680 2166 3737 et
2225 3672 2385 3736 nibil
2433 3673 2560 3737 nisi
2605 3675 2822 3755 perni-

894 3763 1057 3829 ciem
1118 3773 1183 3826 et
1240 3761 1516 3825 exitium
1573 3759 1696 3825 sibi
1755 3759 2246 3825 accersentium.
2350 3756 2575 3839 Quare
2627 3761 2822 3841 agite,

896 3849 1014 3912 uni
1059 3845 1327 3912 Christo
1375 3846 1657 3910 Domino
1715 3855 1938 3909 nostro
1979 3844 2257 3908 firmiter
2296 3843 2648 3908 adhaerere
2694 3844 2821 3908 dis·

894 3952 1139 4012 eamus,
1184 3952 1223 3995 a
1312 3951 1394 3994 uo
1438 3932 1508 3994 in
1553 3940 1795 3997 rectam
1839 3931 2038 4009 viam,
2082 3950 2211 4011 qua
2252 3947 2464 3992 coram
2506 3927 2648 3992 Deo
2690 3949 2824 3992 am-

895 4018 1215 4093 bulemus,
1303 4015 1675 4081 educamur.
1764 4015 1963 4080 Hunc
2019 4016 2192 4079 enim
2236 4015 2307 4078 in
2353 4015 2550 4079 finem
2591 4013 2707 4078 ille
2747 4015 2818 4079 in

894 4112 1102 4169 terras
1148 4100 1499 4180 descendit,
1554 4113 1629 4166 ut
1671 4103 1741 4166 in
1785 4121 1976 4166 suum
2022 4120 2141 4164 nos
2186 4101 2613 4183 patrocinium
2658 4101 2822 4166 reci-

890 4192 1049 4275 piat,
1110 4186 1460 4253 dummodo
1518 4208 1675 4252 vere
1734 4209 1851 4252 nos
1894 4186 1990 4251 illi
2033 4185 2153 4252 soli
2198 4184 2528 4251 tradamus
2575 4193 2642 4248 et
2683 4206 2823 4268 per-

890 4277 1248 4340 mittamus.

1068 4359 1426 4444 Pergamus
1501 4377 1656 4423 vero
1732 4358 1802 4421 in
1881 4358 2287 4439 sequentium
2368 4354 2819 4439 explicatione,

896 4445 1133 4531 quibus
1178 4446 1484 4508 dicuntur
1522 4443 1634 4527 qui
1669 4443 2130 4525 supervixerint
2149 4442 2297 4507 Heli
2324 4443 2560 4525 posteri
2583 4462 2820 4524 panem

893 4551 1079 4600 suum
1120 4529 1581 4602 emendicaturi,
1621 4529 1789 4612 quod
1828 4528 2098 4610 perinde
2133 4537 2250 4605 est,
2288 4527 2454 4593 acsi
2488 4535 2818 4592 summum

893 4618 960 4683 in
1009 4627 1336 4702 posterum
1383 4614 1662 4679 dedecus
1718 4623 1786 4677 et
1842 4613 2261 4695 ignominiam
2309 4614 2488 4678 Deus
2532 4613 2663 4677 illis
2705 4633 2821 4695 per

892 4702 1277 4788 prophetam
1313 4721 1462 4766 cum
1498 4701 1785 4765 omnium
1823 4698 1970 4763 odio
2005 4700 2411 4765 coniunctam
2436 4699 2819 4778 minaretur,

891 4787 1273 4856 sacerdotali
1340 4785 1655 4869 dignitate
1719 4783 1986 4849 tandem
2049 4782 2379 4851 abdicatis.
2481 4784 2674 4862 Nam,
2743 4792 2820 4848 ut

894 4887 1047 4940 ante
1113 4874 1428 4955 diximus,
1507 4871 1751 4955 posteri
1819 4870 2099 4935 Aaronis
2163 4891 2386 4935 omnes
2452 4870 2817 4954 portionem

893 4981 1080 5026 suam
1124 4971 1275 5022 ante
1321 4957 1480 5022 alios
1508 4957 1774 5021 Levitae
1815 4952 2195 5021 obtinebant
2237 4957 2304 5020 in
2350 4955 2698 5031 sacrificiis,
2743 4974 2818 5020 ao

941 5043 1167 5109 roinde
1211 5065 1250 5107 a
1294 5063 1565 5107 munere
1609 5041 1993 5108 sacerdotali
2039 5041 2272 5125 depelli
2317 5060 2447 5105 non
2493 5051 2815 5123 poterant.

949 5129 1025 5192 ed
1071 5131 1216 5207 ista,
1262 5139 1337 5191 ut
1380 5126 1682 5206 diximus,
1727 5129 1922 5192 etiam
1969 5127 2093 5192 fuit
2135 5126 2649 5191 extraordinaria
2693 5147 2815 5208 pu-

891 5214 1074 5292 nitio,
1131 5213 1359 5280 divina
1415 5235 1613 5279 manu
1669 5213 1823 5280 filiis
1879 5221 1948 5279 et
1988 5213 2263 5296 posteris
2306 5211 2462 5276 Heli
2504 5212 2815 5290 immissa,

2575 310 2987 381 HOMILIA
3029 311 3191 384 XII.

4697 320 4794 387 372

2930 512 3002 568 ut
3061 525 3138 569 eo
3198 525 3404 589 usque
3459 506 3859 591 paupertatis
3918 514 3985 571 et
4041 505 4438 591 ignominiae
4483 506 4796 588 deveniant,

2928 599 3003 654 ut
3047 589 3151 654 vel
3196 592 3674 673 portiunculam
3720 605 3786 656 et
3832 592 4182 658 buccellam
4220 593 4405 675 panis
4447 592 4797 659 emendicare

2929 685 3263 759 cogantur.
3306 677 3566 761 ,Itaque
3604 678 3926 743 Dominus
3965 677 4071 744 hic
4115 679 4402 743 minatur
4441 678 4570 741 illis
4609 700 4798 745 exauc-

2928 762 3319 826 torationem
3377 784 3416 827 a
3473 763 3854 829 sacerdotali
3912 763 4246 845 dignitate,
4304 763 4405 829 cui
4452 773 4656 828 tamen
4692 768 4800 830 nati

2928 846 3336 928 videbantur,
3394 850 3562 931 quod
3620 849 3745 914 Dei
3803 869 4039 913 nomen
4098 850 4222 933 ipsi
4281 850 4710 932 profanassent
4752 863 4801 916 et

2928 934 3126 997 totius
3168 934 3387 1016 populi
3433 933 3712 1000 ludibrio
3756 935 4236 1017 exposuissent:
4290 955 4365 1000 ac
4407 936 4661 1017 proinde
4696 956 4799 1000 om·

2927 1019 3108 1082 nium
3154 1021 3394 1097 sannis,
3440 1019 3585 1085 odio
3630 1030 3696 1085 et
3739 1021 4175 1085 maledictioni
4232 1020 4640 1103 exponendos
4676 1042 4798 1098 esse,

2928 1111 2995 1167 et
3038 1114 3346 1187 tanquam
3394 1106 3622 1189 putida
3664 1106 3957 1171 membra
4000 1105 4401 1171 reiiciendos.
4470 1104 4646 1187 Quae
4682 1129 4801 1172 sane

2927 1188 3202 1273 pulchre
3259 1211 3407 1256 cum
3468 1192 3794 1257 sentent-ia
3851 1191 3968 1257 illa
4011 1205 4206 1257 antea
4247 1213 4288 1256 a
4331 1192 4518 1256 nobis
4559 1193 4804 1274 exposita

2926 1276 3364 1356 consentiunt,
3420 1275 3634 1341 Deum
3692 1277 3977 1343 colentes
4035 1298 4109 1344 ac
4163 1277 4446 1343 debitam
4512 1276 4600 1341 illi
4660 1299 4802 1342 reve-

2925 1362 3201 1424 rentiam
3247 1363 3649 1442 exhibentes,
3697 1362 3981 1429 vicissim
4021 1362 4330 1427 honorem
4368 1373 4436 1427 et
4471 1362 4804 1446 dignitatem

2924 1458 3464 1530 consequuturos:
3508 1447 3723 1513 Deum
3761 1470 3914 1513 vero
3949 1462 4176 1514 contra
4217 1448 4685 1522 dedecorantes,
4722 1448 4805 1513 de-

2927 1529 3121 1597 decus
3187 1542 3253 1596 et
3317 1531 3652 1598 infamiam
3732 1546 4192 1617 reportaturos.
4299 1532 4600 1617 Aequum
4670 1535 4806 1598 enim

2926 1626 3047 1698 est,
3106 1626 3181 1681 ut
3222 1617 3331 1700 qui
3379 1617 3592 1685 Deum
3637 1628 3775 1685 toto
3817 1619 4009 1684 corde
4067 1632 4133 1684 et
4175 1618 4428 1685 viribus
4473 1640 4600 1683 non
4637 1619 4809 1686 colue-

2928 1712 3100 1779 runt,
3145 1704 3321 1768 omni
3368 1704 3694 1770 dedecoris
3738 1714 3805 1770 et
3848 1705 4159 1770 infamiae
4200 1726 4442 1789 genere
4485 1706 4806 1770 obruantur.

2929 1785 3061 1854 Sed
3119 1789 3629 1873 quotusquisque
3686 1790 3766 1855 de
3822 1790 3947 1868 his,
4005 1791 4290 1872 obsecro,
4347 1790 4520 1856 serio
4572 1788 4805 1864 cogitat?

2930 1874 3096 1938 Nam
3158 1875 3211 1939 si
3275 1874 3440 1939 forte
3494 1874 3574 1939 de
3615 1874 3742 1940 Dei
3804 1876 4051 1941 honore
4093 1886 4161 1941 et
4205 1876 4414 1960 gloria
4459 1875 4689 1941 tuenda
4723 1875 4806 1939 ad·

2930 1979 3158 2025 versus
3202 1959 3623 2043 profanorum
3659 1961 4073 2044 blasphemas
4113 1981 4302 2028 voces
4339 1962 4574 2046 agitur,
4616 1960 4805 2035 faciles,

2927 2045 3129 2110 immo
3170 2046 3425 2110 remissi
3470 2067 3545 2112 ac
3587 2048 3795 2112 caeeit
3853 2056 3921 2112 at
3963 2048 4019 2112 si
4074 2059 4296 2112 contra
4342 2046 4424 2112 de
4483 2047 4704 2112 nostris
4736 2048 4807 2110 in-

2927 2130 3133 2208 iuriis,
3179 2131 3393 2215 rigidi,
3437 2130 3878 2215 implacabiles
3922 2153 3997 2198 ac
4051 2132 4302 2218 lynceis
4358 2134 4566 2198 oculis
4616 2153 4810 2196 snmus.

2931 2216 3020 2280 Et
3064 2216 3109 2280 ii
3157 2218 3532 2299 praesertim
3581 2219 3961 2302 plerumque
4004 2220 4116 2301 qui
4162 2219 4243 2284 ad
4290 2239 4512 2283 rerum
4540 2218 4810 2302 guberna·

2930 2300 3078 2366 cula
3120 2302 3347 2366 sedent
3390 2304 3592 2367 risum
3630 2305 3759 2370 ista
3793 2305 4135 2387 iocumque
4169 2304 4652 2370 existimabunt.
4707 2302 4809 2368 Noe

2930 2407 3090 2452 vero
3129 2385 3389 2453 divinae
3433 2388 3610 2454 illius
3652 2391 4016 2454 sententiae
4062 2392 4440 2454 memoriam
4489 2398 4698 2454 sancte
4731 2407 4810 2451 co·

2932 2472 3162 2552 lamus,
3230 2473 3745 2558 iudiciorumque
3801 2477 3941 2540 eius
3999 2475 4417 2540 severitatem
4476 2487 4809 2539 metuamus.

2930 2556 3105 2639 Quid
3150 2559 3232 2623 iis
3273 2559 3476 2643 igitur
3528 2561 3819 2625 futurum
3865 2571 4187 2644 putamus,
4248 2562 4361 2643 qni
4423 2563 4553 2624 iam
4609 2558 4810 2644 pridem

2928 2662 3185 2708 omnem
3252 2644 3658 2710 honestatem
3724 2647 3789 2710 in
3865 2646 4134 2712 eeclesia
4191 2644 4317 2710 Dei
4385 2654 4811 2729 perverterunt,

2926 2729 3127 2794 immo
3184 2731 3624 2795 sustulerunt:
3686 2731 3936 2796 nullam
3990 2733 4114 2815 ipsi
4166 2753 4206 2797 a
4263 2733 4407 2797 Deo
4461 2733 4811 2798 vocationem

2929 2814 3166 2897 adepti,
3210 2825 3275 2880 et
3316 2816 3480 2881 falso
3526 2837 3602 2881 ao
3646 2818 3866 2900 spurio
3908 2818 4217 2884 ecclesiae
4261 2818 4532 2882 nominc
4575 2818 4811 2900 glorian·

2931 2899 3073 2964 tes?
3153 2898 3227 2967 Si
3272 2901 3511 2984 posteri
3555 2900 3858 2983 Aaronis,
3917 2904 4148 2986 quibus
4194 2903 4339 2986 lege
4384 2903 4607 2967 divina
4644 2920 4810 2967 sacer·

2929 2985 3161 3050 dotalis
3184 2984 3466 3070 dignitas
3502 2986 3874 3068 debebatur,
3899 3002 4116 3053 tamen
4155 2989 4219 3052 in
4259 3000 4588 3072 posterum
4621 3006 4810 3072 panem

2929 3071 3413 3150 emendicaturi,
3457 3076 3525 3137 in
3567 3074 3965 3157 flagitiorum
4003 3095 4295 3158 poenam,
4331 3073 4651 3150 dicuntur,
4691 3068 4810 3154 quid

2929 3159 3043 3220 fiet
3087 3156 3341 3222 miseris
3400 3160 3500 3237 iis,
3560 3160 3667 3241 qui
3723 3180 3921 3242 quum
3982 3160 4237 3224 nullum
4299 3179 4338 3223 a
4382 3158 4529 3225 Deo
4592 3158 4809 3223 titulum

2928 3242 3092 3307 iuris
3135 3243 3516 3326 acceperint,
3577 3245 3689 3309 sed
3734 3246 3997 3327 ipsimet
4056 3246 4457 3328 irrepserint,
4518 3254 4580 3309 et
4619 3247 4678 3309 in
4718 3241 4811 3306 Dei

2928 3328 3262 3393 ecclesiam
3308 3328 3430 3393 sibi
3476 3331 3893 3396 autoritatem
3931 3332 4301 3415 arrogarint
4343 3325 4812 3416 αὐτοκρατορικὴν,

2930 3433 3112 3496 papa,
3159 3416 3445 3497 inquam,
3493 3436 3780 3491 romano,
3835 3425 3902 3481 et
3945 3417 4124 3480 omni
4183 3416 4296 3482 illa
4337 3416 4698 3482 hierarchia
4731 3433 4815 3495 pa·

2930 3499 3177 3582 pistica,
3243 3500 3531 3583 specioso
3587 3512 3810 3567 tamen
3856 3501 4119 3566 divinae
4161 3501 4326 3586 legis
4373 3511 4719 3585 praetextu,
4767 3503 4814 3561 et

2929 3585 3237 3650 ecclesiae
3281 3587 3712 3668 protectionis,
3757 3589 3940 3652 cuius
3984 3608 4054 3652 se
4095 3588 4258 3652 falso
4304 3585 4462 3652 dum
4500 3598 4814 3671 caputesse

2931 3668 3251 3749 dictitant,
3309 3672 3434 3736 Dei
3491 3673 3801 3739 beneficia
3855 3684 3920 3738 et
3979 3672 4150 3738 dona
4205 3694 4473 3756 prorsus
4517 3671 4812 3755 sepeliunt,

2930 3767 2995 3819 et
3040 3757 3313 3838 pedibus
3356 3756 3738 3824 subiiciunt:
3799 3758 3973 3842 quid,
4020 3760 4307 3841 inquam,
4365 3759 4503 3825 illis
4544 3760 4668 3832 fiet,
4707 3755 4817 3819 Deo

2929 3861 3116 3905 suam
3182 3843 3514 3908 ecclesiam
3582 3846 4011 3924 instaurante,
4091 3853 4157 3908 et
4221 3845 4543 3910 adversus
4605 3843 4815 3908 illorum

2931 3927 3343 4010 tyrannidem
3389 3943 3737 4006 asserente,
3783 3950 3946 4013 quas
3982 3949 4222 4016 poenas
4258 3942 4324 3994 et
4360 3951 4555 4012 quam
4597 3930 4817 3994 horren·

2930 4012 3047 4076 das
3090 4034 3356 4078 manere
3398 4014 3547 4078 illos
3592 4016 4032 4081 arbitramur?
4098 4015 4197 4081 Ac
4242 4017 4297 4081 si
4341 4013 4530 4081 Deus
4571 4015 4648 4079 ad
4687 4025 4812 4075 tem·

2929 4119 3050 4180 pus
3095 4099 3407 4180 quosdam
3449 4100 3708 4185 tolerat,
3766 4101 4148 4168 iudiciorum
4208 4113 4423 4166 tamen
4471 4101 4673 4184 ipsius
4709 4116 4814 4162 cer·

2927 4183 3215 4248 tissimae
3257 4196 3412 4250 sunt
3445 4187 3992 4267 comminationes,
4028 4209 4216 4252 suum
4257 4188 4523 4251 tandem
4561 4185 4813 4250 effectum

2926 4270 3295 4334 sortiturae.
3392 4270 3585 4336 Hanc
3643 4272 3723 4336 ob
3796 4293 4055 4338 causam
4115 4272 4465 4338 Zacharias
4534 4267 4813 4354 praedicit,

2925 4353 3068 4418 Deo
3112 4376 3296 4419 suam
3341 4357 3672 4421 ecclesiam
3721 4378 3760 4423 a
3803 4359 4135 4423 mendacio
4180 4369 4521 4442 purgante,
4566 4368 4814 4421 tnnoooe

2926 4440 3037 4523 qui
3093 4442 3274 4522 prius
3328 4442 3804 4524 prophetarunt
3862 4444 4197 4510 mendacia
4242 4443 4506 4509 tandem
4552 4449 4811 4507 exaucto-

2925 4525 3182 4602 randos,
3227 4536 3295 4591 et
3337 4528 3777 4609 propheticam
3826 4531 4233 4594 vocationem
4270 4528 4728 4613 abnegaturos3
4762 4530 4811 4584 et

2925 4611 3303 4676 confusione
3345 4633 3421 4678 ac
3463 4613 3825 4698 ignominia
3866 4615 4246 4680 obruendos.
4334 4615 4469 4680 Nos
4520 4633 4664 4680 vero
4702 4610 4745 4673 si
4782 4626 4811 4669 11

2927 4696 3069 4761 Deo
3113 4699 3349 4762 nutriri
3394 4698 3488 4764 sic
3543 4712 3844 4782 optamus
3906 4712 3981 4765 ut
4046 4702 4105 4766 ei
4173 4700 4253 4767 de
4317 4715 4590 4783 paterna
4643 4695 4808 4779 ipsius

2925 4804 3080 4867 erga
3123 4806 3240 4849 nos
3286 4785 3735 4850 benevolentia
3779 4788 4020 4871 gratias
4062 4807 4255 4871 agere
4298 4790 4633 4869 possimus,
4674 4792 4808 4845 totos

2922 4869 3018 4932 illi
3061 4889 3180 4934 nos
3223 4891 3669 4936 consecremus
3713 4883 3779 4936 et
3823 4871 4214 4951 addicamus,
4272 4894 4347 4939 ac
4405 4875 4472 4936 in
4537 4889 4661 4935 uno
4697 4863 4805 4930 solo

2924 4955 3427 5038 acquiescamus.
3478 4958 3705 5041 Neque
3748 4957 4117 5023 dubitemus
4172 4958 4330 5042 quin
4387 4960 4442 5022 si
4487 4959 4644 5026 forte
4687 4953 4803 5048 hes·

2924 5040 3081 5104 tium
3141 5043 3550 5108 contumeliis
3627 5056 3692 5108 et
3751 5044 4103 5109 latrociniis
4172 5063 4615 5116 exerceamur,
4688 5054 4803 5100 vln-

2923 5125 3128 5190 dicem
3176 5126 3440 5193 tandem
3485 5129 3672 5193 illum
3720 5129 4153 5213 experiamur,
4199 5130 4391 5195 modo
4435 5129 4514 5194 ab
4555 5126 4660 5192 illo
4696 5118 4802 5220 ⁸91⁰

2923 5211 3351 5294 pendeamus:
3398 5223 3463 5279 et
3504 5227 3733 5284 contra
3776 5236 4076 5280 severum
4123 5215 4423 5296 iudicem,
4478 5213 4533 5280 si
4577 5212 4650 5278 ab
4687 5221 4802 5273 01118
