5059 6059
891 335 977 404 23
2523 334 2938 404 HOMILIA
2979 334 3239 403 XLVI.
4709 336 4764 401 24

891 546 1045 593 mur
1094 547 1229 592 non
1270 545 1587 610 quaerere
1628 525 1893 611 effugia,
1949 546 2150 610 quum
2197 526 2323 593 Dei
2369 524 2570 591 verbo
2613 545 2829 609 repre-

893 611 1263 690 hendimur,
1301 633 1385 677 ne
1420 611 1668 678 malum
1705 612 1877 678 malo
1910 612 2335 679 cumulemus.
2423 610 2605 692 Quin
2633 613 2831 677 etiam

889 695 1259 765 cavendum
1317 718 1732 781 summopere
1788 720 1871 765 ne
1924 698 2138 781 specie
2180 697 2293 763 illa
2334 699 2831 764 excusationum

893 782 1328 866 decipiamur:
1376 783 1899 867 quandoquidem
1942 784 2155 850 solent
2190 784 2487 850 homines
2523 784 2833 868 speciosis

891 869 1222 937 coloribus
1288 879 1512 955 tegere
1583 880 1650 936 et
1715 871 1953 946 fucare,
2030 889 2198 952 quae
2261 890 2341 933 ex
2409 868 2663 934 arbitrii
2731 870 2833 935 sui

893 976 1094 1023 sensu
1153 963 1220 1020 et
1277 957 1544 1040 propria
1603 957 1941 1022 voluntate
1985 955 2230 1020 faciunt
2271 965 2499 1020 contra
2546 955 2675 1020 Dei
2721 978 2830 1019 vo-

891 1040 1235 1108 luntatem.
1324 1041 1497 1108 Nam
1560 1041 1846 1125 exempli
1903 1043 2135 1125 gratia,
2206 1060 2424 1105 nonne
2477 1042 2831 1124 papisticus

892 1127 1047 1193 illae
1104 1129 1605 1211 superstitiones
1657 1138 1722 1193 et
1777 1127 2133 1207 illusiones,
2199 1146 2357 1209 quas
2413 1126 2540 1192 Dei
2584 1126 2830 1193 cultum

892 1223 1151 1287 vocant,
1218 1213 1524 1296 speciosis
1582 1214 1943 1297 sapientiae
2001 1213 2359 1279 rationibus
2416 1211 2827 1279 fulciuntur?

896 1294 1074 1366 Sane
1128 1300 1374 1365 Paulus
1434 1299 1528 1365 ita
1585 1299 1885 1382 loquitur,
1947 1319 2151 1381 quum
2196 1318 2313 1363 suo
2357 1299 2490 1363 iam
2535 1308 2829 1381 tempore

895 1384 1217 1468 quaedam
1275 1385 1701 1469 imaginariae
1745 1384 2244 1465 superstitiones
2287 1385 2355 1448 in
2402 1384 2531 1449 Dei
2574 1388 2825 1450 cultum

892 1470 1385 1551 inveherentur,
1442 1469 1585 1536 aliis
1627 1469 1869 1550 legales
1912 1470 2351 1535 caeremonias
2393 1470 2829 1536 retinentibus

894 1554 1286 1623 abstinendo
1346 1578 1385 1620 a
1446 1557 1605 1622 cibis
1660 1554 1806 1639 lege
1865 1554 1991 1619 Dei
2051 1555 2414 1637 prohibitis,
2470 1556 2617 1621 aliis
2678 1578 2829 1621 vero

892 1641 1014 1707 hos
1070 1650 1137 1707 et
1187 1642 1334 1708 illos
1395 1643 1564 1707 ritus
1619 1662 1703 1706 ex
1758 1662 1874 1705 suo
1929 1662 2123 1706 sensu
2182 1641 2598 1741 fingentibus,
2667 1663 2829 1725 quae

771 1758 772 1761 ¹
893 1728 1115 1795 omnia
1169 1727 1330 1794 dicit
1389 1727 1630 1793 habere
1686 1727 1970 1809 speciem
2027 1728 2384 1810 sapientiae
2442 1736 2510 1792 et
2564 1727 2829 1792 humili-

893 1814 1070 1880 tatis.
1159 1815 1328 1879 Nam
1375 1814 1486 1896 qui
1531 1814 1634 1878 his
1679 1812 1781 1876 vel
1827 1812 1957 1878 illis
2002 1811 2195 1877 rebus
2235 1812 2672 1898 abstinebant,
2733 1827 2827 1877 to·

889 1899 1093 1964 tidem
1140 1899 1349 1965 modis
1385 1920 1646 1966 carnem
1683 1919 1868 1964 suam
1906 1898 2169 1963 domare
2205 1898 2612 1964 videbantur.
2703 1899 2820 1964 At·

889 2004 1017 2068 que
1064 1986 1222 2051 haec
1266 1996 1366 2050 est
1412 1984 1602 2049 hodie
1647 1985 2048 2069 papistarum
2094 1984 2402 2060 doctrina,
2462 1984 2824 2069 quadrage-

889 2071 1121 2136 simale
1177 2070 1341 2136 illud
1400 2069 1714 2134 ieiunium
1763 2070 2183 2146 laudantium,
2250 2081 2560 2153 tanquam
2607 2093 2827 2137 neces-

890 2156 1134 2221 sarium
1183 2156 1265 2221 ad
1311 2177 1575 2222 carnem
1623 2155 2006 2221 domandam
2052 2166 2119 2220 et
2158 2154 2583 2222 coercendam
2626 2177 2830 2222 reme-

892 2241 1094 2307 dium.
1186 2241 1395 2323 Quasi
1448 2262 1605 2308 vero
1654 2240 2012 2306 domandae
2053 2242 2271 2307 carnis
2315 2242 2484 2305 ratio
2545 2242 2628 2306 sit
2698 2243 2828 2307 dis-

890 2328 1142 2394 crimen
1199 2326 1364 2391 illud
1422 2327 1721 2392 carnium
1779 2340 1844 2391 et
1885 2327 2183 2409 piscium,
2238 2338 2306 2390 et
2348 2327 2581 2412 religio
2625 2328 2826 2393 absti-

893 2411 1092 2478 nendi
1130 2432 1171 2476 a
1205 2412 1421 2480 carnis
1466 2412 1695 2478 suillae
1740 2412 2036 2488 frustulo‚
2082 2413 2254 2478 facta
2297 2413 2567 2477 interim
2612 2424 2826 2497 potes·

893 2505 1031 2563 tate
1080 2497 1432 2565 ventriculi
1492 2508 1556 2562 et
1611 2498 1975 2564 abdominis
2019 2498 2163 2563 aliis
2208 2497 2694 2564 delicatioribus
2737 2501 2824 2564 ci-

892 2584 995 2649 bis
1039 2584 1121 2648 ad
1167 2604 1481 2650 nauseam
1523 2604 1730 2668 usque
1774 2583 2088 2667 replendi,
2132 2584 2198 2648 in
2246 2582 2479 2666 quibus
2524 2586 2827 2651 omnibus

894 2669 1236 2735 hominum
1292 2670 1653 2754 praeceptis
1695 2691 2000 2753 magnam
2047 2669 2431 2751 sapientiam
2477 2679 2824 2737 ostentant.

893 2753 1030 2820 Sed
1078 2756 1327 2821 Paulus
1369 2756 1592 2821 fideles
1637 2755 1938 2821 admonet
1984 2756 2066 2820 de
2108 2755 2268 2834 istis,
2313 2768 2387 2819 ut
2431 2753 2684 2821 discant
2719 2756 2829 2821 ho-

891 2841 1147 2906 minum
1205 2841 1620 2907 inventiones
1678 2844 1917 2925 fugere,
1975 2839 2147 2924 quod
2210 2840 2439 2905 inanes
2497 2853 2565 2905 et
2607 2843 2829 2908 irritae

891 2926 1049 3006 sint,
1121 2937 1188 2991 et
1252 2927 1322 2991 in
1380 2925 1594 2993 fumos
1651 2928 1904 2993 abeant.
1992 2927 2226 3009 Itaque
2285 2926 2437 2991 licet
2489 2926 2829 2993 hominum

892 3012 1134 3079 iudicio
1181 3009 1343 3079 Saul
1388 3012 1742 3096 prudenter
1783 3012 2009 3079 fecisse
2053 3012 2176 3077 dici
2217 3012 2440 3096 possit,
2486 3032 2689 3094 quum
2726 3035 2829 3079 sa-

894 3097 1217 3165 crificium
1273 3097 1425 3164 fecit
1484 3099 1695 3165 Deum
1740 3099 2183 3176 consulturus,
2244 3105 2311 3164 et
2356 3096 2423 3162 in
2471 3096 2668 3163 rebus
2711 3120 2829 3164 an·

889 3183 1104 3269 gustis
1161 3185 1610 3250 invocaturus:
1674 3193 1895 3249 tamen
1953 3183 2352 3249 contrarium
2414 3195 2685 3266 apparet
2741 3205 2827 3249 ex

894 3270 1257 3354 prophetae
1303 3267 1628 3336 Samuelis
1671 3290 1998 3354 responso,
2041 3289 2244 3352 quum
2292 3268 2417 3333 Dei
2460 3270 2729 3335 nomine
2765 3279 2831 3336 et

896 3357 1250 3421 autoritate
1336 3354 1604 3422 Saulem
1692 3356 1786 3421 sic
1865 3354 2246 3437 alloquitur:
2336 3353 2558 3419 Stulte
2620 3356 2828 3439 egisti.

893 3441 1337 3523 Quamobrem
1399 3461 1861 3525 cognoscamus
1917 3438 2230 3524 quidquid
2287 3440 2429 3505 sine
2477 3440 2601 3504 Dei
2646 3462 2829 3506 man-

902 3527 1052 3593 dato
1112 3527 1296 3593 nobis
1343 3526 1569 3610 placet,
1634 3548 1766 3592 non
1811 3527 2000 3591 modo
2044 3525 2391 3591 stultitiam
2432 3524 2572 3590 fore
2614 3547 2828 3593 coram

900 3614 1064 3694 Deo,
1128 3613 1241 3678 sed
1307 3613 1502 3678 etiam
1558 3612 2124 3689 abominationem,
2191 3622 2266 3676 ut
2310 3609 2466 3675 dicit
2510 3610 2831 3677 Dominus

897 3698 1075 3783 apud
1121 3699 1392 3775 Lucam,
1436 3698 1610 3781 quod
1654 3698 1827 3782 apud
1871 3698 2168 3763 homines
2211 3695 2487 3761 sublime
2525 3705 2641 3771 est,
2686 3699 2832 3764 abo-

901 3785 1324 3850 minationem
1383 3805 1524 3849 esse
1581 3784 1648 3849 in
1707 3794 2057 3868 conspectu
2119 3781 2267 3847 Dei.
2355 3781 2446 3845 Et
2500 3790 2711 3848 tamen
2758 3805 2833 3849 ea

905 3880 1004 3937 est
1047 3869 1386 3935 hominum
1432 3868 1748 3946 vecordia,
1791 3880 1870 3936 ut
1902 3867 2215 3953 quidquid
2251 3866 2471 3931 animo
2507 3868 2832 3947 finxerint,

903 3956 1048 4021 Deo
1129 3965 1388 4039 gratum
1472 3976 1615 4021 esse
1682 3955 1915 4022 debere
1973 3954 2096 4019 sibi
2162 3951 2612 4034 persuadeant.
2703 3953 2833 4021 Sed

903 4061 1161 4125 quaeso,
1218 4061 1383 4122 quae
1436 4041 1892 4109 convenientia
1948 4048 2047 4105 est
2102 4039 2277 4103 inter
2337 4037 2553 4102 Deum
2609 4051 2673 4104 et
2718 4040 2835 4105 ho-

904 4127 1137 4204 mines,
1211 4126 1448 4203 Deum,
1509 4128 1795 4209 inquam,
1854 4126 2386 4207 omnipotentem,
2447 4134 2506 4186 et
2567 4126 2836 4191 miseros

903 4212 1373 4279 homunciones
1410 4211 1478 4275 in
1515 4222 1691 4276 terra
1727 4214 1934 4277 instar
1961 4209 2432 4275 lumbricorum
2456 4211 2832 4292 reptantes?

904 4299 1009 4365 Ea
1051 4317 1210 4364 sane
1254 4317 1419 4380 quae
1461 4297 1603 4379 igni
1647 4314 1793 4361 cum
1838 4318 2022 4380 aqua.
2116 4294 2299 4359 Deus
2350 4293 2518 4357 enim
2570 4316 2608 4358 a
2653 4296 2835 4363 nobis

907 4384 1269 4449 vehemens
1327 4382 1616 4448 studium
1673 4383 1743 4447 in
1802 4383 2005 4465 ipsius
2064 4380 2242 4445 cultu
2303 4379 2604 4460 postulat,
2658 4390 2722 4446 et
2761 4391 2839 4447 ut

906 4470 1049 4536 sine
1086 4469 1411 4554 hypocrisi
1449 4477 1515 4532 et
1549 4468 1962 4533 simulatione
1997 4465 2289 4531 colamus
2327 4483 2496 4542 eum,
2543 4474 2609 4530 et
2643 4488 2836 4533 vene-

907 4576 1131 4621 remur
1200 4574 1284 4618 ex
1350 4572 1507 4618 suae
1571 4554 1934 4618 voluntatis
2000 4550 2419 4634 praescripto.
2506 4550 2642 4618 Nos
2684 4574 2838 4619 vero

907 4639 1202 4707 carnales
1267 4659 1493 4703 sumus
1555 4649 1620 4702 et
1665 4640 1840 4721 pleni
1885 4634 2337 4713 simulationis,
2403 4642 2475 4698 ut
2517 4637 2610 4700 ait
2651 4658 2835 4721 apos-

906 4725 1101 4790 tolus.
1192 4722 1445 4788 Deinde
1525 4745 1602 4789 ea
1674 4737 1773 4788 est
1836 4721 2173 4787 hominum
2239 4718 2510 4785 audacia
2576 4733 2641 4786 et
2705 4732 2834 4789 tam

908 4810 1108 4875 stulta
1151 4810 1539 4892 arrogantia,
1599 4818 1673 4873 ut
1716 4810 1784 4873 in
1829 4828 1906 4873 ea
1948 4827 2020 4872 se
2062 4805 2349 4869 inferant
2392 4814 2457 4869 et
2499 4806 2838 4875 intrudant

909 4914 1080 4975 quae
1148 4915 1272 4959 non
1339 4904 1614 4977 oportet.
1704 4895 1813 4958 An
1879 4890 2022 4955 ideo
2083 4910 2235 4954 vero
2293 4890 2463 4971 quod
2509 4896 2836 4960 temerarii

910 4997 1142 5042 sumus
1184 4990 1249 5043 et
1292 4990 1670 5063 arrogantes
1714 4979 1898 5044 Deus
1933 4983 2192 5061 gratum
2230 4975 2494 5041 babebit
2527 4980 2834 5064 quidquid

910 5061 1006 5126 illi
1051 5063 1523 5128 obtulerimus?
1613 5063 1791 5129 Sane
1837 5065 1985 5129 licet
2030 5070 2206 5125 totus
2250 5061 2530 5128 mundus
2574 5065 2640 5130 in
2678 5067 2836 5131 stul-

911 5156 1045 5209 tam
1106 5147 1273 5212 hanc
1331 5151 1704 5231 opinionem
1771 5170 1888 5215 nos
1948 5146 2297 5220 induxerit,
2381 5146 2561 5214 Deus
2618 5163 2831 5217 tamen

906 5230 1168 5295 irritum
1215 5253 1357 5297 esse
1404 5244 1702 5298 conatum
1743 5244 2034 5300 nostrum
2073 5233 2558 5300 demonstrabit.
2644 5236 2831 5302 Istud

2933 526 3111 592 enim
3168 534 3383 590 ratum
3430 543 3572 589 esse
3615 530 3889 608 oportet,
3945 544 3984 588 a
4027 524 4287 589 viarum
4341 522 4592 589 Domini
4640 547 4768 610 prae·

2931 612 3177 695 scripto
3255 608 3634 676 recedentes
3707 630 3965 693 semper
4029 610 4524 675 condemnatum
4577 610 4641 675 iri
4687 612 4772 681 hm

2932 717 3090 763 voce
3137 694 3494 763 Samuelis:
3554 694 3776 763 Stulte
3821 707 3883 760 te
3928 696 4207 780 gessisti.
4295 695 4482 760 Licet
4523 698 4660 761 enim
4694 702 4772 766 tibi

2930 804 3192 849 causam
3236 782 3475 848 bonam
3517 783 3749 865 fingas,
3794 781 3979 847 Deus
4025 794 4245 847 tamen
4288 780 4484 865 longe
4525 802 4675 848 secus
4705 800 4774 851 est

2930 868 3354 935 iudicaturus.
3444 867 3619 934 Hinc
3654 868 3873 951 itaque
3913 870 3980 931 in
4017 888 4256 951 genere
4292 867 4597 933 discamus
4626 871 4777 936 nullas

2931 974 3243 1038 quaerere
3288 954 3737 1021 excusationes
3780 953 4014 1036 quibus
4057 954 4233 1018 facta
4276 966 4498 1018 nostra
4531 964 4776 1038 tegamus:

2931 1061 3140 1123 neque
3197 1038 3279 1104 ad
3342 1049 3631 1105 nostram
3675 1060 4049 1105 mensuram
4093 1052 4206 1103 aut
4246 1048 4548 1104 stateram
4587 1050 4641 1104 et
4673 1063 4778 1107 nor·

2930 1146 3101 1191 mam
3149 1124 3375 1191 eadem
3422 1124 3791 1208 appendere
3831 1137 3898 1190 et
3939 1127 4315 1190 examinare
4359 1145 4552 1207 quum
4584 1124 4649 1190 de
4677 1127 4781 1192 boni

2929 1223 2997 1277 et
3076 1212 3230 1276 mali
3309 1209 3684 1278 discrimine
3743 1210 4168 1277 iudicandum
4231 1222 4351 1275 est.
4439 1209 4606 1274 Nihil
4656 1214 4783 1277 enim

2930 1298 3105 1363 aliud
3185 1318 3374 1381 quam
3461 1297 3874 1362 mendacium
3943 1312 4009 1362 et
4073 1296 4292 1361 inanis
4356 1295 4565 1361 illusio
4621 1312 4784 1363 nostr:

2930 1404 3351 1467 quaecunque
3411 1392 3781 1447 commenta
3836 1383 4430 1466 deprehendentur,
4489 1394 4550 1445 et
4586 1384 4644 1446 in
4677 1406 4782 1466 ope-

2929 1470 3110 1537 ribus
3164 1468 3515 1534 infidelitas
3568 1469 3922 1551 apparebit.
4013 1468 4235 1551 Quare
4280 1467 4624 1532 cavendum
4661 1490 4786 1533 sum·

2930 1576 3190 1638 mopere
3234 1575 3317 1619 ne
3363 1555 3469 1619 hic
3513 1553 3690 1619 falsis
3735 1554 3974 1621 nostris
4020 1554 4412 1637 ponderibus
4474 1562 4539 1618 et
4593 1557 4787 1619 stateris

2930 1641 3143 1707 locum
3204 1640 3433 1705 demus
3476 1640 3546 1704 in
3591 1639 4017 1705 discernendo
4066 1640 4232 1705 bono
4277 1661 4318 1704 a
4360 1639 4557 1705 malo:
4612 1641 4704 1704 sed
4736 1662 4789 1704 ex

2929 1729 3067 1793 solo
3131 1725 3256 1791 Dei
3325 1728 3520 1790 verbo
3584 1725 4006 1809 pendeamus,
4074 1738 4141 1791 et
4205 1727 4287 1790 ad
4345 1725 4504 1790 illud
4549 1736 4788 1808 tanquam

2932 1814 3189 1879 unicam
3256 1832 3548 1876 normam
3611 1813 3777 1876 facta
3834 1815 4052 1877 omnia
4112 1810 4416 1895 dictaque
4462 1821 4664 1876 nostra
4697 1810 4792 1875 exi·

2931 1920 3180 1983 gamus.
3267 1897 3489 1979 Atque
3548 1898 3671 1961 ista
3727 1910 3883 1962 suut
3943 1898 4129 1962 nobis
4180 1918 4261 1961 ex
4306 1896 4527 1963 Saulis
4564 1897 4792 1978 increpa·

2932 1987 3105 2050 tione
3188 1985 3542 2048 retinenda.
3654 1982 4003 2049 Caeterum
4082 1983 4491 2048 observanda
4569 1982 4795 2047 vicissim

2929 2069 3256 2136 Samuelis
3301 2071 3366 2132 in
3415 2069 3617 2133 Saule
3661 2069 4072 2151 corripiendo
4110 2069 4445 2134 modestia.
4532 2068 4681 2134 Nam
4711 2069 4795 2131 etsi

2930 2178 3044 2221 rex
3090 2157 3231 2239 ipse
3273 2155 3515 2220 salutet
3556 2154 3768 2237 ipsum
3813 2155 4115 2231 officiose,
4162 2154 4591 2219 nihilominus
4632 2166 4797 2217 tamen

2929 2243 3012 2306 ab
3068 2242 3279 2307 officio
3341 2261 3470 2305 non
3525 2239 3783 2317 recedit,
3851 2241 4010 2324 quin
4070 2239 4329 2305 cordate
4388 2262 4620 2305 munus
4657 2259 4799 2302 suum

2931 2338 3346 2409 exsequatur,
3417 2339 3484 2391 et
3550 2324 3815 2392 Saulem
3884 2325 4135 2391 duriter
4198 2328 4511 2410 increpet,
4574 2340 4640 2389 ut
4692 2323 4797 2389 {soti

2931 2416 3094 2477 ratio
3153 2411 3536 2496 postulabat.
3598 2424 3666 2476 et
3706 2411 3891 2476 Deus
3935 2413 4074 2494 ipse
4116 2412 4401 2478 iubebat.
4491 2410 4616 2476 Hic
4654 2412 4802 2494 igitur

2931 2500 3188 2583 insigne
3258 2497 3595 2581 exemplar
3660 2498 4044 2581 proponitur
4107 2496 4502 2562 imitandum
4560 2495 4801 2560 omnibus

2930 2586 3113 2650 verbi
3187 2584 3393 2650 divini
3454 2582 3822 2650 doctoribus
3878 2594 3945 2648 et
4003 2584 4350 2658 ministris,
4431 2595 4506 2648 ut
4560 2582 4805 2647 nimirum

2933 2670 3132 2736 nullis
3189 2690 3401 2752 neque
3446 2668 3660 2744 minis,
3722 2689 3926 2753 neque
3970 2668 4477 2753 adulationibus,
4532 2669 4610 2734 ab
4649 2666 4803 2732 officio

2932 2755 3409 2833 deterreantur,
3472 2754 3584 2820 sed
3643 2755 3854 2823 officio
3898 2776 4015 2820 suo
4062 2757 4461 2839 fungantur:
4522 2776 4595 2821 ac
4653 2752 4703 2819 si
4738 2748 4805 2816 vel

2931 2842 3097 2923 odio,
3146 2842 3241 2907 vel
3286 2852 3665 2924 contemptu
3710 2851 4104 2923 premantur,
4165 2840 4597 2907 nihilominus
4635 2850 4802 2904 tamen

2933 2928 2998 2992 in
3058 2929 3398 2994 vocatione
3454 2926 3607 2991 forti
3666 2938 3734 2991 et
3790 2928 4114 3009 praesenti
4160 2927 4382 2991 animo
4428 2930 4806 3009 perseverent.

2931 3024 2997 3079 et
3064 3013 3399 3079 hominum
3471 3012 3777 3078 malitiam
3848 3012 4027 3077 flocci
4088 3013 4350 3091 faciant,
4426 3024 4495 3077 et
4559 3010 4807 3076 adversus

2933 3119 3074 3164 eam
3147 3098 3523 3164 audaciores
3587 3108 3760 3163 eant.
3852 3096 3974 3164 Sin
4037 3110 4267 3164 contra
4334 3098 4443 3163 vel
4513 3094 4804 3163 honoribus

2935 3185 3037 3250 vel
3099 3183 3430 3250 blanditiis
3488 3183 3999 3263 demulceantur,
4058 3183 4204 3250 Deo
4260 3181 4480 3249 tamen
4529 3185 4597 3248 in
4638 3181 4807 3265 primis

2934 3270 3354 3336 serviendum
3414 3269 3641 3349 sciant,
3708 3290 4061 3353 eorumque
4116 3268 4319 3336 saluti
4376 3266 4807 3339 consulendum,

2933 3377 3208 3441 quorum
3265 3356 3425 3439 ipsis
3483 3376 3523 3419 a
3580 3356 3868 3421 Domino
3922 3374 4082 3421 cura
4137 3355 4490 3421 commissa
4532 3364 4657 3420 est:
4708 3352 4812 3416 licet

2934 3443 3163 3508 durius
3219 3443 3515 3524 excipere
3569 3440 3715 3507 illos
3775 3440 4071 3521 debeant,
4142 3449 4211 3505 et
4262 3441 4553 3507 scabiem
4610 3439 4810 3503 illorum

2932 3529 3258 3612 refricare,
3303 3527 3483 3592 nullo
3531 3527 3723 3591 modo
3769 3538 4108 3609 parcentes
4143 3526 4323 3592 vitiis
4356 3526 4813 3609 quotiescunque

2934 3635 3003 3680 se
3067 3613 3314 3680 occasio
3381 3611 3709 3693 obtulerit,
3774 3633 3859 3677 ne
3925 3612 4198 3695 prodere
4252 3611 4544 3678 salutem
4584 3612 4813 3695 ipsorum

2934 3699 3305 3778 videantur,
3366 3707 3431 3762 et
3488 3698 3559 3761 in
3618 3698 3919 3763 ultimum
3977 3699 4252 3764 exitium
4310 3699 4650 3765 coniicere.
4725 3688 4817 3759 Sed

2935 3785 3221 3850 vicissim
3282 3782 3643 3850 cavendum
3702 3804 3785 3848 ue
3842 3783 4043 3866 aliqui
4101 3805 4173 3850 se
4232 3785 4437 3849 verbo
4484 3785 4611 3849 Dei
4653 3799 4815 3862 repre-

2933 3869 3131 3936 hendi
3213 3870 3481 3936 moleste
3561 3869 3807 3947 ferant;
3891 3869 4003 3934 sed
4086 3870 4440 3936 Paulinam
4517 3866 4815 3935 doctrinam

2935 3971 3269 4039 usurpent,
3338 3956 3649 4020 nimirum
3708 3956 3800 4019 ita
3857 3957 4252 4039 compositos
4308 3976 4531 4021 mores
4575 3953 4815 4021 habeant,

2937 4050 3013 4107 ut
3070 4042 3394 4107 intrantes
3437 4041 3504 4105 in
3554 4040 4077 4106 Christianorum
4124 4056 4378 4107 coetum
4426 4039 4714 4107 infideles
4747 4055 4814 4098 ar·

2936 4138 3245 4212 guantur,
3319 4136 3386 4192 et
3456 4127 3767 4192 honorem
3839 4126 4032 4192 verbo
4088 4126 4217 4193 Dei
4280 4127 4579 4191 debitum
4638 4124 4817 4190 habero

2936 4224 3276 4297 cogantur.
3365 4213 3533 4278 Nam
3611 4213 3665 4277 si
3731 4212 3979 4278 Paulus
4044 4213 4172 4278 ista
4238 4213 4316 4277 de
4382 4211 4729 4278 incredulis
4774 4214 4815 4267 et

2939 4300 3194 4364 miseris
3236 4297 3628 4382 hominibus,
3674 4299 3786 4381 qui
3822 4298 4076 4363 nullum
4115 4310 4311 4363 antea
4345 4297 4617 4364 divinae
4648 4294 4818 4361 maios

2942 4385 3091 4449 tatis
3170 4405 3432 4450 sensum
3511 4383 3896 4462 habuerant,
3978 4383 4382 4449 densissimis
4462 4379 4814 4469 ignorantiae

2940 4470 3221 4535 tenebris
3265 4471 3572 4551 immersi,
3630 4470 3922 4553 protulit,
3982 4482 4226 4553 quanto
4271 4472 4486 4554 magis
4532 4468 4711 4534 debet
4742 4462 4817 4527 hs-

2941 4554 3091 4620 bere
3148 4557 3278 4621 vim
3337 4556 3406 4620 in
3458 4556 3542 4621 iis
3599 4555 3710 4639 qui
3765 4576 3836 4622 se
3892 4554 4077 4620 verbi
4138 4555 4346 4621 divini
4389 4554 4725 4623 auditores.
4771 4556 4813 4608 ὅ

2939 4641 3157 4724 gregis
3236 4641 3441 4705 divini
3517 4662 3671 4708 oves
3734 4641 4166 4725 profitentur?
4257 4640 4486 4721 Quare
4554 4641 4816 4706 diseamus

2938 4727 3250 4791 admoniti
3295 4737 3358 4791 et
3403 4726 3632 4792 durius
3676 4727 3990 4810 increpati
4037 4729 4117 4791 de
4163 4728 4446 4810 peccatis
4495 4748 4622 4792 non
4656 4722 4815 4800 indig-

2938 4814 3101 4889 nari,
3158 4833 3368 4895 neque
3423 4812 3684 4895 obloqui
3727 4822 3793 4877 et
3839 4833 4254 4897 responsare:
4313 4812 4427 4877 sed
4476 4811 4743 4878 modeste
4772 4810 4815 4867 et

2938 4897 3186 4980 placide
3238 4898 3702 4964 correct-ionem
3761 4898 4124 4975 admittere,
4184 4920 4355 4982 quae
4400 4899 4475 4962 in
4523 4900 4741 4964 bonum
4770 4898 4813 4951 et

2938 4983 3287 5048 utilitatem
3332 4993 3641 5063 nostram,
3687 5006 3726 5048 a
3771 4985 4139 5067 pastoribus
4186 4993 4303 5050 aut
4346 4984 4501 5050 aliis
4546 4986 4717 5056 faeta,
4749 4994 4813 5039 ω’

2937 5068 3053 5133 dit.
3142 5068 3318 5135 Sane
3390 5069 3547 5135 Saul
3617 5090 3746 5134 non
3808 5069 4073 5136 admisit
4132 5070 4464 5137 Samuelis
4524 5064 4815 5151 reprehen-

2935 5154 3217 5219 sionem:
3301 5174 3451 5220 nam
3529 5157 3742 5239 coepit
3808 5166 3947 5221 tum
4014 5156 4297 5241 suffugia
4360 5174 4687 5239 quaerere
4754 5144 4813 5244 ,Εἰ

2937 5239 3239 5324 deinceps
3296 5242 3493 5306 etiam
3553 5241 3924 5307 videbimus
3985 5264 4133 5307 eum
4200 5243 4461 5327 longius
4521 5241 4602 5308 ab
4642 5237 4813 5304 cfficlv·
