5059 6059
300 230 429 296 645

302 420 388 484 tis
449 418 724 484 indutus
781 430 987 499 esset,
1051 427 1120 484 et
1181 418 1422 501 aliquis
1482 441 1519 485 e
1576 418 1763 501 plebe
1825 416 1931 482 vel
1986 414 2274 482 rusticus

304 503 502 570 homo
546 502 902 581 videretur,
967 511 1041 569 ut
1096 504 1244 588 quis
1300 503 1415 570 ille
1460 512 1633 571 esset
1675 501 1993 586 suspicari
2038 500 2275 566 mulier

306 611 443 655 non
504 590 829 672 potuerit:
887 589 1002 656 sed
1066 611 1150 655 ex
1210 598 1353 654 arte
1411 612 1531 655 sua
1588 590 1898 656 invocato
1956 586 2276 652 daemone

312 674 583 741 tandem
627 674 871 741 viderit
915 683 981 739 et
1026 675 1373 760 agnoverit
1415 676 1653 758 spiritu
1691 673 1975 757 quodam
2022 671 2275 737 divina-

311 760 533 839 tionis,
595 759 769 844 quod
815 780 1050 827 sensus
1094 761 1305 843 ipsius
1360 762 1697 845 percipere
1755 779 1889 824 non
1950 767 2274 842 poterant.

307 845 440 912 Hic
486 865 649 910 vero
694 845 944 912 multae
985 846 1299 912 oriuntur
1341 848 1778 929 quaestiones,
1840 853 1909 909 et
1965 843 2274 927 inprimis

310 952 398 997 an
443 930 742 997 diabolus
785 951 1011 997 rerum
1056 933 1432 998 futurarum
1480 952 1624 997 eam
1671 930 1915 995 habeat
1955 928 2271 1013 cognitio-

311 1038 487 1096 nem,
549 1025 622 1082 ut
664 1018 873 1099 possit
916 1037 1028 1082 eas
1087 1017 1424 1083 revelare:
1486 1017 1792 1099 deinceps
1852 1015 2027 1080 enim
2089 1012 2273 1077 vide-

310 1102 527 1168 bimus
594 1113 939 1168 evocatum
1010 1105 1212 1169 istum
1293 1122 1455 1168 sane
1533 1103 1747 1168 velem
1830 1100 2269 1183 imaginarum

309 1187 515 1253 fuisse
537 1186 622 1272 ⁴⁵),
667 1186 734 1251 id
779 1200 879 1253 est
902 1198 1237 1271 spectrum
1285 1188 1460 1272 quod
1497 1189 1694 1253 istum
1720 1184 1933 1251 velem
1972 1183 2270 1262 referret,

310 1286 387 1338 ut
430 1273 511 1337 de
554 1273 983 1357 interrogatis
1027 1283 1249 1358 posset
1293 1273 1711 1356 respondere.
1800 1271 2038 1353 Itaque
2075 1268 2269 1334 multi

312 1358 701 1423 existimant
753 1379 883 1422 non
944 1379 1130 1443 posse
1191 1358 1483 1424 diabolos
1547 1378 1717 1442 quae
1770 1357 1960 1422 nobis
2019 1354 2272 1420 occulta

311 1452 468 1509 sunt
504 1462 918 1527 cognoscere.
1013 1445 1116 1509 Ad
1161 1464 1359 1527 quam
1404 1447 1853 1529 quaestionem
1916 1442 2048 1507 iam
2107 1440 2271 1505 alias

312 1528 801 1613 respondimus,
862 1537 933 1594 et
989 1529 1362 1606 docuimus,
1436 1529 1714 1595 stultum
1783 1547 1925 1592 esse
1995 1525 2271 1591 diabolis

312 1615 678 1680 attribuere
721 1615 1065 1681 scientiam
1113 1636 1331 1680 rerum
1381 1614 1780 1693 futurarum,
1834 1630 2003 1696 quae
2047 1611 2116 1675 in
2161 1630 2267 1675 ar·

311 1721 479 1767 cano
535 1700 667 1764 Dei
723 1700 992 1766 consilio
1059 1701 1513 1766 continentur:
1581 1698 1693 1765 ssd
1762 1700 1816 1763 si
1885 1697 1967 1763 de
2030 1704 2273 1761 natura

313 1785 636 1851 diabolica
679 1785 1057 1867 quaerimus
1101 1797 1356 1852 certum
1416 1806 1559 1852 esse
1600 1784 1751 1849 illos
1794 1783 1994 1867 longa
2050 1801 2271 1848 rerum

312 1871 729 1955 experientia
772 1870 1034 1936 edoctos
1081 1872 1286 1937 multa
1331 1868 1562 1936 fraude
1605 1869 1870 1951 habere,
1916 1868 2153 1952 quibus
2188 1867 2270 1931 ad

308 1957 560 2022 malum
617 1976 741 2021 nos
797 1957 1239 2039 impellentes,
1298 1977 1499 2039 quum
1574 1957 1710 2020 sint
1768 1955 2040 2037 spiritus
2084 1953 2269 2030 aerii,

309 2062 505 2126 posse
548 2041 696 2106 illos
742 2041 954 2106 multa
997 2042 1165 2109 scire
1209 2062 1376 2124 quae
1400 2062 1520 2107 nos
1556 2041 1721 2107 scire
1744 2061 1876 2106 non
1901 2057 2270 2122 possumus,

313 2137 385 2193 et
444 2138 807 2211 praeterea,
865 2127 1039 2209 quod
1095 2128 1166 2192 in
1227 2128 1350 2194 hac
1452 2127 1789 2192 uaestione
1848 2125 2270 2209 praecipuum

308 2226 437 2291 est,
478 2212 700 2278 Deum
743 2211 1096 2295 aliquando
1140 2213 1358 2279 facere
1448 2211 1658 2277 iabclo
1714 2219 2131 2294 potestatem,
2167 2229 2273 2274 res

311 2297 605 2365 occultas
642 2298 833 2364 nobis
853 2298 1194 2363 revelandi
1218 2318 1387 2381 quae
1409 2319 1449 2363 a
1472 2297 1762 2362 Domino
1784 2295 2271 2374 intellexerunt,

309 2384 480 2450 adeo
522 2392 600 2449 ut
642 2404 780 2449 non
825 2392 1084 2448 tantum
1132 2403 1250 2450 nos
1293 2384 1365 2447 in
1411 2401 1703 2448 errorem
1747 2381 2087 2458 inducant,
2152 2378 2269 2445 sed

310 2470 518 2535 etiam
585 2469 725 2533 suis
801 2468 1216 2535 illusionibus
1294 2470 1388 2534 ita
1462 2468 1789 2533 fascinent
1855 2474 1931 2532 ut
2008 2485 2268 2530 omnem

308 2564 621 2620 mentem.
651 2554 957 2636 eripiant.
1034 2552 1146 2621 Sic
1200 2555 1376 2619 enim
1422 2554 1669 2619 Paulus
1728 2552 2028 2618 homines
2084 2550 2271 2617 docet

312 2661 359 2706 a
400 2638 545 2705 Deo
588 2639 832 2721 puniri,
892 2647 967 2704 ut
1009 2639 1326 2704 immittat
1366 2639 1529 2723 ipsis
1572 2638 1878 2722 spiritum
1919 2636 2159 2702 erroris
2203 2644 2272 2700 et

309 2724 671 2792 efficaciam
730 2725 803 2788 in
863 2744 974 2791 eos
1031 2727 1141 2807 qui
1196 2724 1471 2790 Domini
1527 2723 1802 2789 verbum
1862 2731 2269 2804 contempse-

309 2821 491 2876 runt.
580 2810 762 2876 Hinc
820 2818 1008 2876 tanta
1063 2810 1134 2875 in
1192 2812 1536 2876 ecclesiam
1608 2808 1940 2893 corruptio
2008 2808 2271 2874 invecta

310 2904 440 2977 est,
495 2902 573 2960 ut
629 2895 1046 2980 evangelium
1107 2894 1451 2962 audientes
1516 2903 1743 2961 tamen
1802 2900 2267 2960 excaecentur:

310 2982 505 3049 cuius
547 2982 870 3046 rationem
917 2981 1108 3047 docet
1132 2982 1403 3059 Paulus,
1451 2979 1627 3064 quod
1653 2980 1781 3046 Dei
1800 2980 2051 3046 veritas
2094 2977 2273 3043 lucet

309 3064 580 3150 quidem
638 3068 706 3132 iu
767 3067 1137 3151 evangelio,
1197 3076 1264 3133 et
1322 3086 1548 3133 caecos
1605 3065 1922 3131 illustrat:
1976 3062 2090 3129 sed
2157 3083 2270 3129 eos

310 3162 539 3218 tamen
585 3153 698 3234 qui
741 3153 1157 3236 evangelium
1206 3151 1509 3219 reiiciunt
1552 3153 1622 3216 in
1668 3151 1980 3217 caecitate
2003 3168 2270 3214 manere

311 3238 501 3318 sinit,
544 3236 720 3321 quod
764 3235 1061 3303 diabolus
1104 3237 1283 3321 ipsos
1305 3244 1787 3304 excaecaveret.
1853 3235 2033 3301 Sane
2074 3234 2269 3299 multi

310 3323 494 3388 ultro
535 3322 755 3389 oculos
800 3322 1115 3389 claudunt
1159 3344 1242 3388 ne
1284 3324 1531 3389 bonum
1577 3344 1617 3388 a
1660 3322 1834 3388 male
1869 3321 2268 3401 discernant,

315 3428 526 3491 quum
569 3407 756 3473 Deus
801 3408 884 3474 ad
930 3429 1125 3474 suum
1170 3409 1422 3475 cultum
1482 3419 1549 3474 et
1592 3406 2035 3474 obedientiam
2089 3405 2269 3488 ipsos

308 3504 600 3570 revocat,
644 3493 919 3576 ideoque
965 3494 1082 3559 tali
1123 3494 1422 3561 mercede
1467 3499 1626 3560 sunt
1661 3492 2046 3578 dignissimi,
2092 3490 2268 3574 quod

311 3579 508 3644 Deus
573 3579 932 3645 efficaciam
997 3582 1237 3646 erroris
1303 3580 1561 3645 diabolo
1625 3577 1956 3645 concedat.
2061 3577 2270 3642 Porro

362 3684 524 3733 uum
547 3664 883 3748 apostolus
906 3665 1174 3732 vocibus
1194 3665 1339 3732 istis
1364 3665 1589 3745 utitur,
1614 3664 1960 3742 efficaciae,
2004 3664 2268 3742 erroris,

365 3770 452 3815 uo
512 3751 986 3833 complectitur,
1043 3770 1282 3836 nempe
1334 3751 1555 3816 Deum
1615 3751 1825 3816 facere
1879 3757 2268 3832 potestatem

312 3834 577 3901 diabolo
630 3856 751 3901 nos
803 3836 1109 3917 fallendi,
1165 3845 1230 3901 et
1288 3836 1667 3919 permittere
1724 3846 1798 3900 ut
1856 3833 2106 3900 revelet
2163 3854 2268 3899 res

310 3920 689 4004 incognitas
734 3941 937 4004 eaque
980 3923 1237 3988 ratione
1279 3942 1511 3988 sensus
1556 3930 1812 3987 nostros
1834 3921 1930 3986 sic
1960 3919 2268 4002 obstupe-

310 4006 530 4082 faciat,
589 4017 664 4071 ut
707 4007 970 4072 nullum
1027 4006 1308 4090 amplius
1368 4006 1522 4073 boui
1576 4015 1643 4071 et
1697 4005 1855 4072 mali
1915 4005 2267 4071 discrimen

306 4091 694 4170 habeamus,
740 4105 809 4157 et
850 4103 1165 4176 tanquam
1224 4094 1505 4158 miserae
1562 4091 1806 4158 bestiae
1862 4091 2131 4157 naribus
2185 4090 2268 4155 ad

306 4179 531 4261 ipsius
576 4176 919 4242 libidinem
964 4177 1326 4245 trahamur.
1416 4177 1598 4242 'Palis
1641 4178 1768 4243 fuit
1810 4177 1939 4243 ista
1981 4177 2268 4260 cognitio

308 4262 616 4329 mulieris
672 4264 816 4328 viso
873 4263 991 4328 illo
1045 4262 1339 4347 pseudo·
1359 4262 1666 4329 Samuele
1721 4262 1997 4329 diabolo.
2102 4262 2267 4327 Inde

314 4368 479 4432 ergo
523 4346 850 4414 discamus
912 4369 1044 4414 non
1102 4358 1412 4433 appetere
1470 4349 1601 4413 nisi
1659 4348 1833 4432 quod
1878 4350 2121 4414 bonum
2166 4357 2268 4413 est

312 4445 385 4501 et
448 4432 694 4499 licitum
714 4484 730 4514 ,
804 4442 872 4498 et
930 4434 1147 4500 nullas
1205 4437 1494 4501 rationes
1552 4454 1864 4517 quaerere
1919 4435 2050 4500 nisi
2105 4453 2267 4516 quas

307 4520 507 4584 Deus
566 4516 820 4584 dederit
874 4530 943 4585 et
1002 4521 1201 4585 verbo
1260 4541 1379 4586 suo
1437 4520 1835 4603 approbarit.
1938 4519 2132 4597 Nam,
2192 4527 2268 4585 ut

308 4614 474 4670 ante
521 4604 823 4682 diximus,
870 4614 1005 4670 tam
1050 4605 1219 4671 altas
1262 4605 1514 4673 radices
1571 4606 1708 4691 egit
1761 4607 1833 4671 in
1889 4604 2266 4671 hominibus

308 4689 436 4755 illa
476 4689 806 4773 cupiditas
864 4712 970 4757 res
1027 4691 1289 4757 illicitas
1348 4691 1793 4775 cognoscendi,
1852 4699 1929 4756 ut
1985 4690 2268 4756 libenter

308 4776 496 4858 ipsas
565 4775 792 4853 nubes,
859 4778 1212 4843 scrutaturi
1277 4776 1433 4862 quid
1499 4779 1569 4842 in
1635 4777 1814 4843 coelo
1874 4784 1942 4842 ct
2000 4776 2073 4841 in
2138 4776 2267 4843 alio

496 4996 557 5065 ‘)
590 5000 752 5051 Anm.
831 4997 1034 5053 Toxius
1067 4999 1263 5053 misere
1307 5007 1599 5070 corruptas
1633 5004 1714 5057 aie
1749 5001 2121 5058 emendamus
2156 5009 2264 5064 este

302 5066 1271 5191 isa‘tffielggmlustlsrmetimaginarium
1306 5068 1489 5138 fuisse,
1542 5069 1599 5123 id
1645 5076 1747 5138 est,
1795 5077 2071 5141 spectrum
2120 5072 2267 5141 quod

1559 226 1661 295 IN
1703 229 1758 297 Ι.
1805 168 1987 295 ΙιῙ-Β.
2033 226 2437 294 SAMUEL.
2485 225 2684 294 OAP.
2744 228 3084 294 XXVIII.

4223 232 4352 298 646

2378 415 2629 480 mundo
2654 425 2943 500 geratur,
2981 416 3502 483 conscenderint.
3552 415 3744 498 Quae
3765 419 4128 503 curiositas,
4162 438 4336 485 oom-

2375 500 2703 584 pesceuda
2745 510 2848 566 est
2890 514 2957 565 et
2999 520 3196 567 omne
3220 502 3513 567 studium
3538 512 3836 568 nostrum
3868 503 3949 568 ad
3998 524 4104 570 res
4128 506 4333 572 bonas

2377 596 2441 652 et
2488 585 2686 651 utiles
2730 586 2919 651 nobis
2963 586 3426 671 applicandum
3474 597 3592 665 est,
3634 600 3710 653 ut
3753 610 3874 653 nos
3916 589 4168 655 Paulus
4215 590 4326 655 ad·

2377 679 2606 736 monet
2647 682 2714 735 et
2756 671 3079 738 hortatur.
3143 672 3406 738 Scimus
3450 683 3689 747 autem,
3736 673 4051 757 quidquid
4098 673 4179 740 ad
4227 695 4332 739 sa-

2376 758 2584 822 lutem
2628 767 2697 822 et
2740 756 2823 823 ad
2868 759 3241 823 animarum
3288 759 3583 842 regimen
3637 759 3981 842 spirituale
4028 768 4130 826 est
4172 761 4330 825 utile

2376 843 2702 909 contineri
2748 844 2816 906 in
2863 843 3025 928 lege,
3072 843 3412 926 prophetis
3456 853 3521 907 et
3554 845 3919 928 evangelio.
3979 844 4216 928 Itaque
4252 846 4323 910 in

2375 929 2519 994 istis
2564 929 3108 1011 acquiescendum
3152 940 3272 1007 est,
3335 929 3644 1012 Deusque
3700 931 3870 995 serio
3913 930 4328 997 invocandus

2378 1022 2452 1078 ut
2493 1012 2781 1079 illustret
2823 1034 2943 1078 nos
2986 1024 3214 1079 sancto
3262 1033 3382 1079 suo
3426 1015 3681 1096 spiritu,
3728 1034 3857 1099 quo
3902 1014 4067 1079 duce
4100 1016 4182 1080 ad
4208 1035 4327 1081 vo·

2377 1099 2655 1163 luntatis
2696 1100 2905 1183 ipsius
2962 1101 3267 1164 notitiam
3313 1100 3674 1177 veniamus,
3737 1119 3933 1182 quam
3977 1120 4164 1166 sacro
4209 1121 4329 1166 suo

2376 1184 2576 1250 verbo
2614 1185 2777 1249 satis
2835 1184 3166 1268 patefacit,
3227 1195 3297 1248 et
3354 1186 3448 1250 ita
3492 1187 3694 1250 vitam
3750 1186 4195 1266 instituamus,
4256 1194 4331 1252 ut

2375 1269 2691 1353 quidquid
2751 1272 2913 1335 utile
2972 1280 3038 1334 et
3099 1272 3536 1336 necessarium
3608 1280 3745 1336 tam
3810 1271 4062 1354 corpori
4127 1291 4326 1355 quam

2377 1356 2641 1420 animae
2684 1356 2885 1420 fuerit
2925 1355 2994 1419 in
3043 1356 3184 1439 ipso
3229 1357 3583 1421 consistere
3627 1358 3931 1435 sciamus,
3980 1358 4326 1440 Deumque

2375 1460 2722 1523 precemur
2787 1450 2863 1505 nt
2928 1441 2995 1504 in
3073 1462 3195 1505 sua
3261 1443 3536 1524 quisque
3600 1442 3943 1508 vacatione
4007 1442 4327 1528 fungatur

2374 1526 2608 1606 officie,
2653 1535 2722 1591 et
2762 1526 2834 1590 in
2878 1526 3024 1609 ipso
3068 1528 3205 1591 solo
3249 1527 3650 1609 acquiescat:
3712 1526 3837 1592 hoc
3879 1527 4088 1611 igitur
4128 1535 4329 1612 caput

2376 1622 2478 1678 est.
2521 1613 2736 1677 omnis
2781 1611 3110 1676 humanae
3155 1613 3541 1694 sapientiae,
3586 1612 3754 1677 nihil
3792 1615 3961 1678 scire
3986 1612 4158 1678 velle*
4189 1613 4328 1678 nisi

2376 1696 2553 1780 quod
2616 1697 2801 1763 Deus
2859 1696 3068 1776 docet,
3129 1707 3198 1761 et
3256 1696 3429 1780 quod
3488 1697 3568 1762 ad
3615 1699 4326 1783 animarum-regimen

2376 1782 2737 1866 spirituale,
2783 1793 2850 1847 et
2886 1782 2967 1847 ad
2995 1782 3200 1847 vitam
3237 1791 3652 1866 praesentem
3693 1782 3935 1848 bonum
3960 1802 4104 1848 esse
4127 1783 4327 1849 verbo

2375 1888 2493 1934 suo
2567 1869 2892 1951 patefecit.
2979 1867 3299 1933 Rationes
3365 1880 3586 1933 autem
3653 1868 4094 1933 instituendae
4150 1871 4329 1935 vitae

2372 1973 2506 2018 non
2534 1973 2648 2036 per
2670 1953 2902 2039 longas
2924 1953 3235 2037 ambages
3267 1951 3681 2036 quaerendae
3703 1964 3879 2033 sunt,
3926 1962 4000 2018 ut
4037 1954 4324 2038 loquitur

2375 2040 2599 2105 Moses
2643 2060 2846 2122 quum
2892 2038 3019 2103 ait:
3078 2038 3182 2103 Ne
3223 2060 3481 2121 quaere,
3577 2040 3680 2104 uis
3725 2038 4080 2105 adscendet
4122 2060 4324 2124 super

2376 2125 2602 2205 nubes,
2648 2124 2796 2208 quis
2840 2144 3023 2189 mare
3046 2123 3381 2188 tranabit?
3430 2145 3546 2191 ver
3591 2145 3700 2189 um
3729 2125 3854 2191 Dei
3899 2135 4003 2189 est
4035 2127 4106 2191 in
4133 2124 4326 2191 corde

2378 2220 2509 2276 tuo.
2557 2208 3002 2291 Quamobrem
3034 2230 3232 2292 quum
3257 2208 3442 2275 Deus
3465 2210 3875 2275 voluntatem
3921 2232 4111 2276 suam
4151 2220 4333 2295 pate-

2376 2296 2551 2375 fecit,
2608 2296 2975 2362 cavendum
3019 2315 3433 2378 summopere
3478 2306 3595 2373 est,
3654 2315 3738 2360 ne
3782 2304 3974 2361 extra
4016 2296 4196 2362 illam
4242 2300 4333 2364 fe·

2375 2401 2635 2446 ramur:
2681 2379 2796 2447 sed
2840 2380 3183 2447 coercendi
3234 2401 3461 2446 omnes
3497 2381 3706 2447 nostri
3732 2383 4081 2466 appetitus,
4127 2404 4213 2449 ne
4256 2384 4328 2448 iu

2376 2467 2550 2532 hanc
2595 2466 2702 2531 vel
2744 2465 2924 2532 illam
2971 2475 3223 2549 partem
3271 2465 3724 2531 deflectamus:
3772 2468 3885 2531 sed
3945 2468 4014 2532 in
4062 2466 4333 2535 divinae

2377 2552 2740 2618 voluntatis
2770 2550 2986 2619 studio
3022 2560 3088 2615 et
3111 2551 3421 2635 obsequio
3447 2552 3886 2617 retineamus:
3935 2573 4010 2618 ac
4054 2554 4329 2637 proinde

2375 2639 2583 2703 variis
2626 2637 2956 2722 augustiis
3000 2645 3068 2700 et
3111 2635 3609 2703 difficultatibus
3633 2638 3909 2722 -agitati,
3968 2659 4054 2703 ne
4098 2641 4167 2704 in
4216 2660 4328 2704 eas
4446 2670 4449 2674 ⁴

2375 2723 2718 2807 augustias
2777 2745 2900 2789 nos
2957 2722 3384 2788 coniiciamus
3428 2742 3509 2788 ex
3571 2724 3808 2805 quibus
3866 2723 4089 2791 nullus
4135 2724 4333 2790 detur

2376 2811 2614 2874 exitus.
2662 2807 2916 2874 Verum
2963 2806 3141 2873 dicat
3183 2808 3452 2892 aliquis:
3500 2808 3740 2873 Nonne
3786 2809 4058 2873 scientia
4105 2831 4328 2876 rerum

2376 2894 2686 2977 quiddam
2747 2894 3098 2978 pulchrum
3143 2892 3292 2958 est?
3380 2892 3594 2969 Sane,
3652 2893 3764 2958 sed
3823 2894 4024 2959 etiam
4083 2896 4328 2961 scimus

2376 2978 2532 3063 quid
2577 2980 2674 3044 illi
2719 2979 2981 3045 mulieri
3023 2978 3394 3062 contigerit,
3455 2999 3606 3044 cum
3653 2999 3786 3061 qua
3827 2980 4064 3045 melius
4109 2990 4330 3047 actum

2376 3067 2612 3133 fuisset
2653 3067 2710 3131 si
2756 3064 2860 3131 vel
2907 3065 3081 3131 domi
3126 3065 3342 3130 colum
3401 3065 3740 3142 tenuisset,
3799 3075 3914 3129 aut
3957 3066 4218 3149 aliquod
4260 3065 4333 3131 in

2376 3152 2555 3235 agris
2599 3174 2763 3236 opus
2805 3150 3087 3229 fecisset,
3134 3170 3331 3234 quam
3370 3158 3513 3214 arte
3550 3149 3810 3229 diaboli,
3849 3162 4197 3232 praetextu
4230 3160 4334 3218 ta·

2374 3257 2529 3303 men
2589 3236 2877 3302 nominis
2934 3236 3085 3316 Dei,
3146 3256 3542 3320 cognoscere
3586 3256 3664 3301 ea
3720 3255 3887 3319 quae
4029 3238 4328 3305 ritissimi

2370 3324 2610 3406 quique
2651 3323 2953 3388 homines
2996 3342 3187 3388 nosse
3232 3343 3362 3386 non
3419 3329 3742 3404 poteraut.
3821 3321 3913 3387 Se
4002 3324 4328 3406 quomodo

2372 3406 2734 3494 cognovit?
2794 3407 3036 3474 diaboli
3083 3407 3510 3472 revelatione.
3581 3405 3777 3488 Quid
3835 3408 3931 3472 ita
3971 3409 4176 3474 vero?
4238 3431 4325 3476 au

2373 3502 2589 3579 potest
2631 3494 2929 3559 diabolus
2987 3504 3121 3557 tam
3170 3493 3425 3558 occulta
3466 3491 3807 3558 revelare?
3870 3491 4194 3576 Profecto,
4255 3504 4331 3563 nt

2372 3588 2526 3647 aute
2569 3579 2876 3655 diximus,
2921 3579 3032 3662 qui
3079 3599 3148 3644 se
3193 3578 3318 3661 ipsi
3362 3578 3719 3644 subiiciunt
3755 3578 3928 3644 hanc
3961 3580 4328 3647 mercedem

2372 3675 2745 3744 merentur,
2814 3675 2890 3729 ut
2947 3664 3152 3747 ipsius
3208 3663 3577 3747 praestigiis
3649 3674 3716 3728 et
3774 3664 4173 3732 elusionibus
4230 3669 4328 3736 sic

2371 3751 2668 3835 ipsorum
2715 3751 2890 3817 oculi
2935 3759 3305 3827 teneantur,
3354 3757 3427 3814 ut
3470 3748 3744 3814 videant
3785 3748 3959 3833 quod
4005 3772 4148 3817 esse
4192 3774 4324 3820 non

2372 3848 2608 3925 potest.

2547 3924 2864 4007 Sequitur
2907 3921 3177 3987 Saulem
3241 3920 3567 3986 nihildum
3631 3919 3892 3998 vidisse,
3951 3921 4062 3986 sed
4121 3924 4324 3990 inter·

2375 4031 2640 4096 rogasse
2684 4009 2896 4092 qualis
2932 4017 3105 4072 esset
3151 4007 3292 4070 eius
3337 4008 3548 4071 forma
3592 4008 3703 4089 qui
3742 4006 4162 4074 ascendisset.
4215 4010 4325 4077 Ex

2375 4117 2504 4181 quo
2547 4104 2819 4179 apparet
2863 4092 3192 4158 diabolum
3241 4094 3335 4157 sic
3379 4092 3885 4176 obstupefecisse
3912 4090 4133 4158 Saulis
4177 4116 4325 4161 sen·

2374 4204 2508 4265 sus,
2553 4191 2629 4247 ut
2671 4181 2988 4246 maiorem
3033 4177 3228 4244 fidem
3273 4178 3385 4244 isti
3421 4177 3735 4243 veneficio
3780 4185 3848 4240 et
3890 4177 4327 4248 incantationi

2374 4268 2733 4335 adhiberet.
2811 4266 2942 4330 Hic
2986 4262 3257 4348 quidam
3302 4264 3479 4329 acuti
3523 4272 3592 4328 et
3633 4261 3910 4327 subtiles
3955 4263 4164 4330 videri
4213 4288 4328 4334 vo·

2375 4355 2542 4435 lunt,
2597 4361 2663 4417 et
2704 4359 3047 4436 quaerunt,
3108 4351 3377 4433 quinam
3439 4351 3560 4415 hoo
3617 4348 3760 4413 fieri
3817 4350 4107 4431 potuerit
4150 4355 4323 4436 quod

2369 4440 2495 4507 sibi
2552 4438 2754 4505 nullis
2809 4435 3175 4502 rationibus
3233 4434 3612 4520 persuaderi
3668 4434 4028 4516 patiuntur,
4088 4445 4155 4501 et
4198 4438 4323 4505 sibi

2370 4526 2526 4594 solis
2585 4525 2885 4608 sapiunt,
2949 4530 3015 4588 et
3068 4523 3218 4606 plus
3276 4543 3347 4588 se
3405 4519 3553 4584 aliis
3611 4517 3837 4585 videre
3895 4520 4321 4607 arbitrantur,

2370 4612 2545 4677 nihil
2587 4612 2711 4677 nisi
2756 4609 2927 4693 quod
2975 4610 3143 4673 ratio
3186 4627 3305 4672 sua
3349 4605 3700 4672 dictaverit
3735 4605 4093 4673 credentes.
4141 4608 4322 4677 Sane

2370 4697 2502 4763 nisi
2546 4698 2869 4779 scriptura
2914 4694 3191 4772 diceret,
3253 4692 3781 4757 existimaremus
3842 4692 3982 4755 fieri
4028 4713 4160 4758 non
4207 4718 4318 4780 po-

2371 4785 2575 4849 tuisse
2634 4792 2707 4846 ut
2750 4781 3020 4847 Samuel
3088 4800 3169 4843 ex
3228 4779 3526 4861 sepulcro
3581 4785 3982 4857 evocaretur,
4042 4800 4323 4866 eumque

2372 4869 2488 4935 illa
2531 4868 2880 4952 agnoverit
2921 4885 3088 4950 quae
3126 4873 3536 4946 praesentem
3564 4862 3835 4929 Saulem
3860 4884 3992 4927 non
4017 4885 4319 4947 agnosce-
4379 4888 4391 4902 ·

2372 4956 2501 5020 bat.
2550 4952 2680 5019 Sed
2728 4953 2853 5017 ista
2898 4960 3057 5018 sunt
3077 4949 3204 5014 Dei
3251 4948 3491 5013 iudicia
3521 4947 3927 5027 admiranda,
3971 4950 4041 5013 in
4087 4953 4321 5033 quibus

2372 5041 2676 5105 videmus
2707 5038 2931 5103 Deum
2975 5054 3325 5102 excaecare
3363 5055 3444 5099 ex
3491 5044 3681 5117 parte
3715 5034 4065 5103 homiuum
4100 5039 4327 5110 oculos

2372 5129 2485 5209 qui
2529 5147 2572 5189 a
2614 5146 2686 5190 se
2730 5123 3065 5202 recedunt,
3121 5129 3188 5186 et
3232 5120 3362 5186 alia
3405 5130 3684 5202 exparte
3729 5122 3965 5198 eodem
4009 5133 4337 5192 momento

3845 5221 3949 5279 41·
