5059 6059
317 357 423 423 677
1611 353 1709 418 ΙΝ
1755 353 1808 418 Ι.
1855 353 2035 421 LIB.
2081 353 2484 423 SAMUEL.
2530 355 2731 422 OAP.
2777 354 2940 421 XII.
4144 360 4273 427 678

315 569 417 614 nos
466 543 538 609 ad
594 542 1050 609 condonandas
1108 543 1422 626 proximis
1479 541 1753 608 iniurias
1811 552 1878 606 et
1934 543 2216 611 offensas
2324 545 2595 611 diceret:
2657 545 2869 611 Nemo
2935 552 3224 611 vestrum
3286 545 3366 613 de
3410 567 3516 612 me
3561 549 3742 630 queri
3790 554 4024 631 potest,
4081 551 4273 631 quasi

311 629 554 700 excitari
619 651 735 711 par
801 628 945 694 est?
1022 631 1120 695 Ac
1185 630 1335 694 licet
1400 649 1552 694 cnm
1619 627 1912 694 hostibus
1978 630 2219 713 capita-

311 716 548 784 lissimis
596 737 731 779 rem
771 714 1146 793 habeamus,
1193 714 1302 798 qui
1335 715 1406 778 in
1467 736 1689 780 necem
1729 724 2024 780 nostram
2063 736 2217 780 con-

307 804 610 888 spirarint,
658 802 987 884 patienter
1010 812 1226 866 tamen
1273 801 1586 884 feramus3
1633 812 1699 864 et
1740 820 1999 865 omnem
2047 801 2217 865 iniu-

305 893 528 956 riarum
593 887 975 952 memoriam
1045 886 1464 970 deponamus,
1530 902 1596 951 et
1662 887 1866 951 veluti
1943 886 2219 969 pedibus

304 974 749 1051 conculcemus,
794 984 868 1037 ut
912 972 1076 1037 nihil
1115 994 1232 1039 nos
1265 971 1582 1056 impediat
1616 972 1963 1055 quominus
2003 972 2216 1037 Deum

300 1064 529 1126 sincere
586 1070 654 1123 et
708 1080 793 1124 ex
835 1060 1054 1124 animo
1100 1077 1473 1142 precemur:
1535 1080 1611 1125 ae
1654 1060 1944 1122 fraterno
1990 1078 2219 1124 recon-

300 1144 622 1213 ciliationis
703 1145 964 1210 vinculo
1029 1146 1359 1210 coniuncti
1425 1165 1557 1209 una
1623 1145 1958 1220 laetemur,
2044 1143 2217 1226 quod

296 1233 527 1298 Satana
583 1230 837 1295 devicto
895 1244 960 1294 et
1019 1230 1439 1313 triumphato,
1486 1229 1999 1296 misericordiam
2048 1228 2217 1294 obti-

294 1320 609 1383 nuerimus
667 1339 705 1381 a
763 1316 1068 1394 Domine,
1125 1338 1166 1382 a
1208 1337 1335 1400 quo
1379 1336 1607 1381 sumus
1652 1315 1732 1381 ad
1778 1316 2216 1399 cognitionem

290 1404 503 1468 salutis
547 1414 814 1467 nostrae
861 1404 1091 1467 vocati.

445 1489 587 1553 Iam
632 1488 956 1571 supplices
1000 1488 1074 1552 in
1117 1506 1336 1572 genua
1378 1486 1891 1571 procumbamus
1931 1490 2040 1552 etc.

887 1803 1384 1888 HOMILIA
1430 1805 1604 1886 XL.

1046 1916 1247 1982 oAP.
1293 1914 1457 1983 ΧΠ.

434 2094 489 2156 1.
562 2091 757 2157 Dixit
821 2093 1026 2155 autem
1093 2086 1352 2151 Samuel
1412 2088 1498 2153 ad
1553 2088 1919 2169 universam
1984 2088 2217 2167 Israel,

273 2180 422 2245 Ecce
484 2178 718 2242 audivi
784 2195 983 2240 vocem
1041 2179 1327 2249 vestram,
1403 2175 1582 2238 iuxta
1642 2175 1856 2238 omnia
1913 2194 2072 2255 quae
2126 2174 2217 2239 lo·

271 2266 437 2348 quati
490 2264 651 2327 estis
711 2263 795 2327 ad
853 2282 968 2341 me,
1029 2265 1083 2325 et
1125 2260 1420 2324 constitui
1461 2280 1655 2340 super
1696 2281 1803 2325 vos
1845 2280 2063 2341 reyem.
2154 2260 2214 2325 2.

267 2353 350 2417 Et
405 2371 572 2415 nunc
630 2370 743 2414 rex
792 2348 1088 2432 proditur
1146 2350 1285 2409 ante
1341 2365 1484 2409 vos:
1542 2366 1648 2428 eqo
1690 2351 1898 2411 autem
1940 2346 2122 2410 senui
2163 2350 2218 2411 et

179 2438 192 2453 ’
265 2438 559 2503 incanui:
610 2455 807 2516 porro
859 2433 986 2513 filii
1043 2431 1168 2496 mei
1225 2430 1534 2495 vobiscum
1587 2438 1770 2496 sunt.-
1828 2432 2038 2512 itaque
2080 2452 2215 2496 con-

263 2530 544 2589 versatus
604 2539 816 2586 coram
872 2519 1051 2582 vobis
1104 2517 1183 2582 ab
1239 2516 1642 2581 adolescentia
1700 2537 1838 2580 mea
1893 2537 2089 2598 usque
2131 2519 2218 2584 ad

259 2611 412 2674 hanc
469 2609 670 2685 diem,
731 2625 859 2670 ecce
905 2608 1167 2684 praesto
1223 2621 1382 2667 sum.
1467 2602 1528 2667 3.
1593 2603 1959 2684 Loquimini
2002 2603 2077 2667 de
2118 2625 2216 2669 me

259 2714 461 2760 coram
519 2692 820 2772 Domina,
875 2696 931 2755 et
986 2709 1200 2754 coram
1249 2688 1494 2753 Christo
1538 2690 1693 2772 eius,
1755 2693 1965 2753 uirum
2009 2689 2216 2755 bovem

257 2784 639 2860 cuiusquam
682 2777 952 2854 tulerim,
1010 2781 1122 2841 aut
1162 2775 1438 2854 asinum,
1482 2776 1541 2839 si
1583 2776 1935 2856 quempiam
1975 2774 2213 2839 calum·

257 2870 470 2931 nictus
528 2885 700 2943 sum,
759 2863 819 2927 si
877 2862 1120 2942 opressi
1172 2861 1466 2941 aliquem,
1525 2862 1587 2925 si
1642 2861 1717 2925 de
1760 2881 1956 2925 manu
1999 2862 2212 2926 ouius-

253 2973 440 3035 quam
501 2969 747 3015 munus
789 2950 1016 3028 accepi,
1075 2953 1129 3011 et
1171 2952 1548 3013 contemnam
1591 2946 1752 3012 illud
1793 2946 1989 3028 hodie,
2033 2949 2213 3013 resti-

251 3045 546 3120 tuamque
604 3035 791 3101 vobis
881 3035 942 3098 4.
1001 3033 1087 3097 Et
1128 3035 1442 3111 dixerunt,
1506 3052 1634 3098 non
1678 3053 1746 3098 es
1787 3033 2215 3101 calumniatus

251 3147 375 3201 nos,
423 3143 636 3204 neque
681 3119 1064 3202 oppressisti,
1109 3139 1303 3200 neque
1348 3119 1548 3184 tulisti
1589 3120 1666 3184 de
1706 3139 1905 3183 manu
1939 3119 2214 3186 alicuius

243 3402 366 3445 non
405 3380 787 3447 inveneritis
823 3380 892 3442 in
926 3397 1119 3442 manu
1155 3398 1294 3442 mea
1327 3377 1677 3458 quippiam.
1765 3375 1854 3441 Et
1887 3378 2211 3443 dixerunt:

253 3469 478 3534 Testis.

414 3638 497 3705 Si
591 3636 841 3720 populo
907 3655 1133 3718 regem
1197 3635 1540 3717 flagitante
1609 3633 1878 3701 Samuel
1945 3656 2208 3701 eausam

239 3746 430 3789 snam
479 3724 760 3808 egisset,
829 3721 1238 3786 dominatum
1307 3722 1373 3784 in
1441 3722 1629 3786 illum
1692 3722 1975 3786 retinere
2040 3721 2213 3787 velle

241 3812 416 3875 visus
491 3812 760 3883 fuisset,
830 3817 895 3872 et
961 3808 1099 3872 suis
1166 3807 1438 3889 privatis
1504 3807 1859 3873 commodis
1925 3806 2208 3885 studere,

237 3899 722 3979 privatamque
782 3894 1134 3958 utilitatem
1194 3913 1525 3974 quaerere,
1590 3892 1847 3976 publica
1891 3893 2210 3977 neglecta,

235 3984 604 4055 iudicatus,
652 4002 728 4047 ac
772 3980 1043 4065 proinde
1089 3978 1312 4043 nullus
1355 3980 1559 4061 ipsius
1595 3978 2076 4062 quantumlibet
2111 4000 2212 4045 ae·

233 4069 587 4152 quissimis
641 4088 716 4133 ae
765 4065 1124 4133 verissimis
1169 4062 1723 4131 admonitionibus
1760 4076 1826 4129 et
1862 4064 2212 4147 reprehen-

233 4157 546 4219 sionibus
591 4154 780 4218 locus
818 4152 1116 4217 relictus:
1159 4149 1274 4216 sed
1310 4171 1509 4231 quum
1553 4149 1800 4234 placide
1838 4171 1909 4216 se
1946 4162 2014 4215 et
2034 4151 2208 4215 ultro

229 4262 500 4305 summa
553 4240 682 4303 illa
728 4238 1043 4321 dignitate
1088 4236 1435 4317 abdicavit,
1495 4238 1838 4320 regiaeque
1879 4257 1949 4302 se
1994 4247 2207 4319 potes·

229 4330 350 4391 tati
399 4325 742 4399 subiecit,
811 4336 878 4389 et
921 4324 1174 4388 nullum
1221 4344 1376 4388 suae
1423 4323 1724 4387 utilitatis
1767 4331 1833 4387 et
1870 4322 2210 4406 dignitatis

229 4415 550 4495 privatae
625 4412 946 4475 rationem
1015 4409 1261 4486 habuit,
1342 4410 1590 4473 maiore
1653 4408 1959 4500 παῤῥησίᾳ
2021 4430 2206 4475 suam

228 4500 563 4581 deinceps
615 4495 1063 4561 innocentiam
1110 4492 1285 4577 apud
1331 4494 1478 4558 illos
1523 4495 1694 4559 tueri
1739 4514 1815 4558 ac
1862 4494 2207 4561 defendere

227 4587 474 4667 potnit.
579 4582 823 4665 Neque
904 4584 1079 4646 enim
1162 4583 1452 4646 accusari
1530 4580 1743 4664 potuit
1820 4581 2006 4663 quasi
2071 4585 2207 4648 suis

222 4669 617 4736 commodis
668 4666 980 4741 studeret,
1037 4666 1142 4733 cui
1185 4669 1347 4732 satis
1391 4667 1529 4743 fuit,
1576 4666 1888 4749 populum
1930 4668 2205 4750 ingrati·

226 4758 490 4822 tudinis
556 4774 794 4822 eoram
852 4753 993 4818 Deo
1047 4754 1450 4830 convincere,
1509 4754 1618 4835 qui
1667 4753 2121 4820 beneficiorum
2169 4774 2208 4818 a

222 4841 561 4908 Samuele
615 4850 1037 4922 acceptorum
1082 4840 1443 4917 immemor,
1511 4839 1591 4903 de
1635 4839 1840 4922 gradu
1886 4838 1966 4903 ad
2012 4860 2203 4921 quem

221 4950 260 4991 a
305 4931 460 4994 Deo
513 4936 806 4993 vocatus
849 4928 1080 5002 fuerat,
1136 4925 1324 4988 illum
1368 4923 1705 4989 deiecerat.
1795 4922 2046 4990 Idcirco
2090 4946 2204 4990 no·

217 5016 547 5079 minatim
607 5013 736 5076 hoe
771 5010 909 5077 loco
946 5011 1063 5075 tali
1102 5011 1501 5093 praefatione
1539 5032 1694 5076 usus
1731 5011 2001 5075 dicitur:
2051 5009 2206 5077 Ecce

217 5103 458 5166 attelini
505 5118 732 5164 vocem
774 5102 1061 5176 vestram,
1107 5099 1290 5161 iuxta
1332 5098 1544 5161 omnia
1584 5118 1745 5178 quae
1787 5096 2024 5177 loquuti
2056 5099 2207 5163 estis

217 5188 306 5252 ad
361 5206 489 5263 me,
559 5190 627 5250 et
682 5184 976 5250 constitui
1031 5203 1223 5263 super
1274 5202 1384 5247 vos
1437 5203 1655 5265 ream.
1745 5183 1832 5248 Et
1883 5203 2051 5250 nunc
2092 5204 2205 5249 rex

213 5275 543 5353 graditur
593 5275 747 5336 anie
787 5290 931 5336 vos:
973 5290 1080 5352 eqo
1121 5273 1324 5333 autem
1366 5270 1548 5335 senui
1589 5274 1646 5334 et
1688 5269 1977 5336 incanui:
2016 5269 2203 5353 quasi

2323 631 2404 696 ad
2461 630 2787 713 privatam
2835 632 3184 697 utilitatem
3230 640 3296 697 et
3339 634 3679 699 commoda
3719 655 3867 699 mea
3911 633 4268 717 quidquam

2321 717 2623 782 fecerim!
2709 737 2859 781 nam
2943 739 3026 782 ex
3106 726 3322 784 vestra
3398 718 3738 785 voluntate
3805 721 4024 785 omnia
4087 730 4273 805 gesta

2323 812 2513 868 sunt:
2571 824 2677 866 me
2736 802 3057 887 dignitate
3100 804 3414 885 abdicavi,
3470 827 3693 889 regem
3738 805 3926 870 vobis
3970 807 4273 888 praefeci,

2323 890 2428 952 cui
2484 892 2742 972 egomet
2802 910 2907 953 me
2961 890 3176 971 ipsum
3221 891 3483 967 subieci,
3539 900 3608 957 et
3649 891 3761 973 qui
3807 892 3948 956 Deo
3993 892 4272 959 faciente

2325 995 2521 1056 super
2592 995 2712 1041 vos
2769 987 3165 1059 regnaturus
3220 986 3338 1041 est.
3429 977 3539 1040 Ex
3595 977 3831 1060 quibus
3888 978 4107 1042 verbis
4166 979 4274 1042 in·

2325 1061 2531 1143 signis
2590 1060 2876 1125 eruenda
2933 1061 3230 1126 doctrina
3289 1072 3408 1141 est,
3478 1083 3732 1145 nempe,
3791 1083 3992 1145 quum
4053 1072 4271 1127 atten-

2327 1147 2573 1211 tionem
2618 1144 2805 1211 nobis
2848 1146 3193 1212 conciliare
3230 1147 3553 1221 volumus,
3595 1160 3660 1212 et
3697 1161 3885 1231 grata
3920 1168 4062 1212 csse
4098 1168 4270 1231 quae

2327 1230 2562 1295 dicturi
2622 1252 2867 1308 sumus,
2941 1232 3291 1316 diligenter
3347 1232 3714 1299 cavendum
3774 1255 3859 1297 ne
3918 1254 4035 1298 nos
4092 1233 4271 1316 ipsos

2325 1337 2642 1399 quaerere
2730 1317 3091 1382 videamur.
3181 1319 3453 1384 Certum
3527 1319 3702 1384 enim
3785 1328 3885 1385 est
3959 1319 4271 1402 quamdiu

2327 1402 2614 1469 haeserit
2693 1402 3065 1468 auditorum
3146 1404 3387 1469 animis
3464 1404 3581 1470 illa
3661 1404 3899 1488 opinio,
3986 1406 4272 1471 inaniter

2331 1488 2530 1553 verba
2570 1489 2877 1555 facturos.
2963 1488 3076 1557 Sic
3120 1498 3376 1572 oportet
3410 1491 3867 1574 magistratum
3903 1489 4115 1556 officio
4152 1511 4271 1557 suo

2328 1575 2706 1640 functurum
2771 1596 2851 1640 ea
2907 1595 3072 1656 quae
3137 1597 3326 1641 suam
3393 1597 3737 1660 personam
3804 1586 3871 1641 et
3930 1575 4272 1642 commoda

2324 1669 2627 1743 spectant
2678 1681 2719 1724 a
2774 1660 3028 1743 publica
3084 1662 3339 1744 politita
3379 1673 3445 1727 et
3488 1663 3770 1727 utilitate
3812 1682 4132 1745 separare,
4196 1669 4272 1727 ut

2325 1767 2396 1812 se
2462 1746 2648 1811 nulla
2701 1747 3054 1811 ambitione
3114 1768 3321 1830 neque
3384 1749 3509 1814 alio
3567 1769 3769 1831 pravo
3827 1748 4061 1813 affectu
4121 1746 4270 1813 duci

2326 1834 2729 1914 profiteatur,
2788 1831 2901 1897 sed
2947 1832 3029 1895 ab
3072 1834 3156 1898 iis
3197 1833 3504 1900 omnibus
3549 1857 3588 1900 a
3631 1833 3864 1917 quibus
3908 1832 4139 1899 abduci
4184 1833 4266 1900 ab

2324 1919 2536 1983 officio
2580 1927 2797 1999 posset
2835 1917 3053 1984 oculos
3099 1930 3414 1985 avertere.
3504 1918 3617 1985 Sic
3661 1919 3844 1986 verbi
3891 1919 4097 1983 divini
4143 1919 4269 1984 mi-

2326 2003 2611 2068 nistrum
2656 2003 3124 2071 aedificationis
3168 2006 3388 2088 gregis
3431 2003 3557 2070 sibi
3602 2005 4023 2071 commissum
4067 2003 4274 2070 studi-

2323 2109 2512 2154 osum
2593 2097 2851 2173 oportet
2930 2088 3286 2171 prudenter
3365 2091 3906 2171 animadvertere,
3994 2110 4078 2154 ne
4148 2108 4270 2155 sua

2324 2175 2663 2240 commoda
2705 2195 3018 2258 quaerere
3063 2175 3383 2256 videatur,
3429 2184 3495 2241 et
3530 2198 3761 2243 cavere
3798 2175 4149 2259 diligenter
4184 2196 4269 2243 ne

2326 2260 2526 2325 ullam
2598 2261 2966 2327 istiusmodi
3026 2262 3418 2343 suspicionis
3476 2264 3881 2329 occasionem
3941 2259 4268 2343 praebeat.

2321 2346 2493 2410 Nam
2561 2347 2713 2413 licet
2777 2347 3014 2430 aliquis
3080 2348 3358 2412 summis
3423 2347 3778 2415 virtutibus
3823 2347 4120 2424 excellat,
4194 2354 4271 2412 ut

2323 2432 2556 2515 angelo
2600 2432 2975 2498 simillimus
3020 2432 3339 2511 videatur,
3410 2445 3477 2497 et
3520 2454 3844 2499 summam
3892 2453 4108 2498 rerum
4158 2451 4272 2514 pe-

2321 2519 2543 2583 ritiam
2603 2540 2678 2584 ac
2721 2519 3065 2585 seientiam
3110 2518 3367 2598 habeat,
3433 2526 3510 2583 ut
3552 2520 3719 2585 nihil
3767 2518 3974 2603 possit
4016 2517 4271 2583 deside-

2321 2605 2486 2683 rari;
2532 2604 2589 2669 si
2630 2613 2851 2669 tamen
2895 2604 2976 2669 ad
3014 2625 3201 2670 suam
3226 2605 3577 2670 utilitatem
3601 2616 3668 2671 et
3706 2606 4129 2672 ambitionem
4168 2623 4271 2668 re-

2319 2691 2571 2773 spicere
2593 2697 2753 2755 etse
2798 2710 3187 2772 componere
3232 2691 3554 2771 videatur,
3598 2692 3850 2757 clausas
3896 2690 4266 2756 auditorum

2321 2795 2512 2841 aures
2567 2783 2670 2840 est
2727 2775 3091 2853 habiturus,
3147 2784 3214 2841 et
3272 2777 3560 2841 inaniter
3614 2778 3815 2842 verba
3858 2776 4269 2859 profusurus,

2318 2883 2485 2946 quae
2547 2863 2683 2927 risu
2750 2861 2884 2928 sint
2947 2860 3388 2945 explodenda:
3456 2883 3530 2928 ac
3600 2862 3753 2928 licet
3817 2863 3945 2927 Dei
3991 2862 4266 2928 verbum

2319 2969 2484 3032 pure
2543 2956 2612 3012 et
2654 2948 3037 3031 simpliciter
3080 2947 3447 3024 annuntiet,
3514 2958 3733 3013 tamen
3777 2958 4044 3032 propter
4088 2947 4268 3013 illius

2320 3034 2560 3098 vitium
2617 3035 2686 3098 in
2747 3043 3198 3116 contemptum
3244 3034 3486 3099 veniat.
3577 3033 3801 3114 Quare
3845 3036 3898 3099 si
3946 3032 4072 3097 Dei
4123 3053 4267 3097 ver·

2319 3120 2477 3185 bum
2521 3119 2602 3185 ab
2647 3120 3049 3185 auditoribus
3094 3118 3354 3187 admitti
3399 3141 3548 3186 cum
3593 3140 3669 3185 ea
3712 3119 4090 3185 reverentia
4134 3138 4264 3201 qua

2320 3227 2441 3289 par
2485 3216 2587 3270 est
2629 3207 2953 3283 volumus,
3000 3205 3365 3271 cavendum
3410 3226 3820 3289 summopere
3864 3227 3947 3271 ne
3982 3226 4100 3269 nos
4138 3205 4267 3286 ipsi

2319 3290 2809 3357 commendasse
2866 3291 3225 3369 videamur,
3292 3301 3358 3356 et
3416 3291 3496 3356 ad
3556 3302 3845 3357 nostram
3907 3290 4259 3355 utilitatem

2318 3387 2433 3442 aut
2476 3377 2862 3462 dignitatem
2899 3377 3145 3460 aliquid
3180 3379 3445 3444 fecisse:
3492 3377 3718 3441 futura
3754 3377 4039 3459 alioquin
4077 3375 4259 3440 inani

2318 3473 2385 3528 et
2462 3465 2605 3528 sine
2676 3464 2899 3528 fructu
2968 3473 3189 3529 nostra
3255 3462 3757 3546 praedicatione.
3845 3462 4065 3545 Atque
4130 3460 4259 3529 hue

2322 3548 2651 3616 Samuelis
2696 3551 2906 3614 oratio
2950 3550 3293 3632 spectavit,
3336 3570 3537 3632 quum
3585 3547 3758 3632 apud
3804 3548 4114 3631 populum
4150 3569 4263 3612 ex-

2318 3635 2537 3718 posuit
2593 3655 2664 3700 se
2721 3644 2955 3718 sponte
3011 3637 3302 3712 cessisse,
3370 3655 3582 3717 neque
3640 3632 3973 3700 studuisse
4018 3635 4260 3698 autori·

2317 3731 2541 3798 tatem,
2598 3721 2751 3786 licet
2792 3741 2833 3785 a
2892 3722 3034 3786 Deo
3096 3722 3216 3785 sibi
3278 3721 3581 3800 delatam,
3642 3718 3886 3786 diutius
3954 3721 4255 3799 retinere,

2315 3827 2514 3890 quam
2569 3807 2812 3873 multos
2871 3828 3075 3873 annos
3128 3807 3519 3883 obtinuerat,
3578 3805 3692 3871 sed
3738 3806 3915 3871 ultro
3958 3826 4101 3872 sese
4145 3806 4260 3870 illa

2316 3891 2667 3969 abdicasse,
2701 3913 2908 3975 neque
2943 3902 3285 3976 propterea
3320 3893 3621 3974 cuiquam
3655 3892 3835 3955 litem
3858 3892 4252 3958 intentasse:

2314 3978 2430 4043 sed
2491 3978 2704 4061 potius
2760 3999 2980 4062 regem
3038 4001 3236 4061 super
3280 3979 3453 4060 ipsos
3498 3977 3939 4058 constituisse,
4000 3998 4081 4042 ne
4123 3978 4257 4044 ulla

2317 4064 2463 4130 duci
2523 4063 2875 4129 ambitione
2931 4074 3048 4129 aut
3103 4064 3238 4130 ulla
3296 4063 3615 4147 regnandi
3670 4063 4023 4147 cupiditate
4076 4063 4255 4128 vide·

2315 4160 2518 4230 retur,
2564 4156 2682 4215 aut
2722 4150 3039 4215 metuisse
3082 4149 3360 4215 dedecus
3404 4147 3665 4232 aliquod
3704 4149 3999 4215 abdicata
4039 4148 4103 4212 di
4154 4148 4255 4213 ni·

2315 4245 2448 4301 tate
2505 4257 2701 4318 quam
2761 4255 2802 4299 a
2859 4237 3004 4300 Deo
3064 4245 3393 4319 acceptam
3449 4236 3764 4318 plurimos
3820 4255 4025 4299 annos
4082 4254 4120 4297 o
4170 4233 4252 4298 ti-

2313 4332 2567 4387 nuerat.
2659 4320 2908 4385 Idcirco
2984 4321 3140 4386 dicit
3202 4343 3271 4387 se
3333 4322 3480 4388 voci
3548 4322 3766 4405 populi
3832 4319 4251 4387 auscultasse.

2311 4408 2591 4473 Interim
2667 4406 2969 4490 deinceps
3041 4407 3408 4474 videbimus
3477 4407 3770 4473 Samueli
3842 4405 4247 4488 propositum

2311 4495 2510 4560 fuisse
2585 4492 2708 4558 hac
2778 4495 3070 4560 oratione
3125 4494 3417 4578 graviter
3474 4491 3700 4575 populi
3756 4492 4249 4571 contumaciam,

2312 4580 2732 4645 rebellionem
2817 4587 2884 4644 et
2965 4580 3304 4664 ingratum
3386 4580 3679 4644 animum
3744 4575 4245 4658 reprehendere.

2311 4666 2480 4730 Nam
2560 4666 2680 4730 etsi
2746 4663 2875 4730 Dei
2941 4664 3450 4732 misericordiam
3519 4672 4030 4744 consequuturos
4094 4683 4250 4746 pro-

2309 4753 2532 4827 mittit,
2611 4771 2744 4816 non
2825 4759 3045 4817 tamen
3117 4748 3517 4836 parcendum
3581 4747 4007 4824 existimavit,
4086 4747 4247 4830 quin

2310 4838 2469 4904 vitia
2513 4836 2848 4921 detegeret
2890 4848 2957 4904 et
2997 4837 3393 4920 obiurgaret.
3480 4834 3750 4898 Etenim
3795 4853 4042 4913 revera,
4100 4834 4247 4900 Deo

2309 4924 2517 4989 nostri
2583 4923 2879 4989 misereri
2951 4924 3226 5002 volente,
3294 4941 3628 5002 nunquam
3689 4917 3938 4982 aditum
4000 4920 4249 5002 patefa-

2307 5011 2578 5088 ciemus,
2624 5030 2833 5093 neque
2878 5009 2959 5075 ad
3004 5010 3283 5093 gratiam
3326 5006 3506 5071 illius
3548 5004 3989 5087 recipiendam
4023 5004 4249 5071 idonei

2307 5097 2558 5179 fiemus,
2605 5096 2731 5161 nisi
2768 5095 2947 5178 prius
2985 5096 3152 5159 serio
3188 5101 3595 5177 peccatorum
3636 5102 4009 5156 nostrorum
4047 5112 4244 5158 sensu

2308 5191 2677 5264 tangamur.
2768 5180 2903 5261 Qui
2963 5181 3139 5246 enim
3196 5178 3320 5245 sibi
3380 5189 3448 5243 et
3502 5178 3639 5241 suis
3696 5176 3874 5241 vitiis
3918 5176 4240 5261 indulget,

2304 5266 2618 5353 indignus
2672 5276 2768 5333 est
2826 5286 3019 5350 quem
3079 5265 3207 5331 Dei
3265 5265 3474 5349 gratia
3537 5270 3788 5329 servet:
3848 5264 3901 5327 si
3960 5264 4247 5348 quidem,

3726 5362 3829 5418 43*
