5059 6059
837 307 963 372 319

838 524 963 586 quo
1010 498 1224 564 datam
1269 495 1392 578 ipsi
1436 494 1675 559 iustam
1713 492 2114 559 occasionem
2153 491 2571 558 arbitrentur.
2645 489 2773 557 His

838 583 1200 653 rationibus
1254 599 1397 646 sese
1441 579 1796 644 continuit:
1844 576 2119 643 Davidis
2164 597 2391 644 necem
2434 578 2503 641 in
2547 577 2776 643 crasti-

838 693 1001 740 num
1058 686 1250 733 mane
1305 664 1633 747 differens,
1693 662 1863 747 quod
1921 664 2138 747 ipsum
2198 685 2232 728 e
2291 662 2427 730 suis
2470 661 2775 728 manibus

838 757 1008 825 elabi
1050 774 1185 819 non
1229 771 1418 835 posse
1461 749 1770 817 crederet.
1858 749 2449 814 Verumenimvero
2493 747 2623 813 Dei
2669 769 2773 812 ar-

838 862 1001 912 cana
1065 836 1477 923 providentia
1538 839 1667 902 ista
1731 846 2070 920 geruntur,
2146 854 2338 917 quem
2407 853 2525 898 nos
2592 852 2777 899 sacra

838 930 1079 1016 pagina
1148 923 1331 990 docet
1398 923 1494 987 ita
1548 923 1877 987 inflectere
1937 919 2275 985 hominum
2333 917 2773 1001 improborum

839 1012 1265 1100 cogitationes
1302 1017 1369 1072 et
1404 1017 1679 1087 mentes,
1714 1019 1789 1072 ut
1827 1003 2141 1089 quidquid
2176 1004 2549 1085 moliantur,
2585 1024 2778 1087 quae-

835 1119 1094 1184 cunque
1152 1097 1404 1180 agitent
1461 1094 1748 1172 consilia,
1807 1094 1873 1157 in
1919 1093 2130 1157 fumos
2173 1089 2411 1156 abeant
2450 1102 2517 1155 et
2564 1091 2779 1155 ventis

837 1187 1080 1252 dentur
1122 1185 1326 1248 irrita.
1415 1178 1861 1261 Quamobrem
1900 1197 1976 1242 eo
2021 1176 2229 1241 maior
2274 1176 2463 1242 nobis
2501 1174 2777 1240 fiduciae

837 1275 910 1339 in
944 1272 1089 1335 Deo
1126 1266 1537 1334 collocandae
1574 1264 1767 1329 datur
1801 1264 2069 1341 occasio,
2106 1284 2233 1345 quo
2267 1260 2777 1327 evidentioribus

839 1355 1156 1440 exemplis
1195 1352 1489 1418 videmus
1528 1351 1745 1434 ipsum
1782 1371 1909 1415 non
1953 1360 2206 1414 tantum
2234 1366 2468 1413 manus
2489 1345 2775 1412 hostium

839 1462 1105 1510 suorum
1151 1440 1240 1504 ita
1276 1449 1497 1503 tenere
1533 1437 1937 1513 constrictae,
1984 1444 2058 1499 ut
2092 1434 2234 1500 sine
2271 1433 2473 1516 ipsius
2509 1432 2778 1515 permis-

835 1532 1018 1598 sione
1056 1548 1136 1592 ne
1173 1524 1455 1609 digitum
1491 1522 1753 1606 quidem
1789 1540 2053 1586 movere
2092 1520 2376 1603 possint:
2424 1520 2538 1583 sed
2577 1518 2773 1582 etiam

837 1634 1064 1682 eorum
1108 1610 1538 1695 cogitationes
1580 1617 1647 1674 et
1687 1618 1938 1672 mentes
1975 1605 2068 1671 sic
2104 1606 2452 1680 inflectere,
2501 1616 2573 1667 ut
2612 1602 2775 1668 nihil

837 1699 1091 1786 possint
1159 1697 1434 1773 efficere,
1508 1694 1632 1759 nisi
1704 1691 1875 1776 quod
1934 1695 2072 1775 ipse
2132 1690 2434 1756 voluerit.
2524 1688 2776 1771 Quam·

839 1787 1064 1854 obrem
1134 1783 1287 1849 licet
1362 1780 1577 1847 David
1633 1780 1704 1844 in
1763 1778 2068 1863 graviora
2125 1775 2418 1860 pericula
2474 1774 2779 1840 inciderit

835 1893 1031 1958 quam
1091 1890 1173 1935 ex
1231 1868 1466 1951 quibus
1510 1876 1825 1941 evaserat,
1892 1862 2318 1928 nihilominus
2363 1871 2582 1926 tamen
2627 1880 2777 1924 eum

834 1961 1018 2024 Deus
1054 1954 1361 2040 protexit,
1406 1964 1474 2017 et
1512 1951 1776 2016 tandem
1814 1973 1894 2015 ex
1930 1948 2230 2013 omnibus
2268 1946 2530 2030 eripuit.
2598 1944 2779 2010 Hinc

833 2046 1251 2110 observemus
1319 2040 1536 2105 Deum
1605 2035 1986 2101 mortalibus
2052 2053 2191 2098 esse
2250 2032 2779 2111 dissimillimum,

837 2131 947 2214 qui
1007 2128 1175 2194 ferre
1237 2142 1424 2209 opem
1470 2122 1913 2189 laborantibus
1957 2117 2157 2185 semel
2202 2121 2256 2183 si
2297 2128 2588 2202 possunt,
2650 2138 2779 2181 non

837 2219 1115 2300 possunt
1157 2232 1415 2296 semper
1456 2216 1851 2292 opportune:
1910 2224 2030 2270 nec
2073 2205 2130 2271 si
2174 2212 2465 2288 possunt,
2520 2223 2778 2286 semper

841 2301 1083 2366 adsunt
1126 2296 1431 2383 periculis
1477 2294 1882 2380 urgentibus,
1925 2290 2038 2356 vel
2081 2288 2478 2369 fortitudine,
2525 2290 2630 2355 vel
2676 2289 2777 2352 vi·

841 2388 1021 2452 ribus
1066 2384 1542 2450 destituuntur:
1590 2380 1867 2462 denique
1901 2376 2275 2459 saepissime
2308 2375 2534 2442 fallere
2570 2374 2778 2440 homi-

844 2493 1000 2537 num
1062 2469 1383 2535 auxilium
1442 2467 1740 2533 sciamus.
1829 2464 1977 2528 Non
2035 2464 2128 2528 ita
2186 2482 2342 2529 vero
2389 2464 2589 2541 Deus,
2646 2460 2775 2543 qui,

843 2572 918 2623 ut
975 2556 1069 2621 ait
1125 2554 1480 2638 apostolus:
1545 2551 1787 2617 Fidelis
1829 2555 1935 2632 est,
1995 2553 2053 2612 et
2094 2568 2218 2614 non
2250 2548 2555 2629 permittit
2595 2567 2780 2629 quen·

843 2663 1034 2726 quam
1095 2640 1264 2706 ultra
1324 2640 1490 2705 vires
1551 2638 1795 2716 tenlm,
1862 2640 1917 2698 et
1979 2655 2118 2700 cum
2172 2636 2496 2700 tordatione
2538 2632 2781 2715 felicem

841 2730 953 2795 dat
1008 2728 1255 2795 aetum.
1342 2724 1584 2806 Quare,
1650 2743 1849 2807 quum
1896 2739 2016 2786 nos
2060 2720 2238 2785 mille
2281 2721 2508 2785 mortis
2553 2717 2777 2783 discri-

842 2816 1022 2879 mina
1079 2810 1592 2890 circumdabunt,
1658 2820 1997 2874 teneamus
2039 2807 2257 2872 Deum
2301 2806 2370 2871 in
2416 2825 2616 2870 manu
2658 2802 2775 2868 ha·

839 2900 994 2967 bere
1053 2917 1282 2963 omnes
1335 2896 1567 2962 mortis
1609 2895 1843 2972 exitus,
1910 2902 1978 2957 et
2020 2900 2155 2957 tam
2200 2891 2387 2957 facile
2431 2910 2552 2956 nos
2596 2888 2777 2954 mille

841 2984 1143 3071 periculis
1189 3003 1385 3066 quam
1429 3002 1515 3048 ex
1559 3000 1690 3046 uno
1733 2987 1994 3044 tantum
2037 2998 2226 3061 posse
2265 2975 2563 3054 liberare,
2607 2973 2775 3058 quod

841 3075 978 3156 ipse
1036 3069 1283 3136 Paulus
1350 3065 1538 3133 docet
1592 3086 1793 3150 quum
1851 3064 1944 3130 ait
2002 3064 2216 3129 Deum
2264 3085 2382 3130 nos
2425 3085 2506 3129 ex
2552 3061 2777 3127 multis

841 3156 1161 3223 mortibus
1238 3159 1635 3237 erepturum.
1723 3150 1862 3216 Nos
1971 3148 2187 3215 uidem
2252 3150 2450 3215 semel
2517 3158 2775 3213 tantum

840 3264 1029 3326 posse
1067 3241 1230 3307 mori
1263 3249 1515 3306 certum
1551 3247 1669 3315 est,
1713 3245 1782 3301 et
1816 3237 1926 3320 qui
1974 3256 2077 3301 em
2112 3236 2348 3319 cuique
2383 3235 2776 3301 destinatam

839 3337 1116 3394 mortem
1162 3324 1551 3405 naturalem,
1596 3344 1797 3406 quare
1836 3321 1917 3388 de
1952 3330 2161 3387 morte
2196 3322 2311 3387 illa
2340 3341 2469 3386 non
2493 3320 2778 3402 loquitur

840 3414 1105 3494 Paulus,
1166 3432 1367 3496 quum
1436 3411 1544 3489 ait,
1611 3409 1829 3474 Deum
1895 3429 2015 3473 nos
2080 3430 2116 3472 e
2176 3408 2402 3474 multis
2458 3403 2779 3472 mortibus

841 3501 1290 3578 liberaturum,
1350 3497 1462 3563 sed
1524 3496 1603 3562 de
1661 3493 2140 3561 afflictionibus.
2224 3494 2398 3560 Nam
2451 3493 2563 3557 ubi
2608 3490 2775 3575 peri·

841 3585 1062 3653 culum
1118 3582 1378 3667 aliquod
1434 3590 1721 3665 apparet,
1781 3580 2010 3646 mortis
2067 3589 2167 3645 est
2221 3579 2425 3646 veluti
2480 3577 2776 3642 nuntius:

843 3682 911 3736 at
932 3669 1206 3736 subinde
1235 3668 1586 3734 multitudo
1609 3688 1816 3751 paene
1840 3667 2097 3732 infinita
2120 3665 2399 3751 singulis
2426 3661 2777 3729 momentis

843 3754 1276 3839 periculorum
1338 3753 1656 3838 exsurgit,
1724 3752 1883 3818 adeo
1950 3762 2025 3817 ut
2071 3751 2409 3819 videamur
2465 3760 2775 3833 tanquam

841 3840 1085 3926 praeda
1125 3840 1423 3906 hostibus
1466 3839 1773 3922 expositi:
1820 3837 1935 3904 sed
1980 3838 2166 3904 Deus
2202 3858 2323 3904 nos
2346 3834 2673 3905 custodire
2710 3842 2779 3900 et

840 3929 1093 4011 eripere
1137 3947 1218 3992 ex
1263 3925 1391 3991 illis
1431 3925 1733 3991 omnibus
1778 3933 2019 4007 potest:
2067 3935 2134 3991 et
2176 3926 2344 3990 hanc
2387 3921 2470 3988 ob
2512 3941 2777 3987 causam

835 4014 905 4079 in
951 4014 1166 4097 ipsum
1213 4011 1475 4076 unicum
1521 4032 1667 4094 spes
1709 4012 1921 4076 omnis
1957 4021 2180 4076 nostra
2215 4006 2617 4075 coniicienda
2656 4015 2773 4072 est.

1004 4098 1228 4181 Atque
1286 4096 1458 4162 hanc
1517 4096 1881 4161 doctrinam
1940 4118 2169 4162 eruere
2216 4095 2525 4161 debemus
2570 4114 2651 4159 ex
2698 4114 2773 4157 eo

835 4183 1004 4269 quod
1047 4183 1282 4249 dicitur
1324 4181 1488 4248 Saul
1535 4184 1785 4249 misisse
1829 4182 2142 4248 satellites
2186 4182 2298 4265 qui
2340 4178 2618 4245 Davidis
2663 4178 2775 4244 do·

835 4291 1019 4335 mum
1079 4267 1449 4335 obsiderent
1507 4288 1712 4350 usque
1756 4267 1838 4334 ad
1882 4289 2093 4346 mane,
2163 4282 2235 4333 ut
2279 4265 2513 4331 deinde
2557 4267 2776 4348 ipsum

837 4356 1302 4422 interficerent.
1391 4354 1498 4419 Ex
1571 4374 1701 4437 quo
1767 4364 2100 4436 praeterea
2160 4351 2597 4437 colligendum
2657 4361 2772 4428 est,

834 4462 1068 4525 parum
1124 4461 1264 4507 esse
1323 4442 1545 4506 firmas
1602 4439 1921 4505 amicitias
1976 4439 2335 4516 hominum,
2408 4438 2535 4503 nisi
2594 4437 2775 4502 Deus

837 4530 1123 4609 ipsorum
1197 4526 1448 4591 animos
1506 4533 1708 4610 regat.
1799 4524 2009 4590 Nemo
2068 4526 2240 4591 enim
2300 4521 2545 4589 Davidi
2603 4523 2773 4587 ferre

838 4612 1035 4678 audet
1080 4633 1298 4695 opem:
1367 4612 1487 4676 etsi
1534 4632 1666 4677 non
1710 4610 1977 4677 dubium
2020 4624 2119 4677 est
2162 4610 2318 4695 quin
2363 4608 2773 4674 Ionathanus

839 4697 1051 4765 officio
1121 4717 1240 4762 suo
1299 4718 1426 4763 non
1487 4696 1783 4763 defuerit.
1871 4696 2121 4764 Michol
2179 4708 2395 4762 autem
2456 4696 2676 4759 aberat
2735 4716 2774 4759 a

841 4783 1032 4849 domo
1075 4792 1366 4866 paterna,
1427 4792 1500 4847 ut
1541 4784 1815 4850 consilia
1857 4781 2175 4849 adversus
2218 4779 2540 4847 Davidem
2585 4781 2774 4864 igno-

841 4869 1101 4936 raverit.
1190 4867 1514 4934 Conatum
1575 4868 1839 4953 quidem
1895 4890 2054 4936 sane
2112 4867 2557 4935 Ionathanum
2604 4867 2772 4931 veri-

839 4955 1052 5020 simile
1095 4962 1194 5021 est
1237 4956 1440 5038 patris
1482 4956 1648 5021 iram
1692 4954 1970 5040 placare,
2014 4963 2082 5022 et
2121 4952 2445 5021 Davidem
2482 4951 2584 5017 illi
2618 4973 2772 5018 con-

841 5039 1061 5105 ciliare
1125 5048 1202 5104 ut
1265 5051 1416 5106 ante
1482 5042 1749 5107 fecerat:
1829 5041 1945 5108 sed
2008 5042 2193 5108 Deus
2259 5061 2390 5106 non
2456 5038 2772 5124 permisit.

842 5125 1092 5207 Nempe
1149 5125 1240 5189 ita
1296 5125 1504 5191 voluit
1560 5126 1882 5192 Davidem
1939 5128 2220 5211 experiri
2266 5126 2487 5191 Deum
2532 5123 2771 5189 habere

841 5209 1056 5275 varias
1110 5210 1391 5276 rationes
1435 5231 1588 5278 suos
1631 5212 1957 5292 servandi,
2010 5224 2077 5279 et
2119 5212 2306 5279 illum
2354 5218 2647 5276 avertere
2690 5210 2771 5275 ab

2472 302 2882 370 HOMILIA
2929 305 3187 371 LXXI.
4637 311 4721 378 320

2877 516 3102 560 earum
3150 517 3366 560 rerum
3412 517 3526 580 spe
3569 517 3735 580 quae
3779 497 3849 561 in
3897 496 4116 563 oculos
4153 506 4405 562 tantum
4443 497 4725 567 incurrunt.

2878 580 3047 645 Nam
3095 581 3153 647 si
3195 579 3382 647 Deus
3425 581 3685 649 unicam
3725 585 3793 647 in
3830 581 4017 647 nobis
4053 582 4344 647 tutandis
4379 594 4443 648 et
4475 587 4732 653 servandis

2877 668 3194 731 rationem
3232 677 3554 747 servaret,
3586 669 3791 752 ipsius
3828 671 4040 735 virtus
4075 679 4141 732 et
4171 670 4459 751 potentia
4480 669 4732 736 videretur

2876 753 3090 817 causis
3133 752 3435 819 secundis
3479 754 3708 819 affixa:
3767 752 3879 819 sed
3924 774 4127 836 quum
4171 753 4362 820 modo
4407 753 4559 819 hanc
4593 758 4733 821 utio-

2878 858 3028 901 nem
3066 837 3198 903 init
3234 859 3351 905 nos
3386 838 3725 917 liberandi,
3762 838 3956 905 modo
3991 839 4175 904 illam
4212 839 4292 904 de
4327 860 4453 923 qua
4478 861 4735 923 nunquam

2878 924 3416 1007 cogitaveramus,
3479 937 3621 991 tum
3677 926 3745 990 in
3792 926 3982 992 unico
4028 926 4167 991 Deo
4210 924 4507 991 fiduciam
4544 947 4736 991 omnem

2879 1020 3169 1074 nostram
3234 1009 3547 1077 collocare
3614 1009 3940 1092 discimus,
4020 1033 4091 1076 re
4154 1011 4299 1095 ipsa
4363 1009 4560 1076 edocti
4613 1013 4741 1077 mille

2878 1094 3168 1160 rationes
3234 1097 3447 1179 ipsum
3506 1095 3748 1162 habere
3803 1117 3923 1162 nos
3981 1098 4051 1161 in
4094 1096 4563 1181 angustissimis
4600 1097 4739 1161 rebus

2879 1179 3256 1260 adiuvandi,
3301 1192 3365 1246 et
3401 1203 3483 1246 ex
3520 1182 3819 1249 omnibus
3854 1182 4157 1266 periculis
4194 1181 4514 1258 servandi,
4554 1186 4744 1265 quoties

2877 1266 3003 1349 ipsi
3050 1266 3388 1333 videbitur.
3477 1267 3917 1333 Ionathanum
3962 1269 4163 1352 igitur
4198 1267 4491 1333 videmus
4524 1269 4581 1333 in
4613 1291 4745 1349 prae-

2877 1352 3088 1418 sentia
3148 1374 3279 1417 non
3339 1355 3621 1435 potuisse
3664 1352 3989 1419 Davidem
4039 1352 4367 1430 adiuvare,
4430 1354 4581 1436 quod
4620 1354 4748 1419 Deus

2879 1459 3007 1502 non
3053 1440 3438 1521 permiserit,
3487 1449 3562 1503 ut
3606 1439 3838 1505 salutis
3874 1460 4071 1523 quam
4110 1439 4352 1506 Davidi
4390 1441 4749 1523 praeparabat

2878 1522 3085 1607 gloria
3143 1525 3359 1589 omnis
3414 1523 3493 1589 ad
3555 1525 3773 1591 Deum
3835 1526 4047 1591 solum
4104 1524 4365 1607 rediret,
4427 1537 4491 1591 et
4542 1527 4601 1589 in
4648 1526 4751 1590 Deo

2879 1608 3184 1674 fiduciam
3252 1629 3509 1674 omnem
3569 1611 3881 1676 collocare
3942 1611 4302 1690 doceretur,
4375 1633 4570 1694 quum
4624 1610 4754 1675 nulla

2878 1715 3026 1777 spes
3070 1696 3150 1757 ab
3188 1694 3559 1761 hominibus
3596 1707 3958 1781 appareret,
4002 1698 4114 1781 qui
4149 1718 4284 1761 non
4320 1696 4567 1782 indiget
4598 1698 4757 1761 alieno

2880 1779 3144 1859 auxilio,
3182 1783 3431 1863 quoties
3466 1782 3589 1865 ipsi
3629 1802 3745 1849 nos
3783 1783 4097 1847 adiuvare
4133 1783 4200 1846 in
4240 1784 4559 1866 angustiis
4586 1784 4758 1864 placet,

2879 1865 3400 1950 quandoquidem
3471 1868 3651 1933 solus
3725 1869 3945 1933 omnia
4005 1878 4233 1951 potest.
4326 1869 4654 1934 Caeterum
4700 1889 4755 1930 ex

2878 1953 3296 2034 sequentibus
3362 1953 3619 2036 quidem
3686 1953 4024 2037 apparebit
4088 1954 4527 2019 Ionathanum
4592 1954 4755 2019 datam

2879 2035 3121 2102 Davidi
3180 2038 3374 2104 fidem
3422 2060 3552 2105 non
3599 2040 3898 2124 fregisse:
3970 2060 4123 2104 nam
4166 2061 4365 2122 quum
4417 2038 4643 2105 Michol
4678 2038 4756 2101 ab·

2880 2136 3053 2189 esset
3111 2124 3300 2189 domo
3360 2135 3648 2207 paterna,
3708 2145 3841 2190 non
3885 2126 4100 2209 potuit
4144 2125 4446 2190 divinare
4490 2127 4673 2208 patris
4705 2124 4761 2187 dn

2880 2209 3328 2276 interficiendo
3387 2210 3644 2275 Davide
3686 2211 4047 2289 consilium,
4106 2211 4251 2294 quis
4294 2212 4504 2296 igitur
4545 2210 4629 2275 illi
4668 2211 4758 2272 nisi

2880 2296 3287 2362 Ionathanus
3331 2297 3538 2380 patris
3581 2297 3979 2362 voluntatem
4027 2295 4318 2362 detexit?
4411 2297 4577 2361 Nam
4610 2316 4761 2378 quum

2881 2405 2950 2449 se
3009 2381 3177 2447 nihil
3243 2382 3413 2465 apud
3460 2396 3712 2467 patrem
3761 2403 3969 2466 neque
4015 2381 4563 2449 admonitionibus
4604 2400 4763 2462 neque

2881 2467 3492 2551 reprehensionibus
3515 2467 4067 2534 animadverteret
4088 2488 4495 2550 promovere,
4517 2478 4579 2533 et
4591 2480 4765 2533 coum

2885 2556 3018 2620 vim
3064 2553 3351 2620 militnm
3418 2554 3497 2619 ad
3545 2554 3806 2621 caedem
3855 2554 4129 2618 Davidis
4187 2565 4625 2637 comparatam
4665 2572 4765 2615 esse

2882 2642 3098 2723 sciret,
3154 2640 3323 2724 quod
3369 2639 3545 2706 aliud
3594 2640 3689 2704 illi
3735 2642 4057 2724 superfuit
4102 2640 4466 2705 remedium
4512 2660 4682 2724 quam
4717 2648 4765 2699 nt

2882 2727 3209 2794 Davidem
3286 2729 3439 2810 fuga
3518 2727 3638 2791 sibi
3717 2726 4055 2792 consulere
4134 2725 4492 2791 suaderet?
4589 2726 4767 2806 Itaque

2881 2814 3093 2881 officio
3149 2833 3269 2878 suo
3323 2834 3452 2878 non
3514 2812 3722 2877 defuit
3776 2811 4200 2887 Ionathanus,
4262 2811 4379 2876 sed
4428 2822 4634 2876 tamen
4673 2829 4765 2873 non

2883 2909 2985 2966 est
3037 2900 3177 2965 eius
3234 2918 3432 2980 opera
3482 2896 3666 2962 Deus
3709 2896 3791 2963 ad
3835 2897 4109 2963 salutem
4157 2897 4438 2963 Davidis
4486 2920 4649 2975 usus,
4696 2894 4772 2960 cui

2883 3007 3014 3052 non
3059 2983 3239 3050 dedit
3280 2984 3652 3049 facultatem
3698 2980 4023 3049 servandi.

3055 3071 3400 3137 Caeterum
3447 3090 3610 3152 quae
3651 3068 3854 3135 verba
3896 3070 3967 3133 in
4012 3078 4199 3134 textu
4242 3078 4626 3154 sequuntur,
4664 3065 4772 3130 dili·

2927 3165 3112 3224 enter
3168 3153 3766 3233 animadvertcnda,
3827 3155 4061 3238 quibus
4116 3154 4353 3220 dicitur
4400 3156 4636 3221 Michol
4674 3150 4773 3216 filis

2938 3242 3107 3309 aulis
3163 3242 3523 3323 deposuisse
3580 3239 3892 3306 Davidem
3937 3261 4059 3322 per
4111 3241 4485 3323 fenestram:
4549 3246 4603 3305 et
4638 3236 4775 3304 iaus·

2880 3330 3113 3395 abiisse
3167 3332 3222 3393 et
3278 3327 3605 3410 aufuyisse
3659 3332 3718 3391 et
3777 3326 4089 3391 salvatum
4146 3346 4294 3392 esse.
4387 3326 4625 3392 Audax
4659 3343 4775 3388 sano

2882 3415 3173 3481 mulieris
3217 3415 3486 3479 facinus.
3579 3413 3684 3477 Ex
3729 3432 3857 3495 quo
3899 3420 4172 3497 apparet
4214 3412 4549 3488 mulieres,
4590 3412 4642 3477 si
4671 3410 4773 3475 ani·

2880 3522 3060 3567 mum
3120 3498 3203 3565 ad
3260 3500 3499 3565 bonum
3545 3496 3963 3597 appellerent,
4024 3498 4194 3564 sicut
4235 3497 4317 3563 ad
4365 3499 4630 3578 malum,
4677 3496 4775 3560 fore

2882 3586 3106 3651 multis
3162 3585 3518 3650 virtutibus
3577 3583 3890 3668 insignes.
3981 3584 4079 3649 Ac
4138 3583 4418 3668 proinde
4466 3582 4773 3649 simulatio·

2882 3692 3029 3737 nem
3091 3690 3338 3736 meram
3399 3691 3539 3735 esse
3583 3690 3782 3752 quum
3827 3690 4024 3735 sexus
4067 3670 4530 3735 infirmitatem
4576 3682 4775 3752 praete-

2881 3769 3069 3836 xunt,
3123 3766 3191 3822 et
3245 3776 3476 3823 sensus
3536 3755 3939 3833 tenuitatem,
3997 3776 4198 3838 quum
4256 3755 4335 3819 de
4400 3757 4623 3840 magni
4674 3774 4776 3817 mo-

2880 3843 3085 3909 menti
3129 3841 3325 3908 rebus
3367 3843 3601 3926 agitur.
3690 3839 3861 3907 Nam
3900 3862 3982 3906 ex
4020 3839 4141 3906 hoc
4176 3840 4315 3906 loco
4354 3843 4522 3906 satis
4558 3854 4775 3923 apparet

2881 3940 3103 3996 acutas
3162 3949 3302 3994 esse
3358 3925 3687 4004 mulieres,
3755 3935 3821 3992 et
3879 3926 4089 3991 multa
4133 3947 4324 4009 saepe
4372 3926 4615 3992 audere
4653 3946 4775 4008 quae

2880 4015 3001 4081 viri
3063 4013 3389 4096 suscipere
3445 4012 3788 4078 horreant:
3854 4011 4020 4077 nihil
4078 4012 4205 4076 illis
4266 4013 4467 4078 nimis
4528 4012 4775 4083 arduum,

2881 4099 3043 4165 nihil
3088 4096 3515 4176 horrendum;
3560 4098 3713 4164 licet
3754 4098 3982 4162 mortis
4027 4096 4401 4162 adeundum
4451 4098 4773 4165 discrimen.

2879 4185 3045 4251 dolis
3090 4185 3229 4251 suis
3273 4185 3491 4249 omnia
3535 4182 3887 4248 metuenda
3931 4203 4255 4265 superare.
4348 4184 4467 4249 Sic
4516 4184 4635 4249 hoc
4672 4181 4776 4246 loeo

2877 4270 3123 4338 Michol
3192 4269 3517 4335 Davidem
3585 4271 3891 4335 maritum
3961 4290 4049 4333 ex
4104 4270 4471 4334 imminenti
4538 4266 4777 4352 periculo

2877 4357 3132 4442 eripuit.
3236 4355 3415 4421 Hinc
3492 4368 3762 4439 apparet
3839 4374 4098 4420 omnem
4165 4354 4363 4419 adimi
4439 4352 4775 4420 mulieribus

2875 4443 3358 4509 excusationem
3447 4439 3852 4506 infirmitatis
3930 4450 3996 4505 et
4076 4440 4551 4507 imbecillitatis
4616 4441 4665 4506 si
4720 4460 4773 4501 ex

2876 4529 3075 4594 animi
3114 4527 3387 4592 mollitia
3423 4524 3761 4610 refugiunt
3799 4525 4065 4608 labores,
4101 4546 4260 4609 quos
4295 4532 4527 4591 tamen
4568 4542 4637 4591 ut
4670 4525 4775 4589 Deo

2875 4615 3166 4680 serviant
3221 4625 3287 4678 et
3345 4612 3661 4695 proximis
3721 4611 4011 4678 debitum
4059 4611 4350 4691 reddant,
4410 4613 4633 4678 subire
4670 4610 4775 4674 illas

2875 4700 3232 4783 oportebat.
3315 4698 3666 4764 Caeterum
3703 4699 3824 4762 etsi
3864 4699 4024 4764 haec
4060 4701 4152 4762 ita
4186 4721 4255 4763 se
4290 4697 4563 4777 habent,
4599 4712 4770 4761 tamen

2875 4783 3278 4851 observanda
3308 4783 3432 4848 Dei
3462 4782 3869 4867 providentia
3893 4794 4028 4849 tam
4052 4783 4330 4849 infirmis
4357 4782 4773 4850 instrumentis

2876 4871 2955 4937 ad
3018 4891 3180 4953 opus
3244 4892 3437 4936 suum
3501 4869 3967 4954 perficiendum
4035 4872 4308 4935 utentis:
4382 4892 4596 4954 neque
4639 4868 4771 4933 onim

2873 4977 3073 5023 sexus
3116 4956 3230 5022 ille
3273 4955 3611 5021 muliebris
3657 4968 3869 5021 tantas
3915 4977 3997 5020 ex
4033 4977 4104 5021 se
4138 4958 4312 5020 vires
4352 4956 4642 5033 haberet,
4682 4952 4771 5017 nia

2874 5043 3063 5108 Deus
3107 5040 3253 5107 illas
3300 5041 3646 5107 sufficeret.
3739 5040 4210 5108 Verumtamen
4250 5062 4444 5125 saepe
4486 5042 4660 5105 Deus
4690 5058 4773 5121 per

2875 5127 3186 5194 mulieres
3228 5126 3437 5192 multa
3480 5130 3793 5192 memoria
3836 5127 4035 5211 digna
4080 5128 4366 5210 perfecit,
4422 5128 4657 5211 quibus
4692 5144 4773 5191 ex·

2873 5216 3236 5282 citarentur
3288 5214 3396 5295 qui
3452 5212 3531 5277 ad
3592 5233 3695 5278 res
3754 5233 4025 5297 magnas
4080 5213 4531 5297 suscipiendas
4585 5224 4643 5279 et
4690 5229 4769 5295 ge·

4902 3834 4905 3869 l

4902 3944 4905 4035 l

4902 5388 4905 5419 l
