5059 6059
265 302 376 369 125

1571 305 1672 372 IN
1715 307 1768 376 1.
1813 307 1995 374 LIB.
2037 305 2443 377 SAMUEL.
2487 308 2688 376 GAP.
2731 306 2886 375 XV.

4082 311 4208 378 126

263 507 322 562 et
357 490 667 578 pracsidio
703 513 833 558 non
868 515 1012 559 sum
1054 495 1266 575 nixus,
1301 494 1415 562 sed
1451 496 1520 561 in
1544 496 1885 562 hominum
1928 517 2163 564 manus
2265 518 2337 563 se
2380 495 2791 581 aliquantum
2834 496 2904 562 in
2940 495 3071 563 Dei
3114 496 3338 563 schola
3379 497 3755 582 profecisse,
3801 522 3998 585 quum
4046 502 4204 568 fate-

261 578 521 663 confugi.
609 578 750 644 Nae
793 576 1029 644 dixerit
1086 581 1198 647 ille
1255 582 1516 666 quidem
1575 604 1704 647 non
1748 583 1920 648 hanc
1963 582 2164 649 fuisse

262 685 430 731 suam
473 677 778 744 mentem,
820 685 1051 731 verum
1099 676 1318 733 tamen
1355 668 1506 734 talis
1541 678 1640 733 est
1674 669 1863 735 istius
1899 688 2165 752 respon-

261 751 443 818 sionis
476 771 726 816 sensus.
791 751 880 816 Et
913 751 1006 816 ita
1039 753 1252 818 solent
1287 773 1457 821 vana
1491 753 1733 905 effugia
1777 765 2163 838 quaerentes

260 857 387 903 sese
445 837 654 920 magis
717 836 994 903 irretire.
1083 838 1313 923 Neque
1377 840 1551 904 enim
1677 861 1792 907 eus
1842 840 2167 923 permittit

258 922 342 987 ita
379 942 494 986 sua
539 935 801 1005 peccata
843 922 1018 1008 ipsos
1060 925 1279 990 fucare
1322 937 1386 991 et
1431 926 1783 1010 pigmentis
1827 926 2164 1006 adornare,

300 1008 401 1072 nin
443 1008 730 1090 ipsorum
789 1016 899 1074 tur
940 1009 1122 1076 itudo
1181 1018 1508 1095 appareat,
1571 1019 1637 1076 et
1678 1029 2008 1078 summum
2054 1010 2162 1077 de-

295 1113 439 1159 eeus
471 1094 595 1178 ipsi
632 1112 849 1159 ceram
940 1115 1016 1161 eo
1053 1105 1118 1160 et
1150 1095 1519 1163 hominibus
1563 1098 1924 1163 incurrant.
1990 1097 2163 1163 Nam

254 1178 450 1245 solent
515 1179 894 1264 hypocritae
953 1180 1081 1247 Dei
1145 1181 1382 1248 iudicia
1445 1191 1894 1261 contemnere,
1975 1183 2165 1248 modo

253 1264 512 1348 aliquam
538 1261 718 1354 apud
756 1266 1053 1333 homines
1094 1267 1421 1333 retineant
1461 1270 1899 1348 autoritatem,
1945 1284 2009 1334 et
2031 1268 2163 1336 vir-

253 1354 402 1416 tutis
440 1351 836 1436 opinionem.
921 1350 1057 1418 Sed
1103 1354 1284 1418 Deus
1327 1351 1592 1438 dignam
1648 1354 1948 1436 operibus
1991 1355 2163 1437 ipso·

251 1457 388 1503 rum
430 1438 789 1503 mercedem
826 1437 957 1503 illis
993 1437 1239 1504 tribuit.
1305 1438 1478 1504 Nam
1523 1459 1742 1506 coram
1778 1460 1897 1506 sua
1931 1442 2161 1506 maies-

249 1537 376 1586 tate
416 1533 484 1587 et
541 1524 923 1608 angelorum
987 1524 1151 1591 faeie
1205 1525 1688 1610 condemnatos,
1749 1527 1944 1592 etiam
1990 1524 2162 1611 apud

251 1607 534 1673 homines
599 1611 883 1693 ipsorum
953 1631 1149 1694 quam
1207 1611 1496 1676 maxime
1556 1619 1776 1694 tegere
1840 1622 2162 1679 conantur

245 1694 707 1779 turpitudinem
767 1693 1030 1780 detegit.
1119 1695 1557 1779 Conspicuum
1620 1697 1791 1762 istud
1850 1698 1916 1763 in
1963 1695 2163 1764 Saule

245 1781 464 1866 culpae
520 1801 682 1846 suae
737 1791 987 1862 partem
1046 1783 1115 1845 in
1173 1781 1486 1865 populum
1533 1782 1832 1848 derivare
1876 1782 2161 1871 volente,

244 1885 426 1948 quem
459 1877 681 1932 tamen
715 1867 859 1931 fieri
895 1877 1129 1934 testem
1163 1867 1636 1936 incredulitatis
1658 1868 1865 1950 ipsius
1887 1877 2162 1954 oportet,

245 1953 419 2034 quasi
460 1951 800 2036 productis
840 1953 908 2017 in
953 1952 1241 2019 medium
1284 1953 1492 2036 ipsius
1531 1951 1748 2020 Saulis
1794 1964 1925 2019 tam
1973 1953 2165 2021 dictis

248 2056 436 2118 qnam
540 2038 715 2118 estis,
774 2045 839 2103 et
893 2036 1155 2122 quidem
1200 2039 1272 2103 in
1319 2039 1629 2104 maiorem
1676 2038 2162 2106 condemnatio-

247 2142 407 2187 nem.
562 2144 668 2188 am
726 2132 984 2208 praeter
1039 2135 1332 2207 apertam
1389 2124 1824 2205 rebellionem,
1891 2126 2031 2192 eius
2095 2126 2163 2189 in

245 2207 451 2274 Deum
498 2210 800 2292 impietas
843 2208 1096 2276 detecta
1131 2216 1246 2288 est,
1293 2211 1462 2291 quod
1509 2210 1728 2276 Deum
1773 2223 1847 2276 ut
1892 2210 2166 2280 debebat

243 2315 367 2358 non
411 2293 824 2379 glorificarit:
869 2294 980 2360 sed
1026 2305 1253 2360 contra
1298 2295 1511 2361 Deum
1559 2297 1749 2382 parvi
1793 2297 2036 2374 fecerit,
2098 2305 2165 2362 et

242 2380 307 2444 in
350 2381 586 2464 populo
628 2400 806 2466 spem
852 2400 1040 2446 suam
1077 2380 1420 2462 collocarit,
1465 2385 1648 2448 euius
1695 2393 1910 2450 tamen
1955 2381 2161 2448 rebel·

242 2462 473 2532 lienem
539 2479 848 2549 expertus
906 2477 1065 2543 erat,
1122 2485 1321 2551 quum
1367 2488 1406 2533 a
1449 2467 1592 2534 Deo
1639 2490 1754 2534 rex
1799 2467 2162 2553 disignatus

243 2554 467 2636 populo
501 2551 943 2617 exhiberetur.

398 2635 877 2703 Verumtamen
922 2638 1120 2722 digna
1163 2646 1320 2703 sunt
1357 2638 1673 2724 singulari
1709 2639 2162 2705 observatione

239 2721 435 2803 ipsius
480 2722 683 2789 verba
726 2721 1126 2788 istiusmodi:
1177 2723 1453 2801 Peccavi,
1499 2726 1652 2807 quia
1691 2725 2162 2808 praevaricatus

238 2825 370 2872 sum
409 2828 756 2875 semonem
797 2807 1081 2890 Domini,
1139 2813 1198 2873 et
1247 2809 1431 2875 verba
1470 2815 1614 2875 tua:
1670 2811 1903 2893 quibus
1945 2811 2161 2876 verbis

238 2906 567 3044 καὶαπ)
614 2916 805 2960 snum
852 2893 1165 2981 designat,
1225 2916 1457 2979 nempe
1499 2917 1569 2961 se
1614 2918 1746 2961 non
1791 2896 2160 2979 implevisse

336 2981 498 3045 mini
559 2980 874 3048 mandata
931 3001 1205 3066 quorum
1260 2981 1399 3066 ipse
1442 2979 1711 3048 Samuel
1755 2983 2054 3049 minister
2096 2995 2162 3049 et

237 3063 556 3151 interpres
603 3067 844 3132 fuerat:
890 3086 965 3133 ae
1009 3064 1278 3149 proinde
1321 3087 1506 3133 suam
1552 3067 1966 3134 rebellionem
2011 3087 2163 3134 con-

237 3149 467 3218 fitetur.
560 3155 780 3236 Atque
835 3151 956 3218 hoc
999 3161 1098 3218 est
1140 3161 1335 3236 eaput
1381 3154 1670 3219 omnium
1715 3152 2156 3237 iniquitatum,

239 3234 370 3302 Deo
411 3257 550 3304 non
598 3237 844 3305 subiici.
933 3237 1155 3320 Quare
1208 3240 1264 3302 si
1324 3239 1526 3304 vitam
1587 3251 1757 3305 reete
1815 3239 2159 3306 instituere

237 3322 549 3404 volumus,
598 3322 812 3390 danda
855 3343 1053 3408 opera
1093 3332 1192 3390 est
1234 3332 1307 3388 ut
1350 3345 1493 3390 eam
1539 3323 1621 3388 ad
1667 3323 1965 3390 divinum
2012 3346 2159 3390 ver-

235 3404 401 3486 bum,
444 3409 623 3494 quod
668 3410 1033 3476 sanctitatis
1075 3410 1343 3494 plenum
1386 3419 1506 3489 est,
1542 3410 1918 3494 exigamus:
1963 3430 2159 3494 prop·

239 3501 405 3559 terea
447 3494 623 3579 quod
666 3496 735 3560 in
779 3517 855 3562 eo
899 3504 1122 3561 nostra
1165 3496 1341 3562 salus
1385 3505 1452 3561 et
1493 3495 1805 3580 perfectio
1854 3495 1980 3561 sita
2040 3506 2158 3575 est,

237 3591 306 3642 ut
346 3579 725 3647 audivimus
766 3581 837 3646 in
883 3580 999 3647 illa
1041 3580 1386 3659 sententia,
1433 3581 1768 3646 meliorem
1814 3602 1954 3647 esse
1999 3581 2162 3647 mul-

237 3663 315 3730 tis
369 3666 660 3732 victimis
717 3665 1170 3747 obedientiam,
1233 3667 1434 3732 immo
1499 3677 1565 3732 et
1629 3668 1951 3732 virtutum
2017 3688 2160 3734 esse

239 3759 529 3816 matrem.
621 3752 769 3818 Hoc
812 3752 1015 3853 igitur
1066 3752 1563 3819 fundamentum
1609 3763 1747 3817 esto
1791 3765 2159 3818 nostrarum

239 3836 580 3919 aetionnm,
634 3858 798 3921 quae
841 3860 912 3903 1u
957 3838 1216 3903 ruinam
1263 3848 1328 3903 et
1368 3838 1641 3904 exitium
1686 3837 1983 3922 alioquin
2021 3836 2159 3902 abi-

239 3927 416 3988 turas
479 3934 660 3988 sunt.
768 3922 1267 3990 Observandum
1345 3933 1678 4007 praeterea
1740 3923 2008 3990 Saulem
2085 3924 2159 3989 in

239 4006 453 4074 eodem
498 4007 717 4095 gradu
762 4029 1027 4093 ponere,
1071 4030 1143 4074 os
1188 4009 1315 4074 Dei
1359 4021 1425 4074 et
1469 4010 1740 4075 verbum
1829 4009 2159 4092 rophetae.

237 4089 485 4172 Quibus
522 4094 741 4160 verbis
778 4095 1082 4162 docemur
1124 4115 1258 4159 non
1302 4115 1442 4161 esse
1486 4096 1658 4159 ultra
1693 4031 1897 4160 nages
1932 4095 2153 4160 inves-

239 4177 568 4281 tigandam
630 4180 756 4247 Dei
817 4181 1217 4283 voluntatem
1237 4232 1252 4260 ‚
1306 4202 1506 4281 quum
1569 4180 1751 4246 verbi
1808 4182 1908 4246 sui
1973 4200 2155 4265 prae·

238 4264 2160 4436 &iffoffimviffiss”Zissuissssnmffssnsszriiiussssssssssflffi

237 4444 299 4498 et
337 4437 687 4503 obtestari:
745 4436 1130 4504 Mandatum
1181 4437 1293 4505 1·oe
1331 4438 1497 4522 quod
1536 4456 1647 4522 eqo
1678 4437 2006 4520 praecipio
2047 4436 2162 4502 tibi

238 4517 420 4616 toda,
475 4542 847 4607 nonsupra
903 4529 1105 4604 tecet,
1159 4523 1935 4607 nequepreoulposium.
2029 4521 2161 4588 Nec

237 4608 751 4687 mcodositum
810 4612 1138 4691 utpossis
1189 4611 1418 4676 dicere:
1485 4607 2163 4690 Quisnostrumvalet

240 4690 2162 4777 adwalumadsoendm,1aedeferatmudadnos,m

241 4777 578 4846 audiamus
640 4785 820 4863 atque
880 4801 1060 4863 opere
1119 4779 1583 4865 contpkamus?
1688 4779 1908 4880 Neque
1981 4783 2162 4845 trans

240 4865 1610 4948 mpositum,tdeauseri3,etdicas:
1680 4864 2162 4947 Qun-eamme

231 4952 448 5028 poterit
501 4952 916 5033 transfretare
969 4972 1164 5035 mare,
1223 4957 1281 5017 et
1333 4951 1496 5020 alud
1546 4951 1633 5017 ad
1671 4971 1787 5017 nos
1825 4970 2022 5032 usque
2062 4950 2162 5015 de-

240 5034 426 5115 ferre.-
481 5041 555 5102 ut
599 5039 924 5118 possimus
966 5037 1189 5104 audire
1230 5043 1286 5103 et
1323 5037 1526 5118 facere
1567 5037 1730 5120 qaod
1758 5039 2160 5119 praeceptum

244 5122 370 5185 eat?
454 5120 586 5188 Soa
643 5124 825 5189 iaxta
879 5128 934 5188 te
990 5128 1079 5188 est
1131 5122 2161 5189 sermonaldeinoretuoetin

242 5206 408 5273 eorde
449 5213 575 5286 mo,
615 5214 684 5273 ut
719 5209 934 5290 facia-s·
971 5207 1172 5274 illum.
1237 5207 1366 5275 Hic
1411 5210 1632 5292 itaque
1667 5206 1826 5274 Saul
1874 5207 2159 5274 declarat

2270 591 2385 648 tur
2441 604 2511 649 se
2572 581 3095 667 praevaricatum
3154 603 3293 649 esse
3352 604 3719 649 sermonem
3782 586 4069 667 Domini,
4138 597 4204 654 et

2270 668 2470 735 verba
2525 668 2904 753 prophetae.
3004 667 3233 752 Neque
3300 669 3473 734 enim
3537 670 3660 735 Dei
3728 692 4095 737 sermonem
4163 696 4202 740 a

2270 752 2485 819 verbis
2529 753 2891 839 prophetae
2934 763 3246 837 tanquam
3282 754 3455 819 inter
3490 776 3559 819 se
3595 754 3961 822 differentia
3996 759 4199 841 ponit,

2271 839 2385 906 sed
2441 841 2660 922 potius
2720 840 3014 924 agnoscit
3059 837 3256 905 verba
3301 840 3657 924 prophetae
3701 862 3842 908 esse
3886 851 4197 927 tanquam
4284 888 4296 901 -

2270 945 2343 991 os
2378 926 2591 1009 ipsum
2613 924 2762 1006 Dei,
2799 932 2865 990 et
2898 944 3214 1009 organum
3256 928 3466 993 sancti
3500 927 3785 1008 spiritus,
3828 950 3902 995 ac
3937 929 4200 996 fidelem

2270 1011 2392 1078 sibi
2457 1011 2782 1077 commissi
2846 1012 3137 1076 muneris
3216 1011 3610 1077 ministrum.
3719 1012 3902 1080 Haec
3984 1015 4201 1100 itaque

2271 1094 2567 1163 doctrina
2609 1107 2710 1162 est
2752 1118 2833 1162 ex
2880 1095 3000 1162 hoc
3043 1096 3184 1162 loco
3228 1096 3536 1177 eruenda,
3582 1108 3656 1162 ut
3699 1119 3899 1181 quum
3947 1123 4196 1167 sacram

2271 1184 2661 1266 scripturam
2705 1181 3005 1266 legimus,
3062 1180 3152 1246 ibi
3200 1182 3478 1249 sciamus
3522 1180 3739 1250 Deum
3785 1205 3971 1250 suam
4018 1187 4201 1253 nobis

2271 1268 2673 1334 voluntatem
2733 1287 3086 1352 exponere:
3153 1268 3235 1332 de
3290 1288 3417 1351 qua
3476 1289 3593 1334 nos
3658 1290 3800 1335 esse
3861 1292 4200 1355 persuasos

2269 1364 2546 1439 oportet,
2613 1374 2820 1436 neque
2889 1374 3060 1419 vana
3123 1353 3367 1438 effugia
3433 1353 3585 1420 hine
3648 1354 3801 1421 inde
3867 1377 4197 1439 quaerere.

2268 1439 2747 1505 Testimonium
2790 1438 2962 1503 enim
3009 1437 3183 1505 istud
3228 1440 3659 1505 certissimum
3703 1449 3770 1506 et
3827 1442 4201 1512 inviolabile

2269 1535 2385 1605 est,
2444 1525 2552 1590 ubi
2598 1523 2778 1589 Deus
2839 1522 3033 1588 verbo
3092 1545 3210 1589 suo
3269 1524 3467 1590 semel
3512 1527 3927 1593 autoritatem
3973 1526 4186 1595 dedit:

2270 1622 2343 1676 ut
2408 1610 2705 1675 norimus
2772 1627 2917 1674 cum
2985 1608 3119 1675 solo
3198 1608 3309 1674 illo
3374 1610 3558 1676 nobis
3624 1632 3766 1677 esse
3824 1609 4198 1698 negotium.

2272 1699 2487 1780 Atque
2529 1694 2703 1759 idem
2748 1694 3165 1760 statuendum
3212 1693 3292 1760 de
3326 1694 3475 1761 fidis
3511 1708 3958 1764 sacrosanctae
3994 1702 4198 1784 scrip-

2271 1791 2455 1847 turae
2510 1779 2994 1864 interpretibus,
3056 1781 3168 1863 qui
3228 1781 3479 1846 sincere
3538 1781 3824 1849 officinm
3882 1784 3951 1851 in
4013 1784 4199 1851 nobis

2268 1867 2397 1933 Dei
2454 1865 2856 1932 voluntatem
2918 1864 3221 1930 docendis
3277 1867 3557 1932 faciunt:
3615 1868 3853 1951 quibus
3909 1870 4194 1953 acquies-

2269 1953 2548 2019 cendum
2608 1951 2874 2017 omnino
2932 1961 3052 2030 est,
3109 1972 3320 2035 neque
3377 1953 3700 2035 speranda
3744 1976 4029 2039 unquam
4074 1956 4196 2022 im·

2317 2039 2572 2117 unitas,
2643 2038 2701 2101 si
2781 2037 3179 2120 contemptui
3249 2058 3323 2104 ae
3400 2036 3683 2105 ludibrio
3763 2039 4197 2108 habuerimus.

2268 2061 2830 2207 Quemadmodum
2894 2121 3082 2187 multi
3140 2123 3384 2206 passim
3440 2135 3788 2191 occurrunt
3843 2126 4198 2194 nebulones

2267 2220 2336 2276 et
2391 2208 2580 2292 impii
2639 2226 2715 2275 ac
2771 2207 3026 2292 profani
3087 2209 3401 2286 homines,
3463 2209 3573 2293 qui
3631 2231 3702 2276 se
3745 2210 3889 2278 Deo
3933 2215 4192 2295 quidem

2267 2297 2716 2378 obtemperare
2760 2292 2927 2360 velle
2970 2294 3378 2376 profitentur,
3438 2294 3550 2360 sed
3611 2296 3719 2363 ubi
3766 2299 4195 2385 quaerendus,

2267 2393 2332 2449 et
2390 2379 2622 2465 quibus
2679 2379 2887 2465 signis
2945 2380 3430 2463 cognoscendus
3486 2382 3812 2465 ignorare.
3923 2383 4111 2450 Absit
4158 2405 4197 2450 a

2268 2466 2451 2533 nobis
2517 2464 2678 2531 haec
2745 2463 3137 2550 arrogantia,
3202 2465 3402 2530 immo
3467 2465 3620 2531 talis
3676 2466 3857 2534 furor
3914 2488 3952 2532 a
4012 2469 4196 2536 nobis

2264 2552 2570 2619 facessat:
2630 2550 2790 2633 quin
2834 2551 3051 2636 potius
3093 2549 3258 2616 colla
3304 2548 3427 2616 Dei
3471 2552 3673 2617 verbo
3722 2552 4000 2620 libenter
4043 2554 4190 2620 sub·

2264 2640 2621 2717 mittamus,
2671 2636 2923 2721 Deique
2969 2636 3237 2701 verbum
3282 2657 3430 2702 cum
3485 2636 3853 2705 humilitate
3896 2650 3964 2705 et
4009 2661 4194 2706 reve·

2263 2724 2477 2790 rentia
2518 2721 2929 2807 recipiamus,
2975 2721 3228 2804 quoties
3267 2720 3395 2787 Dei
3438 2723 3623 2789 iussu
3667 2724 3852 2791 nobis
3894 2726 4196 2811 proponi-

2265 2823 2404 2875 tur:
2464 2819 2659 2891 atque
2716 2807 2805 2873 ibi
2850 2806 3150 2873 fiduciam
3196 2827 3454 2873 omnem
3502 2816 3794 2874 nostram
3838 2831 3979 2876 esse
4023 2812 4196 2894 posi-

2265 2909 2399 2961 tam
2444 2895 2747 2959 sciamus.
2834 2893 3137 2976 Denique
3180 2901 3397 2958 ratum
3455 2892 3631 2959 istud
3678 2903 3815 2960 esto
3857 2897 4195 2980 fixumque

2261 2982 2330 3046 in
2390 2980 2628 3048 animis
2688 2978 2957 3057 nostris,
3024 2977 3193 3046 velle
3255 2977 3468 3043 Deum
3552 2980 3605 3044 si
3705 2979 3720 2993 '
3823 2981 4193 3050 visibilibus

2261 3065 2451 3131 nobis
2496 3083 2827 3151 apparere,
2878 3064 3147 3148 perinde
3190 3084 3331 3130 esse
3375 3083 3450 3129 ac
3493 3065 3548 3129 si
3638 3085 3674 3131 e
3718 3065 3898 3131 coelo
3943 3065 4194 3134 detrae-

2263 3165 2404 3218 tum
2485 3151 2822 3217 vellemus.
2930 3149 3292 3216 Contentos
3356 3147 3533 3214 enim
3600 3170 3740 3217 esse
3806 3172 3925 3218 nos
3990 3153 4197 3238 ipsius

2264 3237 2464 3303 verbo
2519 3245 2792 3320 oportet,
2846 3236 2953 3301 cui
3012 3235 3174 3301 satis
3231 3234 3412 3301 dedit
3466 3234 3618 3301 fidei
3677 3244 3743 3301 et
3800 3238 4193 3305 autoritatis.

2263 3322 2484 3406 Quare
2529 3321 2711 3387 nulla
2755 3320 2883 3387 alia
2922 3321 3374 3387 criminatione
3414 3341 3579 3405 opus
3623 3331 3723 3388 est
3764 3322 3849 3387 ad
3885 3344 4005 3389 nos
4040 3346 4196 3391 con-

2265 3406 2685 3492 demnandos,
2745 3428 2942 3491 quum
3000 3426 3037 3470 a
3080 3408 3191 3472 via
3235 3405 3363 3471 Dei
3420 3407 3622 3473 verbo
3680 3419 4048 3475 monstrata
4091 3432 4194 3477 re—

2262 3496 2673 3562 cesserimus.
2773 3491 3342 3574 Quemadmodum
3417 3501 3482 3557 et
3548 3493 3761 3578 ipsum
3839 3495 4195 3561 Dominum

2264 3590 2563 3650 nostrum
2620 3579 2839 3645 Iesum
2897 3577 3235 3644 Christum
3299 3578 3425 3644 hoc
3466 3585 3853 3664 argumento
3900 3579 4198 3649 videmus

2266 3665 2574 3732 adversus
2618 3685 2728 3731 eos
2769 3666 2865 3729 uti
2911 3666 3022 3748 qui
3065 3663 3347 3730 sermoni
3388 3663 3596 3749 ipsius
3630 3665 4195 3733 contradicebant:

2262 3749 2413 3817 Non
2473 3748 2917 3818 condemnabo
2976 3769 3114 3829 vos,
3173 3749 3405 3832 inquit,
3462 3749 3686 3817 ultimo
3745 3750 3867 3828 die,
3921 3753 4197 3820 verbum

2261 3836 2437 3903 istud
2481 3837 2589 3902 eui
2624 3837 2754 3902 iam
2792 3834 3203 3901 reluctamini
3243 3849 3309 3899 et
3349 3833 3519 3919 quod
3555 3834 3882 3903 obstinate
3930 3839 4197 3905 reiicitis

2262 3944 2383 3989 vos
2426 3921 2896 3987 condemnabit.
2964 3919 3186 4003 Quare
3221 3920 3503 3987 sciamus
3525 3918 3653 3987 Dei
3689 3922 3962 3988 verbum
4010 3925 4194 3990 suffi-

2263 4009 2439 4075 ciens
2483 4029 2626 4074 esse
2670 4006 2752 4073 ad
2797 4027 2917 4073 nos
2960 4006 3501 4084 condemnandos,
3552 4007 3609 4073 si
3656 4026 3787 4072 non
3831 4007 3995 4074 illud
4041 4030 4190 4075 aus·

2262 4094 2751 4173 cultaverimus‚
2795 4102 2860 4158 et
2903 4112 3032 4176 qua
3075 4091 3260 4159 decet
3302 4091 3676 4158 humilitate
3720 4104 3786 4158 et
3826 4094 4194 4161 reverentia

2263 4181 2716 4264 receperimus.
2808 4178 3059 4245 Contra
3118 4198 3273 4244 vero
3332 4196 3674 4260 persuasos
3733 4200 3875 4245 esse
3918 4189 4190 4262 oportet,

2262 4287 2382 4332 nos
2427 4287 2464 4330 a
2507 4264 2655 4330 Deo
2701 4263 3106 4349 recipiendos
3151 4276 3217 4329 et
3260 4264 3331 4328 in
3375 4284 3642 4330 suorum
3688 4284 4034 4329 numerum
4077 4262 4188 4328 ad-

2263 4351 2619 4416 mittendos
2664 4358 2731 4416 et
2774 4359 3082 4434 tanquam
3125 4350 3331 4415 iustos
3383 4346 3713 4415 habendos
3758 4367 3958 4431 quum
4004 4370 4187 4415 man·

2264 4435 2417 4503 data
2455 4435 2664 4520 ipsius
2706 4435 2960 4519 sequuti
2995 4434 3329 4515 fuerimus,
3364 4434 3516 4501 licet
3551 4454 3670 4500 nos
3703 4432 3990 4500 mundus
4026 4455 4193 4501 eane

2265 4522 2446 4605 peius
2486 4531 2553 4587 et
2595 4541 2810 4606 angue
2854 4541 3084 4587 exosos
3118 4530 3559 4606 persequatur.

2433 4607 2641 4673 Porro
2676 4629 2871 4691 quum
2896 4606 3061 4673 Saul
3100 4607 3206 4673 hic
3242 4605 3455 4691 populi
3500 4613 3746 4672 metum
3791 4603 4020 4681 adfert,
4056 4625 4187 4688 quo

2264 4690 2615 4760 adductum
2660 4713 2730 4759 se
2775 4694 2979 4776 ipsius
3038 4694 3184 4759 voci
3229 4691 3630 4758 auscultasse
3672 4691 3784 4770 ait,
3851 4698 4185 4772 peccatum

2262 4798 2453 4845 suum
2499 4787 2770 4845 conatur
2813 4777 3074 4862 quidem
3122 4777 3376 4844 elevare
3417 4785 3482 4840 et
3523 4777 3845 4842 minuere:
3891 4773 4005 4840 sed
4048 4796 4188 4841 ma·

2265 4865 2364 4948 gis
2408 4875 2625 4949 auget,
2667 4863 2837 4948 quod
2884 4863 3247 4930 obedientia
3290 4861 3405 4926 illa
3446 4861 3638 4944 plena
3672 4861 3762 4926 sit
3796 4858 4186 4943 rebellionis,

2307 4970 2461 5015 uum
2507 4950 2587 5015 ab
2634 4949 3002 5016 hominibus
3060 4948 3617 5032 transfiguramur,
3685 4955 3751 5010 et
3806 4966 3847 5009 a
3891 4946 4034 5013 Deo
4078 4947 4188 5014 ab·

2262 4971 2582 5115 ducimur,
2641 5059 2722 5102 ne
2780 5055 2968 5101 suum
3032 5035 3135 5098 ius
3194 5033 3261 5096 in
3320 5051 3438 5096 nos
3496 5031 3794 5097 retineat.
3884 5033 4187 5117 Denique

2262 5120 2597 5187 humilitas
2653 5122 2788 5206 illa,
2843 5140 2971 5205 qua
3034 5118 3354 5184 servimus
3410 5116 3802 5198 hominibus,
3868 5131 3934 5183 et
3991 5119 4185 5186 rebus

2262 5207 2497 5273 creatis
2541 5208 2943 5285 mortalibus,
3000 5204 3145 5272 Deo
3189 5213 3257 5270 et
3299 5203 3500 5288 ipsius
3542 5202 3744 5270 verbo
3790 5203 4077 5272 detrahit
4120 5212 4191 5271 et
