5059 6059
330 205 466 272 609
1616 204 1716 273 IN
1759 203 1816 274 I.
1865 206 2045 273 LBI.
2092 206 2499 277 SAMUEL:
2547 207 2746 277 OAP.
2792 208 3056 276 XXVI.
4219 214 4356 283 eto

332 403 684 483 eoguntur.
748 393 979 477 Neque
1024 393 1198 459 enim
1223 391 1398 477 apud
1423 391 1641 459 Deum
1669 394 2026 478 quidquam
2052 394 2290 461 iuvant

332 481 649 550 orationis
692 481 909 560 flores,
954 489 1069 544 aut
1113 478 1522 562 eloquentia;
1577 478 1692 544 sed
1737 478 1877 546 sola
1923 480 2135 546 virtus
2178 501 2287 547 co-

334 589 476 634 ram
522 567 653 632 Dei
696 565 940 631 iudicio
986 585 1104 630 nos
1148 572 1393 646 tuetur,
1459 564 1573 649 qui
1617 585 1831 648 neque
1892 564 2030 631 falli
2076 586 2290 649 neque

332 652 564 737 decipi,
608 661 686 716 ut
731 650 1051 734 homines,
1098 657 1328 734 potest.

505 738 950 802 'Branseamus
985 735 1066 800 ad
1114 735 1364 818 reliqua
1399 734 1676 801 Davidis
1721 734 1941 801 verba.
1996 735 2291 818 Quando-

326 823 585 908 quidem
627 822 985 889 tradiderat
1040 826 1095 886 te
1141 820 1373 887 Iehova
1426 820 1608 887 hodie
1661 820 1822 887 mihi
1878 823 1952 886 in
2004 840 2287 900 manunt,

330 910 445 977 sed
485 909 667 976 nolui
709 909 1043 974 &amittere
1083 926 1343 972 manum
1374 926 1578 972 meam
1621 907 1693 970 in
1725 911 1979 971 unctum
2004 906 2287 974 Iehoaae.

332 995 542 1061 Porro
585 1014 790 1078 quum
836 992 1056 1058 David
1101 993 1198 1057 ait
1237 990 1600 1057 Dominum
1649 990 1998 1058 tradidisse
2042 992 2170 1058 sibi
2212 992 2287 1057 in

332 1101 603 1147 manum
649 1078 956 1146 Saulem:
1004 1099 1139 1144 non
1184 1078 1394 1142 intell'
1445 1077 1688 1143 endum
1736 1088 1836 1143 est
1878 1079 2062 1161 quasi
2112 1078 2287 1144 dice-

327 1179 433 1232 ret
476 1166 603 1231 sibi
646 1185 688 1230 a
735 1166 875 1230 Deo
935 1164 1331 1247 permissum
1378 1099 1669 1229 ¹Saulem
1715 1164 2107 1244 interficere,
2169 1163 2284 1229 sed

329 1251 679 1317 hominum
724 1250 1032 1333 opinione
1077 1248 1143 1314 id
1190 1249 1312 1314 sibi
1360 1248 1638 1314 licuisse.
1686 1246 1881 1329 Quod
1927 1259 2003 1314 ut
2047 1248 2283 1315 melius

330 1336 783 1420 intelligamus
827 1334 1183 1400 tenendum
1230 1345 1329 1399 est
1358 1335 1609 1399 variam
1654 1355 1795 1400 esse
1840 1334 2142 1401 tradendi
2179 1353 2281 1399 ra-

330 1423 601 1502 tionem,
661 1419 1189 1504 quandoquidem
1249 1440 1724 1503 nonnunquam
1788 1420 1970 1486 Deus
2023 1420 2280 1485 hostem

326 1509 397 1573 in
443 1527 716 1573 manum
760 1505 982 1584 tradit,
1028 1525 1174 1569 cum
1222 1505 1375 1570 belli
1410 1513 1705 1588 tempore
1743 1505 2079 1572 victoriam
2126 1526 2279 1572 con-

320 1591 530 1672 eedit,
595 1602 664 1658 et
720 1591 907 1675 qnasi
966 1610 1167 1654 manu
1224 1590 1576 1657 deductum
1634 1590 1893 1656 hostem
1952 1590 2279 1657 voluntati

326 1679 671 1762 permittit.
760 1675 1012 1742 Idcirco
1058 1676 1276 1741 Moses
1326 1676 1643 1759 populum
1688 1677 1783 1742 sic
1825 1675 2280 1760 alloquebatur

326 1763 647 1830 adversus
690 1762 911 1828 hostes
953 1770 1378 1845 pugnantem,
1422 1772 1497 1827 ut
1540 1760 1789 1827 diceret
1829 1783 2016 1845 posse
2059 1762 2277 1845 ipsum

328 1849 486 1915 dare
530 1848 961 1914 internecioni
987 1867 1099 1912 eos
1122 1844 1441 1913 adversus
1479 1867 1641 1930 quos
1682 1855 2091 1931 pugnarent:
2143 1848 2276 1912 bel-

326 1936 464 2001 lum
511 1934 688 2001 enim
742 1936 993 1998 iustum
1052 1942 1172 2007 est,
1235 1941 1303 1996 et
1360 1934 1500 2016 ipse
1544 1932 1729 1998 Deus
1788 1931 2081 2016 gladium
2126 1954 2273 2017 per-

322 2020 534 2086 mittit
575 2029 643 2084 et
687 2027 1080 2102 potestatem
1140 2016 1296 2084 facit
1349 2018 1572 2084 hostes
1615 2016 1834 2101 gladio
1878 2018 2160 2083 feriendi
2207 2028 2276 2085 et

323 2104 782 2172 interficiendi.
823 2104 1007 2169 Deus
1048 2104 1272 2185 itaque
1315 2104 1381 2167 in
1428 2123 1701 2168 manum
1750 2102 2085 2169 traditeos
2109 2124 2274 2187 quos

324 2190 510 2257 caedi
552 2189 721 2257 vult.
809 2186 1380 2269 Quemadmodum
1436 2191 1828 2254 facinorosos
1870 2191 1939 2253 in
1985 2188 2273 2256 iudicum

326 2297 600 2343 manum
645 2275 869 2352 tradit,
927 2286 1000 2339 ut
1043 2275 1111 2338 in
1157 2275 1449 2359 ipsorum
1499 2274 1752 2359 flagitia
1794 2275 2149 2358 inquirant,
2206 2286 2276 2341 et

323 2385 442 2446 pro
516 2361 772 2428 meritis
829 2380 1076 2442 poenas
1136 2370 1514 2444 reposcant,
1588 2380 1839 2443 suoque
1910 2361 2272 2445 fungantur

324 2448 580 2515 officio:
640 2446 839 2512 veriti
884 2467 967 2511 ne
1012 2447 1069 2511 si
1112 2446 1506 2530 flagitiosum
1552 2445 1837 2510 inultum
1883 2444 2270 2526 dimiserint,

326 2535 654 2600 rationem
698 2533 779 2597 ab
825 2531 986 2615 ipsis
1030 2530 1215 2596 Deus
1259 2540 1573 2614 reposcat.
1620 2530 1797 2597 Sunt
1841 2532 2016 2596 enim
2076 2533 2272 2598 male-

324 2620 431 2685 fici
478 2631 792 2700 tanquam
833 2617 1202 2700 depositum
1227 2617 1414 2682 cuius
1437 2617 1758 2681 rationem
1804 2618 1980 2699 ipsos
2015 2626 2274 2700 oportet

322 2705 472 2770 Deo
531 2704 835 2769 reddere:
902 2712 1097 2784 atque
1155 2702 1319 2767 haec
1384 2722 1517 2768 una
1572 2712 1673 2767 est
1731 2701 2033 2768 tradendi
2102 2705 2272 2768 ratio

320 2811 524 2873 quum
574 2788 761 2854 Deus
804 2797 1228 2871 protestatem
1275 2788 1434 2853 facit
1477 2787 1754 2854 alicuius
1794 2787 2127 2868 caedendi,
2175 2798 2270 2855 ta-

318 2874 586 2959 lemque
654 2894 842 2940 suam
906 2893 1049 2938 esse
1106 2866 1515 2939 roluntatem
1583 2894 1714 2938 non
1790 2872 2006 2939 dubiis
2061 2874 2269 2958 signis

320 2959 630 3026 ostendit.
693 2960 924 3024 Altera
967 2969 1067 3023 est
1110 2980 1309 3043 quum
1356 2960 1537 3026 Deus
1580 2957 1843 3041 quidem
1886 2958 2268 3025 facultatem

317 3044 639 3114 caedendi
681 3044 891 3110 hostis
933 3044 1146 3124 offert,
1190 3044 1303 3109 sed
1350 3065 1480 3109 non
1528 3054 1749 3109 tamen
1785 3044 1939 3110 facit
1983 3054 2267 3127 potesta·

319 3142 477 3198 tem.
526 3131 749 3210 Quare
794 3150 950 3195 vero
995 3141 1156 3197 tnnc
1199 3128 1454 3195 tradere
1491 3130 1677 3196 Deus
1721 3129 2007 3195 dicitur?
2054 3131 2266 3195 Nimi-

314 3237 469 3283 rum
493 3225 568 3281 ut
592 3216 910 3298 nosipsos
933 3216 1246 3300 exploret,
1283 3226 1349 3279 et
1373 3236 1458 3280 an
1496 3222 1725 3298 sponte
1751 3216 1993 3281 nostris
2019 3216 2266 3283 affecti·

312 3304 443 3369 bus
488 3302 786 3366 fraenum
835 3301 1205 3367 iniiciamus
1248 3310 1618 3385 cognoscat.
1663 3301 1834 3365 Nam
1878 3300 2075 3366 multi
2122 3302 2266 3384 qui-

318 3389 473 3454 dem
516 3407 711 3471 saepe
754 3407 895 3453 sese
941 3406 1339 3472 magnopere
1380 3385 1843 3452 commendant
1884 3386 1942 3451 si
1967 3385 2268 3453 volunta-

314 3485 453 3539 tem
497 3494 686 3538 suam
732 3492 868 3536 non
913 3482 1380 3556 exsequantur,
1442 3480 1509 3537 et
1553 3471 1850 3537 hostibus
1897 3471 2063 3537 nihil
2108 3473 2267 3537 mali

305 3558 670 3624 intulerint
724 3577 939 3640 neque
998 3558 1068 3622 in
1128 3577 1406 3641 persona
1464 3578 1674 3641 neque
1731 3559 1802 3621 in
1847 3557 2267 3624 facultatibus

300 3643 740 3711 offenderint:
799 3641 914 3707 sed
975 3655 1395 3726 praepostera
1454 3642 1843 3727 gloriatione
1902 3642 2070 3727 quod
2130 3665 2264 3708 non

300 3731 403 3798 sit
466 3730 627 3811 ipsis
690 3728 910 3794 oblata
965 3727 1439 3813 opportunitas,
1507 3748 1719 3811 neque
1784 3727 1960 3793 facta
2022 3750 2057 3792 a
2119 3728 2267 3795 Deo

220 3824 229 3833 '
302 3823 605 3901 potestas
666 3814 964 3880 inimicos
1020 3813 1398 3881 ulciscendi.
1486 3814 1675 3878 'I'unc
1729 3813 1932 3897 igitur
1976 3814 2265 3879 maxime

303 3909 595 3985 apparet
635 3919 856 3964 coram
901 3900 1042 3966 Deo
1093 3900 1349 3966 sincera
1393 3910 1620 3964 nostra
1661 3919 1818 3984 erga
1874 3900 2082 3982 ipsius
2126 3898 2266 3965 cul·

300 3996 460 4052 tum
487 3985 807 4061 voluntas,
855 3995 922 4049 et
943 4006 1102 4070 erga
1136 3986 1515 4069 proximum
1540 3984 1815 4061 dilecti0,
1865 4004 2072 4067 quum
2100 3984 2264 4050 nihil

300 4070 593 4154 impedit
613 4071 960 4153 quominus
1004 4072 1129 4154 ipsi
1154 4091 1526 4147 noceamus,
1571 4080 1637 4134 et
1671 4070 1944 4136 iniurias
1990 4069 2261 4137 ulcisca-

298 4178 486 4234 mur,
544 4166 612 4221 et
656 4165 881 4221 tamen
936 4156 1118 4221 ultro
1157 4157 1399 4221 nostris
1459 4155 1799 4221 affectibus
1841 4156 2264 4239 imperamus,

300 4250 386 4310 et·
427 4242 508 4307 ab
554 4243 733 4306 omni
772 4241 1021 4306 iniuria
1076 4242 1495 4307 abstinemus.
1587 4243 1780 4308 Licet
1832 4241 2036 4326 igitur
2080 4240 2266 4308 Deus

303 4347 796 4411 nonnunquam
842 4327 1067 4392 hostes
1112 4340 1371 4393 nostros
1414 4327 1510 4392 ita
1543 4326 1780 4403 deiicit,
1827 4337 1893 4392 et
1936 4328 2003 4392 in
2030 4349 2264 4394 manus

298 4422 574 4480 nostras
598 4412 817 4492 tradit,
862 4426 937 4477 ut
960 4413 1261 4478 videatur
1282 4414 1462 4497 ipsos
1495 4412 1766 4478 tollendi
1790 4413 2008 4479 oblata
2029 4433 2262 4496 oppor-

297 4497 597 4566 tunitas:
667 4518 799 4563 non
858 4497 1005 4562 ideo
1065 4508 1284 4564 tamen
1346 4500 1421 4563 fit
1477 4506 1765 4581 potestas
1821 4498 1893 4562 in
1952 4500 2125 4582 ipsos
2178 4519 2264 4564 ex

270 4584 520 4653 -animi
567 4585 771 4649 nostri
816 4583 1090 4648 libidine
1111 4583 1474 4649 saeviendi:
1523 4583 1636 4649 sed
1680 4585 1899 4668 potius
1922 4584 2017 4650 sic
2039 4584 2263 4668 explo-

302 4689 550 4738 ramur
588 4689 628 4733 a
670 4668 816 4733 Deo
861 4690 947 4734 an
992 4670 1074 4735 ab
1116 4671 1323 4752 ipsius
1364 4670 1711 4735 voluntate
1750 4671 1963 4753 potius
1997 4690 2195 4753 quam
2227 4691 2267 4735 a

306 4755 567 4823 nostris
610 4754 951 4819 affectibus
1010 4756 1132 4819 toti
1191 4755 1607 4838 pendeamus,
1671 4764 1746 4820 ut
1787 4776 1826 4820 a
1870 4754 2045 4821 malo
2091 4755 2264 4839 quod

304 4838 656 4927 prohibuit
700 4840 1160 4906 abstineamus.
1232 4840 1335 4905 Ita
1380 4840 1544 4906 Saul
1588 4842 1652 4906 in
1699 4862 1939 4907 manus
1982 4840 2267 4907 Davidis

304 4925 604 4993 traditus
650 4933 768 5002 est,
815 4926 983 5008 quod
1023 4946 1103 4990 ex
1151 4926 1309 5009 ipsis
1339 4934 1688 4992 contextus
1711 4925 1930 4991 verbis
1975 4935 2265 5008 apparet,

301 5011 557 5098 quibus
598 5010 837 5075 dicitur
882 5011 1068 5076 Deus
1115 5032 1416 5076 somnum
1466 5011 1814 5077 immisisse
1859 5013 1928 5075 in
1974 5010 2265 5090 Saulem,

304 5106 389 5166 et
452 5097 521 5161 in
581 5096 968 5161 universum
1038 5098 1245 5180 ipsius
1309 5098 1687 5162 exercitum.
1777 5096 2029 5162 Idcirco
2087 5096 2265 5161 enim

522 5197 748 5256 Caluini
774 5213 966 5268 opera.
1040 5199 1162 5256 Vol.
1190 5198 1386 5256 XXX.

2392 404 2664 463 vocatur
2699 416 2978 462 somnus
3023 397 3173 481 Dei,
3227 417 3364 462 non
3407 406 3673 463 tantum
3720 397 3868 464 ideo
3907 399 4082 482 quod
4122 400 4353 469 certis-

2391 481 2634 547 simum
2678 490 2780 547 est
2826 483 3112 565 quietem
3158 481 3339 547 illam
3382 503 3577 566 quam
3624 483 3810 549 Deus
3869 482 3984 549 dat
4031 483 4116 549 ad
4175 486 4352 555 vires

2390 566 2777 633 reficiendas
2822 578 2900 633 ut
2941 568 3178 633 diurno
3225 567 3435 633 labori
3479 568 3809 635 sufficiant
3855 567 4159 635 divinum
4206 592 4351 640 esse

2391 650 2675 718 donum:
2717 661 2790 718 et
2833 652 3168 738 singulare
3213 653 3527 721 bonitatis
3570 654 3777 738 ipsius
3815 674 3978 740 erga
4020 676 4142 722 nos
4163 657 4350 724 testi·

2392 739 2715 822 monium,
2773 758 2908 803 non
2965 739 3186 804 minus
3246 760 3444 822 quam
3505 738 3725 804 cibum
3786 749 3853 806 et
3908 747 4140 824 potum
4202 763 4349 810 esse

2390 842 2720 888 somnum.
2767 822 2902 890 Sed
2949 824 3054 890 hic
3097 823 3223 888 alia
3265 825 3346 890 fit
3380 827 3596 890 somni
3637 826 3910 906 mentio,
3951 845 4193 910 nempe
4237 848 4345 895 so-

2388 908 2568 991 poris
2612 909 2971 990 cuiusdam,
3029 930 3156 993 quo
3202 910 3388 975 Deus
3442 920 3576 976 tam
3628 908 3898 977 Saulem
3955 931 4151 994 quam
4196 913 4348 980 uni·

2391 1014 2656 1060 versum
2700 995 2909 1079 ipsius
2954 995 3314 1061 exercitum
3340 997 3683 1079 oppressit,
3730 1005 3797 1062 et
3819 1005 4139 1080 tanquam
4179 998 4344 1065 mal-

2388 1077 2492 1143 leo
2559 1080 2915 1162 percussit,
2978 1089 3054 1145 ut
3119 1100 3388 1163 prorsus
3452 1081 3884 1165 obstupuerit.
3975 1081 4089 1148 Sic
4159 1085 4343 1152 enim

2388 1164 2557 1230 solet
2599 1166 2780 1232 Deus
2829 1164 2933 1231 vel
2994 1165 3385 1232 liberaturus
3445 1188 3564 1232 nos
3609 1188 3646 1231 e
3691 1165 3998 1251 periculis
4063 1168 4344 1253 vigilan-

2388 1258 2488 1316 tes
2574 1260 2641 1315 et
2698 1260 2980 1317 attentos
3046 1251 3354 1317 reddere:
3429 1251 3536 1318 vel
3617 1261 3850 1318 contra
3912 1272 4343 1336 oppressurus

2386 1334 2663 1418 ignavos
2707 1350 2776 1402 et
2818 1337 3117 1419 stupidos
3167 1337 3447 1414 efficere,
3507 1337 3842 1403 oculorum
3903 1339 4108 1405 aciem
4156 1340 4338 1405 fran-

2382 1439 2559 1504 gere,
2605 1421 2873 1488 auribus
2909 1433 3244 1505 stuporem
3290 1423 3552 1503 inferre,
3600 1422 3882 1507 denique
3917 1445 4150 1490 sensns
4192 1445 4334 1490 om-

2385 1526 2503 1570 nes
2546 1506 2811 1574 inutiles
2854 1508 3144 1574 reddere.
3224 1505 3620 1592 Quanquam
3666 1517 3928 1592 praeter
3972 1507 4151 1575 hunc
4191 1518 4335 1576 stu-

2382 1612 2608 1674 porem
2654 1592 2823 1659 alius
2867 1594 3063 1659 etiam
3108 1593 3357 1661 accedit
3403 1594 3483 1658 de
3504 1614 3635 1677 quo
3655 1595 3983 1743 scrifflra
4020 1594 4336 1679 loquitur,

2381 1697 2585 1761 quum
2633 1678 2899 1745 divinae
2958 1678 3121 1763 legis
3186 1680 3752 1762 contemptoribus
3905 1700 3982 1744 us
4026 1680 4333 1763 spiritum

2378 1764 2669 1845 stuporis
2713 1764 3162 1831 immissurum
3209 1765 3525 1848 minatur,
3584 1771 3660 1828 ut
3703 1763 4013 1830 ostendat
4054 1786 4126 1830 se
4169 1765 4336 1851 legis

2379 1868 2539 1912 suae
2581 1858 3064 1934 contemptores
3101 1849 3196 1915 sic
3239 1851 3649 1932 puniturum,
3697 1858 3774 1915 ut
3792 1870 4061 1914 sensum
4088 1849 4336 1917 adimat

2379 1942 2447 1997 et
2490 1934 2563 1997 in
2609 1934 2799 2000 bruta
2843 1935 3209 2001 animantia
3255 1936 3694 2000 transformet.
3757 1933 3890 2001 Sed
3938 1935 4046 2000 hic
4086 1934 4167 2000 de
4211 1957 4332 2001 na·

2377 2018 2578 2083 turali
2625 2041 2853 2085 somno
2897 2020 2978 2085 fit
3022 2021 3288 2101 mentio,
3340 2040 3470 2103 quo
3514 2018 3674 2087 Saul
3722 2039 3871 2086 cum
3919 2020 4059 2085 suis
4103 2020 4331 2086 militi-

2378 2103 2501 2169 bus
2543 2105 2639 2171 sic
2683 2126 3037 2189 oppressus
3083 2116 3200 2184 est,
3264 2114 3339 2170 ut
3382 2104 3551 2171 nihil
3595 2105 3892 2183 senserit,
3940 2126 4152 2188 neque
4186 2107 4329 2171 ani-

2378 2188 2824 2271 madverterit,
2869 2212 3070 2275 quum
3117 2191 3187 2256 in
3223 2192 3430 2274 ipsius
3473 2203 3686 2257 castra
3725 2188 3944 2256 David
3989 2191 4329 2275 ingressus

2380 2285 2498 2341 est.
2547 2275 2697 2341 Non
2744 2277 2938 2342 aliter
2965 2278 3177 2342 Deum
3224 2276 3525 2342 videmus
3569 2297 3650 2342 ex
3675 2274 3913 2342 Adami
3959 2274 4329 2341 substantia

2379 2360 2725 2427 mulierem
2783 2362 3223 2428 formaturam
3285 2382 3584 2445 soporem
3631 2362 3842 2426 altum
3880 2360 3949 2425 in
3994 2359 4327 2427 Adamum

2374 2444 2698 2525 iniecisse,
2744 2448 2854 2532 qui
2891 2447 3153 2531 quidem
3192 2467 3466 2513 somnus
3501 2444 3820 2513 naturalis
3865 2446 4022 2510 fuit:
4059 2446 4172 2510 sed
4198 2466 4326 2530 quo

2378 2538 2596 2597 tamen
2646 2533 2828 2600 Deus
2875 2532 3325 2599 insensibilem
3385 2531 3720 2598 hominem
3768 2529 4068 2610 reddidit,
4125 2541 4201 2596 ut
4244 2531 4327 2597 de

2376 2617 2517 2698 ipso
2560 2619 2773 2701 sopito
2815 2618 3109 2684 mulieris
3167 2638 3404 2701 corpus
3449 2618 3785 2684 educeret:
3845 2618 3939 2683 sic
3998 2616 4123 2683 hoc
4182 2617 4324 2682 loeo

2379 2701 2619 2767 dicitur
2640 2702 2773 2768 Dei
2813 2725 3088 2770 somnus
3130 2703 3195 2769 in
3227 2702 3496 2770 Saulem
3540 2703 3864 2780 incidisse,
3911 2703 4083 2784 quod
4122 2701 4325 2769 vellet

2381 2787 2562 2853 Deus
2604 2789 2816 2871 ipsum
2859 2791 2926 2854 in
2955 2787 3176 2856 Saulis
3220 2810 3457 2854 manus
3504 2786 3781 2854 tradere.
3829 2786 4000 2851 Nam
4038 2787 4096 2852 si
4128 2795 4322 2852 natu-

2374 2872 2534 2937 ralis
2596 2874 2708 2938 ille
2771 2884 2842 2940 et
2904 2873 3275 2941 communis
3345 2893 3618 2939 somnus
3683 2872 3950 2952 fuisset,
4025 2871 4323 2955 profecto

2378 2955 2647 3024 Saulem
2694 2959 2901 3025 altum
2948 2981 3254 3026 somnum
3302 2958 3734 3025 dormientem
3757 2955 4020 3040 quidam
4067 2978 4149 3021 ex
4197 2957 4317 3022 tri-

2375 3043 2495 3109 bus
2542 3043 2880 3111 hominum
2927 3045 3217 3111 millibus
3251 3044 3695 3129 evigilassent,
3741 3062 3863 3108 neo
3895 3042 4162 3126 impune
4183 3041 4321 3107 Da-

2376 3127 2592 3193 videm
2638 3131 2831 3197 unico
2855 3130 3060 3197 milito
3081 3132 3467 3198 comitatum
3513 3130 3583 3194 in
3606 3135 3821 3195 castra
3866 3138 4318 3211 penetrantem

2373 3213 2792 3281 dimisissent.
2884 3214 3018 3283 Sed
3064 3237 3267 3299 quum
3315 3217 3525 3281 instar
3568 3224 3950 3280 truncorum
3995 3212 4319 3279 iacuerint

2371 3299 2505 3364 alto
2572 3321 2802 3366 somno
2866 3302 3105 3383 obruti,
3171 3322 3253 3367 ex
3317 3322 3394 3367 eo
3456 3310 3728 3384 apparet
3793 3297 4009 3363 Deum
4070 3298 4317 3365 Davidi

2370 3386 2781 3451 occasionem
2826 3387 3093 3470 quidem
3137 3386 3311 3453 hosti
3355 3384 3652 3465 nocendi,
3697 3381 3812 3450 sed
3858 3404 3988 3448 non
4035 3392 4320 3467 potesta-

2370 3482 2502 3535 tem
2549 3470 2824 3550 dedisse,
2876 3479 2945 3537 et
2988 3472 3376 3557 patientiam
3432 3472 3573 3538 eius
3616 3470 4013 3553 explorasse.
4101 3466 4319 3549 Quam

2367 3554 2451 3621 ob
2493 3576 2760 3622 causam
2819 3556 3014 3623 etiam
3063 3555 3284 3623 David
3329 3559 3438 3638 ait,
3497 3578 3569 3622 se
3628 3554 3920 3621 noluisse
3960 3554 4321 3621 immittere

2369 3662 2637 3706 manum
2683 3642 2749 3706 in
2796 3654 3070 3709 unctum
3115 3642 3407 3708 Domini.
3465 3640 3922 3726 Cognoscebat
3964 3642 4141 3725 enim
4186 3661 4318 3707 non

2369 3724 2570 3792 licere
2609 3727 2732 3793 sibi
2780 3729 2957 3812 regis
2991 3748 3337 3812 personam
3375 3728 3642 3807 violare,
3702 3746 4127 3809 quaecunque
4171 3736 4318 3792 tan·

2370 3811 2519 3877 dem
2565 3833 2708 3879 sese
2751 3814 3018 3879 offerret
3074 3814 3344 3889 occasio,
3405 3812 3574 3896 quod
3620 3833 3660 3877 a
3718 3812 4007 3877 Domino
4064 3831 4314 3877 sacram

2369 3898 2551 3963 illam
2591 3899 2968 3965 unctionem
3015 3899 3387 3982 accepisset.
3436 3900 3789 3963 Caeterum
3852 3897 3932 3961 de
3977 3897 4107 3960 ist-a
4152 3917 4315 3962 nnc·

2371 3985 2546 4048 tione
2601 3986 2905 4068 superius
2963 3985 3241 4069 egimus,
3294 3994 3363 4049 et
3410 3984 3750 4049 docuimus
3808 3983 4068 4065 signum
4118 3982 4315 4046 fuisse

2369 4069 2627 4135 visibile
2671 4070 2892 4155 regiae
2936 4070 3298 4155 dignitatis.
3344 4070 3514 4135 Nam
3561 4069 3683 4133 etsi
3731 4089 3861 4132 non
3906 4073 4050 4131 erat
4091 4063 4315 4132 Saulis

2370 4175 2650 4239 regnum
2696 4164 3108 4238 perpetuum,
3165 4156 3350 4222 Deus
3394 4164 3613 4221 tamen
3659 4153 3755 4217 illi
3800 4160 4053 4216 tantam
4098 4150 4312 4235 digni·

2368 4250 2574 4306 tatem
2619 4252 2686 4305 et
2728 4242 3146 4306 autoritatem
3193 4241 3275 4307 ad
3313 4248 3577 4325 tempus
3609 4246 4036 4316 concesserat,
4081 4247 4154 4301 ut
4196 4257 4311 4320 po·

2366 4326 2566 4410 pulus
2608 4326 2824 4410 ipsum
2852 4334 3267 4392 revereretur
3304 4328 3625 4408 tantisper
3647 4323 3806 4388 dum
3848 4322 3906 4386 is
3938 4323 4313 4388 mitteretur

2368 4414 2483 4494 qui
2527 4422 2675 4476 erat
2715 4410 2988 4477 Domini
3035 4413 3246 4478 nostri
3290 4411 3441 4478 Iesu
3477 4409 3730 4476 Christi
3771 4410 3982 4492 figura
4024 4407 4310 4475 futurus.

2366 4497 2514 4563 Hoc
2556 4497 2761 4583 igitur
2803 4497 3023 4564 David
3114 4499 3269 4564 robe
3314 4516 3607 4577 noscens,
3665 4494 3953 4559 abstinet
4004 4494 4086 4558 ab
4131 4496 4310 4561 omni

2367 4583 2610 4648 iniuria
2669 4584 2737 4647 in
2801 4584 2926 4648 Dei
2988 4606 3073 4649 vo
3102 4593 3393 4650 untatem
3453 4582 3765 4657 intentus,
3826 4599 4022 4662 quam
4069 4580 4318 4648 violare

2370 4670 2554 4733 nefas
2598 4667 2894 4749 ducebat,
2942 4669 3145 4736 donec
3189 4670 3328 4751 ipse
3351 4667 3535 4731 Deus
3580 4685 3784 4731 manu
3829 4686 3946 4730 sua
3989 4674 4320 4732 coerceret

2370 4754 2732 4819 inimicum.
2780 4754 2959 4821 Hinc
3000 4756 3221 4836 itaque
3263 4751 3698 4818 necessariam
3745 4749 3934 4816 nobis
3977 4759 4043 4815 et
4087 4749 4317 4816 utilem

2372 4838 2737 4905 doctrinam
2783 4840 2852 4904 in
2889 4860 3130 4925 genere
3163 4839 3450 4922 primum
3489 4836 3903 4923 colligamus,
3946 4856 4186 4918 nempe
4207 4855 4318 4901 eos

2370 4946 2597 4991 omnes
2653 4925 2767 5007 qui
2824 4925 2904 4990 de
2951 4924 3202 4990 Christi
3257 4923 3523 4988 nomine
3580 4922 3900 4995 dicuntur
3941 4919 4322 5000 Christiani,

2371 5009 2499 5074 Dei
2544 5019 2779 5076 unctos
2823 5032 2983 5089 esse,
3029 5019 3097 5074 et
3141 5006 3606 5074 abstinendum
3654 5035 3808 5087 egge
3852 5006 3938 5073 ab
3959 5004 4143 5067 omni
4181 5024 4328 5065 mo·-

2374 5094 2564 5160 lestia
2585 5104 2654 5160 et
2686 5095 2949 5176 iniuria,
2998 5114 3079 5159 ne
3102 5094 3229 5160 Dei
3272 5094 3484 5178 ipsius
3527 5101 3976 5186 maiestatem
3993 5102 4063 5150 et
4081 5085 4339 5166 asylum
