5059 6059
256 308 364 376 289
1480 304 1578 370 IN
1623 304 1678 371 Ι.
1726 305 1905 372 LIB.
1953 304 2355 374 SAMUEL.
2402 305 2598 373 CAP.
2645 306 2912 374 XVIII.
4078 310 4212 376 290
4330 306 4337 312 ’

249 497 471 581 arripit,
525 495 761 578 quibus
804 495 1133 578 improbos
1175 494 1244 558 in
1287 491 1740 560 confusionem
1785 506 1852 559 et
1895 494 2153 559 ruinam
2259 500 2466 562 autem
2507 495 2878 579 eyreesionis
2916 514 3131 561 eornm
3156 494 3541 576 prudentius
3580 516 3647 562 se
3682 495 3931 581 yorobat
3962 497 4207 576 David,

248 586 343 649 det
373 581 769 666 praecipites,
804 590 869 646 et
903 581 1144 646 inscios
1177 579 1404 645 fideles
1437 592 1659 643 servet
1692 588 1760 644 et
1794 600 1880 645 ex
1914 581 2154 663 impro-
2256 601 2450 664 quam
2504 599 2714 649 onmes
2752 581 2922 646 servi
2966 578 3145 661 Saul,
3200 585 3259 645 ct
3299 579 3521 647 oelobre
3559 582 3798 664 factum
3854 588 3946 649 est
3985 604 4207 651 nonten

249 669 450 734 borum
504 667 794 733 faucibus
852 665 1125 751 eripiat?
1194 664 1303 730 llli
1361 664 1623 749 quidem
1667 665 1735 729 iu
1783 664 1928 731 Deo
1971 687 2154 750 spem
2256 668 2396 733 eius
2438 666 2656 733 nimis.

245 774 410 820 snam
463 752 796 831 collocant,
849 762 919 818 et
973 754 1043 817 in
1102 751 1400 836 augustis
1459 751 1656 816 rebus
1710 752 2033 817 auxilium
2074 751 2157 817 ab

248 843 369 924 ipso
428 849 710 922 sperant,
778 836 892 903 sed
957 839 1243 903 rationes
1305 837 1542 921 quibus
1610 836 1792 902 Deus
1857 837 2152 921 ipsorum

2427 837 2760 903 Hesterna
2801 837 3112 904 concione
3154 837 3486 921 coepimus
3529 837 3860 905 declarare
3902 859 4197 906 amorem

247 928 324 991 sit
361 925 739 990 miserturus
781 925 1110 1009 ignorant,
1168 942 1332 1007 quas
1374 932 1637 1005 praeter
1675 923 1969 1006 ipsorum
2014 924 2154 1007 opi·
2251 922 2442 989 illum
2501 944 2630 1007 quo
2686 923 2933 991 Michol
2992 923 3128 990 filia
3184 921 3406 990 Saulis
3465 923 3784 991 Davidem
3846 945 4199 1010 proseque-

249 1013 482 1077 nionem
526 1009 842 1094 producit,
889 1019 954 1075 et
997 1011 1248 1075 fructus
1282 1008 1544 1074 illarum
1590 1010 1941 1093 participes
1978 1007 2153 1075 facit.

249 1098 316 1161 Iu
371 1098 506 1162 istis
563 1097 760 1173 igitur
818 1107 1128 1180 tanquam
1187 1095 1257 1159 iu
1302 1094 1564 1177 speculo
1607 1093 1735 1160 Dei
1798 1095 2153 1160 bonitatem

245 1198 301 1247 et
353 1181 857 1247 misericordiam
924 1201 1081 1265 erga
1145 1201 1296 1247 suos
1364 1180 1512 1244 licet
1577 1181 2024 1264 contemplari,
2090 1191 2156 1246 et

245 1268 601 1333 nominatim
638 1269 705 1333 iu
752 1267 873 1332 hoo
906 1267 1207 1351 exemplo
1246 1264 1482 1345 Saulis,
1527 1265 1644 1349 qui
1686 1267 1840 1330 licet
1883 1269 2154 1332 frustra-

245 1368 336 1419 tus
373 1352 694 1419 Davidem
749 1363 923 1419 esset
966 1354 1210 1418 maiore
1271 1362 1429 1417 natu
1478 1351 1629 1429 fllia,
1689 1352 2011 1417 minorem
2058 1351 2154 1416 illi

244 1437 584 1523 despondit,
649 1459 923 1521 remque
981 1448 1233 1523 gratam
1279 1437 1521 1504 habuit.
1612 1436 1781 1502 Nam
1827 1458 2032 1521 quum
2075 1459 2156 1503 ea

241 1529 474 1590 ratione
507 1524 749 1591 Davidi
794 1525 972 1590 dolos
1008 1532 1315 1603 necteret,
1351 1523 1474 1588 sibi
1512 1524 1636 1607 ipsi
1671 1524 1919 1589 malum
1956 1544 2154 1608 quae-

239 1612 397 1688 sivit,
439 1610 612 1695 quod
670 1622 889 1676 tamen
942 1611 1125 1675 nulla
1170 1619 1420 1693 poterat
1462 1610 1720 1693 assequi
1763 1610 2058 1677 coniectu

237 1698 618 1762 contrarium
696 1717 964 1781 prorsus
1029 1707 1342 1761 eventum
1409 1696 1532 1760 sibi
1599 1694 1957 1779 pollicitus:
2037 1717 2110 1761 se

239 1781 402 1848 Deus
463 1804 585 1848 sua
651 1780 1061 1866 providentia
1122 1783 1295 1846 rexit
1357 1780 1485 1846 ista
1538 1782 1760 1846 omnia
1815 1782 1884 1846 in
1942 1780 2154 1847 fidelis

238 1869 327 1932 sui
381 1871 552 1934 servi
611 1867 1022 1933 commodum
1088 1876 1155 1934 et
1218 1867 1587 1933 utilitatem.
1693 1867 1868 1933 Hinc
1935 1868 2154 1951 itaque

237 1954 546 2020 discamus
590 1952 773 2019 nulla
817 1953 1154 2020 hominum
1197 1952 1486 2031 consilia,
1545 1952 1763 2018 nullas
1819 1952 2154 2018 homiuum

238 2040 399 2105 viros
442 2060 632 2122 posse
667 2039 795 2105 Dei
839 2038 1316 2123 providentiam
1351 2040 1666 2104 remorari
1703 2050 1767 2102 et
1801 2037 2147 2123 impedire:

237 2146 304 2191 ao
347 2126 493 2191 licet
536 2125 691 2192 hinc
734 2124 886 2190 iude
930 2127 1273 2209 agitemur,
1318 2137 1384 2189 et
1427 2124 1588 2190 diris
1630 2124 2154 2191 comminationi-

239 2214 346 2276 bus
387 2222 771 2291 terreamur,
832 2211 1142 2294 quamdiu
1200 2220 1419 2275 tamen
1477 2232 1597 2276 nos
1637 2211 1759 2293 ipsi
1807 2210 2153 2275 subieceri-

238 2318 388 2375 mus,
433 2310 496 2362 et
531 2310 767 2381 sponte
802 2297 883 2362 ad
920 2298 1121 2380 ipsius
1157 2296 1531 2379 obsequium
1567 2297 2155 2379 composuerimus:

237 2405 310 2446 ne
365 2381 738 2448 dubitemus
795 2384 953 2466 quin
1016 2382 1352 2448 brachium
1395 2403 1589 2447 suum
1636 2381 1717 2447 ad
1763 2401 1884 2447 nos
1930 2381 2155 2447 defen·

236 2467 467 2534 dendos
488 2480 769 2548 exserat,
814 2479 881 2533 et
909 2468 1094 2534 donis
1139 2470 1273 2533 suis
1315 2467 1573 2533 abunde
1606 2469 1972 2534 cumulatos
2009 2488 2154 2551 pro·

236 2563 419 2637 tegat,
461 2564 532 2620 et
578 2554 661 2619 ab
702 2555 1006 2620 omuibus
1047 2554 1341 2620 hostibus
1386 2552 1638 2621 liberet.

391 2640 530 2705 Iam
575 2661 735 2706 vero
779 2642 972 2726 agite,
1016 2646 1120 2706 ete.

772 3036 1266 3119 HOMILIA
1316 3034 1616 3118 LXIX.

390 3239 495 3305 22.
586 3238 678 3304 Et
729 3240 1054 3305 „undavit
1101 3237 1262 3305 Saul
1317 3240 1518 3305 servis
1560 3242 1730 3305 suis:
1795 3241 2161 3323 Loquimini

232 3325 309 3388 ad
331 3324 550 3391 David
582 3325 744 3390 dam
777 3344 889 3403 me,
927 3325 1226 3392 dicentes:
1259 3325 1418 3390 Eece
1443 3325 1654 3405 places
1690 3329 1840 3410 reyi,
1876 3332 2160 3391 etomnes

231 3411 386 3475 servi
440 3413 584 3476 eius
648 3411 922 3492 diliyunt
974 3416 1068 3475 tc.-
1133 3431 1301 3476 nunc
1354 3431 1423 3476 er
1461 3431 1495 3474 o
1552 3415 1676 3476 esto
1731 3432 1923 3495 yener
1973 3413 2157 3495 repis.

233 3496 326 3561 23.
413 3496 504 3562 Ec
560 3497 798 3577 loquuti
853 3500 999 3560 sum
1052 3498 1220 3561 servi
1278 3495 1372 3562 Sa
1495 3497 1565 3561 in
1617 3499 1886 3563 auribus
1940 3496 2162 3563 David

232 3583 433 3648 omnia
473 3582 665 3647 verba
705 3580 889 3648 haee:
928 3586 986 3647 et
1025 3582 1118 3646 ait
1155 3581 1401 3647 David:
1451 3580 1623 3646 Num
1654 3604 1886 3664 parum
1918 3584 2161 3649 videtur

229 3668 394 3732 vobis
427 3687 726 3752 ,cenerum
764 3687 898 3733 esse
938 3667 1153 3749 repis?
1194 3665 1333 3752 1390
1364 3673 1577 3732 autem
1609 3689 1748 3734 sum
1784 3670 1886 3734 vir
1911 3690 2161 3752 pauper

233 3757 284 3815 et
322 3756 545 3819 tennis.
619 3753 724 3818 24.
767 3751 856 3818 Et
894 3754 1403 3819 renuntiaverunt
1443 3756 1612 3818 servi
1660 3754 1820 3819 Saul
1861 3756 2159 3821 dicentes.-

235 3836 680 3905 Huiuseemodi
735 3838 920 3904 verba
971 3840 1264 3920 loquutus
1324 3844 1412 3905 est
1481 3838 1716 3904 David.
1806 3838 1908 3906 25.
1969 3841 2182 3906 Dixit·

233 3929 430 3989 autem
482 3924 642 3989 Saul
654 3950 674 3989 .·
716 3924 824 3989 Sic
862 3924 1188 4006 loquimini
1229 3925 1315 3989 aa
1356 3925 1608 3991 David.-
1656 3925 1800 3991 Non
1835 3925 2013 3991 habet
2046 3947 2158 3991 rex

227 4011 548 4090 sponsalia
590 4030 847 4087 necesse,
891 4011 1022 4074 nisi
1062 4015 1305 4074 tantum
1347 4017 1585 4076 centnm
1621 4012 1960 4094 praeputia
1996 4010 2152 4075 Phi·

226 4094 598 4173 listinorum,
642 4102 711 4160 ut
748 4096 862 4176 fiat
901 4096 1058 4161 ultio
1084 4097 1161 4161 de
1203 4097 1482 4163 inimicis
1514 4099 1705 4180 reqiS.
1751 4095 1955 4162 Porro
1994 4097 2157 4162 Saul

229 4182 522 4262 coquebat
600 4182 848 4246 tradere
931 4181 1140 4247 David
1217 4183 1287 4247 in
1364 4202 1591 4247 manus
1654 4182 2154 4248 Phili-ennomus.

229 4266 325 4331 26.
388 4268 718 4350 Quamque
770 4270 1238 4333 renunciassent
1299 4269 1467 4333 servi
1522 4270 1660 4334 eius
1701 4268 1918 4334 David
1973 4269 2157 4334 verba

229 4373 377 4433 quae
439 4354 696 4420 dixerat
762 4351 937 4428 Saul,
994 4354 1237 4435 placuit
1290 4373 1491 4419 sermo
1548 4355 1618 4419 in
1672 4355 1866 4420 oeulis
1917 4353 2154 4433 David,

229 4444 294 4502 at
341 4438 516 4519 fieret
571 4459 758 4522 yenen-
814 4440 1001 4522 repis.
1091 4439 1197 4504 27.
1256 4439 1348 4504 Et
1381 4445 1522 4520 post
1556 4460 1798 4522 paucos
1837 4441 1974 4505 dies
2015 4460 2153 4505 snr-

229 4543 376 4603 9ens
424 4524 664 4605 David,
708 4524 865 4589 abii:
905 4545 1044 4589 etun
1081 4526 1243 4591 viris
1283 4527 1395 4606 qni
1428 4526 1544 4590 sub
1578 4547 1646 4591 eo
1688 4531 1883 4607 mant,
1928 4530 1984 4590 et
2011 4546 2158 4607 per-

231 4611 418 4675 assit
459 4631 542 4675 esc
589 4609 958 4676 philistaeis
1013 4611 1301 4677 ducentos
1354 4612 1539 4691 viros,
1596 4617 1653 4676 et
1694 4612 1906 4676 attulit
1946 4632 2156 4676 eornm

223 4698 579 4777 praeputia,
641 4701 698 4761 et
758 4699 1196 4761 annumeravit
1261 4717 1336 4761 ea
1398 4699 1558 4780 reci,
1623 4702 1692 4762 nt
1748 4702 1907 4762 esset
1971 4717 2157 4780 ρεπεν

233 4781 378 4847 eius.
426 4782 623 4849 Dedit
655 4782 865 4864 itaque
901 4780 1062 4847 Saul
1093 4784 1153 4847 ei
1183 4780 1416 4848 Michol
1436 4782 1643 4865 tiliam
1674 4802 1860 4848 suam
1880 4803 2154 4849 uxorem.

236 4865 332 4931 28.
419 4867 510 4932 E:
553 4868 713 4933 vidit
756 4866 934 4943 Saul,
993 4873 1052 4931 et
1091 4869 1390 4935 intellexit
1429 4870 1591 4950 qaod
1637 4868 1950 4933 Dominus
2003 4875 2158 4935 esset

233 4971 364 5015 cum
407 4952 664 5018 David.-
722 4951 958 5018 Michoz
999 4958 1208 5019 autem
1246 4954 1386 5036 filia
1433 4954 1591 5020 Saul
1644 4953 1943 5036 diliyebat
1995 4974 2154 5021 etan.

232 5035 330 5102 29.
421 5038 512 5104 Et
561 5038 721 5105 Saul
773 5040 978 5122 maqis
1030 5040 1221 5120 eoepit
1272 5041 1486 5104 timere
1542 5039 1777 5118 David,
1832 5040 2158 5123 factusque

233 5129 318 5186 est
382 5124 549 5189 Saul
607 5125 905 5190 inimicus
971 5124 1186 5190 David
1258 5126 1495 5193 cunctis
1570 5126 1802 5192 diebus,
1900 5125 2001 5190 30.
2071 5126 2160 5192 Et

235 5211 464 5291 cyrenei
535 5215 682 5275 eune
738 5211 1062 5294 principes
1133 5209 1654 5278 Phaistinorum:
1728 5232 1772 5275 a
1837 5213 2158 5295 principio

443 5310 667 5367 Gale-ini
689 5325 872 5379 opera.
920 5311 1044 5369 Vol.
1067 5312 1262 5371 XXX.

2256 1010 2470 1087 batur,
2515 1009 2598 1074 ab
2642 1028 2880 1074 arcano
2924 1007 3052 1074 Dei
3096 1010 3364 1076 consilio
3399 1010 3777 1092 profectum,
3822 1011 3937 1095 qui
3974 1031 4197 1079 rerum

2256 1107 2622 1161 creatarum
2660 1093 2859 1161 corda
2900 1097 2994 1160 sic
3038 1095 3223 1160 novit
3264 1095 3620 1175 inflectere,
3663 1106 3742 1161 ut
3784 1116 3955 1180 opus
3999 1117 4196 1163 suum

2255 1179 2338 1245 ad
2382 1201 2532 1247 eum
2578 1182 2776 1246 finem
2820 1201 3012 1265 quem
3059 1181 3349 1248 decrevit
3392 1180 3725 1266 perducat.
3770 1182 3963 1248 Sauli
4001 1200 4197 1264 porro

2258 1266 2574 1350 placuisse
2642 1265 2879 1332 dicitur
2944 1285 3130 1332 amor
3192 1267 3304 1332 ille
3367 1287 3494 1351 quo
3562 1266 3887 1334 Davidem
3946 1268 4199 1337 Michol

2255 1352 2391 1417 filia
2453 1352 2659 1435 ipsius
2726 1353 3269 1437 prosequebatur:
3354 1353 3625 1419 minime
3694 1353 3959 1437 quidem
4027 1353 4199 1439 quod

2254 1439 2470 1523 ipsum
2530 1438 2891 1536 poeniteret
2943 1439 3096 1504 facti
3161 1446 3229 1504 et
3272 1438 3451 1521 ‚elusi
3507 1438 3805 1521 Davidis,
3874 1439 4202 1523 velletque

2254 1525 2377 1607 ipsi
2434 1523 2832 1590 satisfacere:
2891 1523 3006 1590 sed
3068 1523 3239 1608 quod
3292 1525 3420 1591 ¹hac
3462 1524 3718 1590 ratione
3754 1524 3955 1591 semel
3995 1527 4216 1592 auimo

2253 1622 2640 1692 conceptum
2704 1609 2925 1675 odium
2988 1620 3057 1674 et
3129 1630 3354 1675 necem
3422 1609 3702 1677 Davidis
3768 1622 4068 1696 speraret
4132 1632 4205 1677 se

2255 1716 2444 1781 posse
2487 1695 2569 1759 ad
2613 1715 2806 1760 suum
2852 1696 3051 1760 finem
3090 1695 3461 1779 perducere,
3509 1695 3829 1762 tradendo
3864 1698 4084 1782 ipsum
4130 1699 4203 1762 in

2255 1802 2495 1847 manus
2542 1780 3068 1847 philistaeorum.
3157 1780 3408 1848 Idcirco
3466 1781 3708 1848 dicitur
3765 1802 3993 1849 servos
4052 1804 4204 1849 suos

2255 1867 2625 1946 adornasse,
2674 1868 2783 1951 qui
2828 1866 3153 1932 Davidem
3198 1866 3282 1932 ad
3327 1866 3678 1951 petendam
3721 1867 3928 1934 filiam
3975 1867 4204 1935 Saulis

2263 1952 2617 2021 Micholam
2653 1951 3097 2018 sollicitarent.
3147 1953 3253 2018 Ex
3296 1953 3531 2037 quibus
3569 1965 3840 2036 apparet
3878 1955 4004 2019 Dei
4050 1975 4211 2022 con-

2259 2049 2615 2123 temptores
2670 2058 2929 2121 semper
2972 2037 3306 2105 fraudibus
3362 2050 3428 2103 et
3484 2038 3649 2104 dolis
3692 2059 3766 2105 ac
3813 2040 4003 2105 malis
4050 2040 4215 2105 arti·

2257 2126 2377 2191 bus
2420 2124 2727 2205 intentos,
2793 2124 3077 2207 obliquis
3144 2126 3285 2202 viis,
3359 2136 3436 2190 ut
3500 2124 3829 2207 scriptura
3903 2125 4218 2209 loquitur,

2261 2210 2630 2276 ambulare:
2690 2230 2890 2294 quare
2950 2231 3071 2276 nos
3127 2220 3357 2277 contra
3402 2211 3685 2276 Paulum
3745 2210 4209 2278 exhortantem

2260 2295 2604 2361 audiamus
2648 2315 2876 2360 omnes
2932 2295 3173 2373 fideles,
3232 2307 3309 2360 ut
3350 2297 3415 2361 in
3461 2295 3883 2380 simplicitate
3929 2310 3994 2362 et
4036 2299 4213 2362 iute-

2262 2383 2500 2465 gritate
2567 2380 2920 2456 ambulent,
2992 2393 3058 2446 et
3128 2401 3276 2448 cum
3342 2383 3661 2464 proximis
3698 2382 4002 2459 candide,
4075 2403 4210 2448 non

2263 2477 2483 2533 autem
2543 2466 2800 2550 oblique
2852 2479 2917 2531 et
2960 2476 3251 2533 tortuose
3296 2478 3655 2533 versentur.
3749 2468 3837 2533 Et
3882 2469 3937 2533 si
3985 2467 4216 2534 Saulis

2264 2551 2647 2637 perfidiosus
2710 2553 2974 2619 animus
3046 2574 3085 2617 a
3153 2553 3338 2618 nobis
3404 2555 3639 2619 merito
3704 2553 4211 2637 condemnatur,

2261 2641 2544 2706 sciamus
2602 2660 2720 2704 nos
2779 2636 2902 2702 Dei
2966 2639 3170 2704 verbo
3236 2639 3463 2720 teneri,
3531 2660 3659 2703 non
3722 2650 3986 2705 tautum
4057 2660 4209 2706 cum
4344 2697 4348 2701 ⁴

2265 2724 2696 2791 familiaribus
2756 2734 2825 2788 et
2880 2725 3193 2809 cognatis,
3257 2725 3372 2790 sed
3429 2746 3578 2791 cum
3638 2724 3946 2790 omnibus
4005 2725 4211 2790 etiam

2266 2832 2460 2895 agere
2515 2810 2792 2876 candide
2834 2821 2902 2876 et
2943 2806 3340 2893 simpliciter.
3426 2811 3641 2876 Porro
3688 2811 3758 2874 in
3809 2809 4009 2877 Saule
4056 2810 4213 2877 licet

2267 2897 2457 2963 nobis
2499 2916 2724 2963 eorum
2760 2896 3001 2960 intueri
3038 2912 3267 2975 mores,
3310 2897 3422 2979 qui
3460 2895 3799 2962 fraudibus
3835 2896 4213 2980 indulgent,

2265 3002 2342 3047 ae
2385 2982 2773 3065 praesertim
2816 2981 3176 3047 aulicorum
3221 2981 3513 3061 technas,
3559 3002 3764 3065 quum
3814 2981 3972 3048 Saul
4023 2980 4217 3048 ador·

2268 3079 2382 3134 nat
2437 3078 2649 3134 certos
2704 3067 2813 3151 qui
2874 3065 3202 3131 Davidem
3262 3066 3586 3132 amicitiae
3645 3080 4002 3150 praetextu
4050 3064 4213 3132 deli·

2269 3155 2473 3234 uiant,
2518 3165 2585 3219 et
2620 3154 2689 3217 in
2734 3153 3026 3218 animum
3063 3150 3393 3230 inducant,
3443 3163 3517 3218 ut
3551 3154 3727 3236 regis
3763 3152 3973 3218 filiam
4012 3160 4209 3236 petat,

2267 3255 2581 3322 tanquam
2626 3239 2750 3323 ipsi
2795 3239 3272 3322 gratificantes:
3319 3235 3588 3305 Saulem
3628 3238 4054 3303 dissimulent
4087 3239 4219 3305 ista

2263 3325 2429 3391 scire
2474 3337 2589 3390 aut
2633 3323 2827 3389 velle:
2874 3325 3073 3389 immo
3110 3324 3375 3409 fingant
3418 3345 3490 3389 se
3525 3328 3757 3389 timere
3800 3344 3880 3390 ne
3920 3321 4005 3389 ad
4042 3326 4220 3410 regis

2263 3431 2453 3476 aures
2511 3411 2857 3493 perveniat
2899 3409 3090 3475 istius
3133 3431 3204 3475 se
3247 3411 3340 3476 rei
3386 3420 3645 3476 autores
3691 3409 3943 3474 Davidi
3992 3411 4215 3477 fuisse.

2265 3496 2447 3563 Haec
2505 3508 2641 3561 tota
2699 3494 3027 3562 simulatio
3071 3494 3287 3579 prodit
3328 3493 3552 3561 Saulis
3595 3495 3846 3561 malum
3894 3495 4216 3574 animum,

2259 3587 2445 3648 cuius
2498 3583 2767 3648 consilia
2826 3583 3092 3647 fuerunt
3150 3592 3227 3647 ut
3284 3580 3614 3647 Davidem
3672 3581 4212 3650 circumveniret.

2263 3668 2395 3737 Sed
2455 3688 2660 3751 quum
2720 3669 2938 3733 omnia
2991 3667 3155 3732 bene
3212 3665 3532 3749 disposita
3589 3688 3712 3732 sua
3771 3668 4049 3733 consilia
4093 3669 4221 3735 sibi

2263 3753 2627 3837 persuadet,
2685 3764 2751 3818 et
2794 3752 3009 3837 laquei
3056 3750 3244 3829 tensi,
3288 3754 3524 3836 quibus
3566 3751 3892 3817 Davidem
3941 3754 4215 3832 irretiat,

2263 3839 2588 3918 videntur,
2646 3841 2705 3904 ei
2750 3840 3023 3922 contigit
3081 3838 3247 3922 quod
3295 3858 3479 3904 sacra
3536 3840 3866 3921 scriptura
3911 3848 4212 3919 testatur,

2267 3927 2474 3992 Deum
2521 3924 3007 4009 deprehendere
3042 3925 3367 4007 sapientes
3402 3925 3469 3989 in
3509 3924 3645 3989 suis
3682 3924 3966 3991 astutiis.
4014 3924 4210 4008 Quod

2262 4032 2414 4076 vero
2472 4012 2796 4093 scriptura
2835 4013 3162 4095 sapientes
3218 4011 3529 4090 nominat,
3586 4031 3721 4076 non
3766 4011 3844 4075 flt
3890 4008 4061 4095 quod
4107 4031 4213 4076 re·

2258 4114 2419 4160 vera
2475 4099 2753 4180 sapiant,
2812 4095 2925 4162 sed
2986 4117 3067 4159 ex
3129 4094 3469 4161 hominum
3527 4097 3838 4181 opinione
3898 4104 3969 4160 et
4009 4116 4206 4162 sensu

2258 4182 2572 4267 loquitur:
2633 4182 2745 4265 qui
2807 4202 3039 4265 pravos
3098 4181 3398 4248 homiues
3450 4193 3517 4247 et
3572 4182 3862 4247 maxime
3905 4189 4211 4248 versutos

2262 4288 2501 4353 magno
2563 4268 2831 4352 ingenio
2899 4277 2963 4331 et
3030 4276 3220 4332 acuto
3280 4288 3423 4334 esse
3487 4268 3889 4333 existimant.
3981 4266 4209 4350 Quare

2256 4356 2583 4438 scriptura
2647 4352 2780 4418 illis
2837 4352 3098 4436 quidem
3161 4353 3424 4418 titulum
3470 4352 3774 4419 attribuit
3819 4353 4204 4434 sapientiae,

2256 4440 2370 4505 sed
2429 4440 2697 4505 interim
2756 4438 3044 4507 ostendit
3100 4440 3488 4521 sapientiam
3557 4439 3734 4503 illam
3800 4437 3965 4502 nihil
4026 4438 4205 4504 aliud

2257 4547 2396 4591 esse
2446 4546 2642 4610 quam
2703 4524 2966 4591 fraudes
3031 4534 3099 4588 et
3150 4524 3356 4591 dolos.
3456 4524 3692 4607 Itaque
3751 4522 4072 4606 propheta
4131 4526 4202 4590 in

2257 4612 2541 4677 Psalmis
2577 4611 2731 4678 dicit
2767 4611 2911 4676 illos
2948 4632 2988 4676 a
3021 4610 3166 4675 Deo
3203 4610 3599 4694 deprehendi
3636 4609 3953 4686 incautos,
4000 4630 4202 4692 quum

2258 4697 2340 4761 ad
2400 4699 2650 4762 exitum
2710 4717 2828 4762 sua
2886 4695 3154 4761 consilia
3214 4697 3596 4781 perduxisse
3675 4693 3798 4757 sibi
3869 4694 4199 4761 videntur.

2257 4783 2403 4849 Hoc
2463 4785 2527 4848 in
2576 4781 2779 4849 Saule
2822 4782 3273 4865 conspicuum:
3337 4803 3539 4866 quare
3593 4780 4056 4863 coniungenda
4099 4794 4203 4848 est

2258 4868 2418 4935 haec
2485 4869 2760 4934 historia
2823 4888 2973 4933 cum
3041 4867 3353 4947 doctrina,
3428 4876 3495 4931 et
3562 4886 3693 4930 uon
3761 4863 4196 4933 dubitandum

2255 4955 2432 5038 quin,
2477 4975 2678 5039 quum
2728 4954 2947 5019 hostes
2993 4952 3279 5037 quotidie
3322 4953 3530 5017 multa
3574 4951 3951 5029 moliantur,
3997 4962 4063 5017 et
4108 4952 4195 5018 la·

2257 5060 2456 5124 queos
2501 5040 2745 5106 multos
2782 5050 3048 5123 ponant,
3095 5039 3164 5102 in
3202 5058 3363 5120 quos
3398 5036 3785 5120 praecipites
3821 5037 3974 5102 ferri
4017 5038 4197 5104 vide-

2259 5138 2454 5190 antur
2499 5124 2741 5206 fldeles,
2796 5126 2979 5190 Deus
3023 5134 3240 5188 tamen
3287 5125 3422 5188 suis
3465 5121 3826 5206 provideat,
3873 5143 4005 5188 non
4049 5134 4195 5190 tan·

2260 5221 2399 5276 tum
2459 5211 2724 5296 laqueos
2780 5208 3157 5293 frangendo,
3218 5208 3328 5274 sed
3386 5209 3584 5275 etiam
3645 5208 3717 5273 in
3773 5208 4031 5275 eosdem
4090 5232 4202 5278 eos
