5059 6059
308 349 413 417 389

444 532 672 601 Adiicit
712 530 1061 609 Dominus,
1104 532 1363 616 indignae
1402 531 1600 616 eyisse
1638 530 1811 614 filios
1854 530 2088 612 ipsius,
2147 534 2204 595 et

299 624 365 692 ab
410 623 537 704 ipso
578 638 706 684 mm
760 624 1098 702 correptos:
1152 638 1430 702 quarum
1484 638 1722 684 vocum
1784 617 2045 683 diversa
2103 626 2206 682 est

302 707 585 794 expositio
634 713 703 770 et
758 726 995 772 sensus
1044 703 1534 771 subobscurior:
1602 704 1773 787 quod
1833 722 2027 770 voces
2087 702 2205 768 he·

303 798 516 873 bracae,
556 790 749 856 vilem
794 800 865 856 et
895 789 1451 873 contemptibilem
1489 788 1762 855 reddere
1794 789 2203 873 significent:

299 884 451 952 item.
490 877 749 955 malum,
793 876 1184 960 improbum,
1229 887 1700 958 contemptum.
1789 874 1970 941 Hinc
2017 875 2096 939 fit
2127 881 2206 939 ut

300 965 526 1050 quidam
586 962 707 1028 has
758 982 955 1028 voces
1012 964 1108 1029 sic
1164 965 1704 1044 interpretentur,
1771 961 1960 1044 quasi
2002 959 2205 1026 male-

299 1055 589 1117 diceretur
647 1048 801 1114 filiis
842 1048 1031 1115 Heli:
1091 1048 1223 1125 alii,
1283 1049 1467 1130 quasi
1512 1048 1915 1129 contemptui
1959 1055 2203 1112 essent.

298 1137 412 1203 Alii
450 1155 616 1211 vcro,
706 1135 849 1200 uasi
895 1135 1014 1199 filii
1050 1134 1209 1200 Heli
1243 1135 1461 1199 Deum
1507 1132 2057 1217 blasphemarent,
2102 1130 2206 1198 vel

296 1220 682 1304 contemptib'
715 1241 822 1286 em
930 1219 1303 1287 redderent.
1410 1219 1579 1286 Mihi
1688 1218 2208 1301 simplicissimus

295 1329 497 1375 sensus
560 1307 669 1373 hic
734 1325 879 1371 esse
945 1306 1222 1385 videtur,
1288 1326 1524 1390 nempe
1588 1303 1758 1371 filios
1823 1304 1980 1369 Heli
2045 1303 2206 1369 adeo

295 1395 476 1459 fuisse
514 1392 682 1460 viles
723 1402 792 1458 et
832 1402 1261 1475 contemptos,
1302 1404 1380 1456 ut
1420 1391 1725 1456 omnibus
1767 1389 2057 1472 ipsorum
2102 1390 2206 1454 in-

291 1480 465 1545 famia
523 1478 903 1557 innotuerit,
969 1488 1036 1545 et
1099 1478 1245 1543 ideo
1311 1474 1725 1542 detestabiles
1785 1485 1853 1540 et
1909 1474 2209 1559 pestiferi

290 1564 440 1648 apud
500 1584 729 1630 omnes
799 1564 1070 1631 fuerint.
1178 1563 1423 1628 Annon
1489 1562 1695 1643 igitur
1758 1561 1907 1626 istis
1971 1562 2205 1626 merito

289 1663 510 1734 patrem
552 1649 896 1733 oportebat
938 1649 1355 1725 commoveri,
1393 1658 1460 1713 et
1494 1648 1575 1714 ad
1614 1647 1782 1713 filios
1816 1645 2208 1713 coercendos

290 1757 401 1801 non
438 1736 700 1819 quidem
746 1735 901 1802 solis
943 1734 1166 1801 verbis
1208 1744 1279 1801 et
1319 1734 1534 1814 minis,
1613 1733 1783 1816 quod
1828 1733 2042 1816 ipsum
2089 1753 2206 1798 an-

286 1837 375 1888 tea
405 1822 631 1889 fecisse
675 1821 995 1896 videmus,
1037 1820 1149 1886 sed
1195 1820 1599 1905 gravissimis
1645 1821 1873 1903 poenis
1908 1838 1985 1886 ae
2027 1840 2208 1884 seve-

288 1908 548 1984 rissimis,
614 1906 850 1991 quibus
907 1915 1248 1990 paternam
1290 1909 1363 1972 in
1428 1906 1597 1972 filios
1656 1905 2080 1972 autoritatem
2142 1912 2208 1969 et

285 2003 649 2076 potestatem
713 1991 1222 2071 demonstraret,
1300 1992 1538 2075 quibus
1603 1992 1799 2057 etiam
1881 2011 2205 2056 summam

278 2080 435 2144 illam
479 2079 872 2163 dignitatem
915 2079 1160 2144 summi
1216 2077 1570 2145 sacerdotis
1620 2097 1819 2159 quam
1871 2085 2208 2159 acceperat

276 2185 309 2229 a
344 2165 625 2231 Domino
691 2164 1049 2231 retineret?
1138 2164 1446 2248 Denique
1502 2164 1815 2229 dicuntur
1870 2162 1992 2228 filii
2045 2162 2202 2228 Heli

278 2251 421 2316 satis
471 2249 910 2329 condemnati,
1013 2248 1138 2315 uod
1181 2250 1449 2315 nemine
1491 2248 1646 2315 licet
1687 2258 2058 2327 accusante,
2103 2259 2204 2314 ta·

278 2356 410 2402 men
461 2337 794 2421 flagitiosa
846 2344 917 2401 et
1017 2335 1376 2402 etestabilis
1440 2335 1582 2400 vita
1645 2335 1972 2417 ipsorum,
2038 2336 2201 2400 satis

277 2422 465 2503 palam
529 2423 777 2489 faceret
843 2422 1142 2505 ipsorum
1209 2419 1704 2505 turpitudinem,
1784 2441 1915 2504 qua
1977 2420 2052 2485 in
2131 2440 2203 2486 se

276 2508 542 2574 omnium
598 2518 1054 2591 contemptum
1111 2508 1534 2573 concitarent.
1623 2506 1818 2587 Nam,
1877 2514 1951 2571 ut
2005 2513 2203 2572 antea

274 2594 553 2674 vidimus,
598 2593 1127 2670 scortationibus,
1191 2590 1722 2671 helluationibus,
1781 2592 2052 2675 rapinis,
2096 2613 2200 2657 sa-

272 2679 555 2765 crilegiis,
598 2679 912 2746 omnibus
955 2680 1235 2761 denique
1273 2679 1542 2763 flagitiis
1587 2687 1778 2743 erant
1821 2676 2089 2754 nobiles,
2134 2685 2203 2743 et

271 2766 309 2828 fl
391 2766 571 2832 ‘tiosa
616 2767 760 2832 vita
782 2766 908 2831 Dei
953 2786 1188 2830 nomen
1234 2772 1302 2830 ct
1344 2765 1594 2830 cultum
1638 2765 1710 2828 in
1753 2770 2197 2847 contemptum

271 2786 702 2918 adduxerant:
737 2850 1019 2935 denique
1037 2858 1334 2917 monstra
1369 2850 1710 2916 hominum
1746 2849 1966 2933 potius
2043 2869 2197 2914 uam

270 2936 545 3004 homines
607 2945 822 3017 erant,
883 2936 1067 3021 digni
1122 2956 1286 3020 quos
1342 2945 1521 3001 terra
1572 2935 1918 3002 dehiscens
1976 2956 2016 3000 a
2060 2955 2196 3001 sor-

271 3022 450 3089 beret.
557 3023 988 3106 Quantopere
1054 3023 1259 3107 igitur
1338 3021 1447 3089 hic
1525 3021 1864 3106 oportebat
1941 3031 2197 3104 patrem

268 3111 667 3188 commoveri,
726 3130 927 3192 quum
987 3119 1238 3174 tantam
1280 3108 1834 3174 animadverteret
1876 3107 2197 3173 confusio·

269 3214 403 3259 nem
439 3197 507 3261 in
552 3195 828 3262 domum
871 3216 1059 3260 suam
1103 3196 1458 3269 invectam,
1500 3215 1698 3276 quam
1742 3214 1885 3259 esse
1907 3190 2036 3258 Dei
2081 3192 2195 3257 do-

271 3280 563 3347 micilium
608 3289 1011 3365 oportuerat,
1056 3300 1262 3364 quum
1295 3280 1679 3364 praesertim
1717 3278 1867 3362 plus
1904 3279 1974 3343 in
2011 3298 2198 3345 sanc-

267 3366 460 3433 tuario
517 3388 723 3452 quam
782 3367 852 3432 in
910 3367 1190 3450 propriis
1248 3365 1515 3431 aedibus
1556 3363 1980 3431 versaretur?
2068 3364 2197 3431 His

266 3451 283 3512 i
384 3474 462 3521 ue
531 3452 761 3521 verbis
831 3453 1133 3519 videmus
1202 3453 1420 3518 Deum
1484 3451 1779 3517 voluisse
1841 3450 2195 3517 sacerdotis

262 3534 324 3601 H
384 3538 397 3551 “
440 3549 790 3623 peccatum
835 3557 1225 3621 aggravare:
1283 3537 1395 3620 qui
1453 3538 1740 3603 filiorum
1783 3536 2195 3601 animadver-

263 3634 395 3688 tens
432 3626 712 3710 flagitia,
759 3623 998 3708 quibus
1037 3623 1212 3707 apud
1270 3641 1501 3690 omnes
1554 3631 1745 3689 erant
1801 3623 2077 3687 infames
2129 3631 2198 3686 et

263 3705 694 3785 abominandi,
757 3721 977 3776 tamen
1043 3710 1375 3775 remissior
1435 3709 1506 3774 in
1571 3707 1999 3792 corripiendis
2063 3707 2197 3773 illis

260 3794 491 3864 fuisset.
584 3796 906 3862 Vidimus
948 3817 1146 3879 porro
1188 3796 1491 3879 superius
1532 3794 1737 3860 Helin
1783 3794 2044 3877 quidem
2090 3814 2227 3868 sa-,

262 3880 341 3943 tis
380 3881 575 3950 fuisse
623 3883 710 3948 de
753 3882 1037 3948 filiorum
1083 3881 1502 3964 improbitate
1546 3881 1891 3946 certiorem
1935 3880 2196 3960 factum,

258 3966 406 4032 satis
444 3980 680 4036 notam
723 3968 988 4034 illorum
1031 3968 1453 4050 impietatem,
1481 3968 1604 4033 etsi
1651 3964 1870 4049 populi
1913 3985 2045 4032 non
2088 3985 2195 4029 ac·

257 4053 591 4120 cessissent
660 4054 1139 4138 querimoniae,
1212 4054 1450 4136 quibus
1541 4054 1759 4136 magis
1831 4071 1908 4118 ac
1984 4052 2194 4133 magis

253 4142 567 4208 socordiae
632 4162 795 4207 suae
846 4150 915 4206 et
977 4138 1286 4224 ignaviae
1348 4139 1667 4221 arguitur,
1734 4136 1903 4220 quod
1971 4136 2193 4220 populi

253 4226 517 4303 querelis
562 4228 786 4310 magis
841 4226 1165 4291 stimulari
1223 4224 1520 4291 debuerit
1561 4224 1645 4289 ad
1686 4223 1967 4289 filiorum
2013 4236 2193 4289 coer·

252 4310 568 4380 citionem.
683 4312 826 4378 Nae
890 4313 1052 4377 satis
1118 4319 1260 4376 erat
1322 4310 1529 4376 solum
1596 4311 1795 4375 fuisse
1861 4309 2190 4375 conscium

252 4401 571 4465 tantorum
616 4398 1052 4481 flagitiorum:
1113 4405 1181 4462 et
1235 4397 1397 4462 satis
1462 4415 1645 4462 acres
1703 4396 1915 4462 aculei
1956 4394 2194 4479 quibus

256 4480 330 4546 ad
370 4483 675 4551 officium
722 4481 1207 4549 stimularetur:
1267 4482 1387 4548 sed
1435 4503 1634 4565 quum
1680 4481 1942 4565 publica
1984 4492 2085 4547 est
2128 4489 2195 4545 et

251 4566 313 4630 iu
354 4570 595 4655 vulgus
640 4569 980 4636 emanavit
1021 4567 1352 4653 iniquitas,
1412 4576 1491 4634 ut
1532 4568 1813 4652 singulis
1856 4565 2193 4633 ordinibus

248 4649 494 4722 horrori
536 4657 633 4723 sit
675 4664 743 4721 et
793 4655 1226 4733 detestationi,
1292 4662 1589 4721 cessante
1648 4667 1867 4719 tamen
1911 4663 1982 4719 et
2025 4652 2192 4718 desi-

249 4736 433 4805 dente
488 4763 603 4824 eo,
678 4742 864 4807 cuius
935 4743 1003 4806 in
1063 4741 1242 4805 illam
1310 4741 1605 4806 severius
1669 4739 2193 4805 animadvertere

248 4835 459 4903 partes
513 4837 732 4907 erant,
796 4834 981 4893 tanto
1047 4829 1313 4909 gravius
1362 4825 1568 4891 fuisse
1631 4825 1877 4890 malum
1942 4835 2192 4890 certum

250 4924 369 4974 est:
415 4913 629 4979 veluti
676 4914 732 4979 si
777 4913 847 4978 in
882 4913 1122 4996 populo
1157 4921 1545 4996 grassentur
1579 4911 1906 4990 scandala,
1952 4920 2021 4976 ct
2054 4920 2189 4974 tam

248 4996 672 5065 mulierculae
732 5019 928 5083 quam
1003 4998 1290 5064 infantes
1366 4996 1448 5062 de
1525 4997 1608 5064 iis
1688 5005 2191 5082 conquerantur,

244 5082 405 5161 quod
463 5085 679 5151 libere
736 5085 1190 5161 admittantur,
1249 5082 1416 5166 quod
1475 5084 1802 5167 impunita
1860 5093 2187 5166 maneant,

245 5167 409 5246 quod
466 5173 904 5256 magistratus
959 5171 1041 5237 ad
1088 5170 1250 5235 haec
1291 5170 1641 5236 conniveat
1693 5178 1762 5235 et
1805 5168 2187 5249 dissimulet,

244 5269 315 5316 ac
375 5255 593 5322 veluti
656 5257 892 5324 clausis
946 5256 1155 5324 oculis
1219 5265 1621 5340 praetereat,
1688 5275 1910 5322 annon
1974 5254 2186 5332 istius,

1621 342 1721 408 IN
1766 342 1821 408 1.
1867 339 2051 408 LlB.
2089 338 2491 408 SAMUEL.
2540 338 2739 406 CAP.
2783 341 2912 407 111.

4125 345 4256 413 390

2307 529 2594 606 obsecro,
2649 530 3069 615 magistratus
3125 531 3409 615 querelis
3463 530 3841 601 huiusmodi
3898 533 4092 617 culpa
4133 555 4255 601 ve-

2306 615 2682 681 hementius
2721 616 3245 700 aggravaretur?
3337 617 3661 685 Similiter
3716 622 3916 687 etiam
3961 621 4021 686 si
4062 641 4252 705 gras-

2306 700 2606 768 santibus
2646 702 2844 782 vitiis,
2886 711 2955 769 et
2996 702 3289 786 quolibet
3330 726 3367 771 e
3409 705 3609 788 vulgo
3650 715 4104 790 conquerente,
4149 715 4255 774 ta·

2305 807 2458 852 men
2517 786 2630 870 qui
2691 808 2730 852 e
2770 787 3023 873 pulpito
3083 788 3289 866 docet,
3349 800 3417 857 et
3472 794 3661 857 cuius
3715 803 3819 859 est
3870 793 3943 858 in
3996 793 4250 860 occulta

2307 871 2560 956 flagitia
2618 874 2948 957 inquirere
3001 883 3070 941 et
3125 877 3381 957 invehi,
3442 878 3848 957 obmutescit,
3909 887 3977 945 et
4039 881 4252 945 instar

2307 959 2475 1025 muti
2514 961 2697 1026 canis
2729 960 2917 1043 iacet,
2962 981 3202 1040 annon,
3243 983 3500 1047 quaeso,
3546 962 3787 1048 dignus
3821 973 3923 1030 est
3955 966 4027 1030 in
4061 967 4252 1032 cuius

2307 1043 2543 1111 faciem
2587 1066 2815 1112 omnes
2860 1046 3230 1130 despuant?
3316 1048 3484 1115 Nam
3537 1047 3718 1131 quod
3773 1051 3916 1117 eius
3959 1051 4247 1117 officium

2309 1130 2456 1196 est?
2520 1151 2607 1196 an
2667 1141 2743 1196 ut
2785 1130 3055 1199 haereat
3097 1134 3325 1218 lingua
3366 1134 3602 1218 palato,
3653 1144 3730 1201 ut
3770 1136 4056 1220 loquitur
4097 1157 4252 1219 pro·

2308 1216 2527 1299 pheta,
2592 1228 2659 1282 et
2722 1236 2984 1284 omnem
3051 1218 3443 1285 iniustitiam
3499 1230 3569 1286 et
3623 1222 4034 1305 iniquitatem
4098 1243 4250 1306 per-

2308 1302 2578 1368 mittat?
2624 1304 2732 1369 En
2772 1305 2917 1386 quis
2961 1304 3155 1371 huius
3199 1304 3531 1372 doctrinae
3576 1329 3750 1388 usus,
3794 1319 3871 1374 ut
3913 1310 4252 1389 nimirum,

2309 1409 2508 1471 quum
2556 1397 2743 1454 tanta
2784 1390 2981 1456 fuerit
3023 1390 3259 1478 Helu)
3302 1394 3695 1477 flagitiorum
3741 1395 4117 1480 multitudo,
4175 1405 4250 1461 ut

2309 1475 2433 1538 toti
2513 1473 2689 1558 plebi
2760 1475 3008 1541 fuerint
3062 1476 3516 1559 abominandi,
3591 1488 3659 1545 et
3736 1488 3960 1547 tamen
4039 1491 4248 1566 pater,

2310 1560 2499 1625 cuius
2542 1561 2828 1626 officium
2873 1570 3018 1628 erat
3071 1563 3364 1630 severius
3408 1564 3476 1630 in
3521 1564 3665 1631 illos
3709 1567 4248 1650 animadvertere,

2309 1666 2430 1711 sua
2471 1646 2859 1729 neglitentia
2916 1647 3392 1732 turpitudinem
3449 1650 3628 1720 illam
3684 1652 3864 1730 fovit,
3920 1651 4250 1721 discamus

2308 1733 2915 1815 ingravescentibus
2957 1735 3244 1818 flagitiis,
3288 1744 3358 1801 et
3399 1735 3586 1802 nobis
3631 1735 3714 1803 ad
3748 1737 3865 1804 illa
3897 1741 4248 1806 conniven-

2308 1815 2505 1896 tibus,
2543 1826 2730 1885 tantc
2775 1821 3047 1903 gravius
3089 1821 3228 1886 fore
3269 1840 3491 1888 coram
3517 1822 3662 1888 Deo
3706 1832 3930 1890 nostro
3971 1825 4246 1891 crimen.

2310 1901 2534 1984 Quare
2575 1923 2646 1970 et
2686 1905 2866 1970 istud
2912 1906 3414 1986 observandum,
3469 1908 3623 1973 licet
3673 1911 3940 1977 nemine
3979 1932 4099 1977 nos
4137 1932 4248 1979 ac·

2307 1998 2602 2068 cusante,
2647 1998 2761 2056 aut
2802 1991 2873 2055 in
2917 2001 3187 2074 peccata
3228 1994 3623 2077 inquirente,
3680 2005 3901 2062 tamen
3954 1997 4249 2081 singulo-

2307 2096 2454 2140 rum
2498 2075 2621 2142 hoc
2663 2077 2946 2142 officium
2993 2098 3153 2157 esse,
3198 2090 3277 2144 ut
3317 2080 3442 2162 ipsi
3488 2078 3837 2164 diligenter
3869 2084 3939 2148 in
3982 2104 4105 2147 nos
4147 2085 4247 2149 in-

2305 2162 2678 2242 quiramus:
2739 2181 2816 2226 ac
2874 2163 3149 2230 usitatos
3206 2164 3341 2230 fere
3383 2165 3676 2231 omnium
3720 2176 4101 2250 praetextus
4145 2169 4247 2235 fu·

2306 2245 2586 2331 giemus,
2644 2269 2916 2330 nempe:
2976 2249 3144 2331 Quis
3199 2251 3325 2316 sibi
3377 2269 3418 2315 a
3471 2271 3578 2317 me
3634 2253 3876 2319 factam
3932 2254 4245 2320 iniuriam

2305 2334 2743 2416 conqueritur,
2787 2334 2933 2417 quis
2975 2356 3081 2400 me
3124 2335 3206 2401 de
3250 2335 3467 2419 aliqua
3509 2339 3905 2406 contumelia
3936 2341 4242 2407 accusat?

2306 2418 2478 2483 Nam
2544 2419 2783 2485 animis
2846 2420 3132 2502 penitius
3194 2421 3323 2487 ista
3393 2431 3551 2488 suut
3607 2423 4052 2508 insculpenda,
4118 2425 4246 2492 sibi

2304 2503 2495 2568 illum
2539 2513 2701 2588 puta
2744 2505 3150 2589 vituperium
3194 2515 3263 2572 et
3305 2506 3585 2575 dedecus
3627 2510 3902 2587 adferre,
3961 2513 4073 2595 qui
4116 2512 4248 2579 Dei

2304 2597 2485 2655 metu
2543 2611 2677 2655 non
2733 2591 2983 2657 recedit
3037 2613 3078 2657 a
3129 2592 3331 2659 vitiis.
3418 2595 3724 2679 Aequum
3767 2597 3941 2662 enim
3987 2607 4091 2664 est
4133 2599 4249 2664 de·

2304 2672 2532 2742 decore
2575 2677 2767 2757 affici,
2824 2697 2989 2761 quos
3033 2676 3161 2744 Dei
3203 2679 3460 2746 iustitia
3515 2701 3650 2747 non
3696 2684 3942 2748 excitat
3982 2682 4067 2748 ad
4109 2685 4249 2749 vir·
4351 2705 4354 2707 ·

2302 2769 2534 2842 tutem,
2579 2771 2643 2828 et
2686 2783 2849 2847 quos
2891 2762 3077 2830 verbi
3120 2763 3329 2830 divini
3371 2766 3705 2832 fastidium
3740 2769 3936 2851 capit.
3998 2767 4245 2849 Quam-

2304 2846 2528 2913 obrem
2574 2849 2863 2915 sciamus
2922 2848 3254 2916 neminem
3299 2851 3668 2934 improbum
3727 2855 4123 2920 confusionis
4178 2865 4248 2921 et

2304 2930 2640 3001 dedecoris
2697 2942 2942 3015 notam,
3007 2935 3162 3002 licet
3216 2936 3441 3002 nullus
3495 2939 3685 3002 testis
3745 2960 3896 3004 eum
3955 2950 4238 3020 accuset,

2304 3019 2657 3101 nullusque
2697 3019 2902 3086 iudex
2944 3019 3354 3100 condemnet,
3398 3023 3848 3107 effugiturum.

2474 3104 2947 3172 observandae
2989 3109 3193 3173 etiam
3237 3128 3434 3174 voces
3475 3108 3647 3190 illae,
3705 3130 3831 3175 non
3870 3113 4247 3192 repressisse

2302 3199 2418 3257 aut
2457 3209 2583 3256 non
2623 3193 3010 3274 corripuisse
3047 3193 3220 3275 filios
3262 3193 3477 3274 Helia,
3522 3195 3587 3259 id
3631 3206 3749 3273 est,
3794 3216 3927 3261 non
3974 3197 4250 3281 impedi-

2299 3277 2471 3343 visse
2528 3278 2759 3360 poenis
2828 3278 3186 3347 coercendo
3259 3299 3345 3345 ne
3407 3281 3480 3346 in
3546 3281 3812 3365 flagitiis
3876 3292 4252 3367 pergerent.

2300 3362 2468 3428 Nam
2530 3365 2655 3428 etsi
2714 3364 3141 3447 reprehendit
3190 3365 3360 3445 illos,
3423 3380 3498 3432 ut
3553 3387 3754 3451 supra
3808 3368 4113 3449 vidimus,
4171 3391 4250 3437 ac

2299 3447 2518 3514 docuit
2583 3450 2761 3531 ipsos
2827 3451 2964 3517 suis
3030 3452 3300 3535 flagitiis
3362 3452 3434 3517 in
3486 3451 3705 3518 Deum
3770 3453 4115 3539 insurgere
4181 3463 4256 3521 et

2297 3535 2711 3601 maiestatem
2753 3536 2961 3619 ipsius
3005 3536 3287 3618 laedere,
3331 3547 3550 3603 tamen
3596 3538 3855 3604 mollior
3898 3560 3974 3606 ac
4016 3541 4245 3607 remis-

2297 3621 2434 3685 sior
2488 3620 2606 3686 illa
2661 3621 2792 3686 fuit
2850 3623 3199 3706 correptio,
3258 3644 3335 3690 ac
3425 3622 3652 3689 roinde
3695 3625 3966 3691 laterem
4008 3627 4243 3693 lavans

2297 3707 2516 3772 oleum
2561 3713 2630 3772 et
2672 3727 2940 3790 operam
2979 3708 3286 3791 perdidit.
3464 3709 3615 3775 ibus
3648 3710 3870 3778 verbis
3913 3709 4239 3794 docemur,

2297 3812 2410 3857 eos
2452 3792 2569 3876 qui
2611 3793 3039 3876 corripiendis
3081 3795 3226 3861 aliis
3268 3795 3578 3879 praefecti
3621 3804 3798 3874 sunt,
3863 3797 4017 3863 licet
4060 3821 4244 3866 seve-

2297 3878 2562 3944 ritatem
2609 3879 2940 3960 quandam
2984 3901 3142 3962 prae
3184 3901 3256 3946 se
3298 3880 3514 3946 ferant
3554 3882 3626 3947 in
3671 3883 3853 3948 vitiis
3898 3885 4098 3950 verbo
4140 3907 4244 3950 re-

2298 3962 2810 4048 prehendendis,
2869 3985 3037 4048 quae
3080 3967 3323 4049 passim
3368 3967 3654 4051 grassari
3696 3968 3940 4048 vident,
3998 3979 4064 4035 et
4106 3992 4238 4036 non

2294 4051 2369 4115 in
2410 4049 2528 4114 illa
2570 4050 2864 4117 severius
2907 4051 3451 4130 animadvertant,
3507 4053 3566 4118 si
3624 4065 4014 4136 potestatem
4059 4076 4241 4123 aoce-

2296 4143 2557 4219 perunt‚
2603 4136 2829 4202 venire
2872 4136 2943 4201 in
2990 4147 3240 4219 partem
3285 4138 3706 4221 flagitiorum,
3751 4150 3821 4205 et
3862 4141 4125 4223 culpam
4167 4142 4237 4206 in

2297 4243 2370 4287 se
2411 4221 2768 4306 maximam
2814 4221 3132 4288 derivare.
3221 4223 3450 4306 Neque
3502 4225 3675 4290 enim
3733 4226 3955 4292 verbis
4013 4228 4237 4292 testari

2297 4308 2461 4374 satis
2524 4317 2646 4385 est,
2711 4309 3033 4391 flagitium
3096 4308 3452 4375 admissum
3514 4310 3699 4378 nobis
3756 4311 4114 4395 displicere,
4182 4313 4237 4378 si

2297 4392 2477 4460 dedit
2518 4394 2847 4460 Dominus
2891 4404 3299 4478 potestatem,
3357 4395 3474 4461 illa
3529 4400 3756 4479 poenis
3799 4398 4052 4462 meritis
4096 4418 4238 4463 cor-

2296 4477 2601 4564 ripiendi.
2664 4480 2835 4544 Nam
2876 4481 3055 4547 clara
3097 4491 3197 4548 est
3238 4488 3309 4547 et
3350 4490 3579 4565 aperta
3615 4482 3888 4548 Domini
3931 4484 4056 4549 hoc
4097 4482 4238 4550 loco

2296 4566 2616 4632 adversus
2658 4565 2861 4631 Helia
2908 4568 3253 4652 sententia,
3311 4567 3396 4634 iis
3438 4569 3741 4634 omnibus
3796 4568 4022 4633 futura
4063 4590 4240 4635 com·

2295 4653 2516 4717 munis
2559 4652 2672 4734 qui
2712 4652 2781 4716 in
2827 4653 3151 4719 scelerum
3196 4665 3263 4720 et
3294 4654 3692 4737 flagitiorum
3729 4676 3971 4738 poenas
4006 4656 4236 4720 remis·

2295 4739 2498 4803 siores
2563 4748 2632 4803 et
2693 4737 2976 4805 laxiores
3038 4740 3300 4806 fuerint.
3413 4739 3662 4805 Adiicit
3740 4738 3824 4804 ad
3898 4741 4238 4822 superiora

2294 4821 2621 4888 Dominus
2676 4832 2887 4889 ratam
2946 4825 3362 4892 iureiurando
3428 4825 3851 4904 sententiam,
3915 4846 4238 4907 nunquam

2294 4910 2679 4991 expiandam
2734 4911 2956 4977 domus
3016 4914 3156 4977 eius
3218 4911 3626 4993 iniquitatem,
3692 4931 3883 4993 neque
3943 4913 4234 4994 victimis,

2292 5016 2490 5078 neque
2530 4997 2897 5062 muneribus
2959 5017 3159 5079 usque
3212 4999 3283 5063 in
3339 5001 3676 5061 adernam.
3763 4996 4235 5065 Iusiurandum

2291 5081 2682 5160 adhibitum,
2740 5093 2957 5148 ratum
3016 5093 3082 5148 et
3123 5081 3548 5149 irrevocabile
3590 5080 3719 5147 Dei
3764 5103 3909 5149 esse
3952 5083 4078 5151 hoc
4123 5086 4236 5152 de·

3217 5268 3484 5325 flendum
3521 5271 3686 5326 etiam
3719 5269 3897 5411 ἔξω.
3933 5280 4129 5330 meai.

3795 5357 3823 5387 a

2472 5270 2531 5338 *)
2563 5272 2701 5340 loys.-
2737 5271 2968 5327 flliorum
3004 5271 3145 5326 Heli.
