5059 6059
268 301 376 368 505

267 517 372 562 nec
421 489 625 558 voluit
691 509 812 554 neo
876 490 1111 572 potuit.

265 576 581 668 proverbio
639 595 766 659 quo
825 596 895 640 se
955 575 1166 639 David
1227 589 1468 652 tuetur,
1528 576 1756 640 utilem
1816 575 2180 642 doctrinam

267 665 547 745 colligere
591 660 934 738 debemus;
991 660 1118 726 duo
1163 662 1333 726 enim
1381 661 1578 726 simul
1636 662 1993 745 coniungit,
2054 662 2180 726 ini-

265 754 552 838 quitatem
614 763 781 830 quae
839 747 921 811 ab
979 748 1207 830 iniquo
1269 746 1509 828 exibit,
1580 761 1644 812 et
1704 768 1776 811 se
1839 758 2182 831 propterea

263 858 476 906 manus
531 835 602 898 in
655 833 924 898 Saulem
985 854 1115 898 non
1174 833 1588 899 iniecturum.
1691 833 1922 916 Itaque
1980 854 2180 915 quum

264 946 367 991 nos
406 921 659 1003 iniquos
704 941 832 984 non
879 939 1020 984 esse
1060 918 1389 985 declarare
1425 919 1853 998 voluerimus,
1899 939 1982 983 ne
2027 940 2180 985 con-

263 1009 446 1077 suetis
488 1005 1018 1071 excusationibus
1065 1013 1346 1082 utamur,
1409 1024 1611 1086 quare
1667 1006 1846 1088 prior
1906 1004 2017 1069 ille
2063 1026 2181 1070 nos

262 1097 338 1163 sit
390 1112 761 1178 aggressus,
832 1112 951 1156 nos
1008 1091 1263 1157 cunctis
1321 1091 1485 1155 bene
1543 1091 1746 1171 velle,
1807 1088 1919 1155 sed
1982 1092 2178 1157 etiam

259 1179 575 1247 lacessitos
619 1187 918 1262 oportere
962 1178 1095 1243 vim
1141 1177 1210 1242 vi
1268 1177 1598 1260 repellere,
1659 1196 1793 1241 non
1853 1197 1998 1242 esse
2058 1178 2179 1240 im-

259 1266 464 1352 probis
507 1264 578 1329 in
624 1283 742 1329 nos
785 1263 1115 1328 saeviendi
1140 1261 1421 1328 dandam
1452 1264 1872 1341 occasionem,
1917 1263 2179 1328 ululan-

259 1355 399 1419 dum
465 1350 850 1415 necessitate
926 1347 1205 1432 quadam
1287 1369 1429 1414 esse
1512 1370 1662 1415 cum
1741 1348 1934 1432 lupis.
2047 1346 2180 1415 Sed

257 1449 470 1506 contra
512 1437 732 1519 potius
777 1435 1147 1518 improbum
1173 1455 1314 1500 esse
1338 1455 1485 1499 eum
1531 1435 1844 1513 sinamus,
1891 1435 2000 1517 qui
2037 1455 2179 1499 esse

260 1525 433 1591 velit:
480 1543 600 1587 nos
645 1542 803 1587 vero
824 1522 1043 1586 Deum
1090 1542 1128 1585 a
1172 1520 1451 1586 nobisin
1475 1519 1776 1586 omnibus
1800 1520 2179 1585 tentationi-

254 1611 367 1676 bus
432 1618 839 1675 constantem
908 1604 1341 1672 obedientiam
1401 1607 1735 1690 requirere
1796 1627 2177 1690 persuasum

253 1696 621 1773 habeamus,
667 1707 733 1757 et
777 1692 988 1758 eidem
1044 1704 1274 1774 sponte
1329 1691 1872 1776 obtemperemus,
1965 1695 2180 1778 Atque

251 1782 348 1848 hio
409 1801 573 1847 usus
632 1788 733 1845 est
793 1777 1117 1863 proverbii
1177 1778 1355 1844 illius
1413 1779 1669 1861 antiqui
1729 1778 1898 1864 quod
1959 1776 2179 1843 David

217 1875 535 1951 -usurpat,
597 1887 832 1948 nempe
888 1865 1039 1931 licet
1095 1864 1176 1931 ab
1235 1865 1547 1948 improbis
1605 1886 2052 1948 provocemur,
2115 1875 2182 1928 et

248 1954 418 2020 velut
483 1955 556 2016 in
629 1950 935 2035 praedam
1003 1950 1163 2036 ipsis
1229 1950 1575 2029 cedamus,
1655 1952 1808 2019 licet
1885 1971 2007 2016 nos
2086 1949 2179 2014 illi

243 2039 617 2118 stimulent,
705 2047 770 2102 et
835 2049 1025 2101 extra
1089 2038 1358 2103 rationis
1426 2038 1739 2104 terminos
1805 2037 1859 2102 si
1928 2036 2182 2120 possint

243 2125 536 2200 eiiciant,
599 2144 937 2205 nunquam
999 2132 1216 2187 tamen
1276 2120 1733 2189 mandatorum
1807 2123 2179 2188 divinorum

243 2211 724 2286 obliviscamur,
779 2221 847 2274 et
914 2230 996 2274 ne
1053 2208 1197 2273 istis
1260 2208 1505 2274 similes
1562 2211 1794 2275 fiamus
1855 2232 1895 2274 a
1946 2209 2181 2290 quibus

243 2298 319 2364 ad
383 2296 636 2362 malum
704 2294 1167 2370 sollicitamur,
1249 2305 1316 2358 et
1382 2295 1618 2378 quibus
1683 2297 1895 2362 Satan
1975 2294 2180 2361 veluti

241 2383 524 2448 torribus
571 2381 798 2466 ignitis
843 2380 924 2445 ad
968 2402 1085 2446 nos
1130 2381 1210 2445 ad
1238 2381 1480 2445 malum
1523 2381 1924 2448 inducendos
1970 2379 2180 2446 abuti-

241 2481 363 2548 tur,
432 2477 502 2534 et
564 2489 649 2532 ne
707 2488 992 2551 unquam
1054 2465 1538 2533 labefactemur.
1642 2466 1820 2536 Sane
1886 2465 2181 2533 doctrina

238 2554 430 2634 haec,
491 2554 741 2632 fateor,
816 2554 1056 2619 nostris
1114 2551 1453 2619 affectibus
1526 2564 1594 2620 et
1650 2563 1928 2620 naturae
1986 2551 2180 2619 valde

237 2649 585 2725 repugnat.
675 2639 844 2704 Nam
903 2640 1024 2706 etsi
1081 2648 1381 2704 naturam
1441 2640 1798 2725 angelicam
1859 2637 2178 2704 induisse-

235 2749 412 2807 mus,
485 2724 796 2790 facillime
864 2733 1084 2791 tamen
1155 2724 1466 2807 improbis
1536 2748 1656 2792 nos
1711 2722 2179 2792 lacessentibus

233 2812 746 2895 corrumpimur,
808 2811 1065 2877 etiamsi
1108 2810 1234 2875 Dei
1279 2810 1686 2878 voluntatem
1749 2813 1931 2895 sequi
1990 2807 2179 2877 nobis

228 2919 339 2981 pro
467 2898 801 2975 uerimus,
898 2905 972 2962 ut
1048 2895 1363 2961 simillimi
1442 2898 1789 2964 videamur
1878 2895 2178 2981 procellis

225 3005 327 3050 mo
374 3006 413 3048 o
461 2985 535 3049 in
567 3053 576 3058 ,
604 2982 794 3061 hanc,
856 2981 1049 3047 modo
1105 2982 1178 3046 in
1235 2982 1417 3047 illam
1478 2998 1727 3066 partem
1790 3005 1931 3049 sese
1993 2981 2174 3046 incli-

227 3070 571 3135 nantibus.
668 3069 849 3134 Adeo
893 3079 966 3133 ut
1009 3072 1444 3135 reverentiam
1489 3091 1659 3153 quae
1697 3071 1839 3135 Deo
1887 3066 2178 3144 debetur,

225 3163 290 3220 et
331 3155 666 3220 rationem
713 3175 909 3237 quam
946 3165 1143 3219 antea
1186 3174 1645 3239 acceperamus
1680 3177 1825 3221 cum
1853 3154 2179 3237 aequitate

227 3251 291 3305 et
332 3241 668 3325 patientia
715 3241 1050 3306 tradamus
1094 3239 1431 3320 oblivioni,
1491 3253 1558 3307 et
1602 3243 1671 3306 in
1716 3241 1839 3308 hoc
1896 3240 2180 3324 plerum·

221 3348 345 3410 que
395 3329 708 3392 homines
756 3326 1089 3392 labuntur.
1157 3324 1290 3391 Sed
1333 3327 1476 3393 istis
1517 3328 1818 3394 omnibus
1853 3347 1934 3391 ex
1981 3346 2178 3409 oppo-

221 3414 344 3478 sito
389 3411 689 3478 Davidis
734 3412 1106 3495 exemplum
1166 3415 1569 3494 sequendum
1615 3421 1734 3492 est,
1794 3434 1927 3478 non
1985 3411 2182 3494 quale

221 3498 326 3566 hic
411 3499 611 3564 nobis
689 3497 1112 3563 describitur:
1191 3496 1306 3563 sed
1380 3500 1576 3583 quale
1640 3501 1838 3566 etiam
1904 3498 2044 3582 ipse
2110 3497 2179 3562 in

219 3584 516 3650 Psalmis
583 3585 908 3668 proponit,
967 3606 1037 3650 sc
1099 3605 1333 3666 nempe
1389 3586 1741 3670 diligenter
1798 3582 2181 3650 observasse

215 3670 591 3754 improbos,
633 3680 701 3735 et
745 3689 874 3752 quo
911 3667 1332 3752 procliviores
1376 3671 1442 3737 in
1492 3672 1653 3736 vitia
1694 3669 2181 3747 animadvertit,

211 3777 287 3821 eo
331 3757 549 3822 etiam
600 3755 982 3840 diligentius
1041 3775 1114 3820 se
1160 3755 1227 3819 in
1290 3757 1525 3822 timore
1571 3757 1695 3821 Dei
1757 3755 2178 3822 continuisse.

213 3839 681 3923 Quamobrem
747 3863 875 3924 quo
956 3841 1384 3925 procliviores
1460 3863 1687 3908 sumus
1752 3841 1834 3906 ad
1907 3841 2179 3906 affectus

209 3949 480 4010 pravos,
556 3928 876 4011 improbis
954 3928 1357 3994 occasionem
1439 3928 1625 3994 nobis
1701 3925 2176 4012 praebentibus,

211 4012 563 4080 discamus
610 4014 909 4078 fraenum
955 4013 1223 4079 iniicere
1271 4014 1514 4079 nostris
1573 4011 2056 4097 cupiditatibus,
2112 4022 2179 4076 et

204 4121 337 4183 quo
398 4099 631 4184 magis
684 4099 971 4164 furorem
1030 4120 1222 4165 suum
1281 4099 1562 4184 improbi
1620 4098 2176 4183 despumaverint,

203 4207 279 4250 eo
326 4185 560 4270 magis
611 4206 729 4250 nos
755 4186 879 4250 Dei
904 4185 1231 4250 voluntati
1253 4185 1696 4266 subiiciamus,
1741 4199 1807 4250 et
1843 4195 2181 4266 praeterea

205 4273 528 4339 norimus
582 4292 715 4336 non
761 4292 903 4336 esse
953 4271 1139 4336 nobis
1176 4281 1434 4337 tantum
1471 4271 1786 4338 adversus
1830 4271 2008 4352 ipsos
2044 4269 2181 4335 luc-

209 4368 347 4422 tam
419 4377 645 4441 quum
714 4377 831 4422 nos
913 4356 1327 4436 adoriuntur,
1408 4356 1521 4422 sed
1588 4357 1787 4423 etiam
1866 4357 2179 4420 adversus

208 4446 610 4527 superiores
690 4451 1077 4527 potestates:
1159 4442 1698 4526 quemadmodum
1766 4441 1851 4507 D.
1929 4440 2179 4506 Paulus

207 4530 401 4597 docet
440 4527 701 4612 Ephes.
747 4550 849 4612 ap.
889 4529 949 4609 6,
994 4549 1195 4611 quum
1242 4529 1353 4605 ait,
1397 4549 1523 4594 non
1563 4548 1695 4595 esse
1734 4527 1909 4593 nobis
1949 4526 2181 4591 luctam

202 4616 535 4682 adversm
601 4616 971 4698 sanquinem
1012 4619 1069 4681 et
1109 4635 1378 4693 carnem,
1436 4615 1547 4681 sed
1597 4616 1903 4681 adversus
1958 4613 2182 4678 mundi

205 4703 510 4768 dominos
523 4751 542 4781 ,
611 4707 872 4767 rectores
927 4700 1321 4767 tenebrarum
1377 4700 1615 4767 saeculi
1628 4751 1643 4781 ,
1710 4705 1767 4764 et
1816 4698 2182 4781 spirituales

205 4788 538 4854 malitias.
639 4785 862 4866 Quare
906 4807 1106 4869 quum
1151 4786 1505 4852 adversum
1541 4808 1657 4853 nos
1697 4784 2183 4852 insurrexerint

203 4874 506 4956 improbi
560 4872 884 4952 homines,
930 4883 999 4937 et
1029 4872 1327 4938 faucibus
1350 4873 1596 4954 apertis
1627 4881 1935 4954 tanquam
1960 4869 2181 4935 leones

204 4971 325 5023 aut
387 4957 546 5024 ursi
614 4977 735 5024 nos
789 4958 1139 5042 deglubere
1199 4957 1367 5023 velle
1426 4957 1839 5035 videbuntur,
1897 4957 2182 5023 sciamus

201 5066 341 5111 non
404 5045 699 5129 proprio
759 5043 1051 5128 ipsorum
1110 5052 1292 5108 motu
1346 5042 1411 5108 id
1468 5044 1612 5109 fieri
1669 5042 1851 5130 (licet
1904 5041 2183 5125 improbi

199 5131 479 5196 malitia
530 5148 665 5194 sua
710 5129 793 5195 ad
838 5131 1085 5195 malum
1129 5128 1451 5209 ferantur,
1508 5130 1694 5196 cuius
1751 5128 1906 5193 olim
1963 5148 2182 5193 coram

205 5217 353 5284 Deo
401 5216 753 5282 rationem
801 5216 1118 5282 reddituri
1169 5215 1374 5301 sunt),
1431 5215 1546 5281 sed
1589 5214 1787 5281 altius
1830 5235 2182 5297 assurgen-

1525 300 1622 364 ΙΝ
1670 301 1721 366 Ι.
1772 299 1950 365 ΙιῙΒ.
2000 300 2398 370 SAMUEL.
2445 304 2644 370 OAP.
2690 303 2954 370 XXIV.

1213 472 1567 555 Praeterea
1631 510 1712 553 ex
1781 499 2005 555 vetere
2068 490 2182 556 illo

4100 306 4227 372 506

2290 490 2467 568 dum,
2515 513 2752 576 nempe
2795 493 3233 558 instrumenta
3290 515 3434 559 esse
3490 492 3638 559 illos
3698 493 3935 559 diaboli
3996 495 4230 578 quibus

2287 577 2367 642 ad
2413 579 2891 662 impatientiam
2935 598 3057 644 nos
3101 579 3393 662 impellit,
3441 599 3515 646 ac
3562 580 3829 662 proinde
3863 602 3946 645 ne
3991 579 4225 648 adver-

2285 686 2396 730 sus
2441 663 2661 730 Deum
2706 663 3147 749 obloquamur,
3204 677 3269 729 et
3329 686 3413 730 ne
3455 667 3525 730 in
3585 666 3823 731 furoris
3885 687 4227 733 excessum

2285 750 2675 833 praecipites
2719 752 3021 815 feramur.
3092 749 3225 817 Sed
3268 750 3351 815 ad
3375 752 3800 817 afflictionum
3848 763 4226 818 nostrarum

2284 837 2605 919 originem
2663 833 3151 901 adscendamus.
3265 837 3439 902 Nam
3510 838 3565 902 si
3635 837 3798 903 adeo
3868 837 4086 902 stolidi
4159 849 4228 904 et

2284 920 2526 1004 stupidi
2584 922 2933 1001 fuerimus,
3006 933 3080 986 ut
3133 924 3201 987 in
3261 923 3343 988 iis
3411 944 3450 987 a
3502 923 3741 1006 quibus
3799 944 4228 1006 provocamur

2284 1007 2689 1088 haereamus,
2755 1006 3020 1089 perinde
3091 1007 3431 1073 nobiscum
3496 1022 3729 1093 agetur
3800 1018 3998 1092 atque
4074 1030 4227 1076 cum

2284 1092 2558 1160 canibus
2619 1094 2732 1176 qui
2775 1095 3047 1158 missum
3110 1093 3392 1177 lapidem
3452 1095 3785 1174 arrodunt‚
3844 1109 3908 1160 et
3966 1117 4047 1160 ex
4101 1097 4228 1162 ira-

2283 1178 2524 1245 cundia
2569 1192 2896 1264 spumant,
2942 1200 3076 1244 non
3123 1188 3344 1245 tamen
3393 1201 3657 1245 manum
3704 1182 3843 1246 eius
3888 1182 3999 1263 qui
4059 1181 4225 1265 lapi·

2285 1263 2431 1330 dem
2492 1266 2675 1331 misit
2732 1264 3170 1348 inspicientes.
3258 1265 3480 1349 Atque
3555 1288 3631 1331 ea
3689 1267 4074 1350 plerumque
4129 1278 4228 1333 est

2282 1352 2577 1416 omnium
2639 1350 2979 1416 hominum
3037 1362 3276 1416 natura
3345 1352 3453 1435 qui
3528 1351 3808 1418 lacessiti
3862 1351 3944 1418 ab
4005 1353 4224 1436 aliquo

2285 1458 2418 1501 uon
2462 1439 2815 1520 respiciunt
2860 1438 3049 1503 cuius
3072 1438 3362 1519 impulsu
3384 1438 3451 1502 id
3497 1439 3627 1514 fiat,
3674 1459 3910 1520 nempe
3938 1437 4223 1505 Satanae

2284 1522 2598 1605 principis
2643 1524 2948 1606 ipsorum.
3037 1522 3131 1586 At
3175 1524 3350 1589 lucta
3392 1524 3750 1605 spiritualis
3797 1523 3946 1589 talis
4007 1538 4109 1589 est
4151 1535 4225 1590 ut

2285 1607 2477 1690 longe
2522 1619 2787 1691 superet
2829 1606 3139 1691 quidquid
3176 1609 3242 1672 in
3287 1609 3504 1675 oculos
3528 1610 3821 1689 incurrit,
3867 1622 3983 1675 aut
4025 1631 4221 1694 quae·

2282 1714 2543 1777 cunque
2610 1694 2851 1758 damna
2915 1695 2988 1757 in
3054 1694 3159 1759 his
3228 1694 3420 1761 terris
3484 1696 3617 1778 pati
3698 1716 4067 1780 possemus,
4147 1717 4223 1762 ac

2283 1780 2554 1863 proinde
2598 1780 2961 1845 cavendum
3007 1801 3417 1862 summopere
3478 1794 3577 1847 est
3633 1803 3715 1846 ne
3758 1781 4008 1846 malum
4054 1782 4224 1847 malo

2281 1887 2726 1949 compensare,
2773 1864 2886 1931 sed
2932 1878 3158 1931 contra
3202 1867 3415 1949 potius
3450 1866 3669 1933 oculos
3710 1866 3791 1931 ad
3816 1868 4031 1934 Deum
4069 1888 4223 1934 con·

2284 1959 2575 2031 vertere,
2655 1959 2724 2017 et
2805 1951 3133 2034 patienter
3209 1953 3415 2035 ipsius
3492 1953 3806 2024 auxilium
3875 1963 4225 2036 expectare

2282 2037 2690 2115 studeamus,
2756 2058 2904 2102 cum
2974 2045 3152 2102 metu
3218 2049 3284 2102 et
3350 2039 3715 2105 reverentia
3778 2039 4224 2105 fortitudinem

2280 2122 2488 2188 animi
2531 2129 2834 2208 petentes
2880 2121 2962 2188 ab
3006 2124 3162 2206 ipso,
3209 2134 3284 2188 ut
3320 2125 3717 2207 quibuslibet
3753 2126 4225 2191 tentationibus

2282 2222 2347 2273 et
2405 2209 2756 2274 insultibus
2811 2210 3113 2274 resistere
3186 2229 3519 2292 queamus.
3623 2211 3768 2277 Hac
3828 2211 4079 2275 ratione
4144 2210 4224 2276 de

2284 2294 2582 2361 hostibus
2625 2294 3078 2378 spiritualibus
3122 2295 3463 2360 victoriam
3509 2317 3766 2380 semper
3826 2296 4225 2379 reportaturi

2284 2402 2531 2459 sumus,
2578 2380 2632 2445 si
2681 2380 3043 2446 doctrinam
3088 2382 3279 2447 istam
3325 2382 3403 2446 ad
3454 2403 3643 2448 usum
3679 2383 4225 2460 revocaverimus,

2285 2477 2353 2532 et
2395 2477 2471 2531 ut
2518 2465 2823 2532 omnibus
2882 2466 3355 2532 tentationibus
3411 2470 3814 2545 resistamus,
3875 2468 4038 2533 haec
4097 2465 4225 2533 duo

2285 2554 2498 2636 capita
2541 2552 2735 2617 simul
2794 2553 3344 2634 coniunxerimus,
3406 2554 3713 2637 quoniam
3772 2554 4085 2637 iniquitas
4144 2553 4226 2620 ab

2284 2639 2508 2721 iniquo
2557 2638 3008 2721 proficiscitur,
3054 2659 3139 2702 ne
3183 2638 3265 2703 ad
3312 2641 3556 2705 malum
3602 2640 3971 2716 incitemur,
4031 2648 4098 2705 et
4143 2660 4226 2703 ne

2286 2744 2519 2789 manus
2577 2734 2833 2789 nostras
2890 2725 3210 2808 sanguine
3281 2725 3683 2807 polluamus,
3756 2747 3839 2790 ne
3913 2724 4226 2789 ultionem

2286 2809 2603 2875 adversus
2647 2830 2758 2875 cos
2802 2820 3187 2893 expetamus
3223 2812 3336 2892 qui
3358 2814 3761 2877 occasionem
3788 2810 4225 2894 praebuerint,

2286 2907 2353 2961 et
2396 2917 2480 2961 ne
2535 2896 2842 2978 speciosis
2899 2895 3261 2960 rationibus
3320 2895 3713 2961 iniustitiam
3773 2905 4091 2979 tegamus,
4152 2906 4227 2959 ut

2286 2981 2671 3065 plerumque
2729 2980 3049 3066 ingeniosi
3123 2989 3283 3046 sunt
3353 2981 3651 3047 homines
3708 2982 3779 3046 in
3836 2979 4227 3064 quaerendis

2286 3068 2430 3133 istis
2488 3067 2779 3150 effugiis,
2855 3087 3057 3150 quum
3117 3066 3198 3133 de
3252 3087 3487 3133 causae
3547 3067 3873 3150 aequitate
3928 3077 3995 3132 et
4054 3066 4227 3132 bona

2288 3154 2463 3218 fama
2507 3151 2848 3218 retinenda
2899 3153 3192 3235 quaestio
3251 3162 3366 3218 est.
3457 3152 3591 3218 Sed
3654 3153 3775 3219 hoc
3831 3151 4227 3236 principium

2285 3239 2704 3304 retinendum
2795 3247 2894 3304 est
2982 3237 3200 3304 Deum
3305 3238 3643 3304 hominum
3755 3239 4227 3320 turpitudinem

2286 3323 2623 3408 detegere,
2706 3324 2857 3390 licet
2936 3323 3322 3391 mortalibus
3401 3325 3718 3390 creaturis
3795 3324 4047 3390 occulta
4123 3323 4227 3388 sit.

2285 3410 2523 3476 Procul
2595 3410 2802 3495 igitur
2867 3431 2906 3474 a
2973 3410 3158 3476 nobis
3217 3409 3496 3476 facessat
3576 3410 3761 3476 fucus
3826 3410 4039 3476 omnis
4096 3430 4223 3493 quo

2284 3495 2667 3580 iniquitates
2711 3506 3032 3580 tegamus,
3078 3506 3145 3561 et
3189 3496 3271 3562 ad
3295 3496 3511 3561 Deum
3558 3516 3710 3563 cum
3753 3496 3932 3559 omni
3956 3495 4225 3560 humili-

2284 3593 2419 3647 tate
2506 3582 2908 3664 accedamus,
2999 3583 3259 3647 veniam
3347 3581 3434 3646 ab
3516 3581 3660 3663 ipso
3741 3582 4223 3663 consequuturi.

2283 3669 2529 3734 Parum
2576 3667 2749 3732 enim
2776 3676 2947 3734 esset
2981 3688 3197 3734 coram
3222 3666 3599 3733 hominibus
3623 3668 3876 3733 absolvi
3913 3670 3967 3733 si
4005 3687 4223 3733 coram

2284 3752 2510 3820 divina
2553 3754 2891 3819 maiestate
2916 3753 3012 3819 rei
3046 3774 3356 3819 essemus.
3415 3753 3509 3818 Et
3529 3751 3684 3835 quid
3720 3754 3894 3818 enim
3921 3753 4221 3818 homines

2282 3840 2521 3905 iuverit
2579 3859 2796 3905 coram
2857 3838 3001 3904 Deo
3059 3839 3511 3915 condemnari,
3570 3848 3648 3904 ut
3702 3838 3784 3904 ab
3845 3839 4224 3904 hominibus

2281 3926 2710 3990 aestimentur
2775 3934 2840 3989 et
2903 3925 3122 4008 magni
3192 3924 3400 3990 fiant?
3495 3925 3585 3989 Et
3660 3925 3812 4008 quid
3883 3924 4223 3990 hominum

2283 4010 2599 4076 malitiam
2645 4020 2713 4075 et
2755 4009 3237 4094 improbitatem
3296 4010 3541 4075 imitari
3596 4011 3904 4094 proderit,
3964 4020 4029 4075 et
4082 4029 4226 4074 sese

2282 4097 2416 4162 illis
2473 4097 2721 4162 socium
2781 4096 3171 4180 adiungere,
3242 4117 3404 4178 quos
3471 4096 3800 4162 horrenda
3852 4095 4223 4160 maledictio

2281 4193 2526 4247 manet.

2455 4268 2547 4332 Et
2587 4266 2904 4333 hactenus
2964 4268 3043 4331 de
3098 4268 3259 4333 istis.
3336 4265 3724 4350 Sequuntur
3781 4266 3899 4332 illa
3941 4265 4224 4332 Davidis

2283 4353 2520 4421 verba:
2596 4352 2747 4419 Post
2803 4373 2984 4436 quem
3016 4353 3324 4435 processit
3376 4374 3490 4419 rex
3543 4352 3866 4418 Israelis?
3919 4372 4103 4434 quem
4157 4356 4225 4416 tu

2271 4439 2719 4522 persequeris?
2761 4441 3161 4522 persequeris
3202 4458 3416 4505 canem
3458 4444 3785 4515 mortuum,
3824 4439 4229 4520 persequeris

2271 4525 2547 4609 pulicem
2593 4544 2825 4590 unum.-
2883 4525 3121 4608 quibus
3181 4528 3404 4591 verbis
3459 4523 3680 4590 obiicit
3724 4522 3912 4589 Sauli
3973 4522 4225 4588 nullam

2284 4613 2500 4695 ipsum
2561 4609 2806 4676 habere
2864 4613 3100 4676 iustam
3162 4613 3568 4677 occasionem
3625 4608 3962 4674 metuendi
4020 4607 4142 4673 sibi
4187 4628 4228 4673 a

2284 4695 2566 4774 Davide,
2627 4696 2738 4780 qui
2796 4695 3079 4761 fideliter
3136 4706 3204 4761 et
3263 4694 3556 4761 modeste
3613 4716 3682 4761 se
3742 4715 4001 4777 semper
4069 4714 4226 4778 erga

2284 4783 2496 4865 ipsum
2538 4781 2764 4866 gessit,
2786 4783 2879 4846 ita
2914 4793 2986 4847 ut
3008 4782 3264 4847 nullum
3286 4781 3565 4846 officium
3588 4781 3798 4863 possit
3821 4777 4224 4846 desiderare:

2287 4869 2502 4934 nullas
2548 4889 2618 4933 se
2663 4869 2882 4951 copias
2926 4867 3287 4951 collegisse,
3333 4866 3515 4931 nulla
3558 4864 3833 4933 consilia
3877 4866 4228 4931 adversum

2286 4955 2499 5038 ipsum
2547 4955 2848 5037 agitasse.
2915 4953 3006 5018 Et
3048 4953 3289 5019 idcirco
3333 4974 3402 5017 se
3437 4961 3693 5018 mortuo
3738 4950 3882 5017 cani
3918 4961 3985 5016 et
4029 4951 4230 5035 pulici

2286 5051 2644 5125 comparat.
2712 5037 3037 5123 Equidem
3060 5038 3269 5104 fateor
3302 5037 3679 5123 hypocritas
3716 5047 3782 5102 et
3817 5037 4230 5103 simulatores

2290 5136 2357 5191 et
2398 5126 2508 5209 qui
2554 5125 2840 5190 maxime
2884 5124 3107 5190 iniurii
3154 5125 3416 5201 fuerint,
3462 5121 3727 5190 tandem
3776 5122 4229 5206 deprehensos,

2290 5211 2668 5278 mitissimos
2703 5220 2772 5277 et
2806 5211 3174 5276 lenissimos
3212 5209 3437 5287 videri,
3485 5209 3713 5293 vulpes
3737 5209 4025 5276 imitatos
4069 5229 4233 5292 quae
