5059 6059
302 356 408 426 345
1610 363 1700 427 ΙΝ
1752 364 1801 429 1.
1854 362 2029 427 LIB.
2073 361 2471 429 SAMUEL.
2520 362 2717 429 CAP.
2765 363 2925 429 XX.
4116 360 4255 428 346

298 547 477 617 creati
529 548 612 614 de
668 567 789 614 sua
846 549 1096 633 origine
1147 548 1549 631 exciderunt,
1606 572 1916 617 revocare
1958 551 2029 615 in
2075 569 2211 614 me-

301 638 552 699 moriam
613 632 922 700 debemus
979 635 1064 701 D.
1110 635 1300 700 Pauli
1346 635 1869 702 exhortationem
1913 646 1979 701 et
2020 637 2092 700 in
2136 657 2214 701 ea

302 721 613 804 proficere,
661 739 861 802 quum
906 722 1027 785 ait:
1092 720 1225 802 Qui
1267 733 1442 788 stare
1484 743 1556 789 se
1599 724 1951 799 existimat,
1997 719 2213 787 videat

303 827 374 870 ne
410 806 614 871 cadat.
706 805 886 871 Sane
931 826 1058 870 non
1105 827 1449 890 possumus
1493 829 1614 873 nos
1655 809 1831 893 ipsos
1875 808 2212 890 sustinere,

301 890 399 957 sed
431 891 788 957 remedium
828 900 1045 956 tamen
1080 912 1390 975 quaerere
1425 894 1737 960 adversus
1760 895 2212 959 infirmitatem

303 988 571 1042 nostram
653 998 1017 1061 possumne,
1097 979 1153 1043 si
1219 980 1534 1044 nimirum
1600 980 1977 1046 ardentibus
2044 982 2214 1044 votis

300 1082 428 1128 cum
485 1063 662 1127 omni
719 1061 1090 1128 humilitate
1147 1063 1366 1129 Deum
1423 1086 1783 1148 precemur,
1844 1077 1916 1131 ut
1973 1085 2093 1130 sua
2141 1066 2211 1129 in

299 1148 468 1213 nobis
528 1146 697 1212 dona
752 1149 1117 1214 continuet:
1178 1161 1243 1216 et
1288 1171 1404 1215 uos
1446 1152 1728 1217 sciamus
1774 1153 1854 1217 ab
1900 1151 2008 1216 illo
2049 1171 2210 1234 pen-

298 1233 451 1312 dere,
505 1254 593 1299 ne
652 1234 1045 1300 effi-senibus
1097 1235 1282 1317 equis
1342 1238 1588 1303 similes
1630 1240 1853 1317 simus,
1912 1257 1995 1302 ne
2035 1256 2210 1301 vana

297 1318 560 1403 quadam
613 1319 827 1404 gloria
878 1329 947 1385 et
990 1322 1365 1405 arrogantia
1407 1322 1776 1402 efferamur,
1834 1343 2036 1406 quum
2079 1321 2208 1387 Dei

295 1406 491 1490 gratia
551 1413 620 1469 et
676 1404 861 1470 donis
915 1406 1383 1473 excellentibus
1426 1410 1639 1473 ornati
1683 1410 2032 1474 fuerimus:
2091 1407 2208 1472 sed

295 1510 434 1555 eum
487 1510 530 1555 a
586 1510 713 1573 quo
755 1490 871 1555 illa
913 1493 1278 1575 accepimus
1321 1494 1606 1559 sciamus
1651 1505 1980 1560 momento
2020 1513 2209 1577 posse

293 1574 502 1641 eadem
547 1577 868 1642 adimere:
912 1579 1182 1659 gloriam
1225 1581 1448 1662 itaque
1489 1579 1614 1662 ipsi
1659 1580 1943 1646 debitam
1977 1578 2208 1645 redda-

292 1681 445 1740 mus,
503 1671 574 1726 et
629 1663 755 1746 ipsi
816 1665 930 1727 uni
978 1674 1242 1747 accepta
1283 1664 1454 1729 dona
1494 1666 1798 1732 feramus.
1885 1666 1987 1731 Ne
2028 1685 2208 1730 arro·

288 1757 510 1831 gauter
555 1746 637 1811 de
676 1758 900 1813 nostra
941 1749 1286 1831 prudentia
1328 1749 1720 1816 sentiamus:
1764 1761 1834 1816 et
1874 1772 1959 1816 ne
2002 1750 2208 1835 negli-

290 1846 511 1917 genter
555 1833 838 1899 officium
884 1834 1233 1901 faciamus:
1276 1835 1392 1901 sed
1434 1857 1694 1920 semper
1735 1838 2017 1903 humiles
2058 1856 2205 1902 cum

289 1931 457 1982 metu
513 1928 584 1983 et
639 1918 1075 1985 sollicitudine
1118 1920 1392 1986 salutem
1439 1935 1731 1987 nostram
1778 1924 2207 2007 perficiamus,

285 2001 629 2086 Deumque
713 2005 1019 2071 invocare
1105 2026 1437 2089 uunquam
1508 2007 1901 2075 desinamus.
1990 2010 2210 2090 Atque

288 2088 439 2154 haec
507 2089 749 2156 animis
806 2091 1050 2157 nostris
1104 2092 1440 2176 infigenda
1493 2106 1663 2172 sunt,
1740 2107 1804 2159 et
1861 2092 2210 2159 metuenda

282 2173 390 2239 illa
441 2175 756 2241 terribilis
814 2174 941 2240 Dei
1000 2177 1309 2255 vindicta,
1369 2199 1453 2242 ue
1497 2177 1683 2246 donis
1724 2180 1862 2245 suis
1904 2180 2209 2263 spoliatos

285 2258 571 2325 Satanae
627 2262 721 2326 sic
771 2262 1110 2344 permittat
1167 2276 1241 2327 ut
1282 2274 1595 2346 tanquam
1639 2266 1845 2348 ipsius
1889 2266 2210 2348 mancipia

283 2344 621 2411 trahamur
689 2366 835 2412 cum
907 2347 1263 2432 ignominia
1327 2358 1397 2414 et
1454 2348 1764 2416 dedecore
1821 2370 2210 2434 quocunque

281 2429 402 2514 ipsi
436 2430 697 2498 libitum
731 2433 946 2498 fuerit.
1022 2434 1109 2498 Et
1141 2432 1381 2501 idcirco
1415 2456 1534 2501 nos
1570 2435 1873 2503 Christus
1908 2437 2212 2502 admonet

279 2526 351 2580 ut
409 2516 787 2601 vigilemus,
861 2517 1003 2583 fore
1062 2520 1352 2586 minatus
1417 2531 1492 2586 ut
1557 2523 1615 2588 si
1680 2543 1763 2588 ex
1809 2523 2025 2606 aliquo
2070 2522 2208 2588 loco

277 2601 573 2668 diabolus
616 2623 935 2687 egressus,
981 2604 1205 2670 eodem
1249 2615 1638 2688 revertatur,
1681 2628 1812 2673 non
1856 2609 2033 2674 solus
2066 2609 2208 2691 ipse

277 2685 386 2750 sed
443 2687 675 2754 multis
733 2688 878 2754 aliis
935 2690 1214 2773 stipatus
1270 2691 1608 2774 spiritibus
1660 2691 2065 2759 dominatum
2109 2694 2208 2759 iu-

273 2771 489 2850 vadat,
552 2785 620 2838 et
675 2795 933 2839 summa
986 2778 1052 2839 vi
1109 2778 1403 2843 retineat.
1492 2782 1711 2862 Atque
1755 2781 1914 2846 haec
1957 2799 2206 2845 merces

272 2858 580 2924 omnibus
635 2859 717 2924 iis
771 2858 1057 2942 debetur,
1120 2864 1231 2945 qui
1291 2884 1330 2927 a
1374 2863 1516 2928 Deo
1560 2866 1837 2948 acceptis
1882 2866 2203 2930 excellen-

270 2943 442 3009 tibus
501 2944 698 3009 donis
755 2947 1088 3031 segniores
1145 2959 1344 3013 erunt
1397 2950 1463 3014 in
1510 2949 1651 3033 ipso
1693 2951 2075 3029 invocando,
2133 2960 2208 3016 ιιι

269 3027 498 3094 eadem
559 3030 630 3094 in
689 3031 848 3113 ipsis
905 3045 1261 3116 perpetuet,
1330 3054 1411 3099 ne
1465 3036 1532 3100 in
1596 3034 1882 3103 Satanae
1939 3037 2206 3102 veniant

267 3123 680 3196 potestatem.
771 3116 939 3181 Nam
987 3117 1183 3184 buius
1228 3121 1456 3186 mundi
1499 3122 1857 3206 principem
1902 3143 2044 3188 esse
2087 3120 2207 3190 Sa-

267 3209 490 3265 tanam
555 3202 837 3268 scimus:
900 3223 977 3270 ac
1041 3202 1313 3287 proinde
1368 3226 1489 3272 nos
1539 3227 1744 3291 quum
1800 3207 1927 3274 Dei
1983 3216 2206 3274 sancto

263 3287 501 3369 spiritu
563 3287 885 3366 afflamur,
941 3290 1022 3354 ab
1074 3288 1189 3356 illo
1246 3290 1606 3373 iniquitatis
1659 3295 1919 3378 gurgite
1962 3308 2027 3359 et
2070 3294 2204 3359 dia·

260 3373 389 3436 boli
436 3371 798 3458 tyrannide
842 3393 970 3456 qua
1011 3377 1468 3460 premebamur
1512 3379 1789 3445 liberari.
1880 3378 2100 3460 Quare
2143 3384 2201 3445 si

257 3455 386 3523 Dei
458 3459 778 3542 spiritum
844 3470 1068 3527 nostra
1130 3463 1378 3527 malitia
1443 3464 1875 3546 reiecerimus,
1941 3486 2203 3532 necesse

256 3544 382 3608 erit
443 3566 575 3610 nos
634 3545 703 3608 in
749 3544 988 3611 diaboli
1030 3558 1416 3632 potestatem
1465 3550 1708 3629 venire,
1765 3563 1833 3617 et
1877 3562 2009 3616 tam
2056 3552 2204 3616 hor·

257 3628 481 3696 rendis
550 3630 767 3696 modis
827 3632 908 3696 ab
963 3632 1078 3698 illo
1134 3635 1387 3710 vexari,
1454 3643 1531 3700 ut
1582 3635 1656 3702 in
1711 3636 2203 3704 detestationem

252 3715 556 3781 omnium
597 3717 959 3783 veniamus.
1046 3718 1470 3784 Metuendum
1505 3718 1727 3805 itaque
1762 3732 1896 3787 tam
1932 3722 2203 3789 horren-

253 3800 412 3867 dum
453 3800 808 3878 iudicium,
850 3803 1036 3869 cuius
1069 3814 1289 3870 tamen
1327 3807 1514 3873 nobis
1551 3808 1623 3872 in
1660 3806 1862 3875 Saule
1897 3819 2201 3892 tanquam

247 3886 316 3952 in
369 3887 677 3973 imagine
739 3888 893 3954 viva
933 3892 1316 3974 proponitur
1357 3893 1766 3976 exemplum:
1827 3896 1962 3960 fore
2007 3895 2202 3960 nimi·

249 3992 397 4038 rum
454 3983 538 4040 ut
600 3974 713 4056 qui
768 3994 809 4038 a
861 3973 1007 4040 Deo
1062 3977 1308 4042 fuerint
1363 3982 1596 4057 aversi,
1655 3993 1719 4044 et
1773 3980 1975 4063 ipsius
2032 3981 2205 4046 dona

245 4060 657 4144 spreverint,
715 4060 786 4123 iu
841 4057 1233 4126 horrendam
1287 4065 1714 4130 mutationem
1759 4065 2064 4145 incidant,
2123 4077 2203 4131 ut

286 4145 791 4230 nandoquidem
848 4143 979 4211 Dei
1037 4147 1383 4231 imperium
1441 4150 1613 4216 ferre
1673 4171 1801 4217 non
1854 4153 2199 4236 potuerint,

243 4166 493 4298 diaboli
542 4228 969 4317 tyrannidem
1016 4232 1185 4299 ferre
1225 4243 1560 4320 cogantur.

417 4316 827 4402 Sequuntur
886 4317 1189 4403 deinceps
1246 4321 1448 4385 verba
1503 4323 1633 4387 ista
1691 4320 1968 4388 Davidis
2025 4324 2197 4407 apud

241 4404 711 4471 Ionathanum
781 4402 863 4469 de
938 4401 1139 4470 Saule
1211 4409 1669 4488 conquerentis
1739 4408 2197 4490 expendenda:

246 4491 417 4574 Quid
471 4490 632 4573 feci.
694 4509 852 4570 quae
885 4495 974 4556 est
1028 4489 1335 4572 iniquitas
1373 4512 1528 4570 mea,
1587 4498 1642 4559 et
1684 4495 1838 4576 quid
1883 4501 2198 4577 peccatum

237 4597 449 4643 neum
495 4577 577 4641 in
614 4580 870 4659 patrem
910 4581 1103 4656 tuum,
1147 4579 1300 4659 quia
1341 4581 1586 4661 quaerit
1629 4582 1909 4645 animam
1943 4602 2143 4647 mam
2157 4582 2195 4646 2

237 4661 469 4747 Digna
527 4661 998 4727 observatione
1051 4663 1271 4744 verba,
1328 4685 1408 4729 ex
1467 4665 1700 4748 quibus
1758 4679 2026 4749 apparet
2066 4689 2198 4751 qua

235 4750 498 4816 ratione
571 4746 797 4812 David
856 4748 1206 4813 Ionatbani
1268 4749 1585 4817 auxilium
1631 4760 1699 4818 et
1736 4772 1922 4835 opem
1967 4754 2194 4837 implo-

236 4836 420 4914 rarit,
477 4852 760 4915 nempe.
820 4843 897 4900 ut
947 4834 1156 4918 ipsius
1211 4834 1582 4902 innocentia
1634 4840 1894 4904 veniret
1948 4839 2016 4904 in
2062 4859 2194 4904 me·

235 4920 443 4988 dium.
538 4920 777 5001 Atque
811 4919 933 4986 hac
972 4921 1222 4986 ratione
1255 4921 1564 4988 debemus
1597 4924 1663 4987 in
1701 4923 1895 4990 rebus
1928 4925 2196 4991 incertis

230 5008 568 5074 auxilium
635 5021 1040 5089 exspectare,
1103 5015 1173 5072 et
1227 5027 1459 5072 cavere
1515 5028 1596 5073 ne
1652 5009 1913 5093 quando
1970 5023 2194 5078 nostra

311 5094 617 5160 rvicacia
691 5101 755 5155 et
834 5093 1208 5177 arrogantia
1273 5092 1443 5157 male
1507 5092 1692 5160 nobis
1755 5097 2192 5162 consulamus.

295 5200 401 5246 am
449 5200 535 5246 eo
581 5176 1046 5262 impudentiae
1087 5179 1429 5263 plerosque
1471 5181 1695 5247 venire
1740 5181 2054 5263 videmus,
2116 5192 2193 5247 ut

230 5264 381 5331 licet
446 5265 724 5334 centies
786 5263 1025 5329 millies
1087 5265 1436 5347 peccarint,
1502 5265 1621 5332 sibi
1687 5275 1909 5333 tamen
1966 5268 2187 5335 statim

2319 551 2568 636 ignosci
2613 551 2853 617 velint:
2900 562 3091 636 atque
3126 554 3194 616 in
3224 551 3399 617 hunc
3435 572 3621 616 usum
3661 549 4044 633 plerumque
4080 551 4242 616 ami-

2316 638 2502 702 citiae
2575 650 2992 719 quaeruntur.
3081 637 3155 703 Si
3228 639 3372 719 quis
3446 638 3622 701 enim
3678 636 3954 701 alicuius
4008 638 4243 720 flagitii

2319 744 2466 787 reus
2521 735 2796 797 tenetur,
2865 724 3050 788 vultu
3108 721 3365 806 quidem
3414 725 3625 787 virum
3675 722 3913 786 bonum
3957 721 4245 802 simulat,

2317 810 2425 874 sed
2474 822 2689 873 tamen
2738 809 2954 875 animo
2997 810 3415 874 violationem
3461 809 3745 872 iustitiae
3790 807 4053 890 expetit,
4098 816 4172 872 ut
4204 829 4243 873 a

2314 895 2607 960 criminis
2680 916 2889 977 poena
2949 895 3279 960 liberetur.
3368 894 3523 959 Ideo
3588 915 3714 958 non
3781 892 4241 975 inquirendum

2314 990 2445 1044 tam
2493 1000 2719 1045 severe
2762 982 2828 1044 in
2873 1001 3134 1047 causam
3180 981 3365 1059 dicet,
3432 994 3498 1044 et
3546 1001 3625 1044 ne
3669 981 3932 1044 omnino
3979 978 4235 1044 nullum

2320 1074 2652 1149 peccatum
2728 1065 3000 1142 dicatur,
3081 1067 3336 1148 aliquod
3402 1065 3665 1149 quidem
3732 1066 4060 1141 fatebitur,
4126 1065 4239 1130 sed

2314 1172 2443 1216 non
2490 1163 2741 1215 tantum
2791 1164 2862 1216 ut
2908 1164 3038 1216 tam
3083 1172 3312 1217 severe
3354 1161 3422 1216 et
3454 1151 3663 1234 rigide
3698 1152 3784 1216 sit
3820 1149 4241 1234 puniendum.

2315 1241 2527 1320 Atque
2592 1236 2683 1301 ita
2749 1238 2955 1302 solent
3020 1239 3127 1320 qui
3189 1238 3390 1301 veluti
3448 1235 3698 1301 duabus
3757 1237 3933 1301 sellis
3990 1236 4238 1305 sedent.

2313 1323 2420 1405 qui
2467 1322 2648 1388 nullo
2691 1321 2818 1387 Dei
2864 1325 3106 1407 gloriae
3151 1322 3367 1388 studio
3402 1322 3754 1405 ducuntur,
3799 1333 3864 1385 et
3902 1323 3967 1386 in
4005 1323 4257 1403 quibus·

2314 1407 2539 1473 nullus
2602 1417 2703 1474 est
2753 1409 2998 1475 candor
3052 1420 3115 1473 et
3174 1408 3534 1491 integritas.
3622 1406 3925 1490 Denique
3969 1418 4046 1471 ut
4088 1420 4239 1472 ante

2314 1494 2470 1572 dixi,
2538 1494 2728 1558 multi
2785 1495 3101 1559 amicitias
3158 1494 3381 1558 fovent
3448 1493 3653 1575 magis
3698 1492 3965 1558 studiosi
4009 1492 4242 1558 salutis

2309 1580 2753 1663 improborum
2807 1594 2873 1643 et
2928 1581 3393 1658 flagitiosorum
3443 1580 3795 1653 hominum,
3872 1600 4065 1660 quam
4114 1576 4238 1644 Dei

2310 1664 2557 1749 gloriae
2590 1678 2657 1730 et
2692 1667 3131 1748 proximorum
3169 1666 3605 1730 innocentiae:
3651 1664 3901 1746 sibique
3935 1665 4240 1729 videntur

2309 1751 2519 1815 officio
2585 1753 2856 1836 pulchre
2919 1750 3204 1816 defuncti
3264 1752 3315 1816 si
3365 1750 3717 1814 amicorum
3764 1748 4235 1831 turpitudinem

2308 1837 2710 1902 occultarint.
2799 1837 2930 1902 Sed
2992 1837 3206 1902 David
3268 1858 3383 1901 nos
3440 1835 3561 1902 hoc
3618 1836 3755 1901 loco
3814 1836 4008 1917 longe
4052 1836 4227 1899 aliud

2312 1921 2529 1988 docet:
2576 1943 2730 1987 nam
2775 1922 3027 1987 nullum
3073 1943 3112 1986 a
3152 1921 3520 1986 Ionathano
3556 1921 3715 2003 petit
3751 1920 4067 1985 auxilium
4109 1920 4234 1984 nisi

2312 2008 2638 2089 proposita
2711 2007 3077 2073 conditione
3135 2020 3210 2072 ut
3266 2008 3470 2091 ipsius
3526 2007 3894 2071 innocentia
3948 2015 4015 2071 et
4072 2006 4241 2070 inte·

2311 2095 2514 2177 gritas
2593 2093 2972 2159 innotescat.
3061 2092 3311 2158 Idcirco
3389 2093 3494 2157 vel
3575 2093 3716 2175 ipso
3780 2089 3993 2157 iudice
4055 2110 4238 2157 suam

2310 2199 2572 2244 causam
2641 2187 2880 2259 tuetur,
2944 2200 3144 2263 quum
3205 2180 3314 2253 ait,
3381 2176 3689 2260 quidnam
3747 2187 3849 2242 est
3904 2185 4239 2259 peccatum

2312 2285 2550 2341 meum,
2608 2274 2677 2328 et
2718 2285 3034 2347 quaenam
3081 2262 3437 2346 iniquitas?
3525 2262 3694 2328 Nam
3738 2283 3999 2328 suorum
4045 2262 4241 2329 facto-

2312 2371 2453 2414 rum
2522 2349 2972 2433 dictorumque
3035 2351 3353 2416 rat-ionem
3419 2348 3685 2413 reddere
3752 2358 4013 2430 paratus
4074 2362 4238 2412 erat.

2311 2434 2632 2517 Equidem
2721 2456 2999 2519 agnosco
3085 2455 3279 2518 saepe
3358 2434 3885 2501 sceleratissimos
3950 2453 4237 2516 quosque

2310 2541 2494 2586 suam
2548 2523 2984 2587 innocentiam
3045 2521 3253 2603 plenis
3297 2519 3515 2587 buccis
3558 2519 3866 2603 profiteri,
3925 2538 4237 2601 suamque

2311 2606 2747 2673 innocentiam
2772 2606 3184 2691 impudenter
3206 2608 3511 2689 proferre,
3533 2618 3609 2670 ut
3630 2606 3780 2669 iusti
3807 2605 4234 2686 reperiantur.

2312 2690 2443 2759 Sed
2487 2691 2679 2777 longe
2724 2693 2850 2758 alia
2891 2705 2990 2758 est
3031 2692 3308 2756 Davidis
3351 2692 3534 2769 ratio,
3576 2692 3687 2774 qui
3734 2690 3902 2754 nihil
3938 2692 4074 2773 agit
4111 2690 4233 2754 nisi

2309 2776 2582 2843 candide
2635 2788 2702 2843 et
2757 2779 3024 2844 sincere.
3114 2776 3332 2857 Quare
3391 2796 3597 2859 neque
3640 2797 3781 2842 sese
3823 2774 4236 2859 impudenter

2311 2864 2635 2942 iustificat,
2688 2883 2897 2947 neque
2955 2884 3026 2928 se
3068 2863 3390 2929 simulatis
3428 2861 3647 2928 verbis
3688 2872 3925 2938 tuetur,
3984 2873 4058 2924 ut
4100 2859 4232 2943 ple-

2311 2952 2492 3032 rique
2535 2951 2746 3014 solent
2787 2952 2980 3014 etiam
3025 2948 3372 3014 deierando
3416 2969 3558 3014 sese
3599 2947 3749 3013 licet
3782 2956 4005 3011 sontes
4036 2946 4231 3011 tueri.

2308 3035 2454 3101 Non
2498 3036 2592 3099 ita
2632 3033 2883 3099 David:
2939 3034 3050 3101 sed
3095 3035 3234 3117 ipse
3277 3055 3347 3099 se
3387 3033 3578 3099 offert
3617 3030 4001 3109 Ionathano,
4043 3031 4233 3096 ratio·

2309 3141 2458 3187 nem
2523 3121 2845 3186 actionum
2914 3120 3183 3186 reddere
3248 3130 3545 3203 paratus:
3608 3128 3675 3182 et
3737 3115 3973 3182 idcirco
4038 3135 4231 3181 suum

2308 3216 2638 3288 peccatum
2685 3207 2957 3290 proferri
2994 3206 3300 3289 postulat,
3347 3223 3639 3288 poenam,
3680 3203 3734 3267 si
3767 3202 3920 3284 quid
3943 3201 4100 3266 mali
4124 3198 4234 3265 ad·

2308 3292 2573 3363 miserit.
2637 3291 2807 3357 ferre
2873 3305 3154 3374 paratus.
3244 3291 3388 3357 Hoc
3444 3288 3812 3372 exemplum
3871 3306 3989 3352 nos
4051 3286 4234 3352 decet

2307 3377 2572 3460 imitari,
2627 3388 2700 3441 ut
2752 3378 2988 3442 bonam
3045 3377 3499 3443 conscientiam
3558 3393 3775 3440 coram
3820 3372 3962 3437 Deo
4004 3382 4072 3438 et
4111 3370 4233 3436 ho-

2307 3463 2593 3528 minibus
2624 3464 3058 3537 retineamus.
3129 3472 3207 3527 ut
3264 3479 3673 3544 quascunque
3726 3457 4110 3524 afflictiones
4165 3466 4233 3522 et

2303 3568 2525 3614 cruces
2568 3548 2753 3615 Deus
2787 3547 3133 3613 immiserit
3167 3568 3371 3630 aequo
3408 3559 3474 3612 et
3507 3545 3775 3628 patienti
3813 3543 4027 3607 animo
4063 3543 4232 3608 fera-

2304 3653 2469 3699 mus.
2560 3639 2774 3716 Atque
2819 3633 2939 3700 hoc
2980 3634 3196 3717 ipsum
3239 3653 3357 3697 nos
3391 3632 3576 3699 docet
3608 3630 3849 3695 Petrus
3883 3627 4230 3711 apostolus,

2303 3719 2659 3785 admoneus
2715 3718 2940 3784 fideles
2992 3729 3066 3785 ut
3122 3738 3252 3783 non
3298 3719 3633 3801 patiantur
3676 3724 3785 3780 tan
3834 3734 3986 3779 uam
4030 3713 4229 3790 fures,

2304 3805 2591 3871 latrones
2635 3815 2750 3871 aut
2792 3804 3094 3889 flagitiosi
3138 3803 3466 3869 homines:
3511 3800 3623 3867 sed
3667 3800 3726 3864 si
3958 3799 4225 3865 volente

2305 3892 2870 3975 persequutionem
2915 3892 3265 3974 patiantur,
3306 3910 3526 3954 coram
3573 3888 3711 3952 Deo
3756 3896 3825 3952 et
3859 3885 4231 3951 hominibus

2304 3979 2543 4043 bonam
2586 3996 2770 4044 suam
2817 3976 3275 4042 conscientiam
3322 3974 3545 4040 testari
3589 3973 3859 4056 possint,
3902 3982 3977 4037 ut
4008 3972 4229 4036 imme·

2305 4064 2430 4128 rito
2506 4064 2588 4128 ab
2661 4060 3027 4127 hominibus
3094 4061 3293 4144 affligi
3362 4061 3535 4143 ipsos
3600 4058 3816 4143 pelam
3882 4064 4227 4141 appareat:

2304 4160 2438 4214 tota
2493 4150 2631 4213 vita
2689 4159 2908 4213 nostra
2965 4168 3081 4231 pro
3127 4147 3307 4211 uobis
3351 4147 3594 4210 ferente
3638 4144 4102 4215 testimonium,
4160 4152 4228 4205 et

2303 4248 2590 4301 nostram
2649 4233 3086 4315 integritatem
3130 4238 3199 4296 et
3236 4232 3584 4297 candorem
3628 4241 3927 4296 testante.
4014 4227 4222 4292 Porro

2300 4341 2382 4385 ex
2433 4319 2783 4385 Ionathani
2840 4318 3260 4402 responsione
3301 4329 3568 4401 apparet
3615 4313 3881 4382 Saulem
3924 4313 4056 4378 iam
4099 4312 4222 4394 ipsi

2299 4404 2593 4471 diffidere
2648 4405 2952 4488 coepisse,
3018 4412 3084 4468 et
3140 4422 3274 4468 nou
3338 4402 3847 4470 communicasse
3902 4418 4050 4464 cum
4112 4396 4228 4462 illo

2300 4510 2420 4556 sua
2482 4489 2781 4557 consilia:
2851 4500 2920 4555 et
2981 4488 3240 4573 quidem
3304 4498 3383 4553 ut
3447 4486 3768 4552 Davidem
3813 4482 4066 4549 facilius
4109 4503 4225 4565 cp-

2298 4579 2624 4659 primeret,
2703 4575 2985 4642 noluisse
3062 4575 3232 4657 quod
3314 4584 3533 4638 mente
3608 4569 3970 4638 occultabat
4044 4576 4226 4650 pate-

2297 4662 2542 4729 facere:
2620 4661 2935 4745 siquidem
2993 4659 3154 4725 nihil
3213 4670 3403 4725 antea
3453 4664 3864 4742 promoverat
3905 4652 4226 4738 patefacto

2299 4748 2664 4814 Ionathano
2727 4768 2846 4813 suc
2908 4747 3196 4814 consilio.
3282 4743 3718 4825 Quamobrem
3779 4741 3982 4806 inscio
4030 4738 4223 4803 Iona-

2296 4834 2500 4900 thano
2563 4842 2838 4899 mortem
2907 4831 3182 4898 Davidis
3226 4828 3628 4913 procuravit:
3680 4822 4224 4910 quemadmodum

2293 4920 2647 4987 verisimile
2687 4928 2787 4984 est
2832 4917 3153 4985 Davidem
3184 4915 3444 4981 fraudes
3474 4911 3697 4978 Saulis
3724 4910 4060 4986 detexisse,
4115 4909 4227 5009 qui

2295 5007 2445 5073 licet
2499 5006 2754 5071 iuratus
2813 5002 3178 5070 Ionathano
3220 4999 3622 5083 promisisset
3661 5018 3733 5062 se
3775 5017 3907 5061 nou
3948 4993 4228 5078 amphus

2294 5090 2577 5157 Davidis
2649 5111 2875 5156 necem
2947 5087 3421 5172 quaesiturum:
3494 5094 3713 5148 tamen
3771 5082 3974 5148 inscio
4028 5079 4226 5145 Iona·

2296 5176 2497 5243 thano
2571 5177 2782 5263 magis
2858 5196 2936 5242 ac
3021 5170 3229 5255 magis
3306 5169 3768 5254 procuraverit.
3873 5166 4024 5232 Non
4110 5165 4226 5231 du·

2297 5262 2475 5328 bium
2562 5282 2717 5346 ergo
2791 5261 2950 5344 quin
3039 5254 3256 5322 David
3341 5252 3565 5322 Saulis
3650 5252 3968 5320 malitiam
4054 5250 4232 5317 dete-
