5059 6059
707 342 837 411 359

708 556 874 603 vcro
929 542 1150 602 tamen
1205 534 1716 603 existimandum
1775 535 1998 603 fideles
2056 535 2182 602 Dei
2229 534 2474 621 gloriae
2517 543 2657 602 stu-

715 621 936 688 diosos
989 644 1030 688 a
1074 620 1304 687 mundi
1347 622 1695 689 calumniis
1740 631 1807 687 et
1848 622 1997 689 odio
2040 624 2178 688 fore
2221 644 2491 706 prorsus
2535 623 2659 688 im-

709 729 982 773 munes:
1070 707 1263 791 quale
1352 708 1679 773 Dominus
1774 721 1996 774 noster
2083 709 2271 774 Iesus
2353 708 2660 775 Christus

716 794 1051 879 exemplar
1087 795 1388 860 omnibus
1423 794 1814 862 intuendum
1850 796 2259 878 proponitur,
2304 815 2497 879 quem
2534 795 2659 858 im-

710 881 1063 963 proborum
1109 880 1454 945 calumniis
1488 881 1856 964 impetitum
1893 881 2306 963 adspicimus,
2396 881 2486 945 Et
2521 884 2662 964 ipse

715 966 803 1032 D.
848 965 1100 1032 Paulus
1144 965 1451 1032 admonet
1486 967 1585 1054 (2.
1633 966 1783 1033 Cor.
1829 966 1890 1044 6,
1936 965 2013 1053 8)
2049 963 2453 1050 superandas
2491 966 2660 1031 mul-

717 1064 820 1117 tas
878 1050 1296 1118 difficultates
1352 1052 1668 1133 fidelibus,
1727 1062 1794 1117 et
1850 1074 1968 1136 per
2026 1053 2299 1138 gloriam
2355 1072 2431 1117 ac
2472 1052 2660 1137 igno-

715 1137 1015 1216 miniam,
1060 1159 1179 1221 per
1221 1137 1515 1205 convicia
1557 1150 1622 1203 et
1670 1136 1893 1204 laudes
1938 1137 2441 1204 transeundum:
2486 1136 2657 1220 quod

716 1224 877 1307 ipse,
981 1244 1176 1307 quem
1267 1224 1481 1307 instar
1557 1224 1775 1309 angeli
1859 1234 2077 1289 tamen
2160 1235 2658 1290 conversantem

712 1309 1001 1375 mundus
1094 1309 1409 1393 adspexit,
1498 1318 1722 1376 tamen
1798 1319 2109 1393 expertus
2185 1320 2303 1390 est,
2390 1330 2466 1375 ac
2540 1328 2659 1375 suo

719 1396 1044 1481 exemplo,
1105 1416 1145 1460 a
1188 1394 1450 1461 Iudaeis
1493 1396 1674 1460 omni
1716 1396 2264 1461 contumeliarum
2310 1416 2549 1480 genere
2593 1405 2659 1458 et

717 1483 1159 1548 conviciorum
1207 1482 1492 1560 affectus,
1535 1480 1710 1547 ferre
1754 1502 1871 1547 nos
1914 1481 2153 1548 docuit.
2240 1480 2342 1547 Ao
2387 1480 2659 1565 proinde

715 1565 1020 1633 fidelibus
1062 1567 1231 1632 hanc
1262 1567 1641 1632 incumbere
1671 1568 2125 1633 necessitatem
2169 1569 2470 1651 sciamus,
2516 1588 2660 1632 sese

717 1652 802 1720 ad
842 1653 1176 1737 quodlibet
1209 1654 1610 1737 ignominiae
1646 1662 1708 1717 et
1746 1654 2183 1720 conviciorum
2222 1674 2434 1737 genus
2470 1674 2660 1736 prae·

715 1739 1019 1824 parandi,
1084 1739 1467 1822 praesertim
1537 1760 1735 1821 quum
1802 1737 1882 1803 de
1947 1737 2076 1803 Dei
2139 1739 2347 1822 gloria
2400 1759 2659 1821 promo·

721 1826 954 1903 venda,
1013 1833 1082 1891 et
1140 1827 1338 1892 verbo
1381 1824 1584 1908 ipsius
1626 1823 2102 1909 promulgando
2141 1826 2316 1889 inter
2360 1824 2662 1889 homines

719 1912 956 1997 agitur.
1043 1908 1150 1975 Ad
1219 1910 1392 1992 quod
1456 1930 1617 1975 sane
1687 1931 1929 1976 munus
1983 1910 2192 1993 inepti
2256 1921 2412 1976 sunt
2468 1930 2660 1993 quos·

713 2017 974 2081 cunque
1007 2004 1224 2061 metus
1246 2011 1312 2059 et
1334 1994 1625 2061 humana
1658 1996 1977 2078 fragilitas
2012 1996 2369 2080 occupavit.
2414 1993 2664 2077 Quam·

714 2083 941 2150 obrem
1024 2083 1165 2147 Deo
1231 2083 1483 2146 servire
1555 2079 1936 2146 studentem
2012 2082 2344 2146 hominem
2415 2082 2660 2146 multos

718 2169 982 2252 quidem
1045 2168 1343 2233 inimicos
1407 2168 1477 2231 in
1542 2188 1615 2232 se
1677 2167 2155 2233 concitaturum
2219 2178 2473 2234 certum
2541 2178 2659 2246 est,

717 2256 791 2319 in
870 2254 1257 2320 deteriorem
1344 2262 1598 2335 partem
1685 2253 1827 2318 eius
1896 2274 2260 2319 sermonem
2340 2254 2659 2336 interpre-

715 2350 970 2407 tantes:
1052 2348 1120 2403 at
1162 2339 1452 2404 convicia
1510 2338 1881 2404 istiusmodi
1939 2341 2176 2416 omnia,
2238 2337 2658 2423 blasphemae

715 2447 931 2503 voces,
990 2425 1534 2492 contumeliarum
1593 2424 1871 2508 denique
1914 2445 2123 2509 genus
2166 2445 2361 2490 omne
2404 2426 2660 2489 fortiter

718 2510 1080 2588 ferendum,
1139 2522 1207 2576 et
1262 2510 1464 2574 animi
1525 2510 1890 2593 praesentia
1932 2511 2423 2594 superandum„
2454 2510 2661 2577 donec

720 2598 903 2663 vitae
963 2596 1160 2661 huius
1216 2595 1492 2661 decur‘so
1542 2596 1753 2661 stadio
1798 2595 2127 2661 felicitatis
2171 2608 2414 2661 metam
2459 2596 2658 2661 attin-

720 2703 976 2770 gamus.
1062 2680 1510 2747 Nihilominus
1555 2691 1776 2746 tamen
1822 2679 2038 2747 Deum
2075 2681 2399 2747 vindicem
2437 2681 2662 2746 fideles

722 2770 849 2835 Dei
895 2769 1070 2835 servi
1113 2787 1189 2833 ac
1234 2766 1443 2832 bonae
1485 2788 1642 2832 suae
1683 2786 1918 2834 causae
1953 2766 2365 2833 defensorem
2402 2768 2539 2832 fore
2576 2789 2661 2833 ne

720 2853 1087 2938 diffidunto‚
1144 2854 1266 2918 etsi
1322 2854 1667 2920 calumniis
1724 2865 1789 2918 et
1831 2853 2278 2918 conviciorum
2324 2856 2503 2917 omni
2550 2874 2660 2938 ge-

719 2962 880 3007 nere
938 2940 1019 3005 ab
1074 2939 1390 3022 improbis
1445 2939 1851 3004 afficiantur:
1909 2959 1985 3004 ac
2029 2938 2295 3004 tandem
2340 2939 2657 3003 iustitiam

715 3027 1009 3110 ipsorum
1055 3035 1365 3107 tanquam
1413 3045 1714 3089 auroram
1752 3045 2172 3091 emersuram.
2259 3024 2660 3089 Patientiam

714 3113 923 3197 igitur
980 3134 1022 3177 a
1072 3113 1213 3177 suis
1274 3110 1599 3176 Dominus
1651 3111 1876 3194 exigit,
1934 3119 2008 3175 ut
2062 3109 2121 3175 si
2166 3110 2249 3175 ab
2286 3109 2662 3175 hominibus

718 3198 1049 3263 immerito
1126 3197 1473 3262 calumniis
1552 3206 1934 3280 graventur,
2034 3216 2110 3261 ac
2190 3215 2657 3279 nonnunquam

724 3284 1108 3364 obruantur,
1167 3303 1242 3347 ac
1299 3281 1513 3364 ipsum
1574 3280 1807 3348 mortis
1861 3281 2065 3346 limen
2124 3281 2417 3365 attigisse
2474 3281 2661 3347 vide-

721 3383 937 3449 antur,
982 3367 1431 3435 saevientibus
1474 3367 1629 3433 hinc
1672 3366 1825 3432 inde
1870 3368 2365 3451 tempestatibus
2408 3377 2473 3432 et
2505 3387 2661 3449 pro·

727 3457 939 3535 cellis,
1002 3465 1071 3519 et
1134 3454 1318 3520 nulla
1382 3474 1498 3537 spe
1563 3452 1997 3536 undecunque
2061 3454 2221 3537 ipsis
2280 3452 2660 3537 affulgente,

720 3543 1125 3609 exorituram
1170 3551 1391 3605 tamen
1439 3539 1702 3604 tandem
1749 3558 2073 3616 auroram,
2134 3560 2209 3605 ac
2252 3537 2456 3603 nubes
2502 3540 2662 3603 istas

721 3648 950 3693 omnes
1021 3626 1512 3710 dissipaturam:
1587 3624 1803 3690 Deum
1861 3644 2096 3708 nempe
2147 3625 2362 3707 ipsum
2424 3624 2659 3690 libera·

716 3721 927 3779 torem
1000 3721 1313 3795 tanquam
1381 3708 1503 3774 ᾰπό
1564 3712 1830 3791 μηχανῆς
1890 3711 2268 3788 affuturum,
2346 3731 2661 3793 suamque

719 3797 910 3865 nobis
952 3799 1228 3883 gratiam
1269 3808 1335 3862 et
1369 3797 1877 3862 misericordiam
1916 3798 2419 3879 patefacturum,
2464 3795 2660 3861 modo

720 3905 905 3967 spem
966 3895 1257 3948 nostram
1315 3903 1574 3946 omnem
1621 3882 1690 3947 in
1735 3882 1919 3946 illum
1963 3882 2344 3965 defigamus,
2402 3890 2468 3947 et
2513 3902 2659 3966 pro·

719 3970 1107 4035 missionum
1152 3989 1470 4033 memores
1514 3970 1839 4050 patienter
1882 3968 2322 4051 impletionem
2369 3979 2661 4050 praesto·

719 4055 966 4121 lemur:
1048 4075 1124 4119 ac
1181 4052 1698 4120 caecutientibus
1756 4055 2031 4119 caeteris
2089 4054 2390 4118 omnibus
2449 4053 2660 4117 homi·

717 4143 935 4217 nibus,
971 4151 1037 4203 et
1070 4140 1141 4204 in
1180 4139 1447 4204 densam
1488 4141 1905 4206 tenebrarum
1943 4141 2289 4223 caliginem
2332 4139 2659 4204 immersis

716 4228 847 4294 Dei
882 4225 1201 4292 iustitiam
1242 4226 1377 4289 suis
1412 4224 1712 4291 fidelibus
1748 4227 2217 4308 apparituram,
2264 4224 2660 4307 tandemque

717 4314 844 4379 Dei
905 4333 1124 4377 osores
1183 4331 1259 4375 ac
1316 4321 1793 4394 contemptores
1836 4312 2198 4395 ignominia
2240 4322 2306 4375 et
2345 4310 2658 4376 dedecore

715 4401 985 4465 obrutos
1030 4397 1215 4463 factis
1261 4395 1526 4480 dignam
1573 4398 1931 4462 mercedem
1979 4407 2442 4479 reportaturos.
2532 4395 2659 4460 Ne-

718 4505 848 4569 que
908 4503 1063 4547 vero
1121 4483 1347 4547 mirari
1405 4502 1525 4546 nos
1583 4494 1839 4565 oportet
1893 4483 1947 4547 si
2008 4481 2134 4548 Dei
2179 4491 2658 4565 contemptores

715 4581 906 4636 tanta
970 4568 1387 4652 corruptione
1455 4567 1795 4650 depravati
1854 4578 2042 4633 sunt:
2110 4568 2282 4652 quod
2342 4569 2657 4633 nimirum

716 4655 1109 4730 caecutiunt,
1156 4664 1225 4718 et
1267 4654 1604 4737 perpetuis
1647 4653 1938 4719 tenebris
1983 4673 2059 4720 ao
2102 4664 2291 4719 nocte
2335 4652 2658 4736 profunda

717 4741 996 4807 demersi
1056 4751 1466 4824 premuntur.
1555 4738 1778 4818 Quare
1825 4740 1976 4805 licet
2025 4761 2142 4805 nos
2186 4760 2406 4805 secum
2457 4739 2660 4803 veluti

719 4827 1049 4892 demersos
1106 4826 1174 4890 in
1235 4826 1651 4890 tenebrarum
1698 4823 2008 4909 abyssum
2055 4825 2234 4890 omni
2276 4824 2657 4891 contumeli-

718 4934 905 4978 arum
971 4933 1211 4996 genere
1269 4913 1576 4986 afficiant,
1646 4923 1712 4976 et
1779 4912 2032 4976 miseris
2076 4911 2375 4988 illudant,
2444 4910 2658 4992 adque

717 4999 843 5063 Dei
923 4998 1418 5079 abnegationem
1491 4995 1865 5075 sollicitent,
1931 5018 2014 5061 ne
2072 4995 2439 5062 dubitemus
2499 4997 2655 5078 quin

716 5082 835 5148 lux
871 5084 985 5148 illa
1020 5084 1320 5148 coelestis
1351 5082 1617 5149 tandem
1657 5084 1723 5148 in
1763 5083 2070 5148 maximis
2103 5082 2427 5165 angustiis
2462 5081 2654 5147 afful-

717 5182 887 5253 geat,
944 5189 1018 5234 ac
1065 5168 1439 5234 divinarum
1487 5168 1992 5252 promissionum
2040 5168 2139 5233 vis
2182 5188 2325 5234 sese
2369 5179 2653 5245 exserat,

713 5275 950 5338 nempe
992 5253 1210 5320 Deum
1252 5256 1401 5321 illos
1445 5254 1922 5320 honoraturum
1968 5274 2009 5318 a
2041 5253 2276 5337 quibus
2305 5262 2443 5319 toto
2476 5254 2654 5321 vitae

2440 344 2855 415 HOMILIA
2898 344 3027 413 xl.

4577 341 4704 407 360

2760 557 2916 603 suae
2974 535 3295 602 curriculo
3350 536 3602 602 sincere
3657 535 3868 601 cultus
3925 541 3994 599 et
4036 532 4442 619 glorificatus
4485 533 4705 598 fuerit.

2760 623 2995 688 Nonne
3040 644 3194 688 vero
3239 621 3429 688 nobis
3473 623 3635 688 haec
3678 621 3930 687 animos
3966 620 4180 686 facere
4215 620 4476 699 debent,
4521 631 4591 684 et
4624 618 4708 683 ad

2760 708 3196 774 constantiam
3232 709 3566 791 animique
3601 708 4069 791 praestantiam
4106 707 4360 791 erigere
4385 707 4708 771 adversus

2764 793 2991 860 mundi
3059 815 3484 879 quascunque
3549 793 3761 858 minas
3826 803 3895 857 et
3960 813 4190 857 saevas
4256 803 4709 877 tempestates,

2764 901 2844 946 ne
2886 889 3068 946 metu
3112 902 3188 946 ac
3224 880 3525 946 vecordia
3561 881 3957 957 deficiamus,
3999 877 4114 943 sed
4150 877 4469 945 adversus
4509 897 4710 960 quos-

2764 987 3023 1050 cunque
3087 977 3300 1031 motus
3385 967 3834 1050 improborum
3923 964 4346 1048 imperterriti
4435 983 4711 1030 cursum

2764 1067 3057 1119 nostrum
3102 1052 3537 1132 absolvamus,
3580 1053 3638 1116 si
3681 1050 3937 1116 venerit
3978 1052 4050 1115 in
4090 1063 4378 1115 mentem
4425 1052 4557 1115 ista
4599 1069 4713 1115 co·

2763 1140 3009 1220 gitatio‚
3070 1139 3285 1203 Deum
3344 1158 3461 1204 suo
3507 1149 3795 1221 tempore
3838 1136 4024 1201 nobis
4067 1136 4444 1214 affuturum,
4502 1156 4714 1217 reque

2762 1226 2906 1309 ipsa
2959 1223 3552 1289 demonstraturum
3599 1244 3729 1288 non
3775 1223 4038 1288 inanem
4084 1223 4278 1287 istam
4324 1243 4467 1287 csse
4507 1242 4715 1287 suam

2762 1310 3280 1395 promissionem,
3346 1332 3415 1375 se
3470 1309 3982 1392 glorificaturum
4040 1328 4150 1373 eos
4207 1329 4248 1373 a
4303 1307 4536 1390 quibus
4583 1310 4716 1372 ho-

2762 1418 2922 1462 nore
2981 1395 3197 1460 debito
3253 1404 3321 1460 et
3376 1394 3745 1460 reverentia
3799 1395 4004 1460 fuerit
4044 1393 4400 1476 acceptus?
4468 1394 4717 1470 Magni

2762 1503 2958 1567 saepe
3043 1481 3319 1547 facimus
3405 1481 3672 1546 collatos
3756 1482 3838 1546 ab
3926 1480 4303 1545 hominibus
4385 1480 4716 1544 honores:

2763 1585 3005 1653 quanto
3061 1568 3272 1652 magis
3332 1587 3488 1651 ergo
3553 1587 3672 1632 nos
3731 1566 3918 1632 decet
3956 1566 4038 1632 ab
4083 1567 4224 1648 ipso
4268 1566 4412 1630 Deo
4456 1564 4720 1631 divinis

2762 1654 3189 1722 cumulandos
3260 1652 3629 1730 honoribus,
3696 1652 3984 1718 eiusdem
4044 1652 4288 1738 gloriae
4337 1662 4405 1716 et
4462 1649 4722 1716 honori

2763 1738 3072 1806 studere?
3159 1739 3398 1804 Annon
3463 1738 3791 1822 pollicenti
3859 1738 4144 1804 Domino
4209 1738 4404 1802 fidem
4470 1736 4723 1803 haberi

2764 1825 2911 1910 plus
2966 1846 3159 1910 quam
3220 1846 3494 1908 aequum
3541 1836 3659 1903 est,
3717 1837 3784 1890 et
3825 1846 3974 1891 cum
4017 1821 4332 1888 modestia
4373 1834 4438 1887 et
4481 1822 4722 1888 humi·

2764 1914 2946 1977 litate
3004 1910 3502 1995 promissionum
3548 1910 3754 1993 ipsius
3794 1910 4238 1992 impletionem
4283 1909 4721 1991 exspectari?

2764 1997 2986 2079 Quare
3046 1996 3099 2061 si
3160 1998 3325 2062 forte
3383 1997 3730 2080 contigerit
3771 2008 3845 2060 ut
3887 1996 3998 2079 qui
4044 2016 4270 2060 auram
4315 1996 4726 2079 popularem

2763 2091 3048 2167 captant,
3094 2094 3160 2147 et
3199 2082 3569 2148 istiusmodi
3617 2081 3966 2147 honoribus
4000 2082 4364 2165 capiuntur,
4407 2080 4487 2145 ad
4524 2102 4728 2146 sum-

2765 2190 2903 2235 mos
2970 2170 3246 2235 honores
3303 2189 3539 2253 magno
3583 2169 3877 2232 omnium
3921 2169 4239 2251 applausu
4282 2167 4727 2246 extollantur,

2765 2257 3089 2339 patienter
3147 2264 3215 2318 et
3273 2275 3422 2320 cum
3480 2254 3741 2319 silentio
3801 2254 4052 2319 animas
4107 2263 4368 2317 nostras
4410 2253 4730 2335 posside·

2765 2361 2973 2418 amus,
3010 2350 3077 2406 et
3111 2339 3192 2405 ab
3228 2340 3359 2404 illis
3395 2340 3746 2405 divortium
3782 2338 4118 2415 facientes,
4166 2337 4347 2403 brevi
4382 2340 4446 2402 in
4484 2338 4728 2406 fumos

2765 2427 3088 2492 abituram
3192 2424 3580 2510 dignitatem
3670 2427 3898 2509 procul
4001 2425 4393 2490 intueamur.
4514 2424 4734 2490 Nihil

2767 2515 2941 2579 enim
3005 2513 3286 2577 Domino
3330 2512 3802 2595 supereminet:
3859 2508 3973 2577 sed
4018 2531 4186 2594 quae
4230 2511 4314 2575 ab
4356 2511 4496 2576 eius
4540 2509 4729 2576 libe-

2765 2598 2886 2663 rali
2939 2617 3135 2663 manu
3195 2598 3574 2682 consequuti
3633 2597 3968 2674 fuerimus,
4026 2617 4356 2662 summum
4398 2608 4730 2663 nostrum

2763 2684 3011 2749 bonum
3056 2705 3197 2749 esse
3241 2684 3556 2749 norimus.
3647 2686 3744 2749 Ao
3810 2681 4080 2766 proinde
4146 2704 4276 2747 non
4350 2702 4388 2745 a
4449 2683 4732 2748 mundo

2764 2768 3167 2853 quaerendos
3210 2768 3525 2834 honores:
3570 2768 3768 2852 plena
3812 2771 3984 2833 enim
4029 2768 4249 2832 omnia
4292 2768 4727 2834 ambitionis:

2765 2877 2892 2939 qua
2934 2857 2990 2920 si
3035 2854 3240 2920 semel
3283 2855 3670 2936 inficiamur,
3706 2876 3834 2919 non
3880 2852 4307 2919 dubitandum
4352 2855 4509 2936 quin
4545 2853 4732 2921 inde

2763 2940 2975 3007 labem
3034 2941 3173 3006 vita
3226 2950 3452 3006 nostra
3509 2940 3856 3006 contrahat
3897 2941 3964 3003 in
4012 2940 4282 3004 Domini
4324 2951 4728 3022 conspectu,

2763 3035 2831 3094 et
2887 3048 2963 3092 eo
3018 3027 3225 3090 maior
3275 3026 3363 3091 sit
3420 3047 3460 3091 a
3511 3025 3696 3092 nobis
3750 3026 4185 3109 exspectanda
4226 3025 4728 3106 condemnatio,

2763 3133 2890 3196 quo
2934 3111 3180 3177 foedior
3224 3113 3353 3176 erit
3395 3113 3569 3178 vitae
3613 3121 3874 3178 nostrae
3916 3111 4221 3179 conditio.
4310 3111 4440 3176 Sed
4487 3115 4724 3176 uomi-

2763 3198 2972 3263 natim
3050 3197 3364 3262 honorem
3435 3199 3726 3280 promitti
3788 3198 3909 3262 Dei
3969 3196 4329 3264 cultoribus
4387 3197 4726 3263 memine-

2765 3286 2972 3350 rimus
3015 3297 3280 3367 propter
3317 3284 3653 3349 hominum
3689 3284 4160 3359 infirmitatem,
4205 3303 4304 3361 ne,
4345 3284 4528 3365 quasi
4567 3288 4726 3349 sint

2764 3371 3132 3445 reiectanei,
3200 3368 3648 3453 despondeant
3690 3370 4004 3448 animum,
4048 3382 4163 3433 aut
4205 3370 4496 3433 nondum
4542 3371 4728 3436 satia

2762 3456 2845 3521 ab
2891 3456 3197 3520 humanis
3229 3454 3571 3521 affectibus
3607 3456 3964 3540 repurgati,
4009 3475 4171 3532 sese,
4219 3454 4322 3522 vel
4360 3467 4723 3520 contume-

2764 3541 3020 3619 liarum,
3080 3541 3188 3606 vel
3244 3541 3632 3606 iniuriarum
3694 3542 3875 3607 omni
3934 3561 4174 3626 genere
4230 3541 4436 3624 premi
4497 3542 4726 3606 senti-

2763 3640 2969 3712 entes,
3025 3627 3385 3693 immeritos
3428 3636 3494 3692 et
3536 3627 3937 3704 innocentes,
3979 3627 4246 3693 moleste
4289 3629 4537 3692 ferant:
4597 3626 4720 3692 fu-

2763 3723 2979 3777 turam
3025 3714 3198 3777 enim
3246 3712 3586 3797 dignitatis
3629 3723 3695 3778 et
3739 3712 4005 3778 honoris
4048 3712 4511 3796 sempiternam
4558 3713 4718 3796 glo·

2762 3800 2923 3862 riam
2972 3798 3318 3881 promittit,
3363 3800 3507 3865 istis
3549 3798 3849 3864 omnibus
3894 3799 4369 3864 momentaneis
4413 3808 4478 3862 et
4515 3796 4720 3864 brevi

2764 3884 3137 3950 transituris
3225 3884 3641 3950 contumeliis
3720 3884 4194 3968 opponendam.
4285 3882 4418 3950 Sed
4483 3893 4555 3949 et
4623 3883 4720 3949 ad

2762 3970 3258 4054 promissionem
3343 3970 3590 4037 accedit
3674 3971 3872 4037 etiam
3955 3971 4387 4050 comminatio,
4475 3970 4718 4035 Deum

2762 4066 3253 4122 contemnentes
3309 4057 3488 4122 omni
3553 4056 3863 4124 dedecore
3921 4065 3988 4122 et
4031 4056 4391 4141 ignominia
4429 4055 4713 4121 tandem

2761 4142 3159 4208 afficiendos.

2933 4227 3141 4293 Cuius
3240 4228 3764 4294 comminationis
3854 4228 3992 4296 vim
4081 4239 4157 4295 ut
4242 4226 4714 4312 percipiamus,

2762 4313 2987 4397 paucis
3049 4313 3204 4397 quid
3263 4315 3349 4378 sit
3392 4312 3611 4378 Deum
3658 4323 4074 4380 contemnere
4115 4315 4302 4381 nobis
4345 4324 4446 4378 est
4485 4315 4714 4398 expli·

2759 4397 3062 4465 candum.
3151 4398 3320 4464 Nam
3403 4399 3684 4482 ahoquin
3766 4401 4099 4466 multoties
4178 4420 4590 4484 nequaquam
4669 4423 4714 4465 a

2761 4485 2947 4548 nobis
2992 4483 3071 4550 de
3115 4486 3585 4551 contemnenda
3630 4485 3759 4550 Dei
3805 4486 4140 4553 maiestate
4183 4488 4564 4571 cogitatum.
4627 4509 4712 4553 ac

2759 4568 2955 4634 malle
3034 4579 3276 4635 terram
3359 4572 3544 4636 nobis
3626 4572 3976 4648 dehiscere,
4057 4594 4250 4656 quam
4330 4573 4409 4636 de
4472 4572 4714 4638 divina

2760 4656 2966 4740 gloria
3053 4656 3404 4740 quidquam
3473 4657 3748 4735 detrahi,
3829 4659 4237 4737 testabimur,
4314 4677 4514 4741 quum
4604 4671 4710 4724 ta·

2759 4762 2911 4806 men
2972 4741 3174 4807 divini
3231 4754 3640 4828 contemptus
3687 4743 3972 4809 maxime
4020 4747 4114 4809 roi
4165 4745 4387 4811 simus.
4478 4744 4710 4826 Quare

2759 4827 3115 4892 tenendum
3173 4841 3289 4905 est,
3348 4851 3466 4894 nos
3523 4850 3858 4912 nunquam
3916 4831 3997 4895 ab
4056 4829 4180 4896 hoc
4222 4830 4495 4896 crimine
4543 4831 4706 4896 libe-

2760 4912 3019 4996 randos,
3089 4915 3213 4978 nisi
3261 4935 3488 4979 omnes
3532 4929 3792 4980 nostrae
3836 4915 4123 4981 actiones
4166 4926 4232 4980 et
4273 4917 4705 4999 cogitationes

2758 4998 2826 5062 in
2888 5000 3016 5063 Dei
3061 5000 3334 5082 gloriam
3383 5000 3698 5080 ferantur,
3757 5021 3957 5083 quam
4000 5021 4119 5084 pro
4164 5004 4404 5067 nostris
4450 5003 4705 5068 viribus

2758 5104 3000 5167 augere
3062 5095 3131 5149 et
3185 5085 3584 5170 amplificare
3641 5087 4038 5162 studeamus,
4126 5101 4546 5171 nostramque
4600 5110 4708 5154 sa-

2758 5169 2960 5235 lutem
3030 5191 3554 5254 promoveamus.
3651 5171 3893 5254 Quare,
3980 5173 4265 5258 exempli
4330 5177 4562 5258 gratia,
4641 5173 4702 5239 si

2758 5255 3103 5323 malefacta
3182 5258 3671 5324 dissimulamus
3738 5281 3813 5327 ac
3879 5260 4250 5341 toleramus,
4330 5270 4446 5325 aut
4498 5261 4554 5326 si
4599 5259 4700 5326 of·
