5059 6059
264 348 337 414 45
1563 351 1660 416 IN
1702 350 1758 416 1.
1805 351 1985 417 LIB.
2030 348 2434 417 SAMUEL.
2478 348 2678 416 CAP.
2723 348 2916 416 XIV.
4102 354 4190 421 46

261 559 393 622 seps
438 535 877 602 Ionathanum
935 538 1147 622 primo
1191 542 1416 605 statim
1461 542 1711 625 impetu
1753 539 1994 626 viginti
2039 539 2155 604 ho—
2260 538 2331 603 in
2377 536 2506 604 Dei
2571 540 2804 605 timore
2867 541 3364 620 ambulantium,
3431 552 3499 608 et
3561 542 3642 607 ab
3698 543 3837 608 eius
3896 552 4066 609 nutu
4123 553 4193 612 et

257 628 448 692 mines
497 624 823 702 stravisse,
888 625 1298 707 primamque
1362 627 1539 693 illam
1607 626 1895 693 hostium
1959 625 2158 691 fuisse

257 712 511 797 plagam.
554 707 824 775 Saulem
869 729 1025 775 vero
1068 711 1385 794 impetum
1430 714 1502 778 in
1545 712 1767 779 hostes
1810 712 2156 777 facientem

295 798 569 877 lerosque
633 794 1086 861 Israelitarum
1162 810 1471 880 sequutus
1544 800 1764 883 fuisse,
1837 806 1980 863 tum
2047 797 2158 878 qui

308 882 613 947 hilistaeis
672 879 833 962 ipsis
891 895 1081 946 erant
1124 882 1434 964 immixti,
1493 896 1635 951 tum
1682 885 1791 968 qui
1836 884 1903 948 in
1950 881 2158 947 antris

253 980 313 1035 et
350 965 659 1050 specubus
704 963 1128 1033 delituerant:
1178 988 1405 1036 omnes
1447 972 1715 1054 inquam
1761 969 1842 1035 ad
1890 966 2155 1035 Saulem

250 1052 658 1120 concurrisse.
748 1049 938 1133 Quod
999 1074 1158 1118 vero
1214 1054 1388 1120 inter
1441 1057 1833 1123 Philistaeos
1890 1053 2155 1138 quidam

251 1139 436 1205 fnisse
492 1135 820 1221 dicuntur,
877 1158 1009 1203 non
1077 1140 1170 1206 sic
1226 1140 1725 1226 intelligendum
1783 1141 1970 1227 quasi
2016 1140 2154 1222 qni·

249 1226 388 1290 dam
431 1221 513 1288 ad
557 1221 945 1289 Philistaeos
990 1223 1407 1291 defecissent:
1468 1228 1578 1294 sed
1635 1227 1805 1311 quod
1847 1234 2160 1309 occupata

246 1311 518 1394 regionis
562 1321 747 1392 parte
792 1329 831 1373 a
875 1309 1248 1377 Philistaeis
1291 1313 1482 1378 multi
1527 1314 1619 1379 ibi
1662 1313 1950 1396 oppressi
1996 1310 2155 1376 deli·

245 1396 505 1462 tuerint.
614 1393 728 1459 sio
807 1396 1009 1480 igitur
1088 1396 1423 1464 Israelitae
1503 1399 1882 1465 Philistaeis
1968 1397 2157 1462 mixti

243 1483 538 1547 fuerunt:
597 1492 662 1544 et
707 1499 789 1544 ne
833 1480 1063 1563 pedem
1106 1502 1367 1548 movere
1411 1486 1687 1567 quidem,
1746 1485 1898 1549 licet
1939 1483 2157 1547 immi-

240 1576 432 1633 nente
484 1564 702 1649 gladio
759 1565 1069 1639 faucibus,
1136 1570 1277 1633 ausi
1343 1581 1513 1636 sunt.
1602 1569 1944 1637 Philistaei
2005 1587 2160 1633 vero

238 1652 342 1717 diu
387 1651 652 1717 attoniti
701 1650 960 1716 tandem
1006 1663 1191 1718 tanto
1227 1668 1380 1719 sunt
1422 1667 1673 1722 terrore
1730 1654 2027 1739 perculsi,
2085 1663 2160 1718 ut

234 1758 370 1804 sese
413 1737 665 1802 mutuis
709 1737 1088 1803 vulneribus
1132 1738 1551 1808 confecerint.
1619 1741 1961 1808 Israelitae
2005 1760 2160 1806 vero

233 1824 358 1889 illis
416 1823 703 1888 immixti
759 1842 1070 1905 pavorem
1114 1825 1374 1890 illorum
1419 1825 2038 1905 animadvertentes,
2095 1834 2161 1890 et

237 1918 487 1975 tantum
535 1929 820 1973 errorem
864 1909 1026 1994 ipsis
1064 1931 1102 1974 a
1139 1910 1280 1977 Deo
1316 1913 1680 1980 immissum
1725 1921 1801 1979 ut
1835 1935 1975 1979 sese
2014 1932 2160 1977 mu·

234 2006 343 2061 tuo
402 1994 777 2071 caederent,
834 2003 901 2060 et
957 1997 1228 2080 quisque
1285 2008 1455 2064 esset
1512 1999 1728 2084 gladio
1773 1998 2000 2064 stricto
2045 1997 2157 2062 ad·

232 2101 464 2145 versus
548 2080 849 2156 alterum,
928 2082 1182 2148 animos
1266 2094 1659 2165 sumserunt,
1747 2096 1814 2150 et
1892 2083 2162 2166 reliquis

229 2165 554 2232 Israelitis
619 2164 927 2250 adiuncti,
992 2165 1289 2233 fecerunt
1351 2170 1423 2235 in
1489 2170 1705 2237 hostes
1771 2171 2031 2235 territos
2095 2177 2161 2233 et

229 2272 369 2317 sese
434 2260 677 2316 mutuo
755 2252 1195 2318 confodientes
1271 2257 1605 2340 impetum.
1738 2256 1867 2323 Ubi
1945 2255 2163 2320 obser-

230 2337 520 2403 vandum
591 2357 720 2401 non
788 2347 1045 2403 tantum
1111 2339 1472 2406 immissum
1539 2341 1668 2407 illis
1733 2363 1772 2407 a
1833 2340 1978 2407 Deo
2035 2350 2163 2407 ter-

227 2441 481 2489 rorem:
536 2422 649 2486 sed
706 2423 901 2488 etiam
962 2431 1220 2489 tantum
1279 2437 1611 2509 stuporem
1665 2437 1734 2493 et
1776 2427 2165 2512 vertiginem

228 2520 298 2574 ut
341 2529 552 2574 sensu
597 2509 774 2572 omni
820 2510 1054 2592 privati
1099 2512 1249 2589 sint,
1293 2523 1358 2576 et
1401 2513 1553 2579 feris
1596 2514 1753 2597 ipsis
1780 2513 2167 2595 stupidiores

223 2608 288 2660 et
328 2593 740 2659 crudeliores
782 2595 1045 2659 fuerint.
1134 2597 1303 2662 Nam
1350 2599 1471 2664 etsi
1514 2599 1689 2665 ferae
1710 2599 1995 2684 periculo
2041 2608 2166 2664 ter-

223 2680 385 2744 ritae
452 2678 837 2762 diffugiunt,
911 2702 1042 2745 non
1102 2701 1170 2747 se
1227 2691 1444 2749 tamen
1502 2684 1779 2751 invicem
1818 2684 2166 2751 dilaniant:

220 2765 390 2848 quod
443 2775 674 2831 tamen
721 2765 865 2830 istis
910 2765 990 2831 de
1033 2766 1265 2850 quibus
1308 2770 1562 2853 agimus
1604 2771 1950 2854 contigisse
1993 2769 2167 2835 vide-

219 2873 388 2916 mus.
485 2849 690 2932 Quod
751 2870 908 2916 vero
952 2851 1076 2917 Dei
1138 2862 1349 2919 terror
1402 2855 1474 2920 in
1532 2856 1679 2921 illos
1730 2855 1976 2932 incidit,
2035 2876 2167 2923 non

217 2938 532 3020 sequitur
614 2935 830 3001 Deum
896 2937 1043 3003 illos
1088 2941 1415 3006 timuisse:
1481 2944 1661 3007 cuius
1728 2951 1988 3008 tantum
2054 2944 2163 3009 ab·

217 3038 312 3088 est
412 3034 496 3088 ut
598 3023 908 3088 virtutem
991 3027 1420 3108 cognoverint
1510 3028 1630 3093 sub
1726 3048 1855 3111 qua
1934 3027 2167 3094 deiice-

213 3120 488 3188 rentur,
563 3118 639 3173 ut
702 3119 926 3172 contra
992 3109 1387 3193 blasphemis
1448 3113 1722 3180 vocibus
1763 3114 2167 3180 maiestatem

212 3194 425 3277 ipsius
504 3193 799 3258 lacerare
864 3215 993 3259 non
1082 3195 1403 3261 desinant.
1507 3200 1755 3265 Verum
1831 3201 2168 3266 enimvero

215 3281 317 3345 vel
387 3280 653 3344 invitos
717 3299 791 3344 ac
869 3280 1204 3365 ringentes
1271 3283 1484 3348 Deum
1541 3285 1770 3349 timere
1823 3285 1989 3365 illos,
2046 3286 2167 3351 etsi

210 3387 346 3432 non
435 3374 883 3449 cognoscant,
977 3374 1247 3449 oportet.
1371 3370 1625 3437 Tantus
1708 3370 1882 3437 enim
1963 3392 2168 3454 pavor

212 3454 478 3517 animos
525 3450 799 3515 illosum
842 3452 1104 3535 invasit,
1148 3462 1223 3517 ut
1265 3454 1334 3517 in
1379 3468 1573 3537 caput
1611 3478 1802 3521 suum
1839 3456 2166 3522 montibus

208 3538 619 3604 cadentibus
697 3556 842 3601 sese
905 3537 1118 3620 perire
1181 3539 1304 3605 sibi
1384 3540 1837 3624 persuadeant.
1953 3545 2168 3627 Atque

206 3623 382 3689 hanc
432 3643 597 3688 esse
639 3621 1105 3704 improborum,
1151 3624 1291 3689 Deo
1337 3627 1725 3694 submittere
1759 3650 1829 3693 se
1863 3647 2168 3692 recusan-

200 3711 396 3793 tium,
461 3706 846 3773 vindictam
907 3708 1221 3785 videmus,
1279 3720 1352 3775 ut
1409 3711 1560 3777 licet
1620 3714 1742 3779 Dei
1803 3713 2165 3778 maiestatis

199 3795 679 3881 cognitionem
735 3814 994 3859 omnem
1051 3792 1327 3862 abiicere
1385 3800 1701 3881 nitantur,
1761 3808 1978 3864 tamen
2037 3798 2166 3865 Dei

198 3891 390 3948 metu
442 3893 520 3945 et
572 3879 849 3945 horrore
892 3879 1354 3963 percellantur.
1425 3884 1510 3948 Et
1554 3885 1705 3951 licet
1751 3906 1882 3950 non
1927 3904 2168 3968 agnos-

197 3980 356 4034 cant
403 3966 756 4031 infinitam
800 3964 982 4031 illam
1026 3965 1450 4047 maiestatem,
1496 3971 1599 4036 cui
1643 3980 1898 4054 oportet
1939 3986 2167 4035 omnes

197 4052 482 4120 subiici:
535 4061 765 4116 tamen
802 4050 1079 4133 quadam
1124 4071 1312 4118 caeca
1347 4056 1859 4137 apprehensione
1904 4055 2167 4121 divinae

195 4141 564 4222 potentiae
612 4136 845 4214 territi,
903 4137 1101 4202 etiam
1143 4138 1442 4204 umbram
1490 4162 1674 4207 suam
1724 4140 2167 4219 reformidant,

198 4235 266 4290 et
330 4224 562 4290 nullis
626 4224 798 4305 ipsos
866 4223 1376 4305 insequentibus,
1443 4236 1625 4292 metu
1685 4236 1905 4293 tamen
1973 4227 2168 4292 diffu-

197 4314 422 4395 giunt.
527 4308 628 4375 Et
693 4310 786 4372 ita
840 4307 1022 4373 Deus
1077 4308 1339 4374 illorum
1404 4314 1845 4395 arrogantiam
1910 4334 2170 4380 caecam

195 4397 593 4471 ulciscitur,
637 4393 750 4475 qui
783 4393 851 4458 in
890 4392 1132 4459 idolum
1171 4395 1385 4478 ipsum
1424 4399 1906 4476 transformant,
1955 4409 2018 4463 et
2052 4419 2171 4464 sua

194 4482 535 4566 superbia
588 4479 898 4544 virtutem
943 4490 1009 4543 et
1052 4478 1329 4563 gloriam
1371 4483 1578 4566 ipsius
1623 4484 1898 4552 deiicere
1941 4485 2169 4550 nitun-

193 4578 327 4634 tur.
429 4565 740 4649 Oportet
804 4565 1007 4649 igitur
1082 4576 1373 4632 amentes
1439 4570 1597 4634 istos
1664 4570 1963 4637 homines
2030 4570 2170 4634 Deo

191 4677 343 4721 sese
417 4651 831 4718 submittere
896 4649 1301 4735 dedignatos,
1382 4654 1653 4739 eiusque
1719 4656 2028 4722 virtutem
2096 4676 2171 4721 ac

192 4739 603 4823 potentiam
646 4737 827 4802 flocci
873 4737 1181 4803 facientes
1222 4739 1316 4801 ita
1359 4740 1691 4821 contundi,
1736 4751 1808 4806 ut
1851 4742 1931 4805 de
1966 4740 2173 4805 nihilo

191 4833 640 4904 terreantur,
697 4832 765 4887 et
806 4821 1042 4886 umbra
1095 4843 1234 4903 sua,
1290 4825 1524 4907 quibus
1570 4826 1698 4893 Dei
1743 4827 2034 4911 potentia
2080 4827 2174 4890 vi·

189 4914 453 4991 luerat,
533 4907 1013 4991 percellantur:
1096 4917 1172 4972 ut
1237 4911 1415 4974 anxii
1480 4921 1549 4977 et
1614 4912 1796 4979 dubii
1859 4914 2176 4992 ferantur,

193 4998 545 5081 nulloque
609 4995 989 5076 insequente
1047 4991 1415 5078 diffugiant.
1502 4998 1609 5063 Ex
1652 4999 1887 5082 quibus
1932 4998 2177 5063 discen·

193 5086 387 5160 dum,
459 5079 676 5146 nobis
731 5079 949 5144 Deum
1008 5079 1366 5145 timendum
1426 5089 1503 5146 ut
1545 5082 1626 5149 de
1682 5086 1887 5169 ipsius
1932 5082 2175 5149 auxilio

191 5168 532 5255 persuasi
587 5166 1023 5231 constantiam
1068 5163 1568 5232 invictissimam
1613 5170 1684 5234 in
1724 5171 1902 5236 mille
1947 5168 2176 5234 mortis

191 5250 732 5323 discriminibus
772 5251 1192 5315 retineamus.
1280 5252 1463 5317 Haec
1517 5264 1617 5321 est
1662 5258 1834 5321 enim
1881 5255 2174 5321 fidelium

2262 623 2668 707 providentia
2731 626 3173 709 pendentium,
3242 638 3311 693 et
3374 628 3454 693 ab
3521 629 3662 694 eius
3729 630 4069 695 voluntate
4126 639 4194 697 et

2263 710 2589 775 mandatis
2647 711 2948 778 recedere
3006 716 3458 789 metuentium,
3519 730 3983 799 peccatumque
4038 716 4193 783 licet

2262 797 2327 859 in
2388 796 2576 861 nobis
2636 797 2937 864 habitans
2994 799 3142 864 odio
3189 799 3569 865 habentium
3616 822 3883 867 merces.
3970 800 4193 883 Quare

2262 881 2318 946 si
2363 880 2589 947 fideles
2632 896 2848 949 metus
2902 883 3136 968 aliquis
3180 885 3518 964 invaserit,
3576 885 3758 952 Deus
3802 886 3950 953 illos
3994 888 4193 952 vacil-

2262 965 2474 1032 lantes
2516 968 2907 1045 corroborat,
2952 980 3019 1035 et
3060 969 3376 1036 adversus
3418 973 3685 1055 quaevis
3719 971 4009 1056 pericula
4043 994 4193 1039 con-

2265 1054 2497 1130 firmat,
2560 1063 2637 1118 ut
2680 1054 2833 1120 licet
2873 1055 3146 1140 coelum,
3189 1066 3384 1135 terra,
3429 1058 3751 1122 elementa
3797 1058 4037 1139 omnia,
4081 1060 4192 1125 de·

2263 1139 2458 1221 nique
2498 1160 2604 1204 res
2645 1160 2871 1205 omnes
2914 1150 3171 1206 creatae
3212 1142 3633 1208 coniurarent
3666 1143 3978 1210 adversus
4017 1148 4193 1228 ipsos

2270 1234 2340 1288 et
2400 1223 2675 1289 salutem
2723 1227 3039 1311 ipsorum,
3104 1236 3326 1292 tamen
3384 1229 3804 1312 imperterriti
3863 1244 4191 1298 maneant.

2263 1308 2706 1393 Conspicuum
2752 1311 2927 1376 istud
2973 1325 3075 1378 est
3118 1314 3416 1398 exemplo
3460 1314 3987 1391 philistaeorum,
4030 1338 4191 1399 quos

2262 1394 2446 1460 Deus
2491 1416 2623 1459 non
2669 1408 2925 1462 tantum
2972 1410 3221 1465 terrore
3266 1401 3506 1483 aliquo,
3563 1399 3675 1465 sed
3723 1410 3905 1466 tanto
3951 1423 4193 1485 pavore

2262 1482 2576 1562 perculsit
2615 1492 2691 1547 ut
2735 1484 3006 1549 rationis
3050 1492 3117 1548 et
3157 1482 3378 1551 iudicii
3424 1506 3690 1551 sensum
3732 1506 3992 1551 omnem
4035 1488 4196 1552 ami-

2262 1566 2485 1644 serint,
2528 1566 2698 1649 quod
2743 1568 2900 1633 olim
2945 1570 3141 1635 etiam
3186 1570 3567 1637 Madianitis
3602 1573 3977 1657 contigerat.
4022 1573 4194 1639 Nam

2261 1650 2332 1715 in
2391 1651 2558 1717 libro
2601 1650 2900 1720 Indicum
2958 1654 3255 1739 legimus,
3316 1655 3628 1722 Gedeone
3688 1676 3833 1722 cum
3883 1659 4196 1741 quadrin-

2263 1739 2480 1819 gentis
2541 1739 2857 1805 militibus
2913 1740 3227 1806 adversus
3272 1740 3670 1807 Madianitas
3727 1744 4043 1827 proelium
4089 1765 4199 1827 pa-

2264 1831 2471 1902 rante,
2513 1844 2788 1905 quorum
2835 1827 3160 1891 exercitus
3205 1838 3348 1892 erat
3391 1827 3612 1894 multis
3660 1829 3994 1894 hominum
4042 1830 4191 1894 mil-

2263 1908 2433 1973 libus
2498 1909 3061 1992 instructissimus,
3138 1932 3267 1977 non
3345 1934 3584 1998 magno
3665 1913 3880 1979 labore
3945 1915 4191 1980 bellum

2265 2014 2405 2059 esse
2458 1994 2860 2060 confectum:
2919 1996 3442 2080 quandoquidem
3485 2019 3684 2082 quum
3732 2000 3902 2065 solas
3948 2000 4191 2085 lampa·

2265 2078 2380 2145 des
2421 2079 2762 2147 Israelitae
2807 2092 3228 2163 ostentarent,
3286 2095 3353 2147 et
3396 2083 3589 2149 tubae
3631 2085 4003 2169 clangorem
4045 2087 4195 2152 ede·

2266 2175 2430 2240 rent,
2498 2187 2743 2249 suoque
2810 2167 2949 2234 loco
3005 2169 3454 2250 consisterent,
3520 2181 3586 2235 et
3643 2171 4198 2237 vociferarentur:

2267 2249 2547 2316 Gladius
2600 2250 2885 2318 Iehovae
2949 2262 3015 2317 et
3069 2253 3428 2321 Gedeonisl
3498 2256 3894 2321 Madianitae
3953 2258 4196 2323 mutuis

2267 2357 2407 2401 sese
2467 2336 2872 2418 vulneribus,
2930 2339 3137 2405 veluti
3194 2342 3426 2424 panico
3485 2341 3705 2406 furore
3749 2343 3998 2425 perciti,
4044 2364 4195 2407 con-

2269 2421 2564 2487 fecerunt
2608 2421 3174 2503 Quemadmodum
3219 2426 3421 2510 igitur
3462 2435 3618 2492 tunc
3666 2432 3969 2510 temporis
4011 2427 4197 2494 Deus

2271 2508 2350 2571 ad
2400 2507 2625 2591 populi
2669 2511 2770 2574 sui
2815 2510 3264 2575 liberationem
3312 2523 3444 2576 tam
3491 2514 3806 2577 eximium
3854 2534 4018 2597 opus
4061 2512 4197 2578 edi-

2271 2593 2399 2659 dit:
2459 2595 2554 2661 sic
2597 2595 2793 2659 etiam
2841 2595 2920 2661 de
2967 2593 3165 2662 Saule
3210 2597 3341 2661 iam
3388 2611 3710 2675 narratur,
3768 2620 3896 2664 non
3940 2600 4198 2684 magnis

2271 2679 2518 2745 viribus
2554 2700 2719 2763 opus
2752 2682 2950 2747 fuisse
2985 2681 3067 2746 ad
3104 2682 3499 2765 frangendos
3534 2683 3773 2762 hostes,
3813 2685 3928 2768 qui
3961 2693 4197 2767 sponte

2269 2766 2458 2831 fracti
2501 2773 2675 2841 sunt,
2721 2774 2904 2832 tanto
2946 2767 3162 2832 furore
3207 2767 3437 2849 perciti
3465 2780 3540 2832 ut
3564 2768 3880 2835 adversus
3924 2771 4197 2853 seipsos

2272 2851 2588 2934 impetum
2632 2850 2941 2926 facerent,
3001 2853 3376 2936 mutuisque
3432 2874 3577 2919 sese
3618 2854 3998 2920 vulneribus
4041 2876 4199 2921 con-

2269 2936 2573 3003 ficerent:
2634 2957 2838 3019 quum
2883 2958 2959 3003 ea
3000 2948 3170 3004 esset
3213 2937 3502 3004 confusio
3547 2960 3896 3023 rerumque
3939 2950 4196 3024 pertur-

2270 3021 2463 3106 batio,
2509 3031 2586 3086 ut
2622 3023 2893 3107 quisque
2917 3023 3235 3090 adversus
3280 3023 3550 3089 fratrem
3596 3024 3889 3110 gladium
3933 3047 4195 3091 exsere·

2271 3119 2389 3174 ret.
2459 3108 2568 3172 Ex
2612 3109 2849 3191 quibus
2893 3121 3182 3193 apparet,
3230 3110 3446 3175 Deum
3491 3133 3624 3175 non
3668 3119 3922 3176 tantum
3969 3131 4195 3176 eorum

2270 3196 2524 3259 animos
2584 3215 2900 3260 enervare
2957 3196 3068 3277 qui
3110 3195 3295 3279 prius
3332 3194 3746 3262 audacissimi
3787 3195 4195 3273 videbantur,

2270 3279 2382 3345 sed
2427 3280 2629 3344 etiam
2673 3280 2741 3343 in
2788 3280 3069 3346 furorem
3118 3290 3186 3345 et
3229 3283 3580 3346 amentiam
3626 3291 3906 3348 vertere.
3977 3282 4200 3366 Atque

2267 3366 2360 3430 ita
2384 3364 2549 3430 solet
2562 3365 2746 3431 Deus
2782 3364 3002 3431 hostes
3034 3365 3351 3432 adversus
3384 3388 3568 3433 suam
3603 3367 3939 3434 ecclesiam
3981 3368 4202 3433 coniu-

2269 3460 2444 3516 ratos
2502 3450 2746 3536 ulcisci,
2803 3460 2878 3515 ut
2930 3470 3195 3518 sensum
3253 3451 3383 3519 illis
3446 3454 3700 3536 eripiat,
3760 3464 4201 3538 terroremque

2267 3537 2575 3619 panicum
2617 3536 2966 3602 immittat:
3022 3543 3099 3603 ut
3140 3558 3342 3619 quum
3389 3540 3542 3605 totis
3586 3539 3834 3605 viribus
3876 3540 4198 3623 impetum

2268 3624 2338 3687 in
2401 3623 2675 3688 miseros
2731 3622 2944 3689 facere
2989 3623 3201 3706 parati
3245 3622 3507 3701 fuerint,
3562 3633 3632 3690 et
3672 3624 3834 3690 nihil
3879 3626 4006 3691 nisi
4049 3646 4199 3691 cru-

2270 3718 2493 3772 entam
2537 3728 2761 3773 necem
2807 3708 3144 3792 spirarint‚
3202 3707 3450 3792 sibique
3508 3730 3786 3794 magnos
3830 3711 4202 3795 triumphos

2268 3792 2538 3876 polliciti
2579 3793 2842 3871 fuerint,
2909 3793 3373 3877 victoriamque
3436 3797 3809 3873 cecinerint,
3876 3795 4001 3862 sibi
4039 3797 4200 3881 ipsis

2267 3879 2627 3964 perniciem
2687 3878 3005 3956 adferant,
3063 3888 3130 3944 et
3179 3880 3251 3944 in
3301 3900 3371 3945 se
3429 3882 3450 3945 i
3497 3902 3604 3946 sos
3662 3880 3881 3947 furore
3925 3883 4198 3947 immani

2270 3965 2669 4031 desaeviant.
2778 3964 2998 4048 Atque
3081 3965 3204 4031 hoc
3278 3986 3437 4049 prae
3485 3967 3607 4031 ’xit
3671 3966 3998 4034 Dominus
4085 3989 4201 4051 per

2268 4049 2653 4134 prophetam
2718 4050 3125 4128 Zachariam,
3208 4072 3443 4134 nempe
3507 4073 3579 4118 se
3644 4053 4044 4129 effecturum,
4128 4060 4201 4117 ut

2267 4136 2516 4203 sermm
2559 4133 2860 4201 incudem
2904 4137 3243 4219 percutiat,
3302 4136 3420 4202 hoc
3463 4147 3583 4214 est,
3629 4138 3740 4221 qui
3782 4139 4002 4220 pravis
4045 4158 4197 4203 con-

2271 4221 2433 4288 siliis
2493 4230 2559 4287 et
2626 4221 3073 4287 molitionibus
3130 4221 3439 4307 populum
3499 4245 3693 4289 suum
3737 4222 4199 4308 aggredientur

2270 4317 2337 4372 et
2379 4306 2684 4373 ultimum
2731 4308 3008 4372 exitium
3052 4308 3495 4386 minabuntur,
3541 4320 3725 4374 tanto
3769 4330 4006 4392 pavore
4052 4329 4196 4391 per·

2269 4393 2608 4474 cellantur,
2673 4402 2748 4456 ut
2791 4392 2897 4457 vel
2942 4394 3137 4458 inviti
3183 4394 3252 4457 in
3300 4415 3370 4459 se
3414 4395 3589 4478 ipsos
3635 4394 3879 4459 ferrum
3925 4415 4199 4459 conver-

2272 4488 2435 4545 tant.
2523 4479 2617 4543 Et
2672 4478 2897 4561 procul
2956 4477 3150 4543 dubio
3213 4480 3528 4546 mirabilis
3587 4489 3687 4543 est
3742 4480 3864 4545 hoc
3909 4490 4201 4562 tempore

2272 4577 2338 4630 et
2377 4564 2769 4629 miraculosa
2814 4562 3023 4628 modis
3067 4565 3368 4630 omnibus
3414 4564 3724 4630 ecclesiae
3768 4565 4198 4630 conservatio.

2274 4651 2443 4716 Nam
2488 4650 2654 4732 quis,
2699 4649 2827 4715 nisi
2872 4650 3076 4723 Deus,
3135 4671 3356 4715 eorum
3403 4652 3690 4714 furorem
3738 4649 4039 4727 cohibuit,
4085 4651 4198 4733 qui

2279 4735 2543 4803 caedem
2586 4746 2876 4800 nostram
2923 4744 2991 4799 et
3033 4737 3416 4819 sanguinem
3464 4735 3816 4800 sitiebant?
3864 4736 4023 4799 adeo
4063 4737 4200 4818 qui-

2274 4822 2421 4888 dem
2501 4830 2577 4884 ut
2642 4821 3008 4905 evaginatis
3092 4821 3221 4885 iam
3286 4820 3520 4906 gladiis
3586 4823 3901 4903 impetum
3963 4821 4199 4886 facturi

2274 4908 2538 4981 fuerint,
2598 4916 2665 4971 et
2717 4906 2901 4990 ligna
2942 4907 3210 4971 caedere
3269 4906 3348 4970 ad
3394 4904 3616 4971 fideles
3660 4906 4041 4972 cremandos
4083 4928 4200 4992 pa·

2275 4991 2451 5060 rati?
2541 4992 2682 5057 Nae
2726 4990 3073 5056 videbatur
3116 4990 3387 5058 ecclesia
3430 4992 3695 5055 iamiam
3746 4989 3826 5056 ad
3872 4991 4199 5059 lanienam

2277 5075 2608 5162 rapienda.
2697 5077 2788 5142 Et
2845 5076 3102 5159 quidem
3164 5076 3383 5141 hostes
3446 5077 3767 5142 coniurati
3833 5078 4200 5145 arctissimo

2277 5165 2450 5230 inter
2516 5184 2587 5228 se
2644 5163 2904 5230 vinculo
2970 5162 3465 5246 conspirationis
3524 5162 3934 5238 tenebantur,
4002 5174 4070 5229 et
4121 5165 4201 5231 de

2281 5251 2467 5316 nobis
2529 5249 2733 5316 caesis
2787 5258 2851 5314 et
2907 5248 3230 5331 oppressis
3288 5249 3685 5331 triumphum
3746 5250 4202 5332 instituebant,
