5059 6059
789 305 942 376 ยน535

2381 305 2795 374 HOMILIA
2839 305 3242 373 LXXXIX.

4625 311 4715 374 536

806 507 877 564 et
935 507 1241 583 tanquam
1296 518 1489 564 canes
1534 496 1927 562 miserorum
1970 496 2312 563 hominum
2357 498 2748 581 sanguinem
2853 516 3088 580 nempe
3150 493 3334 561 illum
3391 495 3636 562 alienos
3693 515 3923 562 servos
3982 495 4325 573 abducere,
4382 494 4491 562 sed
4541 519 4725 580 quaeso

804 584 1058 652 sitiunt.
1144 584 1366 666 Atque
1411 582 1481 648 in
1544 581 1668 649 hoc
1713 602 1987 647 numero
2031 592 2187 647 sunt
2227 582 2609 650 recensendi
2652 583 2748 648 illi

806 670 1103 750 homines
1127 671 1240 753 qui
1264 690 1579 754 magnum
1609 666 2063 733 obaeratorum
2101 691 2443 736 numerum
2484 669 2748 745 habent,

803 777 969 840 quos
1044 756 1406 821 inhumane
1486 765 1556 820 et
1632 752 1988 819 crudeliter
2065 754 2342 821 laniant.
2450 755 2624 821 Nam
2693 754 2751 821 si

805 842 1027 908 miseri
1095 863 1226 906 non
1294 840 1581 906 habeant
1643 837 1819 905 unde
1885 860 1995 906 aes
2061 841 2407 907 exsolvant
2431 892 2445 920 ,
2517 842 2751 924 suique

803 927 1125 994 rationem
1151 927 1381 992 haberi
1402 935 1774 1010 precentur,
1812 946 1885 991 se
1907 946 2125 991 rerum
2160 927 2449 992 omnium
2487 947 2752 1010 egenos,

807 1035 878 1080 se
913 1012 1141 1079 liberis
1178 1013 1405 1079 multis
1439 1021 1762 1087 oneratos,
1808 1008 2031 1079 dicant
2054 1033 2126 1077 se
2171 1013 2337 1078 velle
2379 1011 2639 1097 quidem
2686 1020 2752 1077 et

809 1119 1094 1182 aequum
1149 1120 1291 1166 esse
1333 1108 1410 1163 ut
1454 1096 1672 1163 debita
1714 1097 2112 1182 persolvant,
2169 1098 2287 1164 sed
2333 1120 2462 1163 non
2509 1097 2751 1163 habere

810 1184 988 1251 unde
1011 1185 1438 1265 satisfaciant,
1481 1193 1883 1267 quapropter
1905 1202 2092 1249 orare
2136 1192 2215 1250 ut
2255 1183 2357 1250 sui
2401 1184 2751 1249 miserean-

812 1281 942 1350 tur,
999 1270 1155 1354 quid
1215 1281 1357 1335 tum
1401 1269 1512 1335 isti
1557 1268 1917 1351 praedones
1960 1270 2255 1335 factitare
2297 1269 2475 1335 aliud
2518 1269 2750 1347 solent,

811 1377 1008 1439 quam
1065 1356 1350 1421 ferarum
1407 1355 1620 1420 instar
1663 1363 1731 1420 et
1778 1374 2015 1419 canum
2062 1354 2435 1421 rabidorum
2479 1354 2550 1419 in
2596 1353 2749 1420 sub-

811 1445 1087 1507 stantias
1121 1455 1183 1506 et
1215 1461 1484 1523 corpora
1519 1441 1905 1505 miserorum
1931 1440 2203 1506 istorum
2227 1441 2539 1520 involare,
2584 1452 2650 1505 et
2674 1441 2754 1503 de

812 1527 1103 1610 ipsorum
1130 1526 1452 1610 sanguine
1486 1524 1853 1610 triumphos
1889 1544 2041 1591 suos
2079 1525 2333 1592 facere?
2401 1528 2493 1592 Et
2529 1538 2751 1591 tamen

813 1612 925 1678 isti
981 1614 1365 1697 plerumque
1424 1614 1682 1696 magnis
1738 1621 1804 1676 et
1861 1611 2230 1694 insignibus
2285 1613 2494 1677 titulis
2538 1610 2757 1696 appel-

810 1697 1054 1778 lantur,
1100 1697 1346 1763 domini
1383 1709 1539 1764 sunt
1573 1708 1637 1761 et
1673 1697 1743 1761 in
1791 1695 2039 1761 honore
2080 1695 2424 1774 habentur,
2467 1696 2581 1764 sed
2626 1718 2755 1781 quo

815 1805 1018 1867 usque
1074 1782 1386 1850 tandem?
1469 1781 1578 1847 An
1636 1803 1707 1848 se
1751 1780 2040 1848 divinam
2086 1783 2402 1849 ultionem
2445 1805 2757 1850 evasuros

812 1869 1129 1952 sperant?
1240 1869 1382 1935 Nae
1461 1868 1806 1933 hominum
1883 1867 2145 1951 quidem
2212 1870 2557 1935 sententiis
2622 1890 2753 1934 non

814 1955 1300 2037 iudicabuntur,
1344 1954 1458 2020 sed
1495 1954 1650 2019 olim
1688 1974 1907 2020 coram
1930 1952 2060 2018 Dei
2107 1954 2417 2020 tribunali
2461 1955 2756 2033 sistendi,

814 2051 881 2105 et
901 2040 1108 2124 ipsius
1131 2040 1406 2106 fulmine
1444 2040 1849 2123 percutiendi
1887 2051 2253 2120 servantur,
2292 2050 2366 2106 ut
2399 2042 2493 2107 sie
2529 2062 2755 2106 eorum

814 2147 979 2210 quae
1013 2126 1260 2193 iniuste
1309 2134 1669 2210 rapuerunt
1706 2125 2029 2190 rationem
2069 2124 2364 2205 reddant,
2416 2138 2480 2192 et
2517 2147 2759 2211 poenas

813 2211 1020 2278 luant.
1109 2211 1550 2293 Quamobrem
1596 2210 1897 2294 exemplo
1938 2210 2211 2277 Nabalis
2255 2214 2469 2297 rogati
2513 2210 2759 2296 aliquid

811 2297 883 2363 in
941 2298 1222 2381 aliquem
1281 2298 1578 2363 conferre
1636 2296 1965 2362 discamus
2023 2317 2154 2362 non
2208 2318 2483 2367 onerare
2531 2320 2760 2383 oppro-

812 2381 954 2448 brio
1013 2395 1082 2449 et
1137 2382 1531 2450 contumelia
1574 2391 1938 2466 petentem:
1982 2388 2057 2447 ut
2098 2383 2153 2449 si
2191 2383 2258 2448 in
2305 2405 2383 2450 ea
2425 2384 2758 2451 sententia

817 2488 1162 2534 manemus
1220 2490 1350 2534 non
1418 2467 1692 2535 iuvandi
1773 2487 2053 2552 egenos,
2129 2468 2358 2535 saltem
2426 2468 2509 2537 ab
2575 2472 2754 2536 omni

816 2553 1142 2620 calumnia
1204 2554 1671 2635 abstineamus,
1735 2563 1804 2619 et
1856 2553 2404 2622 inhumanitatem
2464 2565 2755 2623 nostram

818 2660 952 2705 non
1003 2639 1384 2740 prodamus.
1473 2640 1644 2705 Nam
1703 2639 1908 2704 amice
1952 2659 2073 2705 nos
2117 2639 2632 2724 interpellantes,
2690 2651 2759 2708 et

819 2724 1063 2809 aliquid
1125 2726 1268 2809 opis
1319 2725 1695 2810 flagitantes
1750 2744 2024 2790 onerare
2068 2727 2382 2793 conviciis
2425 2748 2756 2794 summum

817 2818 921 2877 est
960 2812 1305 2896 flagitium.
1384 2811 1592 2876 Porro
1634 2810 1912 2894 qualem,
1955 2808 2241 2892 obsecro,
2288 2814 2498 2879 virum
2545 2813 2755 2879 Nabal

817 2897 1162 2964 calumniis
1241 2894 1650 2964 incessebat?
1758 2896 2000 2961 Virum
2077 2918 2235 2963 sane
2313 2919 2507 2981 quem
2573 2899 2758 2966 Deus

817 2982 1122 3068 elegerat,
1169 2990 1235 3049 et
1267 3004 1463 3066 quem
1500 3002 1644 3048 esse
1686 2980 2045 3048 secundum
2089 3004 2281 3049 suum
2323 3005 2438 3052 cor
2481 2994 2758 3052 testatus

818 3068 1053 3135 fuerat.
1120 3070 1227 3135 Ex
1275 3089 1406 3153 quo
1455 3066 1785 3134 discamus
1834 3067 2076 3133 iniuria
2130 3068 2476 3136 calumniis
2519 3071 2759 3153 affecti,

818 3161 1042 3220 tamen
1101 3174 1213 3221 eas
1316 3155 1597 3221 atienter
1653 3153 1846 3233 ferre,
1905 3164 1974 3218 et
2030 3175 2161 3220 non
2221 3154 2365 3222 ideo
2423 3156 2506 3222 ab
2548 3157 2760 3223 officio

818 3240 1102 3306 resilire:
1181 3266 1212 3307 s
1371 3240 1594 3324 potius
1667 3239 2031 3305 doctrinam
2083 3239 2278 3307 Pauli
2347 3255 2760 3326 usurpantes,

818 3325 1277 3393 benefaciendo
1332 3326 1604 3403 cunctis,
1662 3324 1909 3392 malum
1970 3346 2088 3408 pro
2146 3326 2315 3392 bono
2363 3338 2762 3411 exspectare,

820 3419 887 3478 et
920 3413 1252 3478 silentium
1286 3431 1628 3495 premere&
1668 3432 1744 3479 ac
1785 3410 1845 3477 si
1888 3411 2111 3478 nullus
2155 3412 2242 3477 sit
2282 3412 2760 3479 calumniarum

819 3499 992 3579 finis,
1047 3497 1257 3581 capite
1301 3496 1583 3565 demisso
1629 3498 1798 3564 bona
1839 3496 2238 3584 conscientia
2279 3509 2345 3564 et
2387 3499 2766 3566 innocentia

821 3593 1049 3649 nostra
1115 3604 1232 3649 nos
1296 3581 1472 3666 apud
1535 3582 1754 3650 Deum
1821 3590 2142 3665 tueamur,
2198 3592 2265 3649 et
2325 3585 2764 3650 consolemur.

823 3669 1173 3737 Caeterum
1218 3666 1469 3753 aliquid
1512 3670 1635 3737 hoc
1675 3669 1815 3735 loco
1861 3666 2077 3734 adhuc
2119 3669 2602 3736 observandum
2647 3679 2767 3752 est,

821 3775 1060 3837 nempe
1117 3754 1186 3819 in
1242 3754 1439 3821 rebus
1498 3756 1686 3821 novis
1727 3764 1795 3821 et
1834 3755 2171 3821 inusitatis
2213 3775 2471 3839 semper
2513 3756 2766 3839 aliquas

823 3839 1275 3918 maledicendi,
1318 3851 1387 3905 et
1429 3840 1871 3907 calumniandi
1914 3861 2057 3906 sese
2098 3841 2465 3907 occasiones
2506 3842 2764 3909 offerre.

824 3925 942 3996 Sic
1000 3925 1190 3990 hodie
1244 3926 1541 3992 veritatis
1583 3926 1834 3992 inimici
1875 3925 2031 3993 licet
2070 3925 2204 3992 Dei
2244 3927 2518 3993 verbum
2563 3927 2765 4011 sugil-

821 4014 962 4080 lare
1019 4019 1369 4095 nequeant,
1424 4010 1678 4095 oblique
1723 4022 1945 4077 tamen
1988 4033 2255 4096 carpere
2297 4025 2658 4081 conantur:
2701 4021 2768 4079 et

820 4098 895 4166 in
954 4096 1124 4163 illud
1176 4118 1405 4162 omnes
1459 4098 1907 4183 corruptiones
1961 4119 2127 4182 quae
2185 4099 2254 4164 in
2308 4098 2555 4165 mundo
2597 4099 2765 4165 obti-

822 4195 985 4253 nent
1040 4182 1360 4262 derivare,
1417 4191 1493 4247 ut
1548 4184 1601 4248 si
1656 4184 1803 4248 fieri
1862 4193 2085 4268 posset
2139 4205 2363 4251 sacrae
2407 4186 2766 4270 scripturae

824 4270 1163 4337 autoritati
1201 4266 1613 4352 derogarent.
1676 4269 1848 4335 Nam
1886 4270 2103 4335 aiunt:
2147 4272 2253 4337 Ex
2298 4292 2424 4354 quo
2469 4270 2769 4358 doctrina

823 4358 952 4424 ista
1017 4356 1231 4439 coepit
1292 4353 1682 4438 praedicari,
1748 4354 1916 4420 nihil
1981 4356 2107 4422 nisi
2166 4357 2457 4423 confusio
2523 4355 2764 4441 passim

827 4443 1097 4524 obtinet,
1158 4438 1303 4506 aliis
1359 4440 1433 4506 in
1479 4440 1643 4507 alios
1686 4440 2197 4524 insurgentibus,
2251 4441 2492 4526 ubique
2539 4443 2770 4508 turbae

828 4537 1020 4607 sunt,
1081 4527 1321 4610 ubique
1387 4527 1728 4607 tumultus,
1785 4546 1901 4608 pro
1960 4547 2119 4610 pace
2167 4535 2236 4593 et
2291 4529 2770 4612 tranquillitate

827 4636 992 4699 quae
1064 4621 1416 4697 antequam
1491 4612 1657 4680 haec
1733 4610 2029 4678 doctrina
2107 4625 2466 4698 emergeret
2529 4615 2771 4698 ubique

827 4701 1124 4786 gentium
1184 4705 1345 4779 erat,
1405 4706 1472 4764 et
1525 4700 1619 4764 ita
1661 4698 1791 4763 Dei
1847 4706 2344 4783 contemptores,
2400 4706 2469 4766 et
2522 4699 2774 4765 inimici

832 4786 1016 4853 verbi
1071 4785 1278 4869 ipsius
1320 4802 1440 4868 pro
1487 4784 1733 4851 viribus
1776 4790 2097 4852 conantur
2138 4785 2378 4867 ubique
2420 4783 2773 4852 seditiones

832 4881 902 4938 et
965 4871 1287 4937 tumultus
1353 4869 1672 4948 excitare,
1739 4868 1976 4954 quibus
2042 4870 2112 4935 ni
2176 4871 2360 4936 Deus
2424 4870 2772 4955 impediret

834 4955 1196 5025 doctrinam
1263 4977 1483 5022 veram
1551 4956 2049 5039 pessundarent,
2115 4965 2183 5022 et
2240 4956 2537 5022 funditus
2594 4977 2776 5023 ever-

835 5051 1070 5109 terent.
1133 5040 1241 5108 Ita
1283 5040 1570 5108 vidimus
1614 5042 1934 5109 Nabalem
1978 5042 2264 5125 primum
2306 5043 2776 5127 contempsisse

834 5127 1162 5195 Davidem
1197 5139 1266 5193 et
1307 5128 1513 5211 ipsius
1555 5149 1834 5212 regnum
1879 5126 2049 5211 quod
2098 5128 2314 5213 figura
2355 5127 2481 5194 fuit
2500 5127 2777 5193 Domini

836 5215 1046 5282 nostri
1098 5213 1252 5279 Iesu
1302 5214 1572 5295 Christi,
1630 5213 1863 5280 deinde
1907 5213 2239 5281 calumnia
2279 5214 2406 5282 ista
2446 5234 2775 5296 onerasse,

2851 602 2980 664 quo
3035 580 3510 647 fundamento?
3599 582 3769 647 Nam
3831 582 4024 647 multi
4068 583 4289 647 miseri
4331 590 4400 646 et
4440 585 4607 665 egeni
4639 583 4723 651 bcฮ

2849 668 3063 732 mines
3100 688 3250 732 aere
3285 668 3498 733 alieno
3533 669 3824 751 oppressi
3868 667 3951 732 ad
3973 666 4299 733 Davidem
4344 669 4725 753 confugerant,

2850 773 2982 817 non
3042 754 3359 834 accersiti,
3420 774 3631 836 neque
3688 753 3770 817 ab
3828 754 3971 837 ipso
4032 752 4347 831 advocati,
4406 753 4513 818 sed
4558 755 4729 822 divim

2852 836 3266 921 providentia
3301 839 3382 904 ad
3421 840 3640 923 ipsum
3676 839 3880 920 missi,
3923 851 3998 904 ut
4045 840 4114 905 in
4150 840 4218 905 fu
4338 861 4460 905 sua
4497 849 4560 906 et
4594 841 4732 907 duris

2851 923 3320 990 tentationibus
3354 925 3866 991 consolationem
3902 925 4185 1009 aliquam
4222 861 4511 992 aberet.
4565 925 4731 1008 Quam

2851 1011 3054 1092 igitur
3111 1011 3517 1077 occasionem
3575 1009 3807 1076 habuit
3850 1011 4057 1077 Nabal
4111 1011 4263 1078 illos
4305 1011 4732 1078 calumniandi?

2852 1095 3023 1161 Nam
3107 1097 3229 1162 etsi
3295 1096 3622 1162 Davidem
3702 1097 3773 1161 in
3853 1097 4112 1162 deserto
4182 1099 4475 1164 sexcenti
4532 1099 4737 1166 circiter

2853 1181 3155 1248 homines
3191 1181 3640 1265 sequebantur
3674 1204 3806 1247 non
3844 1183 4042 1249 fuisse
4077 1193 4297 1248 tamen
4344 1183 4619 1250 latrones
4651 1205 4739 1249 neo

2852 1266 3217 1351 praedones
3241 1267 3567 1346 dicuntur,
3604 1268 3719 1333 sed
3758 1290 3908 1334 aere
3943 1267 4159 1335 alieno
4193 1268 4441 1335 iniuste
4472 1273 4741 1353 oppressi:

2854 1363 2921 1416 et
2998 1353 3054 1418 si
3127 1354 3341 1420 David
3416 1354 3663 1419 alienos
3742 1374 3969 1420 servos
4036 1355 4357 1422 advocare
4418 1357 4741 1431 studuisset,

2855 1458 3074 1503 nonne
3105 1448 3362 1522 poterat
3397 1461 3515 1524 pro
3550 1459 3629 1505 ea
3663 1442 4014 1506 autoritate
4057 1453 4124 1506 et
4166 1440 4384 1525 gratia
4427 1461 4549 1524 qua
4586 1441 4744 1526 pluri-

2856 1545 3035 1588 mum
3096 1523 3266 1608 apud
3327 1525 3568 1590 multos
3625 1525 3883 1591 valebat
3925 1528 4170 1593 iustum
4213 1526 4574 1592 exereitum
4610 1528 4746 1592 colli-

2856 1630 3028 1693 gere,
3088 1620 3154 1674 et
3213 1612 3448 1694 viginti
3510 1612 3613 1675 vel
3670 1611 3948 1697 triginta
4006 1613 4183 1678 mille
4229 1613 4565 1679 hominum
4604 1634 4747 1679 exerฮ

2855 1696 3062 1760 citum
3097 1698 3526 1763 conscribere.
3603 1695 3736 1763 Sed
3773 1698 4001 1781 paucis
4043 1699 4419 1764 hominibus
4462 1700 4751 1763 comitatus

2858 1780 3092 1846 maluit
3147 1783 3217 1848 in
3269 1784 3588 1858 cavernis,
3647 1792 3714 1848 et
3766 1783 4098 1866 speluncis
4141 1785 4421 1864 latitare,
4480 1786 4750 1866 vitamque

2858 1868 3256 1951 tueriโquam
3295 1869 3414 1933 ulli
3452 1889 3701 1944 nocere,
3736 1868 3898 1935 adeo
3932 1869 4193 1952 quidem
4230 1880 4308 1934 ut
4348 1890 4484 1935 non
4528 1870 4753 1953 pomerit

2856 1953 2984 2037 ipsi
3042 1974 3253 2035 neque
3309 1956 3449 2019 suis
3499 1953 3844 2020 comitibus
3901 1953 4284 2038 exprobrari
4325 1955 4663 2038 quidquam
4695 1954 4752 2018 nb

2858 2038 3019 2121 ipsis
3084 2039 3391 2122 cuiquam
3457 2040 3632 2106 furto
3690 2039 4002 2117 ablatum,
4064 2050 4180 2107 aut
4238 2061 4608 2125 quenquam
4656 2039 4756 2104 uuฮ

2858 2124 3102 2189 iniuria
3135 2124 3217 2189 ab
3254 2125 3414 2209 ipsis
3447 2126 3776 2193 affectum.
3845 2125 4291 2207 Quamobrem
4334 2147 4540 2209 quum
4585 2126 4755 2191 istius-

2859 2209 3033 2274 modi
3092 2210 3460 2294 opprobriis
3517 2222 3583 2276 et
3638 2212 3983 2278 calumniis
4038 2213 4299 2278 onerari
4356 2211 4442 2277 ab
4499 2210 4759 2296 improbis

2858 2303 2927 2360 et
2970 2294 3214 2379 iniquis
3260 2296 3642 2363 bominibus
3681 2296 3981 2365 videmus
4023 2299 4183 2381 pios,
4228 2308 4297 2363 et
4337 2318 4567 2363 sanam
4608 2317 4755 2379 qnam

2860 2381 3251 2463 profitentur
3307 2381 3666 2447 doctrinan
3726 2383 4038 2462 subverti,
4096 2384 4373 2450 Davidis
4431 2382 4753 2467 exemplum

2858 2467 2929 2531 in
2974 2468 3356 2532 memoriam
3400 2489 3802 2552 revocemus,
3846 2481 3914 2534 et
3957 2491 4184 2535 omnes
4226 2470 4508 2535 iniurias
4554 2469 4754 2552 patien-

2860 2561 2963 2616 ter
3024 2552 3197 2619 ferre
3263 2554 3610 2632 diseamus,
3676 2577 3889 2639 neque
3948 2565 4300 2640 propterea
4368 2576 4646 2638 unquam
4696 2553 4754 2617 ab

2859 2638 3073 2704 officio
3126 2649 3352 2704 nostro
3409 2640 3811 2719 resiliamus,
3867 2642 3992 2706 etsi
4048 2640 4515 2707 confusionum
4556 2651 4618 2705 et
4651 2659 4756 2706 corฮ

2863 2726 3238 2807 ruptionum
3275 2725 3566 2790 omnium
3604 2747 3770 2808 quae
3813 2727 3879 2791 in
3924 2727 4169 2792 mundo
4214 2736 4500 2810 regnant
4543 2741 4757 2792 causam

2861 2811 2929 2873 in
2990 2830 3112 2875 nos
3164 2821 3233 2876 et
3288 2810 3360 2876 in
3419 2810 3781 2877 doctrinam
3827 2832 4020 2896 quam
4066 2814 4480 2898 profitemur,
4529 2807 4756 2895 improbi

2859 2893 3177 2962 reiiciant.

3036 2980 3349 3065 Sequitur
3377 2979 3682 3066 deinceps
3707 2982 3779 3047 in
3815 2993 4144 3064 contextu,
4178 3003 4466 3051 reversos
4498 3005 4541 3050 a
4564 2979 4761 3048 Davi&

2860 3067 4262 3222 macwaoggdaffquugdgigsse
4301 3064 4762 3223 suichodglAE

2860 3243 2930 3304 ut
3001 3237 3217 3322 qladio
3291 3240 3553 3322 quisque
3626 3259 3745 3306 suo
3823 3243 4241 3325 accinqeretur
4262 3294 4278 3319 ,
4360 3248 4438 3307 ut
4513 3241 4761 3308 adm

2868 3323 3183 3391 Nabalem
3233 3325 3779 3409 promeae-entur.
3888 3328 4191 3395 Profecto
4257 3327 4528 3397 videtur
4586 3321 4761 3391 David

2862 3410 2987 3475 hac
3045 3410 3116 3475 in
3180 3424 3362 3494 parte
3421 3412 3522 3476 sui
3580 3411 3841 3496 oblitus,
3902 3412 4090 3479 cuius
4156 3413 4613 3479 admirandam
4658 3413 4761 3474 vir-

2860 3505 3069 3561 tutem
3115 3496 3418 3581 superius
3461 3495 3850 3578 audivimus,
3939 3499 4005 3564 ui
4052 3499 4263 3565 noluit
4306 3499 4502 3567 Sauli
4546 3515 4761 3564 manum

2863 3581 3160 3662 iniicere:
3215 3582 3368 3647 licet
3421 3580 3755 3648 videretur
3797 3605 3839 3649 a
3947 3584 4167 3650 omino
4210 3586 4278 3649 in
4328 3606 4569 3651 manus
4604 3584 4762 3667 ipsius

2863 3665 3165 3753 traditus,
3209 3677 3278 3733 et
3312 3667 3502 3735 facile
3532 3678 3752 3751 posset
3784 3669 3973 3735 illum
4017 3671 4419 3737 interficere.
4486 3670 4611 3736 Hic
4647 3684 4762 3734 vero

2864 3751 3058 3837 longe
3116 3755 3193 3819 fit
3246 3753 3351 3819 sui
3411 3753 3762 3821 dissimilis.
3849 3754 3990 3821 Cur
4046 3758 4220 3822 enim
4271 3757 4359 3823 ad
4423 3778 4604 3822 arma
4650 3774 4764 3821 eonฮ

2865 3838 3114 3904 currit?
3182 3861 3303 3906 cur
3357 3850 3538 3906 tanto
3594 3839 3814 3906 furore
3868 3841 4155 3923 percitus
4211 3842 4495 3908 Nabalia
4548 3841 4763 3905 domm

2865 3934 3162 3990 evertere
3204 3923 3571 4006 meditatur,
3617 3924 3789 4009 quod
3833 3925 4108 4009 ipsemet
4149 3928 4376 3993 David
4420 3928 4591 3994 infra
4629 3924 4762 4000 dicit,

2867 4032 2939 4076 se
3000 4010 3167 4076 nihil
3224 4011 3606 4078 relicturum
3672 4011 3754 4076 de
3809 4015 4113 4079 omnibus
4157 4035 4328 4096 quae
4373 4015 4460 4079 ad
4506 4010 4761 4078 Nabalem

2865 4097 3302 4180 pertinebant,
3359 4118 3565 4180 usque
3607 4098 4011 4181 mingentem
4055 4099 4137 4164 ad
4183 4098 4550 4184 parietem?
4629 4095 4762 4162 Sane

2866 4184 2996 4248 ista
3037 4180 3168 4248 duo
3210 4185 3383 4248 inter
3424 4204 3497 4249 se
3539 4182 3735 4250 valde
3779 4195 4172 4284 repugnant,
4215 4201 4281 4250 et
4326 4185 4589 4285 laudem
4627 4200 4761 4263 magฮ

2869 4288 3020 4420 3:2ยน
3037 4269 4759 4439 vffsstfftsssstQitztffffl,220โ3203233020'ยฒ3.

2869 4438 3284 4516 candescens,
3327 4451 3397 4506 et
3429 4441 3838 4524 passionibus
3872 4441 4014 4508 istie
4051 4441 4559 4509 vehementibus
4597 4442 4759 4533 locun

2872 4526 3056 4593 dans.
3123 4526 3259 4593 Sed
3302 4525 3778 4593 observandum
3821 4540 4303 4595 sacrosanctam
4353 4529 4555 4594 fuisse
4574 4520 4761 4591 Davidi

2873 4611 3093 4680 Saulis
3136 4633 3502 4696 personam,
3546 4612 3717 4697 quod
3764 4635 3960 4697 quum
4009 4615 4232 4680 fuisset
4258 4614 4531 4679 Domini
4568 4617 4760 4680 unctu,

2872 4699 3117 4765 Davidi
3167 4720 3294 4764 non
3340 4698 3599 4765 licuerit
3639 4699 3766 4781 ipsi
3812 4721 4049 4767 manus
4094 4702 4360 4781 inferre,
4404 4702 4519 4783 qui
4560 4703 4757 4783 potent

2872 4796 3092 4851 tamen
3137 4805 3208 4851 se
3252 4784 3565 4852 adversus
3605 4785 3809 4867 ipsius
3852 4786 4094 4852 milites
4136 4786 4342 4852 armis
4388 4786 4557 4852 tueri
4593 4794 4651 4848 et
4684 4779 4761 4842 de-

2874 4871 3162 4938 fendere.
3263 4870 3433 4937 Nam
3502 4870 3627 4935 etsi
3693 4871 4071 4956 designatus
4128 4893 4247 4938 rex
4304 4880 4458 4937 erat
4514 4868 4758 4959 anafieng

2876 4978 2994 5041 per
3040 4955 3416 5024 Samuelem
3467 4956 3562 5022 illi
3606 4955 3860 5037 collata,
3906 4958 4200 5024 nondum
4249 4967 4479 5023 tamen
4520 4957 4585 5021 in
4622 4967 4756 5033 regn!

2878 5042 3349 5144 possessionem
3410 5044 3653 5109 missus
3710 5056 3880 5123 erat,
3940 5063 4016 5109 ac
4075 5043 4357 5126 proinde
4416 5065 4546 5109 non
4583 5035 4757 5106 licebat

2876 5131 3002 5212 ipsi
3061 5127 3417 5213 quidquam
3474 5130 3646 5196 susci
3693 5150 3803 5195 ere
3843 5128 3923 5193 ad
3966 5149 4269 5196 coronam
4316 5123 4755 5212 adipiscendum.

2878 5212 3051 5299 quod
3092 5216 3234 5297 ipse
3278 5215 3495 5282 David
3540 5235 3657 5299 pro
3700 5235 3738 5280 e
3779 5223 3988 5281 norat.
4059 5215 4348 5298 Ideoque
4393 5215 4543 5282 licet
4579 5217 4755 5278 unctu
