5059 6059
838 297 971 365 579

838 511 1093 558 remus:
1149 499 1215 556 et
1267 490 1349 558 iis
1392 511 1562 573 quae
1608 489 1779 557 bona
1821 499 1889 559 et
1931 512 2139 579 aequa
2180 504 2344 562 sunt
2385 498 2619 566 subiici
2658 521 2788 566 non

845 596 1216 662 possumus.
1282 575 1448 643 Inde
1490 577 1573 643 fit
1615 577 2003 663 plerumque
2046 589 2125 648 ut
2166 581 2345 649 intra
2384 584 2630 651 limites
2674 608 2791 652 nos

843 662 1177 731 continere
1221 682 1350 729 nou
1399 661 1754 745 valeamus,
1798 673 1867 731 et
1909 686 2107 749 quam
2150 667 2224 733 in
2267 676 2522 754 partem
2558 690 2791 756 verga-

844 770 996 817 mus
1039 749 1437 834 ignoremus.
1504 749 1604 815 Ac
1648 770 1806 817 sane
1847 751 2109 838 indigni
2153 775 2384 822 sumus
2416 776 2583 841 quos
2601 756 2791 823 Deus

844 848 1055 921 regat,
1097 855 1293 919 quem
1339 856 1473 900 non
1517 837 1908 920 quaerimus,
1952 848 2021 905 et
2061 842 2250 907 cuius
2290 851 2523 909 contra
2561 843 2788 927 iugum

848 927 1171 1007 quantum
1215 922 1284 986 iu
1329 921 1521 988 nobis
1563 930 1663 988 est
1705 924 2099 1005 excutimus,
2143 927 2312 1010 quod
2355 928 2513 995 feris
2556 928 2790 995 belluis

846 1016 918 1074 et
970 1006 1470 1075 contumacibus
1523 1029 1716 1092 quam
1761 1010 1891 1074 Dei
1947 1010 2103 1078 filiis
2160 1012 2507 1081 similiores
2563 1015 2790 1081 simus.

846 1093 951 1160 Eo
992 1093 1200 1179 igitur
1244 1092 1624 1178 diligentius
1656 1094 2036 1162 meditanda
2069 1097 2259 1164 nobis
2295 1097 2457 1167 haec
2493 1100 2790 1168 doctrina

846 1185 968 1260 εει,
1035 1186 1110 1245 ut
1174 1199 1376 1263 quum
1441 1179 1638 1246 certis
1704 1187 1771 1247 et
1827 1182 2216 1250 indubitatis
2273 1184 2479 1270 signis
2538 1185 2618 1252 de
2660 1186 2789 1252 Dei

844 1263 1192 1332 voluntate
1233 1264 1542 1332 certiores
1582 1266 1739 1332 facti
1781 1266 2119 1351 fuerimus,
2161 1292 2280 1338 nos
2322 1280 2493 1339 totos
2529 1271 2614 1338 ad
2650 1272 2792 1340 eius

846 1357 1091 1416 nutum
1133 1358 1200 1416 et
1243 1349 1590 1417 arbitrium
1633 1354 1932 1436 componi
1976 1365 2276 1440 oportere
2319 1359 2626 1426 sciamus.
2690 1361 2793 1425 Ac

850 1435 934 1502 de
978 1435 1198 1503 Saulis
1249 1435 1620 1503 obedientia
1675 1436 2009 1506 hactenus.
2097 1441 2307 1510 Porro
2349 1443 2522 1529 quod
2566 1446 2647 1510 de
2687 1443 2790 1510 Is·

847 1521 1047 1589 raelis
1090 1522 1413 1589 desiderio
1473 1522 1731 1604 dicitur,
1790 1546 1925 1591 non
1977 1523 2123 1593 ideo
2181 1536 2401 1596 tamen
2445 1529 2637 1597 Sauli
2680 1531 2791 1597 de-

848 1608 1065 1674 fertur
1119 1615 1412 1692 potestas
1470 1618 1537 1673 et
1592 1610 1910 1678 autoritas
1982 1613 2278 1696 rapiendi
2341 1615 2654 1700 quidquid
2720 1618 2790 1681 in

847 1693 1098 1761 Israele
1151 1692 1474 1760 bonorum
1533 1703 1676 1761 erat
1740 1703 1809 1763 et
1874 1696 2286 1765 divitiarum:
2352 1702 2466 1769 sed
2531 1708 2790 1768 tantum

846 1780 1033 1866 regia
1075 1780 1460 1865 designatur
1502 1779 1567 1846 di
1615 1781 1806 1864 nitas,
1870 1782 1943 1848 in
1999 1804 2197 1867 quam
2241 1794 2382 1853 erat
2423 1788 2610 1855 iussu
2654 1786 2790 1853 Do·

842 1865 1013 1932 mini
1065 1864 1467 1932 evehendus.
1567 1802 1785 1952 fitque
1842 1867 2129 1936 vidimus
2183 1872 2520 1958 superiore
2578 1874 2792 1958 capite

844 1952 1059 2037 qualis
1101 1951 1327 2018 futura
1370 1960 1542 2019 esset
1584 1955 1760 2038 regis
1803 1953 1876 2019 in
1917 1956 2234 2057 rapiendo
2277 1966 2344 2026 ει
2378 1959 2792 2045 compilando

842 2043 1158 2123 potestas,
1223 2059 1356 2104 nou
1417 2037 1685 2120 quidem
1751 2040 1925 2123 quod
1988 2042 2152 2108 1nud
2216 2044 2321 2110 ius
2376 2046 2634 2131 regium
2698 2048 2793 2111 ita

840 2123 1154 2208 postulet,
1211 2123 1327 2190 sed
1386 2123 1612 2209 populi
1670 2125 1984 2192 subiectio
2028 2129 2216 2196 ferat.
2303 2130 2434 2200 Hic
2478 2152 2635 2200 vero
2676 2152 2793 2197 no-

843 2211 1026 2277 mine
1071 2208 1377 2276 desiderii
1413 2210 1578 2275 nihil
1613 2210 1793 2278 aliud
1829 2212 2347 2300 intelligendum,
2385 2237 2583 2302 quam
2619 2216 2793 2302 quod

845 2305 986 2362 erat
1028 2296 1100 2361 in
1142 2294 1391 2362 Israele
1448 2298 2089 2380 praestantissimum
2134 2300 2324 2368 Sauli
2382 2312 2452 2369 et
2508 2306 2653 2372 eius
2698 2305 2790 2370 sa-

842 2381 1069 2448 miliae
1140 2382 1497 2448 reservari:
1572 2383 1892 2467 siquidem
1968 2385 2173 2453 Saule
2237 2388 2627 2474 dignitatem
2685 2412 2788 2456 re-

891 2468 1027 2533 iam
1071 2474 1493 2551 consequuto,
1548 2475 1692 2535 tota
1734 2470 1946 2555 ipsius
1987 2473 2242 2540 familia
2280 2474 2628 2542 nobilitata
2669 2485 2786 2542 est.

911 2572 1077 2638 eque
1119 2552 1296 2620 enim
1339 2552 1424 2619 ad
1467 2554 1682 2621 solum
1727 2553 1998 2624 Saulem
2042 2559 2362 2644 primaria
2415 2561 2531 2628 illa
2575 2561 2786 2649 digni·

842 2646 968 2739 tas,
1032 2637 1150 2705 sed
1212 2637 1296 2704 ad
1360 2645 1566 2708 totam
1633 2641 1779 2708 eius
1836 2643 2034 2710 etiam
2090 2646 2410 2713 familiam
2463 2650 2785 2733 pervenit.

838 2723 974 2791 H1s
1029 2724 1253 2809 itaque
1311 2725 1531 2792 verbis
1578 2724 1845 2794 Samuel
1900 2731 2190 2798 ostendit
2233 2730 2503 2800 Saulem
2559 2756 2599 2801 a
2639 2732 2787 2801 Deo

837 2818 1146 2878 vocatum
1206 2811 1289 2878 ad
1356 2832 1498 2879 eam
1574 2812 1964 2899 dignitatem
2028 2839 2224 2902 quam
2288 2840 2375 2887 ne
2438 2819 2788 2906 cogitando

836 2895 1105 2983 quidem
1148 2906 1491 2982 sperasset.

1013 2983 1179 3051 Saul
1217 3003 1375 3051 vero
1410 2993 1591 3051 totus
1625 2985 1708 3051 ad
1744 2985 1924 3053 hunc
1966 2989 2286 3056 nuncium
2331 2991 2688 3076 obstupuit,
2724 3000 2792 3058 et

836 3069 926 3139 ad
980 3077 1230 3137 tautam
1276 3069 1407 3135 Dei
1463 3070 1742 3156 gratiam
1801 3073 1926 3138 sibi
1982 3076 2377 3158 patefactam
2430 3078 2788 3158 cohorruit,

842 3156 1155 3226 Samuele
1198 3157 1325 3241 ipsi
1368 3158 1799 3240 patefaciente
1819 3157 1951 3224 Dei
1994 3158 2349 3245 decretum,
2390 3163 2576 3248 quasi
2621 3163 2790 3230 dice-

836 3250 965 3324 ret,
1021 3242 1241 3327 ipsum
1298 3243 1621 3328 reperisse
1679 3242 1851 3328 quod
1895 3266 2030 3313 non
2072 3248 2504 3331 quaesiverat.
2593 3248 2789 3332 Quod

840 3349 928 3397 ex
982 3328 1192 3414 ipsius
1242 3348 1553 3413 responso
1612 3329 1688 3395 fit
1741 3332 2192 3417 perspicuum,
2245 3355 2448 3418 quum
2502 3335 2787 3422 excipit:

843 3413 987 3501 Eyo
1027 3434 1174 3480 sum
1231 3414 1308 3480 de
1361 3414 1532 3481 tribu
1573 3414 1941 3498 Beniamin,
1996 3425 2053 3486 et
2094 3421 2315 3502 patris
2367 3423 2495 3489 mei
2526 3422 2790 3506 familia

837 3501 1110 3567 minima
1176 3504 1265 3565 est
1327 3500 1488 3565 inter
1551 3521 1761 3569 omnes
1824 3504 2014 3570 alias.
2103 3505 2197 3572 Se
2255 3508 2519 3591 quidem
2574 3509 2785 3574 filium

834 3583 1081 3652 Iemini
1125 3596 1480 3684 nuncupat,
1522 3587 1635 3653 sed
1681 3609 1765 3654 ex
1810 3589 2010 3657 huius
2044 3592 2277 3676 capitis
2310 3594 2500 3659 initio
2535 3595 2789 3679 perspi-

840 3671 1085 3739 cimus:
1126 3670 1368 3737 Iemmi
1412 3693 1557 3740 esse
1599 3672 1775 3740 idem
1821 3696 1896 3741 ac
1917 3676 2289 3745 Beniamin.
2356 3679 2575 3746 Filius
2610 3683 2786 3748 enim

842 3766 984 3824 erat
1049 3756 1386 3823 cuiusdam
1453 3779 1488 3824 e
1557 3759 1730 3826 tribu
1798 3761 2169 3829 Beniamin.
2270 3763 2501 3849 Neque
2566 3776 2789 3833 tamen

895 3850 1196 3927 ropterea
1237 3843 1563 3911 movenda
1605 3849 1935 3915 contentio
1978 3858 2099 3927 est,
2156 3850 2300 3917 sive
2342 3851 2604 3932 Iemini,
2649 3854 2790 3919 sive

911 3929 1196 3995 eniamin
1259 3928 1568 4015 dicamus,
1628 3931 1756 3998 fuit
1812 3932 1989 3999 enim
2048 3944 2113 4000 et
2152 3935 2395 4003 Iemini
2437 3945 2504 4004 et
2546 3938 2788 4005 Benia-

841 4015 1007 4080 min.
1099 4012 1232 4082 Sed
1293 4034 1525 4098 scopus
1568 4020 2013 4105 responsionis
2066 4022 2262 4088 istius
2319 4025 2530 4110 magis
2575 4031 2790 4091 atten-

838 4099 1115 4179 dendus,
1173 4099 1287 4183 qui
1344 4101 1662 4170 eiusmodi
1720 4115 1823 4172 est
1879 4116 1956 4171 ut
2010 4104 2175 4175 Saul
2236 4108 2412 4176 ultro
2472 4121 2791 4195 agnoscat

838 4185 1188 4253 hominum
1246 4198 1544 4272 respectu
1603 4210 1674 4257 se
1730 4191 1812 4257 ab
1869 4191 1993 4258 hoc
2050 4194 2389 4280 dignitatis
2432 4196 2640 4281 gradu
2684 4218 2785 4261 re·

839 4272 1298 4352 motissimum,
1342 4283 1410 4339 et
1455 4274 1948 4357 alienissimum,
1994 4279 2519 4366 quandoquidem
2544 4282 2786 4348 Benia-

836 4359 1003 4425 mini
1065 4358 1275 4425 tribus
1334 4374 1507 4426 esset
1560 4383 1637 4429 eo
1696 4371 1986 4449 tempore
2029 4365 2204 4432 inter
2244 4366 2531 4451 reliquas
2577 4366 2787 4435 abiec-

830 4446 1109 4512 tissima.
1196 4443 1371 4510 Nam
1437 4447 1507 4511 in
1549 4447 1849 4515 Indicum
1895 4449 2170 4518 historia
2214 4453 2519 4532 vidimus,
2579 4475 2787 4538 paene

834 4539 1042 4599 totam
1104 4529 1289 4596 illam
1356 4532 1598 4599 tribum
1679 4534 2125 4605 internecione
2203 4540 2405 4606 fuisse
2484 4539 2785 4618 deletam,

834 4636 1040 4702 quum
1086 4615 1402 4684 adversus
1462 4618 1626 4687 alias
1683 4620 1894 4688 tribus
1945 4622 2061 4689 illa
2104 4624 2350 4690 bellum
2394 4626 2789 4711 suscepisset

833 4724 956 4788 pro
1001 4702 1188 4770 foedo
1234 4712 1300 4767 et
1344 4702 1781 4772 abominando
1823 4707 1937 4774 illo
1995 4709 2264 4794 flagitio,
2327 4720 2786 4796 constupratae

835 4789 1065 4856 uxoris
1111 4789 1410 4855 Levitae.
1504 4791 1728 4872 Quare
1785 4796 2072 4877 oportuit
2117 4797 2366 4864 tribum
2409 4798 2785 4864 Beniamiui

836 4875 1136 4941 nondum
1180 4896 1221 4940 a
1264 4884 1451 4941 tanta
1510 4879 1706 4963 plaga
1760 4888 2220 4960 restauratam,
2277 4883 2393 4949 sed
2447 4884 2785 4950 infirmam

835 4960 1043 5027 fuisse
1110 4981 1186 5027 ac
1252 4962 1522 5027 minime
1592 4966 2006 5050 populosam,
2085 4978 2547 5053 praeterquam
2612 4969 2784 5054 quod

835 5055 1036 5112 antea
1076 5046 1208 5112 iam
1255 5068 1388 5113 non
1432 5049 1784 5116 admodum
1824 5052 2058 5119 fuisset
2095 5076 2456 5122 numerosa.
2525 5055 2783 5122 Deinde

833 5131 1154 5231 familiam
1210 5134 1416 5215 patris
1476 5138 1721 5221 excipit
1776 5138 2115 5204 minimam
2175 5162 2319 5207 esse
2377 5141 2446 5206 in
2510 5142 2784 5226 reliquis

824 5217 1050 5283 tribus
1070 5217 1449 5285 Beniamiui
1492 5222 1775 5290 familiis.
1845 5225 2030 5292 Deus
2071 5225 2274 5311 igitur
2319 5227 2537 5293 virum
2581 5228 2778 5295 istum

2480 272 2895 379 HOMILIA
2937 310 3211 379 xxxl.

4668 310 4759 378 580

2892 500 3248 586 ignobilem
3294 507 3358 565 et
3401 497 3637 566 humili
3694 497 3835 564 loco
3875 504 4110 564 natum
4153 494 4237 561 ad
4279 504 4533 562 tantam
4572 518 4767 582 promo·

2890 609 3053 655 vens
3097 586 3482 671 dignitatem
3528 592 3803 653 naturae
3845 583 4146 650 ordinem
4189 591 4493 650 evertere
4535 583 4766 652 videtur:

2891 674 3015 739 etsi
3057 672 3281 739 Saulis
3316 673 3566 757 species
3607 679 3674 738 et
3717 679 3971 737 statura
4012 668 4365 738 videbatur
4406 672 4677 753 apposita
4708 672 4769 738 ad

2891 758 3293 843 dignitatem,
3352 756 3902 843 quemadmodum
3945 755 4277 824 videmus:
4334 753 4452 821 sed
4496 763 4686 821 tamen
4719 759 4767 821 in

2890 854 3029 912 tota
3073 845 3319 910 familia
3362 843 3530 910 nihil
3573 849 3745 910 esset
3787 842 4064 927 regium,
4107 849 4176 906 et
4214 846 4496 925 paterna
4536 840 4771 907 conditio

2889 939 3065 997 esset
3107 951 3147 996 a
3190 938 3376 996 tanta
3418 928 3737 1015 dignitate
3771 927 4225 995 remotissima.
4293 924 4384 994 Se
4416 926 4614 1011 igitur
4630 936 4772 993 tanto

2886 1017 3236 1102 indignum
3279 1017 3526 1083 honore
3567 1012 3883 1100 agnoscit,
3928 1023 4125 1098 atque
4168 1012 4251 1078 ad
4293 1012 4604 1080 nuncium
4630 1011 4776 1078 illum

2889 1102 3308 1188 obstupescit.
3385 1101 3518 1169 Ubi
3560 1100 3850 1167 notanda
3891 1108 3993 1170 est
4036 1098 4263 1166 Saulis
4304 1117 4442 1165 non
4485 1097 4777 1165 mediocris

2891 1190 3126 1269 virtue,
3186 1188 3267 1254 de
3324 1208 3394 1254 se
3438 1193 3575 1253 tam
3620 1187 3913 1255 modeste
3953 1184 4335 1252 sentientis:
4395 1192 4464 1249 et
4506 1204 4629 1249 non
4664 1194 4776 1249 tau·

2891 1283 3031 1341 tum
3075 1274 3338 1342 divinae
3380 1273 3634 1359 gratiae
3676 1272 4026 1340 tribuentis
4061 1290 4256 1356 quam
4293 1269 4520 1336 debuit
4549 1267 4780 1348 laudem,

2893 1360 3011 1427 sed
3076 1359 3610 1445 obstupescentis,
3677 1368 3744 1425 et
3808 1359 4063 1424 somnia
4123 1356 4347 1441 potius
4411 1376 4606 1439 quam
4671 1375 4780 1420 rem

2894 1453 3167 1532 gestam,
3224 1446 3397 1530 quod
3452 1444 3657 1514 oculis
3709 1443 4090 1510 intuebatur
4146 1443 4511 1528 cogitantis.
4593 1438 4784 1506 Laude

2893 1554 3051 1598 saue
3108 1553 3242 1599 non
3297 1552 3503 1616 parva
3561 1530 3764 1615 digna
3819 1527 4169 1609 modestia:
4227 1548 4397 1612 quae
4455 1537 4682 1605 tamen,
4726 1533 4784 1591 ut

2891 1618 3066 1684 infra
3108 1618 3494 1699 videbimus,
3551 1636 3687 1682 non
3744 1616 3914 1682 altas
3972 1616 4146 1699 apud
4193 1634 4345 1681 eum
4387 1613 4638 1679 radices
4671 1632 4790 1696 ege-

2893 1712 3011 1780 rat,
3071 1703 3248 1770 unde
3303 1704 3551 1770 factum
3607 1710 3711 1770 est
3765 1711 3840 1769 ut
3893 1702 4157 1767 tandem
4200 1700 4402 1767 etiam
4445 1719 4594 1765 cum
4637 1696 4789 1762 dede·

2893 1810 3040 1856 core
3084 1790 3170 1856 sit
3212 1796 3701 1856 exauctoratus:
3746 1799 3823 1853 ut
3863 1807 3993 1871 quo
4035 1787 4245 1854 maior
4288 1784 4415 1851 fuit
4454 1784 4575 1851 illa
4614 1783 4792 1868 digni·

2893 1882 2997 1941 tas
3041 1875 3124 1941 ad
3168 1896 3366 1959 quam
3411 1883 3552 1941 erat
3594 1883 3882 1953 evectus,
3921 1892 4001 1939 eo
4043 1873 4255 1939 maior
4293 1871 4572 1938 infamia
4611 1878 4674 1935 et
4709 1867 4792 1933 de-

2894 1961 3090 2028 decus
3132 1969 3523 2046 perpetuum
3566 1961 3683 2026 illa
3738 1958 4153 2027 excidentem
4208 1957 4526 2024 affecerit.
4609 1954 4793 2037 Quare

2892 2056 3078 2114 tanto
3103 2049 3309 2113 maior
3342 2046 3451 2112 hic
3486 2044 3858 2113 adhibenda
3889 2045 4108 2112 cautio
4128 2043 4316 2112 nobis
4349 2052 4473 2122 est,
4519 2049 4594 2108 ut
4632 2060 4795 2125 quum

2892 2133 3081 2199 Deus
3120 2132 3309 2200 nobis
3350 2133 3552 2199 semel
3596 2130 3820 2199 oculos
3854 2129 4131 2215 aperuit,
4166 2148 4245 2197 ac
4276 2138 4579 2195 nostram
4619 2126 4794 2192 tenui·

2892 2227 3093 2284 tatem
3139 2219 3329 2285 nobis
3369 2220 3695 2303 patefecit,
3737 2236 4172 2318 agnoscamus
4212 2235 4339 2281 nos
4374 2211 4689 2298 quidquid
4707 2210 4796 2277 do·

2892 2325 3123 2371 norum
3166 2302 3484 2370 habemus
3537 2305 3620 2370 ab
3676 2305 3884 2388 ipsius
3937 2303 4137 2369 unius
4190 2304 4491 2385 gratuita
4547 2299 4795 2365 bonitate

2892 2390 3237 2473 accepisse,
3302 2402 3497 2474 atque
3555 2390 3794 2455 animis
3850 2389 4094 2455 nostris
4150 2387 4351 2453 altius
4406 2385 4577 2452 illud
4618 2386 4800 2469 ipsum

2889 2476 3263 2562 infigamus,
3319 2474 3490 2559 quod
3542 2475 3726 2542 nulla
3782 2494 4075 2559 unquam
4132 2472 4466 2541 oblivione
4520 2471 4797 2537 deleatur.

2891 2562 3119 2646 Neque
3164 2563 3339 2628 enim
3397 2562 3557 2629 satis
3613 2571 3714 2629 est
3767 2581 3891 2625 nos
3932 2561 4006 2625 in
4049 2559 4222 2626 diem
4265 2579 4482 2624 unum
4526 2568 4643 2624 aut
4678 2555 4803 2620 alte-

2890 2668 3041 2715 rum
3091 2647 3536 2715 humilitatem
3594 2669 3671 2715 ac
3728 2644 4113 2713 modestiam
4166 2664 4324 2730 pras
4381 2643 4579 2712 nobis
4631 2642 4799 2708 ferre:

2894 2735 3150 2819 Deique
3206 2733 3568 2801 bonitatem
3623 2735 3794 2799 tanti
3855 2732 4068 2799 facere
4133 2731 4363 2816 quanti
4425 2734 4709 2815 oportet,
4752 2737 4803 2791 et

2892 2819 3169 2888 summis
3211 2818 3516 2887 laudibus
3559 2819 3953 2903 praedicare,
3997 2815 4115 2884 sed
4156 2816 4719 2901 perseverandum
4750 2812 4803 2877 in

2892 2927 2969 2973 eo
3011 2915 3130 2986 est,
3186 2914 3264 2972 ut
3323 2906 3405 2972 ad
3450 2906 3651 2972 finem
3696 2926 3901 2989 usque
3943 2903 4280 2969 tenuitatis
4324 2915 4391 2968 et
4431 2901 4804 2968 infirmitatis

2893 3000 3156 3059 nostrae
3209 2991 3450 3060 conscii
3495 2992 3638 3058 Deo
3695 3010 3884 3059 suam
3940 2989 4300 3074 potentiam
4356 2989 4806 3072 relinquamus,

2895 3098 2973 3144 ac
3051 3078 3345 3145 debitum
3412 3078 3729 3144 honorem
3793 3076 4180 3144 tribuamus.
4289 3073 4572 3142 Saulem
4635 3071 4806 3154 igitur

2894 3183 3095 3248 quum
3156 3164 3742 3230 animadvertimus
3796 3162 3987 3229 initio
4052 3161 4256 3228 fuisse
4320 3161 4704 3227 modestum
4755 3166 4809 3221 et

2891 3249 3231 3330 humilem,
3290 3249 3528 3316 deinde
3582 3249 3695 3316 ubi
3753 3249 3837 3316 ad
3893 3268 4115 3315 rerum
4174 3245 4636 3334 gubernacula
4673 3241 4808 3341 sedit

2889 3337 3139 3403 factum
3179 3335 3672 3403 insolentior-em
3717 3341 3787 3400 et
3827 3335 3931 3403 sui
3973 3333 4254 3400 oblitum
4295 3353 4464 3412 esse,
4513 3339 4701 3398 tanto
4735 3326 4812 3393 dx·

2887 3422 3201 3509 ligentius
3264 3422 3626 3508 cogitemus
3685 3440 3824 3487 non
3889 3419 4196 3487 sufficere
4259 3419 4320 3485 si
4377 3419 4596 3485 semel
4653 3423 4811 3499 atque

2887 3508 3130 3574 iterum
3154 3508 3280 3575 Dei
3317 3527 3477 3593 erga
3519 3528 3638 3574 nos
3680 3506 4023 3573 benefacta
4064 3524 4572 3592 cognoscamus,
4616 3511 4684 3570 et
4717 3517 4812 3586 pro

2888 3593 3025 3660 illis
3067 3592 3279 3662 laudis
3322 3593 3717 3661 sacrificium
3761 3600 3828 3660 et
3886 3590 4178 3658 debitum
4235 3590 4572 3658 honorem
4616 3586 4809 3654 mdda·

2890 3698 3072 3746 mus:
3137 3681 3252 3747 sed
3312 3687 3614 3764 oportere
3670 3686 4081 3746 constantem
4147 3678 4548 3743 memoriam
4614 3691 4813 3742 eorum

2892 3774 3032 3832 tota
3089 3766 3229 3832 vita
3286 3767 3587 3851 retinere,
3646 3765 3997 3848 pristinam
4053 3775 4344 3830 nostram
4390 3763 4814 3829 conditionem

2890 3858 2961 3917 et
3002 3852 3324 3953 originem
3367 3852 3440 3917 in
3484 3850 3624 3917 dies
3668 3857 4127 3936 agnoscentes:
4177 3850 4454 3933 Deoque
4501 3845 4813 3914 ardentius

2890 3939 3346 4018 inservientes,
3388 3937 3563 4022 quod
3604 3958 3741 4002 non
3783 3945 4012 4003 nostra
4052 3935 4400 4016 industria,
4465 3957 4614 4002 non
4666 3933 4815 3998 labo·

2889 4024 3073 4091 ribus
3116 4032 3185 4090 et
3225 4023 3587 4109 vigilantia,
3635 4023 3750 4089 sed
3792 4023 4002 4107 ipsius
4045 4041 4252 4087 manu
4297 4029 4365 4086 et
4385 4013 4813 4087 voluntatead

2893 4110 3178 4193 aliquam
3261 4108 3648 4194 dignitatem
3729 4109 4169 4194 pervenimus.
4280 4107 4481 4188 Quae
4551 4103 4818 4173 doctriua

2889 4195 3017 4262 hoc
3059 4194 3200 4262 loco
3245 4194 3544 4281 pluribus
3587 4196 3778 4262 nobis
3823 4205 3923 4261 est
3967 4193 4373 4278 explicanda.
4443 4193 4558 4259 De
4597 4204 4814 4273 tempo-

2889 4280 3014 4346 rali
3070 4302 3276 4366 regno
3323 4281 3430 4346 hic
3472 4281 3709 4366 agitur,
3753 4287 3822 4346 et
3866 4280 4128 4363 quidem
4173 4276 4258 4346 ad
4301 4280 4637 4364 exiguum
4681 4287 4816 4342 tem·

2886 4367 3064 4452 poris
3099 4376 3502 4433 momentum
3540 4365 3884 4433 duraturo:
3929 4366 4114 4431 Deus
4148 4365 4321 4431 enim
4359 4383 4661 4450 regnum
4681 4356 4815 4427 illud

2888 4463 3032 4519 crat
3061 4454 3133 4518 in
3165 4453 3337 4520 tribu
3355 4451 3523 4518 Iuda
3557 4462 3914 4532 erecturus,
3973 4450 4448 4534 Davidemque,
4494 4461 4575 4517 ut
4611 4444 4814 4515 deinde

2885 4539 3130 4605 factum
3175 4546 3293 4620 est,
3335 4538 3758 4605 stabiliturus.
3849 4536 4071 4606 Saulis
4134 4539 4154 4602 i
4207 4538 4338 4604 'tur
4394 4537 4668 4602 vocatio
4718 4533 4814 4598 fuit

2886 4632 3147 4691 tantum
3191 4625 3274 4691 ad
3320 4633 3593 4709 tempus,
3650 4634 3716 4690 et
3758 4624 3940 4691 velut
3982 4622 4154 4708 quod
4202 4645 4306 4689 am
4352 4623 4814 4707 interregnum.

2887 4714 2988 4777 Ac
3045 4731 3205 4777 sane
3263 4709 3408 4777 Deo
3521 4709 3696 4776 otius
3760 4708 4084 4775 tolerante
4148 4728 4342 4793 quam
4388 4709 4687 4775 faciente
4729 4701 4813 4772 vel

2886 4797 3287 4882 approbante
3331 4731 3517 4862 Saul³
3552 4796 3624 4861 in
3682 4796 3936 4878 regiam
3974 4794 4157 4861 illam
4204 4795 4612 4880 dignitatem
4655 4809 4813 4859 eveo-

2885 4892 2992 4948 tus
3035 4891 3155 4960 est,
3223 4883 3347 4948 etsi
3382 4882 3568 4948 Deus
3625 4881 4118 4949 benevolentiae
4175 4901 4334 4947 suae
4377 4881 4814 4946 testimouium

2887 4966 3156 5054 aliquod
3202 4967 3409 5034 edidit
3459 4988 3615 5053 erga
3658 4988 3742 5052 po
3791 4968 3996 5045 ulum,
4040 4968 4351 5034 suscitato
4396 4965 4620 5033 Saule
4661 4963 4815 5031 cuius

2887 5076 3085 5138 opera
3144 5053 3226 5119 ad
3281 5052 3501 5138 populi
3562 5053 3666 5120 sui
3776 5054 4178 5119 efeusionem
4235 5065 4303 5119 et
4366 5052 4813 5118 liberationem

2885 5150 3214 5207 uteretur:
3261 5140 3415 5206 licet
3451 5148 3976 5205 momentaneum
4023 5149 4283 5204 tantum
4329 5151 4516 5204 esset
4563 5151 4812 5222 regnum

2885 5226 3047 5292 illud
3119 5225 3337 5293 Saulis
3400 5227 3717 5291 futurum.
3826 5225 4279 5291 Nihilominus
4345 5233 4589 5291 tamen
4654 5223 4707 5290 si
4760 5219 4814 5284 iu
