5059 6059
903 338 1035 407 163

884 526 1115 595 nostri
1168 525 1322 592 Iesu
1380 524 1634 593 Christi
1687 526 1974 593 adventu
2029 527 2258 610 coepit,
2325 525 2440 592 sed
2498 525 2632 591 iam
2692 534 2847 591 ante

908 615 1103 681 etiam
1147 611 1526 700 inoleverat.
1597 611 1707 680 Sic
1755 612 2050 678 videmus
2086 611 2541 679 Samaritanos
2585 622 2848 696 patrum

905 697 1225 782 exemplis
1257 718 1402 764 sese
1436 699 1606 765 tueri
1641 719 1841 782 quum
1877 697 1948 762 in
1982 697 2350 763 adulterino
2385 698 2628 781 templo
2664 718 2851 763 sacra

904 786 1214 862 facerent,
1270 783 1445 867 quod
1488 786 1558 848 in
1601 782 1917 850 invidiam
1964 783 2356 850 Iudaeorum
2399 791 2848 850 constructum

904 871 1136 951 fuerat,
1201 878 1270 936 et
1333 870 1536 936 stulta
1600 869 1948 938 devotione
2010 869 2137 936 loci
2193 869 2614 935 sanctitatem
2670 889 2852 952 prae·

905 968 1166 1033 texere,
1226 956 1396 1040 quod
1451 957 1520 1021 in
1580 955 1712 1021 illis
1767 955 2180 1040 patriarchas
2235 955 2449 1021 Deum
2507 955 2850 1021 invocasse

951 1043 1368 1119 loriarentur,
1391 1043 1473 1108 ad
1495 1062 1777 1125 quorum
1800 1041 2173 1125 exemplum
2198 1061 2342 1108 sese
2363 1048 2848 1124 componerent.

1000 1129 1042 1194 d
1097 1129 1207 1194 lex
1254 1129 1381 1193 Dei
1437 1143 1537 1194 est
1592 1128 1955 1194 certissima
2011 1141 2077 1192 et
2118 1127 2449 1193 tutissima
2490 1125 2720 1211 regula
2765 1125 2848 1192 ad

903 1235 1101 1299 quam
1135 1214 1387 1282 cultum
1422 1233 1684 1280 omnem
1721 1212 1948 1280 referri
1990 1221 2262 1296 oportet.
2316 1211 2569 1279 Idcirco
2610 1211 2851 1277 diserte

905 1311 1085 1368 vetat
1112 1300 1440 1365 Dominus
1482 1299 1836 1384 quidquam
1879 1299 1951 1363 in
1993 1320 2114 1365 suo
2158 1299 2339 1364 cultu
2379 1320 2468 1364 ex
2509 1297 2850 1363 hominum

907 1386 1176 1452 arbitrio
1219 1386 1544 1462 innovari,
1589 1385 1705 1452 sed
1749 1393 1979 1452 contra
2022 1384 2194 1468 quod
2239 1384 2420 1450 iubet
2462 1394 2689 1450 exacte
2734 1384 2848 1449 ob-

907 1473 1175 1549 servari,
1223 1481 1297 1536 ut
1332 1471 1496 1536 nihil
1531 1471 1601 1536 in
1637 1492 1715 1536 eo
1758 1472 2162 1550 immutetur,
2208 1469 2377 1536 nihil
2414 1468 2693 1534 addatur
2732 1470 2847 1534 de·

909 1558 1320 1636 trahaturve,
1383 1579 1590 1641 neque
1634 1556 1715 1622 ad
1759 1557 2016 1623 laevam
2062 1574 2177 1621 aut
2219 1555 2520 1622 dextram
2565 1555 2846 1621 decline-

904 1653 1032 1710 tur.
1123 1642 1250 1708 Dei
1310 1663 1440 1708 vox
1497 1656 1561 1708 et
1616 1650 2033 1726 praeceptum
2077 1641 2255 1707 istud
2299 1651 2400 1706 est
2442 1640 2847 1706 immutabile

901 1743 968 1795 et
1021 1728 1486 1796 irrevocabile:
1544 1727 1960 1813 quamobrem
2007 1727 2204 1793 etiam
2249 1726 2332 1793 ad
2378 1727 2689 1792 amussim
2733 1726 2846 1792 ob-

904 1814 1320 1882 servandum.
1421 1815 1671 1881 Verum
1723 1815 1897 1879 enim
1947 1834 2106 1879 vero
2154 1824 2413 1880 sanctos
2468 1812 2616 1877 illos
2675 1813 2847 1878 viros

905 1901 1063 1966 olim
1098 1901 1289 1965 aliter
1324 1922 1476 1966 usos
1522 1900 1837 1980 videmus,
1882 1920 2081 1982 quare
2123 1920 2282 1983 ergo
2324 1898 2474 1964 illos
2518 1919 2654 1963 non
2696 1897 2845 1962 imi·

905 1985 1245 2052 taremur?
1308 1986 1580 2069 Nempe,
1616 1985 1785 2069 quod
1808 1986 1864 2050 si
1901 1984 2244 2070 privilegio
2279 1982 2564 2068 quodam
2597 1985 2843 2051 factum

902 2086 1031 2151 est,
1114 2094 1245 2137 non
1306 2070 1504 2138 liceat
1558 2072 1681 2136 hoc
1737 2083 2026 2154 tempore
2087 2070 2252 2135 illud
2313 2089 2664 2153 usurpare:
2732 2067 2845 2135 sed

893 2158 1211 2223 standum
1282 2158 1369 2224 sit
1439 2157 1668 2242 regula
1723 2178 1917 2242 quam
1974 2156 2115 2240 ipse
2171 2155 2354 2222 Deus
2410 2155 2843 2238 praescripsit.

905 2244 1259 2310 Caeterum
1322 2263 1454 2308 non
1514 2264 1742 2309 sumus
1786 2244 1946 2309 satis
2001 2242 2221 2308 idonei
2261 2241 2509 2310 iudices
2554 2239 2634 2306 de
2675 2242 2844 2307 facto

901 2328 1269 2411 Samuelis,
1350 2337 1610 2395 rectene
1693 2350 1778 2394 an
1845 2349 2030 2393 secus
2094 2328 2315 2393 fecerit
2373 2326 2845 2392 Bethlehemae

905 2415 1307 2481 sacrificans:
1353 2434 1554 2498 quum
1598 2415 1982 2497 praesertim
2018 2413 2162 2479 Deo
2206 2420 2465 2498 gratum
2511 2425 2577 2477 et
2618 2432 2843 2495 accep-

902 2508 1047 2566 tum
1081 2500 1170 2566 sit
1203 2499 1610 2580 sacrificium,
1656 2521 1790 2564 non
1824 2500 2195 2583 inquirente
2238 2500 2306 2564 in
2353 2498 2587 2564 vitium
2632 2518 2844 2580 neque

906 2585 1221 2652 severiter
1256 2584 1338 2651 ad
1374 2606 1529 2652 suae
1564 2585 1851 2651 iustitiae
1885 2585 2180 2671 regulam
2217 2583 2647 2668 expendente.
2706 2584 2842 2650 Nos

906 2673 1128 2755 itaque
1149 2671 1295 2737 Deo
1338 2671 1477 2737 sine
1521 2673 1939 2737 contentione
1980 2692 2213 2756 parere
2255 2670 2606 2747 discamus,
2649 2679 2717 2734 et
2759 2690 2843 2734 ne

903 2759 1056 2841 quid
1118 2759 1200 2824 ab
1258 2778 1390 2823 uno
1432 2757 1538 2821 vel
1582 2756 1787 2823 altero
1829 2757 2068 2824 factum
2106 2758 2194 2822 sit
2237 2757 2631 2832 intueamur,
2678 2754 2842 2820 illud

903 2844 976 2909 in
1022 2843 1398 2927 exemplum
1446 2844 1741 2921 tracturi,
1784 2841 2303 2926 quandoquidem
2344 2840 2471 2906 Dei
2516 2839 2844 2906 mandatis

903 2930 1048 2997 sine
1089 2930 1470 3012 exceptione
1514 2942 1614 2994 est
1653 2927 2254 3013 obtemperandum.

1077 3013 1424 3098 Sequitur:
1497 3014 2029 3097 Sandificamini,
2094 3019 2150 3080 et
2211 3015 2409 3080 venite
2472 3033 2712 3080 mecum
2775 3016 2845 3077 ut

902 3100 1224 3167 molem.
1332 3098 1759 3182 &notificavit
1811 3120 1961 3183 erqo
2017 3100 2161 3166 Isaz
2215 3105 2273 3165 et
2323 3098 2495 3180 filios
2552 3100 2718 3170 eius,
2790 3104 2846 3163 et

900 3187 1138 3252 vocavit
1180 3206 1281 3251 eos
1322 3186 1411 3252 ad
1450 3185 1845 3267 sacrificium.
1935 3186 2082 3250 Mos
2125 3185 2235 3250 ille
2279 3185 2408 3250 fuit
2449 3185 2572 3249 sub
2617 3184 2842 3268 legali-

902 3271 1027 3338 bus
1107 3272 1356 3337 umbris
1425 3273 1704 3336 usitatus
1772 3283 1843 3336 ut
1907 3272 2111 3337 saeris
2177 3271 2632 3354 participaturi
2698 3289 2844 3335 sese

900 3359 1344 3444 purificarent.
1426 3356 1557 3423 Ubi
1600 3355 2098 3433 observandum,
2144 3377 2252 3422 eos
2295 3357 2407 3440 qui
2450 3355 2842 3421 sacrificium

902 3442 1277 3522 offerebant,
1322 3463 1676 3509 convocare
1720 3441 1948 3508 solitos
1992 3442 2252 3520 amicos,
2299 3455 2364 3507 et
2408 3441 2600 3506 rebus
2645 3444 2844 3507 sacris

903 3530 1107 3606 vesci,
1166 3539 1508 3612 postquam
1567 3527 1870 3595 sacerdos
1927 3528 2288 3611 portionem
2342 3526 2716 3602 sustulerat,
2776 3537 2845 3592 et

900 3615 1026 3680 rite
1070 3614 1214 3679 Deo
1270 3635 1352 3679 ex
1413 3615 1615 3698 ipsius
1674 3614 2072 3697 praescripto
2133 3634 2317 3680 sacra
2364 3614 2619 3691 fecerat,
2665 3628 2728 3676 et
2776 3615 2842 3677 in

902 3701 1030 3765 Dei
1064 3711 1412 3782 conspeetu
1454 3699 1845 3766 exhilarari:
1891 3701 2076 3766 cuius
2116 3700 2208 3765 rei
2253 3698 2555 3782 exempla
2597 3699 2839 3782 passim

904 3787 972 3851 in
1041 3787 1243 3850 sacris
1308 3797 1588 3851 exstant.
1675 3786 1885 3852 Porro
1949 3786 2336 3851 sacrificium
2401 3785 2742 3867 oportebat
2804 3805 2844 3848 a

902 3872 1264 3957 purificatis
1285 3883 1352 3936 et
1375 3872 1553 3936 nulla
1587 3871 1781 3937 sorde
1816 3871 2244 3955 coinquinatis
2279 3868 2545 3935 comedi.
2591 3868 2843 3951 Quam*

903 3958 1128 4023 obrem
1187 3955 1267 4021 ad
1322 3957 1711 4023 sacrificium
1762 3956 2062 4023 advocati
2106 3971 2416 4040 tanquam
2463 3954 2544 4020 ad
2589 3976 2839 4022 sacram

904 4061 1197 4110 mensam
1265 4043 1769 4123 conveniebant,
1830 4053 1898 4107 et
1962 4063 2107 4107 eam
2173 4043 2252 4108 ob
2319 4062 2458 4106 rem
2520 4039 2843 4108 Dominus

900 4127 1235 4215 purificari
1293 4126 1574 4205 iubebat,
1633 4151 1716 4193 ne
1774 4128 1942 4194 ullas
1999 4127 2222 4193 sordes
2278 4140 2345 4192 et
2403 4127 2690 4193 maculas
2747 4129 2841 4192 in-

903 4216 1166 4282 ferrent.
1254 4213 1578 4297 Equidem
1639 4215 1862 4292 fateor,
1922 4234 2120 4297 quum
2169 4215 2351 4279 Deus
2393 4212 2570 4278 cibos
2614 4234 2841 4279 omnes

902 4299 1280 4377 sanctificet,
1347 4299 1474 4364 illis
1537 4300 1734 4365 etiam
1802 4299 1974 4364 bona
2038 4298 2435 4366 conscientia
2501 4299 2839 4377 utendum,

903 4386 1072 4472 quod
1136 4384 1441 4468 alioquin,
1505 4396 1576 4450 ut
1626 4397 1847 4450 monet
1891 4384 2136 4450 Paulus
2198 4384 2545 4469 apostolus,
2594 4385 2840 4469 polluta

900 4474 1120 4540 omnia
1163 4473 1386 4536 futura
1429 4472 1580 4548 sint,
1625 4481 1693 4535 et
1735 4491 2152 4554 quoscunque
2196 4471 2372 4537 cibos
2408 4469 2729 4535 sumimus
2771 4471 2840 4535 in

899 4557 1419 4625 maledictionem
1447 4556 1758 4639 iniquitas
1780 4569 1843 4621 et
1878 4556 2149 4640 pollutio
2183 4563 2544 4623 convertat.
2588 4554 2837 4621 Verum

903 4657 1122 4710 tamen
1182 4641 1536 4726 singularis
1593 4641 1904 4725 quaedam
1964 4641 2090 4707 fuit
2132 4642 2597 4709 sacrificiorum
2640 4643 2838 4706 ratio:

904 4752 1055 4796 nam
1116 4730 1186 4794 in
1244 4727 1327 4793 iis
1384 4729 1823 4796 sacrificantes
1881 4748 2022 4793 sese
2071 4727 2273 4793 veluti
2317 4726 2463 4792 Deo
2504 4726 2839 4793 sistebant.

902 4814 1344 4898 Quamobrem
1389 4834 1574 4880 sacra
1614 4812 1728 4878 illa
1772 4814 2070 4879 convivia
2114 4814 2423 4878 differunt
2465 4833 2504 4875 a
2548 4813 2840 4895 privatis,

903 4902 1070 4987 quod
1107 4899 1222 4967 illa
1264 4899 1336 4963 in
1379 4898 1520 4965 loco
1563 4920 1746 4965 sacro
1788 4921 2008 4966 coram
2043 4899 2346 4975 Domino,
2392 4900 2551 4964 haec
2593 4898 2663 4962 in
2709 4898 2841 4982 pri·

903 4988 1074 5052 vatis
1131 4982 1401 5051 aedibus
1458 4984 1899 5051 celebrentur:
1958 4996 2024 5051 et
2077 4984 2318 5051 idcireo
2375 4983 2456 5051 ad
2501 5004 2688 5049 sacra
2728 4983 2841 5049 illa

902 5074 1207 5140 convivia
1263 5070 1646 5137 accedentes
1703 5070 2045 5154 oportebat
2098 5071 2448 5154 purificari.
2552 5067 2664 5136 Sic
2720 5090 2840 5135 nos

902 5157 985 5224 ad
1049 5178 1300 5225 sacram
1365 5157 1640 5240 synaxin
1712 5167 2055 5232 venturos,
2130 5167 2197 5221 et
2260 5178 2498 5222 coenae
2565 5153 2838 5221 Domini

903 5245 1411 5330 participaturos
1475 5250 1735 5328 oportet
1796 5239 2177 5329 praeparari
2237 5240 2417 5330 (licet
2479 5259 2614 5307 non
2670 5240 2840 5307 diem

2530 335 2944 405 Romu
2986 336 3247 403 nvm„
4694 340 4771 405 ιω

4876 921 4882 1014 A

4876 1129 4882 1200 Ι

2952 547 3159 592 unum
3215 535 3331 592 aut
3387 526 3663 593 alterum
3686 579 3702 606 ,
3756 527 3870 593 sed
3930 537 4137 593 totam
4197 527 4405 593 vitam
4466 526 4591 592 Deo
4633 549 4776 597 eonse-

2950 632 3135 678 crare
3195 633 3314 678 nos
3371 612 3693 700 oporteat)
3744 624 3811 679 et
3869 613 4187 679 attentius
4244 612 4323 677 de
4381 611 4560 677 nobis
4592 616 4781 699 οοςὶῑιιο

2951 709 3262 781 tanquam
3321 698 3403 764 ad
3460 699 3675 782 ipsum
3735 699 4098 765 Dominum
4156 699 4539 777 accessuris:
4574 714 4780 769 caventa

2952 804 3035 848 ne
3077 804 3154 849 eo
3196 784 3421 851 sordes
3463 795 3530 849 et
3572 784 3961 869 pollutiones
4006 791 4262 850 nostras
4304 782 4657 862 adferamus,
4694 807 4783 852 reu

2952 879 3087 935 tam
3136 879 3612 937 sacrosanctam
3658 870 4090 954 profanaturi.
4177 871 4483 935 Testatur
4534 870 4674 935 enim
4702 872 4784 939 illio

2954 955 3282 1022 Dominus
3346 977 3466 1022 nos
3532 957 3815 1022 Domino
3881 969 4104 1022 nostro
4158 955 4313 1021 Iesu
4370 954 4618 1021 Christo
4660 958 4786 1038 uniri,

2953 1040 3223 1124 eiusque
3288 1061 3520 1125 corpus
3586 1054 3650 1108 et
3707 1043 4099 1128 sanguinem
4159 1042 4342 1107 nobis
4394 1041 4465 1106 in
4520 1041 4786 1108 animarum

2952 1139 3329 1193 nostrarum
3409 1129 3790 1193 alimentum
3867 1127 4117 1195 cedere.
4223 1126 4564 1194 Caeterum
4626 1129 4786 1193 veteris

2952 1212 3360 1278 Testamenti
3424 1234 3567 1280 mos
3632 1213 3742 1280 ille
3807 1212 4195 1296 purificandi
4258 1214 4706 1292 sacrificaturus,
4749 1229 4790 1277 nt

2951 1299 3227 1381 quisque
3302 1301 3617 1384 cogitaret
3691 1299 4011 1383 quomodo
4092 1298 4172 1364 ad
4238 1299 4455 1365 Deum
4531 1298 4788 1376 accederet,
4876 1301 4882 1394 Α

2953 1383 3120 1449 ritus
3177 1385 3552 1451 continebat
3595 1406 3871 1468 quorum
3915 1383 4110 1452 hodie
4154 1405 4284 1450 non
4330 1393 4540 1467 potest
4577 1406 4702 1449 usus
4732 1407 4793 1448 rs·

2952 1469 3179 1547 tineri,
3259 1471 3374 1536 sed
3441 1493 3714 1555 quorum
3782 1481 4006 1536 tamen
4071 1473 4317 1536 veritas
4380 1469 4675 1535 servanda
4722 1483 4791 1534 est

2950 1555 3120 1620 Nam
3179 1564 3319 1621 tum
3374 1556 3854 1624 adhibebantur
3911 1556 4227 1639 quaedam
4272 1556 4721 1639 purificationes
4746 1576 4799 1619 ex

2949 1660 3135 1724 aqua,
3178 1652 3247 1706 et
3287 1642 3457 1708 aliae
3499 1643 3868 1709 istiusmodi
3911 1643 4376 1718 caeremoniae,
4435 1640 4650 1724 quibus
4680 1640 4799 1706 Deus

2924 1728 3260 1810 'populum
3342 1728 3523 1794 illum
3590 1729 3822 1795 rudem
3890 1740 4196 1812 tanquam
4266 1747 4503 1811 pueros
4562 1729 4800 1792 exercuit:

2948 1833 3111 1896 quas
3167 1823 3386 1878 tamen
3447 1835 3616 1898 papa
3672 1813 3888 1880 voluit
3942 1815 4187 1878 imitari
4231 1826 4301 1878 et
4341 1813 4630 1891 retinere,
4666 1833 4803 1893 quum

2948 1897 3029 1963 ad
3074 1909 3328 1981 tempus
3373 1911 3630 1965 tantum
3673 1911 3894 1966 essent
3935 1900 4290 1965 institutae.
4358 1897 4643 1980 Quarum
4682 1907 4802 1961 tana

2944 1993 3049 2048 est
3084 1983 3474 2067 depravatio,
3524 1994 3595 2051 ut
3637 2006 3837 2069 quum
3883 1985 4296 2050 instiusmodi
4338 1984 4582 2050 stultae
4617 1995 4672 2046 et
4705 1981 4807 2045 ridi·

2946 2069 3129 2135 culae
3184 2070 3710 2151 gesticulationes
3768 2070 4199 2149 adhibentur,
4263 2071 4509 2135 veritas
4563 2066 4803 2151 evangelii

2946 2154 3368 2236 adulteretur,
3425 2165 3491 2222 et
3534 2158 3826 2240 papistae
3869 2156 4218 2222 videantur
4259 2155 4623 2220 Dominum
4652 2153 4809 2218 Iesum

2948 2238 3287 2307 Christum
3346 2241 3673 2326 abnegare
3730 2241 3931 2322 velle,
3999 2240 4083 2307 ad
4136 2241 4405 2306 umbras
4465 2241 4608 2305 illas
4658 2259 4807 2304 revor-

2948 2335 3157 2393 tentes
3209 2347 3484 2410 quarum
3528 2349 3689 2394 usus
3731 2328 3854 2393 fuit
3897 2337 4153 2393 tantum
4200 2326 4283 2392 ad
4323 2338 4586 2409 tempus
4622 2325 4810 2390 instim-

2949 2424 3075 2477 tus.
3162 2411 3604 2494 Quamobrem
3662 2434 4083 2498 quoscunque
4140 2415 4306 2479 ritus
4352 2413 4647 2477 videmus
4682 2434 4714 2474 a
4744 2429 4812 2491 pn-

2950 2500 3134 2581 pistis
3189 2499 3598 2566 introductos
3656 2500 3728 2564 in
3787 2499 4143 2574 ecclesiam,
4201 2498 4285 2564 ad
4332 2512 4629 2564 veterum
4665 2497 4812 2559 imia-

2951 2584 3211 2661 tionem,
3249 2586 3531 2651 sciamus
3554 2606 3801 2651 meram
3839 2606 3982 2651 esse
4016 2584 4504 2668 corruptionem
4543 2594 4608 2647 et
4632 2580 4814 2646 foedam

2949 2669 3479 2754 depravationem
3526 2671 3743 2737 oultus
3787 2692 3826 2736 a
3847 2671 3991 2736 Deo
4036 2671 4344 2736 instituti.
4412 2669 4814 2734 Verumtamm

2948 2767 3025 2820 ut
3079 2767 3337 2822 veteres
3399 2755 3690 2823 videmus
3750 2779 3820 2823 se
3877 2777 4049 2839 aqua
4106 2757 4418 2821 lustrasse
4481 2767 4551 2819 et
4591 2753 4817 2822 abluifloe,

2949 2840 3237 2923 aliosque
3301 2843 3467 2908 ritus
3531 2841 3613 2907 ad
3681 2843 4199 2926 purificationem
4258 2840 4637 2908 adhibuisse
4685 2856 4815 2920 quan

2949 2927 3059 3010 qui
3122 2925 3312 2991 bodie
3369 2942 3526 2992 sunt
3582 2927 3651 2991 in
3708 2950 3867 3006 usu,
3936 2928 4106 3010 quod
4166 2927 4291 2991 fuit
4348 2930 4423 2991 in
4484 2926 4617 2990 illis
4663 2923 4821 3005 sigma

2948 3011 3284 3095 spirituale
3329 3010 3515 3078 nobis
3558 3027 3658 3079 est
3703 3014 4149 3079 retinendum:
4209 3014 4623 3094 sublatisque
4660 3008 4820 3091 figuris

2948 3107 3203 3181 oportet
3277 3120 3397 3164 nos
3478 3101 3541 3163 in
3611 3100 4047 3165 conscientiae
4112 3101 4397 3182 puritate
4469 3117 4682 3162 coram
4732 3093 4824 3157 Dm

2947 3204 3352 3265 comparere..
3452 3189 3549 3250 Ac
3635 3185 4146 3269 quotiescunque
4229 3184 4452 3248 Deum
4539 3197 4822 3265 precamur.
4876 3179 4882 3296 Ι

2946 3270 3118 3352 quod
3198 3278 3300 3335 est
3377 3272 3797 3354 praecipuum
3870 3271 4405 3337 Christianorum
4491 3267 4825 3338 sacrificium,

2947 3355 3239 3438 singulos
3302 3367 3557 3438 oportet
3622 3376 3764 3422 sese
3818 3355 4188 3439 expendere
4242 3367 4309 3420 et
4365 3356 4825 3444 examinatae

2949 3441 3105 3506 vit-ia
3139 3462 3258 3507 sua
3293 3440 3623 3518 detestari,
3673 3442 4061 3525 veniamque
4096 3441 4485 3525 suppliciter
4531 3441 4823 3523 deprensa:

2944 3547 3110 3609 quae
3166 3546 3323 3593 vera
3380 3540 3605 3593 nostra
3650 3537 3752 3592 est
3793 3529 4180 3611 purificatio.
4264 3527 4447 3592 Nam
4495 3528 4639 3592 sive
4677 3525 4823 3618 Deam

2945 3614 3329 3690 invocaturi,
3389 3613 3530 3678 sive
3590 3632 3838 3679 sacram
3897 3635 4165 3680 coenam
4214 3612 4690 3698 participaturi,
4734 3624 4822 3669 sm

2944 3697 3226 3782 denique
3271 3698 3514 3780 aliquid
3560 3700 3726 3782 quod
3773 3699 3855 3763 ad
3901 3699 4031 3764 Dei
4074 3699 4320 3765 cultum
4366 3709 4633 3783 spectet
4670 3689 4826 3760 fidele·

2943 3786 3325 3866 suscepturi,
3392 3806 3462 3849 se
3528 3785 3700 3867 ipsos
3765 3785 4110 3868 explorare
4169 3785 4435 3863 debent,
4506 3793 4576 3847 et
4642 3782 4825 3868 mm

2946 3890 3174 3934 omnes
3229 3871 3678 3954 corruptiones
3737 3871 4197 3937 condemnare:
4244 3869 4609 3953 Deumque
4651 3881 4826 3950 premo

2946 3965 3018 4020 ut
3055 3955 3138 4021 ab
3180 3955 3314 4019 illis
3357 3956 3658 4022 omnibus
3701 3978 3811 4022 eos
3853 3970 4108 4041 purget,
4165 3968 4235 4021 et
4278 3977 4521 4021 veram
4568 3953 4823 4044 poeniteo·

2946 4042 3105 4105 tiam
3147 4061 3361 4125 agere,
3412 4054 3949 4125 peccatorumque
3992 4043 4452 4108 remissionem
4502 4041 4803 4124 deprecan-

3114 4127 3203 4192 Et
3260 4125 3343 4193 de
3399 4130 3539 4193 istis
3585 4127 3932 4194 hactenus:
3985 4128 4329 4210 sequentia
4382 4128 4533 4193 iam
4575 4119 4825 4207 expendt·

2945 4234 3110 4295 mus,
3169 4213 3281 4279 ubi
3336 4213 3577 4280 dicitur
3622 4211 3885 4280 Samuel
3944 4212 4116 4279 facto
4172 4215 4505 4280 sacrificio
4550 4221 4825 4300 antequqn

2943 4298 3398 4364 accumberent
3457 4297 3539 4363 ad
3604 4320 3929 4376 mensam,
4004 4303 4341 4365 vocavisse
4401 4299 4547 4364 Isa1
4605 4309 4669 4361 et
4714 4293 4825 4357 filu

2941 4385 3098 4462 eius,
3144 4395 3211 4450 et
3244 4384 3540 4469 ingresso
3583 4385 4014 4467 primogenito
4038 4385 4230 4451 Eliab
4274 4380 4821 4470 praestantissima

2940 4479 3247 4548 staturae,
3292 4469 3373 4536 ad
3419 4470 3801 4554 dignitatem
3849 4472 4201 4553 appositae,
4247 4474 4667 4536 existimasse
4700 4465 4821 4529 inum

2942 4576 3084 4621 esse
3144 4555 3481 4622 Christum
3542 4557 3846 4631 Domini:
3923 4557 4035 4620 sed
4103 4558 4421 4640 opinione
4480 4577 4603 4621 sua
4652 4551 4819 4617 falsvm

2941 4641 3159 4716 fuisse,
3198 4641 3366 4723 quod
3405 4642 3714 4707 reiectum
3754 4641 4107 4706 aDomino
4148 4641 4583 4708 intellexerit.
4634 4631 4823 4704 Deinde

2941 4726 3266 4792 secundus
3324 4726 3697 4807 advocatus,
3756 4737 3895 4792 tum
3956 4729 4211 4810 tertius,
4272 4728 4436 4793 deni
4485 4749 4570 4794 ue
4624 4746 4725 4791 suo
4755 4738 4818 4780 er·

2942 4811 3093 4877 dine
3129 4813 3388 4897 singuli,
3433 4835 3707 4897 quorum
3747 4813 3967 4880 nullus
3989 4813 4131 4879 Deo
4167 4828 4403 4898 gratus
4434 4749 4586 4880 {uit
4623 4809 4695 4876 ad
4726 4823 4819 4884 sep·

2943 4900 3172 4963 timum
3250 4920 3475 4982 usque.
3586 4900 3965 4965 Postremus
4033 4898 4258 4967 David
4321 4897 4815 4966 contemnebatur·

2942 4984 3111 5068 quod
3158 4985 3468 5050 minimus
3512 4985 3804 5051 omnium
3849 4986 3921 5050 in
3966 4987 4144 5070 agris
4187 4988 4421 5052 ovium
4468 5007 4691 5070 greges
4722 4994 4819 5062 Ρ*

2938 5079 3138 5136 ceret:
3184 5071 3307 5136 etsi
3351 5069 3618 5138 Samuel
3660 5070 3985 5137 indicarat
4026 5071 4286 5138 nullum
4329 5092 4422 5137 ex
4466 5073 4599 5137 illis
4636 5077 4814 5149 sepum

2940 5154 3217 5222 electum
3286 5177 3326 5221 a
3388 5157 3710 5222 Domino:
3774 5156 3980 5241 Atqui
4046 5179 4178 5224 non
4246 5158 4503 5224 frustm
4556 5157 4756 5223 minu
4781 5163 4813 5242 ‚⁸

2942 5242 3226 5308 Domino
3281 5242 3520 5309 fuerat:
3577 5243 3798 5326 itaque
3856 5242 4133 5326 aliquem
4198 5243 4549 5328 oportebat
4600 5244 4663 5307 in
4710 5234 4811 5301 fili!
