5059 6059
326 331 438 397 361

1672 331 1774 398 IN
1816 330 1871 399 1.
1918 331 2101 399 LIB.
2146 329 2551 399 SAMUEL.
2600 329 2798 398 OAP.
2844 331 2932 398 11.

4160 334 4289 402 362

322 518 633 587 tendicula
712 519 952 585 nostris
1035 518 1522 586 adulationibus
1606 521 1905 587 fovemus
1920 522 1953 602 ,⁸
2027 542 2246 587 nonne
2354 527 2778 605 tempestates
2835 521 3261 607 imperterriti
3326 521 3575 588 cultum
3632 521 3732 587 illi
3788 521 4068 588 debitum
4130 524 4287 589 offe-

320 606 439 673 Dei
490 614 898 687 contemptus
959 615 1076 685 est,
1135 617 1203 671 et
1259 605 1525 674 divinae
1583 606 1871 673 iustitiae
1929 609 2243 690 quaedam

323 690 757 777 oppugnatio?
804 691 1106 775 Denique
1140 692 1209 757 in
1248 691 1417 758 hanc
1453 714 1677 759 curam
1714 694 2244 771 incumbendum,

322 789 394 844 ut
444 777 673 861 quibus
715 779 786 842 in
830 777 1028 843 rebus
1072 778 1198 843 Dei
1241 779 1447 862 gloria
1489 780 1616 845 sita
1659 779 1749 844 sit
1792 780 2244 844 attendamus:

322 884 561 947 nempe,
617 873 694 927 ut
735 862 817 928 ad
859 864 999 928 eius
1044 863 1315 929 verbum
1361 875 1742 945 tremamus,
1787 866 1869 929 de
1903 866 2244 930 maiestate

319 949 515 1033 ipsius
558 948 777 1014 divina
821 970 1158 1033 nunquam
1205 951 1333 1014 nisi
1376 951 1732 1016 honorifice
1776 953 2135 1016 sentiamus
2170 971 2243 1016 ac

318 1035 667 1119 loquamur,
724 1036 867 1099 eius
921 1056 1117 1119 opera
1163 1035 1425 1120 singula
1469 1037 1691 1120 magni
1734 1036 2083 1102 faciamus:
2145 1057 2245 1100 re-

318 1120 430 1187 bus
493 1120 751 1187 afflictis
831 1119 913 1185 ad
979 1122 1120 1187 eins
1185 1143 1374 1206 opem
1442 1123 1933 1207 confugiamus,
2002 1122 2082 1187 de
2149 1133 2245 1187 tot

321 1206 636 1288 tantisque
717 1206 861 1272 eius
922 1207 990 1271 in
1058 1230 1177 1273 nos
1244 1207 1576 1275 beneficiis
1641 1210 1884 1292 gratias
1948 1228 2241 1292 agamus,

317 1314 385 1359 ac
418 1291 679 1358 tandem
715 1313 880 1376 pura
924 1303 991 1357 et
1031 1294 1287 1359 sincera
1329 1305 1552 1359 mente
1597 1315 1838 1360 numen
1885 1295 2027 1360 eius
2071 1294 2245 1359 cola·

315 1400 471 1444 mus.
564 1379 673 1443 En
751 1400 915 1462 quae
977 1379 1118 1445 Deo
1192 1378 1504 1445 debeatur
1567 1380 1809 1464 gloria:
1877 1380 1955 1446 de
2013 1400 2143 1462 qua
2186 1379 2242 1444 si

314 1466 451 1547 quis
504 1467 717 1533 sciens
753 1485 829 1530 ac
873 1465 1100 1530 volens
1144 1466 1246 1530 vel
1293 1466 1627 1531 tantillum
1672 1467 2046 1542 detraxerit,
2103 1486 2242 1531 cer-

311 1561 443 1615 tum
526 1561 626 1618 est
692 1549 975 1616 ludibrio
1034 1560 1102 1615 et
1154 1552 1556 1635 contemptui
1616 1555 1907 1617 omnium
1967 1551 2240 1617 eandem

311 1635 490 1701 illum
537 1656 889 1719 exponere,
932 1635 1190 1720 Deique
1233 1638 1696 1720 promissiones
1740 1637 2103 1721 profanare,
2170 1656 2245 1701 ac

310 1722 536 1789 melius
604 1722 855 1788 homini
919 1723 1019 1787 illi
1083 1725 1142 1788 si
1208 1744 1539 1807 nunquam
1607 1734 1803 1790 natus
1869 1734 2043 1788 esset
2084 1723 2243 1801 fore,

308 1808 616 1891 quamdiu
689 1808 760 1873 in
838 1809 962 1873 hac
1028 1809 1386 1891 pertinacia
1442 1810 1822 1892 perstiterit.
1908 1808 2241 1890 Quamob-

308 1914 437 1958 rem
492 1916 569 1960 eo
616 1895 804 1960 nobis
862 1893 1243 1978 diligentius
1311 1895 1715 1973 cavendum,
1774 1914 1901 1977 quo
1969 1894 2237 1978 gravius

308 1977 407 2045 hic
450 1992 780 2063 peccatur,
825 2000 910 2044 ne
950 1980 1021 2044 in
1068 1980 1244 2045 istud
1288 1982 1540 2046 crimen
1585 1979 2094 2046 abominandum
2143 1979 2240 2044 vi-

307 2065 508 2130 olatae
567 2065 834 2131 divinae
892 2067 1269 2146 maiestatis,
1337 2077 1406 2131 et
1462 2066 1675 2132 laesae
1730 2067 1937 2150 ipsius
1996 2064 2243 2149 gloriae

306 2151 686 2217 incidamus.
776 2151 994 2234 Atque
1064 2151 1227 2217 adeo
1294 2153 1647 2235 primariae
1720 2151 2059 2236 dignitatis
2118 2151 2242 2216 viri

308 2236 520 2303 sedulo
568 2238 681 2303 hic
724 2236 1313 2312 animadvertunto.
1379 2239 1647 2321 gravius
1689 2239 1864 2322 ipsos
1908 2238 2241 2314 iudicium,

307 2343 423 2405 quo
479 2325 697 2388 maior
756 2333 854 2388 est
897 2323 1189 2405 ipsorum
1234 2324 1536 2408 dignitas,
1583 2344 1884 2389 manere:
1951 2324 2078 2388 nisi
2122 2342 2240 2406 pro

303 2408 544 2475 viribus
606 2409 737 2475 Dei
795 2407 1070 2493 gloriam
1118 2430 1498 2492 promovere
1542 2409 1929 2474 studuerint.
2017 2408 2239 2490 Quare

302 2495 352 2559 si
407 2514 596 2578 reges
646 2515 720 2561 ac
765 2496 1093 2578 principes
1137 2515 1293 2561 suae
1336 2497 1628 2578 ipsorum
1673 2496 1920 2579 gloriae
1962 2494 2238 2559 studiosi

300 2592 464 2655 sunt.
509 2581 774 2664 sibique
816 2581 1034 2646 omnia
1076 2581 1273 2646 licere
1317 2583 1569 2661 volunt,
1614 2591 1809 2664 atque
1852 2601 1933 2645 ex
1971 2579 2240 2645 arbitrio

301 2685 370 2732 ac
424 2665 703 2732 libidine
761 2668 983 2730 omnia
1024 2667 1252 2747 facere,
1312 2687 1387 2732 ac
1432 2667 1558 2732 Dei
1603 2665 1852 2749 gloriae
1896 2664 2240 2731 detrahere

301 2760 370 2815 ut
408 2753 531 2834 ipsi
576 2751 931 2831 excellant,
975 2751 1034 2817 si
1070 2773 1296 2817 veram
1333 2752 1718 2837 religionem
1752 2753 1936 2817 flocci
1974 2753 2239 2828 faciunt,

302 2835 376 2902 de
430 2838 575 2904 Deo
623 2839 1061 2923 perfunctorie
1104 2848 1362 2903 tantum
1407 2839 1780 2921 loquuntur,
1839 2837 2245 2920 superstitio-

300 2923 483 2988 nibus
541 2923 915 3008 indulgent,
977 2937 1170 3006 atque
1212 2924 1373 2988 adeo
1421 2924 1818 3008 blasphemis
1860 2925 2128 2989 vocibus
2171 2924 2237 2988 iu

302 3008 507 3074 Deum
554 3011 945 3088 efferuntur,
1008 3021 1073 3073 et
1112 3011 1185 3074 in
1231 3011 1494 3093 quasvis
1538 3008 1759 3075 foedas
1802 3008 2106 3074 libidines
2146 3009 2239 3073 ef-

299 3093 688 3178 fervescunt,
731 3117 806 3162 ac
851 3095 1349 3162 scortationibus
1392 3095 1809 3180 polluuntur:
1856 3098 1909 3160 si
1958 3096 2240 3177 denique

304 3182 483 3264 aequi
543 3183 837 3264 rectique
893 3201 1115 3247 osores
1172 3192 1349 3259 sunt,
1408 3194 1660 3247 certum
1720 3190 1823 3247 est
1864 3183 2236 3264 proximum

300 3265 551 3333 illorum
590 3288 741 3333 esse
776 3286 997 3333 casum
1034 3277 1101 3331 et
1132 3267 1493 3345 interitum,
1541 3288 1615 3333 ac
1653 3267 1923 3348 gloriam
1949 3267 2237 3350 ipsorum

301 3351 364 3415 in
418 3354 700 3418 exitium
746 3374 821 3419 ac
865 3353 1293 3435 ignominiam
1337 3352 1864 3433 convertendam,
1931 3362 2239 3435 tantoque

301 3439 501 3522 magis
555 3441 855 3521 ipsorum
897 3439 1240 3503 interitum
1285 3440 1678 3522 stupendum
1724 3440 1882 3519 fore,
1937 3458 2064 3521 quo
2109 3457 2241 3502 ma-

301 3523 393 3588 ior
432 3525 730 3609 dignitas
771 3526 1133 3590 exstiterat.
1221 3522 1315 3589 At
1358 3544 1514 3589 vero
1557 3526 1613 3591 si
1658 3537 1793 3588 tam
1829 3545 2053 3590 severe
2090 3544 2236 3589 cum

301 3608 435 3675 istis
471 3612 715 3693 agitur,
775 3630 1051 3694 quorum
1097 3620 1320 3675 tantus
1366 3609 1580 3674 honor
1621 3623 1780 3688 erat,
1827 3620 1900 3675 ut
1944 3631 2071 3674 non
2121 3610 2237 3673 ho-

300 3697 457 3777 nori,
522 3718 664 3762 non
766 3694 991 3773 leriae,
1050 3717 1180 3761 non
1226 3695 1532 3776 dignitati
1575 3708 1901 3779 parcatur,
1958 3695 2112 3779 quid
2157 3696 2241 3759 iis

300 3781 444 3859 fiet,
523 3782 645 3866 qui
750 3782 875 3847 icet
940 3782 1230 3847 abiectae
1294 3781 1684 3848 conditionis
1754 3783 2239 3855 homunciones,

302 3864 421 3930 Dei
456 3879 679 3933 tamen
716 3869 1042 3933 maiestati
1084 3866 1325 3932 bellum
1364 3867 1647 3934 indicere
1690 3867 1857 3932 velle
1895 3866 2237 3932 videntur?

304 3948 517 4032 Quare
586 3956 784 4037 agite,
853 3952 1102 4018 viribus
1166 3953 1469 4020 omnibus
1534 3954 1602 4018 in
1668 3953 1795 4018 Dei
1850 3953 2125 4037 gloriam
2173 3962 2241 4016 et

300 4034 613 4104 honorem
661 4039 934 4117 conatis,
994 4039 1119 4122 ipsi
1167 4039 1354 4104 nobis
1395 4059 1760 4115 caveamus,
1827 4053 2020 4122 atquc
2080 4038 2239 4102 adeo

302 4123 421 4189 Dei
467 4124 758 4190 nominis
801 4125 1066 4209 gloriae,
1132 4124 1421 4190 iustitiae
1464 4125 1913 4209 propagationi
1960 4127 2053 4189 sic
2101 4137 2239 4189 stu·

297 4206 583 4288 deamus,
648 4221 721 4276 ut
763 4211 901 4293 ipse
946 4230 1065 4294 pro
1108 4211 1247 4276 suis
1292 4232 1408 4275 nos
1450 4212 1727 4295 agnitos,
1786 4210 2036 4295 gloriae
2081 4229 2239 4275 suae

297 4299 467 4361 notis
525 4298 627 4363 sic
668 4295 1006 4380 insigniat,
1063 4308 1136 4361 ut
1180 4298 1389 4380 magis
1433 4316 1510 4362 ac
1554 4297 1766 4381 magis
1809 4297 2237 4381 glorificetur:

299 4403 539 4466 nosque
633 4383 936 4448 omnibus
1016 4402 1180 4466 quae
1259 4382 1583 4447 voluntati
1648 4384 1850 4465 ipsius
1915 4382 2239 4447 contraria

299 4481 450 4532 sunt
495 4467 895 4545 resistentes,
942 4467 1293 4553 diligenter
1335 4488 1682 4533 caveamus
1729 4489 1812 4532 ne
1859 4490 2090 4533 nomen
2137 4471 2235 4552 ip·

299 4555 428 4620 sius
501 4554 903 4621 contumelia
957 4553 1275 4619 laedatur.
1363 4554 1534 4618 Nam
1594 4575 1753 4619 sane
1811 4555 2234 4618 metuendum

298 4660 377 4704 ne
420 4641 475 4705 si
522 4641 915 4723 corruptelis
959 4654 1022 4704 et
1068 4639 1538 4722 pollutionibus
1582 4641 1808 4705 domos
1843 4661 1918 4705 ac
1957 4639 2236 4704 familias

296 4726 472 4791 infici
517 4736 744 4791 nostra
788 4726 1197 4809 indulgentia
1241 4726 1750 4809 permiserimus,
1798 4727 2045 4790 meritis
2090 4735 2234 4788 tan·

299 4809 442 4875 dem
504 4814 732 4895 poenis
778 4813 1156 4885 afficiamur,
1216 4824 1299 4886 et,
1358 4811 1527 4893 quod
1575 4814 1865 4875 minatur
1916 4812 2111 4889 Deus,
2156 4811 2236 4875 ab

296 4898 501 4980 ipsius
561 4896 753 4964 domo
810 4898 1033 4981 procul
1093 4897 1446 4963 eiiciamur.
1537 4895 1782 4962 Oontra
1841 4896 2234 4975 sperandum

297 5004 435 5060 nos,
502 4983 630 5048 etsi
685 4984 909 5049 muudi
971 4982 1251 5048 dedecus
1306 4983 1535 5063 simus,
1593 4997 1660 5046 et
1706 5004 1825 5066 pro
1871 4980 2237 5065 quisquiliis

2352 629 2596 673 ramus.
2687 607 2906 690 Atque
2951 608 3058 673 hic
3101 609 3394 674 omnium
3441 608 3756 674 bonorum
3802 608 4022 692 quibm
4068 633 4106 675 a
4142 609 4287 675 Deo

2351 693 2642 778 quotidie
2706 694 3121 760 cumulemur
3184 696 3335 760 finis
3403 705 3520 775 est,
3608 706 3683 760 ut
3749 694 4011 779 gloriam
4081 696 4286 779 ipsius

2351 788 2742 864 quaerentes
2826 801 3070 846 novum
3132 794 3595 865 argumentum
3655 781 3796 845 eius
3856 780 4071 848 laudes
4130 803 4280 847 cum

2348 865 2598 931 laetitia
2642 866 3057 949 praedicandi
3105 886 3181 930 ac
3225 867 3595 932 celebrandi
3641 865 4012 933 habeamus.

2518 951 2658 1018 Nos
2702 953 2920 1035 itaque
2965 952 3292 1036 supplices
3336 961 3455 1018 etc.

2947 1243 3450 1326 HOMILIA
3493 1243 3686 1325 XII.

2519 1415 2624 1480 31.
2685 1413 2845 1480 Ecce
2900 1413 3041 1480 dies
3096 1414 3367 1497 veniunt,
3442 1418 3497 1479 et
3546 1414 3913 1495 praecidam
3971 1413 4283 1481 brachium

2347 1505 2543 1581 tuum,
2588 1505 2643 1565 et
2687 1498 3009 1565 brachium
3051 1501 3270 1566 domus
3300 1501 3519 1582 patris
3559 1501 3673 1577 tui,
3718 1505 3789 1565 ut
3832 1520 3961 1565 nou
3993 1501 4072 1566 sit
4097 1522 4284 1568 senex

2347 1587 2417 1650 iu
2495 1586 2673 1651 domo
2749 1590 2879 1650 tua.
2966 1585 3071 1652 32.
3154 1585 3243 1650 Et
3302 1586 3539 1652 videbis
3603 1585 3918 1650 aemulum
3980 1590 4148 1652 tuum
4211 1588 4285 1652 in

2346 1672 2584 1753 templo,
2627 1674 2698 1737 in
2732 1672 3050 1737 universis
3080 1672 3410 1753 prosperis
3433 1669 3673 1736 Israel.-
3716 1678 3770 1736 et
3803 1692 3926 1736 nou
3959 1672 4071 1738 erit
4100 1693 4286 1739 senex

2348 1760 2419 1823 in
2469 1759 2650 1823 domo
2704 1763 2818 1823 tua
2875 1757 3162 1823 omnibus
3201 1756 3438 1822 diebus.
3524 1756 3630 1821 33.
3691 1756 4121 1822 Verumtamen
4156 1778 4282 1823 uon

2348 1845 2642 1925 auferam
2672 1846 2937 1924 penitus
2992 1845 3205 1908 virum
3261 1862 3338 1907 ea:
3393 1848 3449 1908 te
3494 1842 3571 1907 ab
3617 1841 3810 1908 altari
3853 1863 4016 1909 meo:
4072 1844 4175 1909 sed
4213 1849 4285 1909 ut

2347 1929 2646 2011 deficiant
2712 1929 2874 1995 oculi
2939 1931 3054 2009 tui,
3121 1933 3175 1994 et
3230 1927 3498 1994 tabescat
3553 1929 3775 1993 anima
3825 1935 3957 2009 tua,
4031 1935 4086 1993 et
4123 1949 4287 2014 pars

2347 2036 2578 2100 mayna
2620 2016 2841 2081 domus
2878 2018 3020 2079 tuae
3063 2015 3366 2080 morietur
3407 2035 3599 2097 quum
3635 2014 3721 2079 ad
3752 2013 4001 2079 virilem
4035 2021 4289 2082 aetatem

2351 2102 2603 2165 venerit.
2692 2099 2797 2168 34.
2860 2099 2996 2165 Hoc
3051 2105 3256 2165 autem
3310 2100 3430 2166 erit
3484 2099 3599 2165 tibi
3639 2100 3895 2182 siynum
3938 2101 4105 2183 quod
4142 2122 4284 2167 ven-

2348 2193 2561 2251 turum
2605 2192 2697 2251 est
2737 2185 2981 2252 duobus
3017 2186 3179 2269 filiis
3218 2187 3349 2251 tuis
3398 2184 3606 2266 Opimi
3647 2193 3703 2250 et
3737 2184 4028 2251 Phineos.
4074 2186 4153 2252 In
4183 2188 4286 2254 die

2345 2293 2471 2337 uuo
2528 2272 2870 2336 morientur
2931 2270 3130 2337 ambo.
3217 2271 3321 2337 35.
3380 2270 3469 2336 Et
3523 2271 3832 2337 suscitabo
3887 2273 4048 2337 mihi
4080 2292 4282 2339 sacer·

2344 2359 2543 2423 dotem
2580 2357 2840 2439 fideman,
2895 2359 3006 2440 qui
3048 2359 3231 2422 iuxta
3273 2377 3376 2423 cor
3417 2377 3622 2422 meum
3665 2361 3721 2421 et
3761 2358 4044 2424 animam
4086 2378 4282 2424 meam

2341 2444 2558 2525 faciet.-
2618 2448 2674 2508 et
2725 2443 3061 2525 aedificabo
3121 2443 3180 2509 ei
3234 2443 3486 2509 domum
3536 2443 3801 2527 fidelem,
3856 2447 3912 2507 et
3953 2443 4286 2511 ambulabit

2342 2550 2552 2595 coram
2616 2528 2862 2595 Christo
2906 2549 3038 2594 meo
3071 2530 3308 2594 cunctis
3340 2527 3572 2593 diebus.
3660 2528 3765 2594 36.
3827 2528 4145 2596 Futurum
4200 2534 4287 2596 est

2344 2620 2553 2681 autem
2610 2619 2681 2678 ut
2736 2616 3083 2697 quicunque
3139 2616 3514 2680 remanserit
3555 2614 3626 2678 in
3667 2616 3845 2680 domo
3898 2621 4029 2692 tua,
4083 2617 4286 2681 veniat

2344 2705 2415 2765 ut
2455 2703 2737 2765 incurvet
2776 2721 2844 2765 se
2885 2701 2946 2764 ei
2976 2705 3199 2780 petens
3237 2720 3578 2782 nummum,
3622 2705 3682 2766 et
3712 2700 4041 2767 buccellam
4067 2702 4283 2782 fania,

2344 2786 2629 2868 dicatque
2644 2810 2664 2850 .·
2752 2785 3019 2851 Dimitte
3088 2806 3200 2862 me,
3295 2785 3557 2865 obsecra,
3644 2787 3732 2850 ad
3794 2807 3989 2852 unam
4040 2792 4285 2870 partem

2344 2870 2802 2952 sacerdotalem,
2857 2877 2928 2937 ut
2970 2872 3279 2938 comedam
3319 2869 3645 2937 buccellam
3682 2873 3898 2954 panis.

2516 3008 2849 3074 Hesterna
2925 3008 3234 3075 concione
3291 3008 3861 3074 comminationem
3918 3009 4100 3075 illam
4157 3009 4288 3075 Do-

2346 3094 2505 3159 mini
2566 3094 2962 3172 audivimus,
3022 3115 3148 3177 qua
3192 3092 3597 3178 spoliandum
3646 3094 4034 3161 sacerdotali
4079 3094 4287 3180 digni-

2345 3191 2481 3244 tate
2525 3190 2661 3244 tam
2707 3180 2883 3260 Heli,
2929 3200 3124 3263 quam
3167 3180 3377 3263 ipsius
3422 3191 3711 3263 posteros
3746 3180 4076 3247 Dominus
4110 3200 4286 3247 com-

2348 3267 2635 3330 minatus
2721 3266 2935 3332 fuerit.
3024 3265 3278 3349 Nempe
3357 3265 3527 3349 quod
3597 3287 3796 3349 quum
3864 3266 4285 3334 sacerdotalis

2348 3351 2689 3435 dignitatis
2749 3352 2855 3415 hic
2898 3361 3073 3418 esset
3116 3353 3288 3431 finis,
3352 3360 3431 3416 ut
3473 3349 3620 3416 Deo
3665 3351 3921 3417 debitus
3965 3353 4182 3419 cultus
4223 3362 4292 3419 et

2347 3437 2551 3503 honos
2610 3435 3026 3502 redderetur:
3088 3437 3242 3501 Heli
3303 3457 3460 3502 vero
3505 3437 3709 3502 nimia
3749 3439 3817 3503 in
3864 3437 4030 3503 filios
4074 3438 4286 3506 indul-

2345 3524 2568 3608 gentia
2610 3523 2946 3603 effecisset,
2989 3535 3066 3587 ut
3111 3521 3241 3588 Dei
3286 3523 3501 3589 cultus
3537 3524 3709 3607 apud
3751 3523 4058 3607 populum
4098 3524 4286 3591 viles-

2345 3621 2541 3683 ceret,
2587 3621 2652 3674 et
2695 3610 2762 3672 in
2808 3621 3253 3692 contemptum
3301 3610 3577 3685 veniret,
3637 3622 3829 3693 atque
3873 3611 4094 3674 omnia
4138 3631 4286 3693 pro-

2350 3694 2681 3759 fanatione
2724 3704 2792 3759 et
2834 3695 3213 3760 confusione
3263 3692 3458 3777 plena
3501 3704 3740 3777 essent,
3799 3717 4073 3778 aequum
4120 3706 4287 3763 esset

2347 3801 2425 3846 ea
2483 3779 2807 3864 dignitate
2851 3783 3095 3863 privari
3142 3792 3208 3846 et
3249 3780 3537 3865 spoliari,
3584 3802 3798 3865 quam,
3857 3791 4169 3865 quantum
4215 3782 4282 3846 in

2347 3888 2417 3932 se
2476 3879 2639 3946 erat,
2700 3865 3227 3938 dedecoraverat,
3273 3886 3348 3931 ac
3393 3887 3469 3930 ea
3514 3866 3788 3949 proinde
3831 3867 4169 3950 indignum
4213 3890 4284 3934 se

2347 3951 2714 4034 praebebat.
2805 3952 2946 4016 Iam
3017 3973 3169 4016 vero
3213 3952 3429 4036 pergit
3471 3971 3511 4014 a
3556 3952 3697 4018 Deo
3741 3955 3978 4018 missus
4020 3952 4101 4018 ad
4148 3953 4281 4020 He-

2346 4038 2459 4102 lim
2508 4038 2845 4121 propheta,
2890 4037 3227 4120 speciatim
3274 4038 3521 4114 docere,
3579 4039 3816 4120 quibus
3860 4038 4013 4103 Heli
4059 4042 4282 4123 poenis

2343 4144 2382 4187 a
2442 4123 2584 4188 Deo
2627 4143 2776 4187 cum
2822 4137 2956 4188 tota
3002 4125 3382 4206 posteritate
3425 4123 3514 4189 sit
3558 4124 3850 4190 affectus.
3941 4125 4120 4190 Dicit
4161 4126 4283 4189 ita·

2346 4229 2471 4291 que
2514 4209 2840 4274 brachium
2882 4209 2982 4274 itti
3040 4208 3527 4289 amputandum.-
3591 4209 3657 4273 id
3697 4221 3797 4275 est
3855 4209 4053 4274 robur
4108 4210 4280 4277 illius

2343 4295 2891 4372 exscindendum,
2985 4295 3429 4376 metaphorica
3532 4295 3912 4378 loquutione
3986 4295 4282 4364 indicans

2344 4383 2756 4446 autoritatem
2821 4381 3003 4446 illam
3062 4400 3255 4462 quam
3318 4380 3610 4463 pat-ribus
3669 4381 3876 4465 ipsius
3921 4379 4101 4446 Deus
4145 4382 4282 4464 ipse

2343 4466 2622 4551 largitus
2679 4480 2853 4531 erat:
2909 4473 2966 4532 et
3023 4465 3344 4531 brachium
3395 4466 3619 4532 domus
3661 4468 3882 4548 patris
3913 4467 4158 4548 ipsius:
4212 4467 4279 4531 id

2342 4565 2442 4617 est
2497 4552 2918 4617 auferendam
2974 4552 3440 4618 sacerdotalem
3491 4553 3901 4637 dignitatem,
3957 4571 4033 4617 ac
4077 4563 4282 4617 totam

2341 4640 2482 4702 eius
2529 4639 2839 4702 familiam
2886 4640 2952 4703 in
2999 4648 3443 4720 contemptum
3484 4653 3847 4719 venturam,
3893 4657 3967 4702 ac
4003 4637 4280 4703 ludibrio

2340 4725 2633 4789 omnium
2718 4724 3195 4805 exponendam.
3287 4721 3541 4788 Deinde
3608 4726 3867 4808 signum
3935 4723 4014 4787 ad
4083 4723 4278 4788 fidem

2341 4810 2956 4876 comminationibus
3000 4808 3360 4875 faciendam
3407 4810 3644 4886 adiicit,
3690 4810 3850 4874 duos
3886 4808 4050 4883 illos,
4096 4828 4277 4891 egre·

2342 4896 2484 4980 gios
2528 4897 2773 4962 scilicet
2811 4898 3180 4961 sacerdotes
3218 4906 3286 4960 et
3322 4896 3538 4977 populi
3582 4907 3862 4959 rectores
3897 4894 4051 4958 Heli
4093 4894 4279 4974 filios,

2342 5001 2619 5064 quorum
2681 4983 2927 5065 rapinis
2971 4994 3035 5046 et
3078 4981 3583 5045 scortationibus
3628 4982 3840 5078 ipsum
3890 4980 4015 5044 Dei
4062 4981 4278 5045 taber-

296 5089 370 5133 ac
407 5070 856 5152 purgamentis
895 5069 1272 5146 habeamur,
1310 5067 1574 5133 tandem
1614 5083 1835 5133 tamen
1874 5090 1910 5132 a
1952 5069 2249 5133 Domino·
2347 5068 2651 5132 naculum
2703 5071 2915 5133 fuerat
2959 5068 3397 5152 profanatum,
3475 5086 3604 5129 una
3663 5065 3861 5130 simul
3923 5064 4026 5131 die
4085 5066 4283 5134 mori·

298 5153 362 5218 in
419 5156 789 5220 libertatem
849 5154 1256 5235 asserendos,
1315 5175 1391 5219 ac
1434 5155 1643 5238 gloria
1686 5155 2082 5236 sempiterna
2126 5151 2237 5217 do-
2343 5164 2544 5220 turos.
2633 5155 2857 5219 Tertio
2923 5152 3105 5218 addit
3172 5150 3379 5215 Deum
3440 5150 3569 5215 sibi
3616 5150 3865 5233 fidelem
3911 5153 4284 5218 sacerdotem

296 5240 569 5320 nendos,
636 5261 838 5325 eaque
897 5241 1268 5309 constantia
1320 5253 1397 5303 ut
1449 5241 1765 5306 adversus
1819 5260 2237 5324 quascunque
2342 5241 2847 5306 suscitaturum:
2891 5259 3084 5323 porro
3127 5235 3385 5302 fidelem
3424 5236 3740 5322 intellige,
3786 5237 3889 5303 vel
3928 5240 4038 5321 qui
4074 5238 4283 5304 officio
