5059 6059
861 302 994 370 211

883 516 1055 582 quae
1097 495 1281 560 Deus
1337 512 1455 574 pro
1512 510 1632 556 sua
1688 489 1954 574 egregia
2009 489 2079 554 in
2139 507 2259 555 nos
2303 490 2642 557 voluntate
2684 487 2816 554 lar-

936 584 1067 647 'tus
1126 590 1260 658 est,
1324 586 1392 642 et
1447 574 1601 640 inde
1654 577 1948 640 rixarum
2009 576 2410 641 occasionem
2473 581 2817 659 quaerunt.

942 689 1063 734 ane
1084 664 1309 747 siquis
1334 661 1573 728 Davidi
1608 661 1868 727 fecisset
1901 662 2250 745 optionem,
2289 660 2480 727 credo
2516 659 2816 744 equidem

873 753 1093 839 ipsum
1129 771 1247 817 sua
1290 748 1658 816 conditione
1704 757 2079 813 contentum
2125 746 2405 812 libenter
2447 746 2636 812 alteri
2680 767 2818 813 ces-

881 859 1113 907 surum
1171 836 1372 901 fuisse
1426 832 1695 917 regendi
1748 832 1970 917 populi
2029 833 2434 916 dignitatem.
2523 833 2692 897 Nam
2753 844 2820 896 et

879 923 1039 1010 quid
1104 925 1243 1006 ipse
1301 921 1383 985 de
1438 941 1509 985 se
1567 920 1949 1002 profiteatur
2007 927 2349 1002 postquam
2408 940 2526 984 rex
2585 918 2819 983 fuisset

883 1010 1151 1087 electus,
1209 1016 1275 1073 et
1318 1006 1502 1070 Deus
1557 1006 1747 1069 illum
1805 1006 1873 1068 in
1932 1003 2497 1069 administratione
2541 1007 2818 1069 rexisset

880 1105 955 1163 et
982 1095 1430 1181 gubernasset,
1468 1091 1638 1174 quod
1677 1090 2062 1154 beneficium
2099 1110 2429 1155 summum
2468 1090 2612 1155 aliis
2646 1088 2819 1173 regi-

881 1181 1011 1248 bus
1067 1201 1201 1245 non
1261 1180 1385 1243 fuit
1441 1177 1616 1241 inter
1672 1187 1897 1253 gentes
1957 1176 2528 1256 communicatum,
2586 1194 2819 1257 nempe

884 1290 959 1336 se
1014 1267 1219 1331 fuisse
1277 1265 1448 1330 sicut
1502 1283 1775 1346 puerum
1837 1283 2046 1344 nuper
2090 1261 2479 1326 ablactatum
2526 1282 2566 1325 a
2608 1273 2819 1326 matre

880 1375 1023 1431 sua,
1070 1373 1141 1417 se
1163 1371 1294 1415 non
1319 1348 1622 1413 habuisse
1647 1367 1918 1431 magnos
1942 1347 2231 1430 spiritus,
2276 1368 2488 1430 neque
2525 1348 2816 1412 animum

883 1439 971 1507 ad
1007 1438 1356 1521 dignitates
1390 1444 1457 1499 et
1491 1434 2067 1517 praeeminentiam
2104 1433 2527 1515 applicuisse:
2576 1441 2642 1497 et
2677 1433 2818 1516 qui-

879 1530 1037 1592 dem
1081 1520 1500 1589 iureiurando
1544 1519 1847 1596 affirmat,
1914 1539 1985 1583 se
2047 1539 2383 1602 nunquam
2438 1540 2816 1602 aggressum

879 1632 992 1679 res
1024 1627 1296 1692 magnas
1334 1615 1448 1672 aut
1493 1604 1730 1670 arduas
1775 1624 1972 1686 supra
2015 1625 2208 1686 quam
2254 1605 2375 1686 ipsi
2421 1605 2817 1681 conveniret,

875 1696 999 1764 sed
1022 1714 1276 1777 semper
1300 1693 1367 1756 in
1395 1691 1761 1756 humilitate
1783 1690 2166 1768 ambulasse,
2215 1711 2549 1772 nunquam
2573 1690 2814 1755 elatum

875 1803 1003 1850 sua
1067 1780 1403 1863 dignitate.
1514 1774 2056 1858 Quandoquidem
2123 1775 2326 1860 igitur
2389 1775 2606 1842 David
2674 1796 2818 1841 sese

873 1866 1209 1937 continuit
1243 1873 1310 1928 et
1347 1873 1483 1927 tam
1528 1861 1821 1926 modeste
1864 1862 2069 1944 gessit
2111 1861 2263 1927 licet
2306 1861 2554 1945 regiam
2600 1872 2815 1944 potes-

875 1961 1086 2021 tatem
1131 1950 1425 2033 adeptus.
1470 1946 1827 2013 verisimile
1871 1957 1971 2011 est
2014 1946 2198 2012 illum
2243 1968 2399 2012 oves
2443 1958 2815 2030 pascentem

879 2050 953 2107 et
1011 2038 1332 2121 privatam
1393 2035 1595 2098 vitam
1657 2053 1691 2096 a
1743 2041 1960 2098 entem
2021 2033 2221 2098 fuisse
2278 2054 2400 2098 sua
2443 2041 2624 2098 sorte
2667 2053 2818 2098 con-

875 2129 1174 2200 tentum,
1254 2141 1497 2203 neque,
1564 2117 1621 2184 si
1753 2138 1866 2183 eus
1933 2120 2368 2202 permitteret,
2436 2117 2518 2183 ad
2586 2117 2818 2183 altiora

881 2210 1331 2295 aspiraturum
1399 2205 1619 2269 fuisse.
1723 2203 1945 2284 Quare
2011 2225 2209 2287 quum
2279 2227 2316 2269 a
2382 2204 2586 2270 fratre
2642 2226 2817 2269 nune

877 2305 1022 2363 tam
1057 2291 1286 2360 acerbe
1317 2292 1706 2374 increpatur,
1754 2299 1819 2354 et
1855 2288 2115 2371 quidem
2162 2300 2291 2355 tam
2337 2290 2817 2365 contumeliose,

1008 2401 1155 2446 vem
1210 2377 1305 2442 illi
1365 2378 1563 2441 fuisse
1621 2375 1933 2440 iniuriam
1989 2396 2120 2439 non
2174 2379 2412 2441 mirum
2472 2385 2594 2441 est.
2683 2372 2818 2441 Sed

956 2488 1070 2531 eus
1123 2465 1218 2529 ita
1274 2462 1440 2528 solet
1482 2482 1635 2527 suos
1680 2460 1760 2527 ad
1804 2462 2185 2544 patientiam
2233 2481 2557 2527 exercere.
2639 2460 2820 2528 Hinc

880 2553 1107 2635 itaque
1142 2549 1484 2624 discamus,
1529 2546 1698 2629 quod
1737 2557 1890 2611 ante
1933 2548 2139 2630 attigi,
2166 2546 2310 2612 Deo
2355 2557 2579 2612 nostra
2622 2566 2821 2630 opera

882 2645 1114 2704 utente
1174 2635 1256 2699 ad
1314 2635 1416 2700 sui
1470 2633 1756 2697 nominis
1812 2632 2084 2716 gloriam
2148 2634 2694 2715 promovendam,
2754 2642 2822 2696 et

877 2744 1011 2789 nos
1070 2722 1257 2786 donis
1301 2718 1770 2784 excellentibus
1814 2718 2022 2784 sancti
2066 2720 2166 2784 sui
2211 2720 2481 2801 spiritus
2526 2726 2820 2799 ornante,

883 2810 947 2876 si
1004 2804 1324 2874 increduli
1380 2814 1448 2870 et
1502 2804 1777 2888 improbi
1838 2802 2135 2870 hominos
2193 2805 2355 2870 odiis
2410 2804 2654 2888 iniquis
2697 2825 2820 2869 nos

878 2904 1381 2980 persequantur,
1437 2897 1507 2955 et
1560 2890 1946 2975 perturbare
2004 2909 2079 2955 ac
2137 2889 2338 2955 veluti
2382 2889 2671 2956 lacerare
2714 2890 2817 2954 ni-

879 2989 1143 3057 tantur,
1207 2978 1532 3061 patienter
1589 2975 1701 3041 illa
1758 2977 1980 3041 omnia
2037 2977 2236 3060 ferre,
2297 2974 2817 3059 quandoquidem

875 3067 1070 3134 Deus
1137 3073 1430 3129 nostram
1496 3061 1875 3146 patientiam
1941 3060 2072 3127 illis
2132 3060 2340 3126 modis
2395 3062 2696 3146 explorat
2753 3069 2821 3126 et

877 3161 1179 3220 exercet:
1224 3159 1293 3214 et
1325 3158 1660 3232 praeterea
1694 3167 2157 3231 cognoscamus
2193 3169 2322 3212 non
2368 3146 2493 3212 boc
2536 3147 2819 3224 demum,

875 3237 1001 3308 sed
1031 3236 1256 3302 multis
1287 3246 1462 3298 retro
1484 3234 1687 3317 lapsis
1722 3232 1998 3298 saeculis
2017 3233 2255 3298 vitium
2278 3233 2450 3299 istud
2476 3231 2819 3297 hominum

881 3332 1140 3392 mentes
1196 3338 1561 3401 occupasse.
1648 3317 1780 3384 Sed
1828 3319 2003 3402 agite
2046 3317 2524 3402 perpendamus
2570 3327 2821 3401 quanta

881 3409 1199 3477 caecitate
1221 3407 1557 3482 feriantur,
1591 3425 1753 3487 quos
1775 3404 1901 3469 ista
1935 3404 2076 3468 lues
2111 3402 2397 3472 invidiae
2432 3414 2500 3469 et
2532 3404 2821 3469 malitiae

887 3494 1092 3561 semel
1148 3491 1509 3573 occupavit,
1568 3501 1637 3554 et
1693 3489 1790 3554 ita
1846 3487 2212 3570 fascinavit,
2288 3498 2364 3555 ut
2435 3490 2817 3573 quibuscum

879 3581 1047 3665 ipsis
1078 3579 1165 3644 sit
1201 3576 1533 3660 negotium
1570 3596 1703 3640 non
1744 3574 2025 3654 videant,
2069 3583 2135 3640 et
2178 3577 2244 3641 in
2290 3574 2553 3642 obvium
2598 3595 2821 3658 quem-

881 3686 1016 3749 que
1051 3672 1294 3730 temere
1327 3662 1639 3728 ferantur.
1697 3660 1889 3739 Nam,
1925 3682 2184 3743 quaeso,
2222 3661 2374 3745 quid
2420 3661 2545 3726 sibi
2588 3661 2822 3726 volunt

885 3749 1110 3818 Eliabi
1144 3750 1346 3814 verba
1379 3747 1523 3812 illa:
1571 3747 1779 3829 Quare
1818 3748 2059 3827 venisti,
2102 3752 2160 3812 et
2199 3768 2395 3828 quare
2435 3746 2824 3830 dereliquisti

875 3835 1200 3920 pauculas
1258 3853 1399 3899 oves
1436 3832 1586 3898 illas
1626 3834 1696 3898 in
1738 3833 2028 3899 deserto?
2116 3832 2319 3899 Dicas
2363 3832 2668 3898 Eliabum
2715 3831 2823 3897 hic

887 3922 1208 3989 rusticum
1273 3920 1642 4002 quempiam
1705 3916 2076 3984 mendicum
2141 3919 2552 4003 compellare,
2620 3939 2822 4002 quum

889 4014 1115 4074 tamen
1160 4006 1240 4070 de
1285 4004 1473 4069 domo
1519 4015 1792 4086 paterna
1837 4003 1944 4071 hic
1988 4014 2314 4089 ageretur,
2372 4005 2614 4071 Davidi
2661 4025 2823 4088 pauÎ‡

889 4092 1075 4162 culas
1110 4111 1268 4156 oves
1303 4089 1725 4171 exprobrans,
1772 4110 1931 4174 quas
1965 4092 2159 4155 etiam
2196 4092 2264 4156 in
2303 4090 2559 4156 deserto
2602 4110 2825 4173 pasce-

886 4186 1016 4246 ret.
1104 4175 1429 4244 Davidem
1489 4175 1770 4242 libenter
1812 4175 2101 4242 afficeret
2145 4176 2476 4255 dedecore,
2537 4175 2708 4259 quod
2752 4175 2823 4239 in

887 4265 1112 4349 ipsum
1168 4272 1389 4327 tamon
1436 4268 1503 4325 et
1546 4266 1748 4326 totam
1795 4262 2000 4343 patris
2043 4263 2353 4327 familiam
2398 4260 2824 4327 redundabat.

887 4352 1111 4418 Erant
1159 4350 1336 4413 enim
1395 4355 1549 4412 tunc
1607 4347 2003 4412 familiarum
2063 4369 2214 4430 opes
2258 4357 2327 4414 et
2369 4348 2676 4413 nobilitas
2719 4368 2827 4430 pe-

889 4436 1134 4505 cudum
1171 4454 1425 4518 greges.
1490 4433 1671 4500 Hinc
1707 4443 1976 4517 apparet
2018 4433 2441 4499 vehementes
2487 4434 2633 4498 illas
2676 4454 2822 4517 pas-

885 4522 1132 4599 siones,
1176 4519 1413 4602 quibus
1450 4540 1591 4585 sese
1626 4519 1808 4585 velut
1843 4518 2008 4584 laxis
2042 4518 2315 4585 habenis
2359 4519 2568 4604 abripi
2614 4519 2825 4583 homiÎ‡

887 4630 1016 4675 nes
1074 4607 1323 4680 sinunt,
1385 4614 1460 4669 ut
1513 4606 1655 4670 sine
1714 4603 1951 4670 iudicio
2009 4615 2074 4670 et
2132 4607 2381 4672 ratione
2441 4607 2509 4671 in
2555 4605 2825 4688 quaevis

893 4693 1091 4761 obvia
1147 4693 1464 4766 serantur,
1518 4692 1585 4755 in
1630 4691 1919 4774 ipsorum
1965 4690 2241 4757 dedecus
2284 4700 2352 4758 et
2393 4691 2825 4776 ignominiam

891 4780 1089 4857 verti,
1143 4787 1220 4843 ut
1273 4778 1352 4843 iis
1405 4776 1747 4842 inferiores
1807 4796 1948 4842 esse
1991 4787 2310 4862 cogantur
2351 4779 2590 4861 quibus
2633 4798 2823 4859 supeÎ‡

891 4867 1103 4932 riores
1158 4885 1301 4930 esse
1355 4863 1679 4929 volebant.
1757 4863 1970 4928 'Panto
2030 4864 2248 4945 itaque
2307 4863 2647 4930 ardentius
2704 4881 2826 4927 nos

889 4959 1149 5036 oportet
1212 4950 1432 5015 Deum
1499 4949 1768 5031 precari,
1849 4959 1926 5014 ut
1989 4959 2245 5014 nostros
2311 4950 2583 5018 affectus
2648 4948 2824 5013 cohiÎ‡

888 5037 1061 5117 beat,
1124 5043 1191 5101 et
1266 5055 1350 5100 ne
1408 5056 1527 5099 nos
1581 5036 1756 5100 sinat
1811 5034 2099 5100 vanitate
2149 5043 2216 5100 et
2266 5035 2586 5102 bonorum
2645 5034 2825 5118 cupi-

891 5122 1102 5188 ditate
1199 5120 1538 5203 superari,
1639 5121 1744 5186 vel
1829 5120 2078 5186 invidia
2162 5121 2413 5187 alienae
2499 5121 2826 5187 felicitatis

885 5207 1206 5287 laborare,
1250 5213 1448 5292 quum
1488 5206 1955 5274 excellentibus
1991 5216 2253 5275 ornatos
2298 5204 2484 5276 donis
2520 5229 2627 5274 eos
2672 5227 2824 5273 conÎ‡

2532 298 2944 365 HOMILIA
2978 298 3202 366 LXII.
4660 307 4748 371 212

2920 487 3286 588 spiciemus,
3320 487 3392 553 in
3426 487 3599 572 quod
3635 489 3872 554 vitium
3894 488 4205 555 Eliabum
4242 489 4352 556 hie
4386 489 4605 574 lapsum
4637 496 4753 577 sspi-

2919 595 3143 640 cimus.

3093 658 3228 726 Sed
3273 658 3429 743 quid
3472 659 3694 726 David
3738 660 3823 726 ad
3865 660 3984 727 illa
4025 661 4414 746 respondet?
4481 662 4620 744 Quid
4648 685 4756 743 veo,

2926 745 3162 829 inquit,
3203 746 3327 830 feci
3347 746 3384 811 á¼“
3430 747 3738 830 numquid
3770 769 3895 814 non
3926 748 4179 814 verbum
4212 747 4347 813 est?
4387 747 4528 812 Vox
4556 747 4759 815 hebraea

2921 833 3252 916 significat
3313 832 3580 898 verbum.
3688 832 3925 918 Itaque
3988 833 4255 916 quidam
4317 835 4409 897 ita
4468 855 4759 916 responsum

2920 917 3204 984 Davidis
3255 918 3795 1002 interpretantur,
3838 921 4023 1003 quasi
4072 919 4278 983 dicat:
4324 917 4492 1000 Quid
4532 920 4631 985 tibi
4659 921 4758 986 vis?

2919 1002 3124 1068 verba
3164 1005 3386 1069 inania
3428 1004 3798 1088 profundis:
3863 1005 4017 1089 quid
4076 1006 4171 1070 ita
4224 1025 4551 1071 succenses
4586 1007 4631 1070 si
4662 1027 4763 1072 ver-

2920 1086 3075 1154 bum
3134 1110 3337 1153 unum
3398 1090 3658 1174 protuli.
3760 1090 3899 1156 Alii
3953 1111 4133 1169 ver0,
4191 1092 4379 1174 quasi
4425 1091 4594 1171 dicat,
4629 1093 4761 1173 paulo

2920 1186 3071 1258 post
3117 1195 3258 1240 rem
3317 1174 3398 1241 de
3455 1196 3587 1260 qua
3645 1175 4030 1259 loquebatur
4087 1177 4569 1259 perficiendam:
4624 1188 4675 1241 et
4704 1179 4766 1244 its

2921 1261 3468 1344 comparationem
3545 1263 3851 1327 instituat
3925 1263 4289 1345 praesentis
4372 1283 4515 1329 cum
4586 1263 4764 1329 futuro:

2921 1348 3022 1412 Tu
3081 1347 3503 1413 vehementer
3545 1348 3846 1414 irasceris
3889 1347 4063 1431 quod
4106 1356 4218 1412 tuo
4262 1347 4498 1415 iudicio
4538 1347 4698 1413 stulto
4727 1361 4769 1415 ot

2921 1442 3167 1498 temere
3200 1432 3507 1515 loquutus
3535 1434 3696 1497 sim:
3739 1433 3852 1498 sed
3896 1454 4096 1517 quum
4140 1454 4281 1498 rem
4322 1435 4642 1517 perfecero,
4676 1448 4767 1500 tom

2920 1519 3190 1584 habebis
3265 1520 3661 1585 occasionem
3722 1518 4025 1584 mirandi.
4125 1517 4258 1586 Sed
4312 1520 4474 1585 haec
4526 1522 4768 1603 expositio

2919 1615 3142 1671 coacta
3197 1613 3315 1670 est.
3403 1603 3635 1688 Itaque
3695 1605 3895 1670 verba
3937 1605 4218 1671 Davidis
4258 1605 4623 1689 simpliciter
4655 1608 4769 1672 sumi

2917 1696 3207 1772 possunt,
3273 1697 3349 1753 ut
3413 1700 3514 1754 est
3577 1690 3846 1774 vulgata
3901 1692 4235 1774 expositio,
4300 1702 4378 1756 ut
4428 1712 4641 1777 nempe
4683 1713 4770 1756 nou

2917 1786 3148 1859 arguat
3204 1775 3471 1840 fratrem
3519 1776 3858 1860 mendacii,
3915 1777 4031 1841 sed
4074 1777 4162 1842 sit
4204 1787 4548 1842 contentus
4581 1797 4772 1844 accum-

2917 1862 3158 1926 tionem
3223 1861 3431 1943 ipsius
3485 1861 3818 1945 repellere.
3919 1861 4152 1944 Itaque
4213 1863 4337 1928 ait:
4409 1861 4589 1944 Quae
4650 1863 4772 1942 dieis,

2917 1947 3120 2013 verba
3185 1956 3358 2025 sunt,
3421 1968 3619 2030 quum
3686 1955 3905 2031 posset
3959 1947 4175 2014 dicere
4234 1970 4377 2014 esse
4424 1949 4776 2015 mendacium.

2919 2033 3020 2097 'ru
3071 2031 3232 2099 dicis
3291 2053 3397 2097 me
3456 2035 3713 2099 venisse
3756 2044 3835 2100 ut
3887 2034 4207 2118 praelium
4254 2036 4562 2119 viderem,
4611 2047 4669 2099 et
4698 2034 4774 2097 tihi

2919 2117 3117 2201 probe
3151 2119 3479 2201 cognitam
3516 2119 3886 2203 superbiam
3927 2141 4139 2186 meam
4175 2129 4244 2184 et
4284 2122 4500 2187 cordis
4542 2122 4653 2186 mei
4686 2141 4778 2185 maÎ‡

2917 2203 3161 2268 litiam:
3205 2224 3363 2270 sane
3400 2211 3472 2268 tu
3509 2205 3733 2270 inania
3767 2206 3966 2271 verba
4000 2205 4238 2287 fundis,
4283 2207 4584 2290 nulloque
4615 2206 4778 2272 fundaÎ‡

2919 2297 3139 2354 mento
3182 2290 3432 2355 niteris.
3492 2289 3901 2373 Quandoque
3948 2311 4102 2356 vero
4147 2313 4276 2359 vox
4320 2293 4439 2357 illa
4479 2306 4602 2361 á½‹á¼¾
4642 2292 4779 2357 sumiÎ‡

2920 2387 3031 2440 tur
3072 2395 3192 2458 pro
3236 2375 3464 2440 ordine
3506 2376 3609 2442 vel
3656 2397 3856 2454 more,
3903 2386 3975 2441 ut
4022 2397 4222 2460 quum
4269 2377 4510 2445 dicitur
4530 2378 4780 2443 Dominus

2921 2470 3144 2527 noster
3178 2459 3360 2526 Iesus
3404 2462 3706 2527 Christus
3742 2461 3978 2526 dicitur
4020 2482 4144 2527 rex
4186 2466 4579 2529 constitutus
4615 2483 4781 2528 secunÎ‡

2923 2547 3077 2612 dum
3136 2546 3430 2612 ordinem
3473 2546 4011 2626 Melchisedechi3
4056 2569 4211 2612 nam
4254 2549 4347 2614 ibi
4393 2571 4524 2616 vox
4565 2550 4661 2613 illa
4694 2561 4780 2614 á¼¾á¿–á¿–

2923 2632 3337 2716 exprimitur.
3425 2631 3641 2713 Quem
3698 2653 3961 2699 sensum
4007 2633 4066 2699 si
4108 2654 4464 2717 sequamur
4507 2636 4679 2700 etiam
4711 2653 4783 2716 opÎ‡

2925 2719 3082 2783 time
3123 2716 3484 2801 quadrabit,
3532 2729 3605 2783 ut
3646 2720 3739 2783 ita
3782 2718 4001 2785 David
4047 2720 4268 2785 fratris
4310 2720 4686 2787 calumniam
4719 2740 4783 2784 reÎ‡

2921 2802 3153 2887 pellat:
3199 2804 3298 2868 Tu
3343 2825 3449 2869 me
3492 2804 3835 2888 superbiae
3878 2814 3945 2870 et
3987 2807 4423 2890 arrogantiae,
4470 2817 4541 2872 tu
4582 2805 4782 2873 curiosiÎ‡

2923 2890 3078 2955 tatis
3141 2890 3502 2970 insimulas,
3568 2910 3655 2955 an
3721 2911 3878 2956 vero
3938 2910 4117 2955 nunc
4174 2893 4462 2974 primum
4518 2894 4581 2957 in
4633 2901 4785 2958 casu-â¸

2921 2974 3125 3042 veni?
3206 2974 3373 3039 Nam
3435 2982 3629 3042 antea
3682 2975 3971 3042 vidimus
4015 2975 4343 3043 Davidem
4392 2979 4493 3044 ire
4536 2987 4597 3042 et
4630 2975 4781 3042 redito

2921 3060 3181 3126 solitum
3242 3060 3327 3125 ad
3380 3058 3670 3139 Saulem,
3728 3070 3796 3126 et
3852 3060 4088 3127 deinde
4143 3064 4223 3126 ad
4282 3063 4634 3147 pascendas
4680 3081 4785 3126 oven

2920 3147 3200 3212 reverti:
3280 3154 3473 3229 atque
3538 3147 3890 3214 verisimile
3955 3154 4058 3211 est
4121 3169 4258 3212 non
4324 3149 4453 3216 hae
4515 3170 4637 3214 una
4686 3148 4785 3210 vieo

2921 3230 3194 3297 missum
3253 3253 3294 3296 a
3350 3241 3536 3316 patre
3578 3232 3661 3297 ad
3705 3233 3960 3315 fratres,
4020 3230 4099 3297 de
4143 3233 4383 3317 quibus
4427 3243 4614 3301 antea
4646 3233 4786 3299 etiam

2921 3317 3241 3384 sollicitus
3295 3317 3514 3385 David
3576 3317 3658 3383 ad
3718 3339 3829 3384 eos
3887 3319 4265 3385 invisendos
4308 3322 4587 3387 venerit.
4659 3320 4787 3384 Bene

2919 3403 3142 3486 itaque
3176 3403 3527 3469 conveniet
3561 3403 3668 3471 hic
3701 3426 3951 3484 sensus,
3995 3415 4069 3468 ut
4104 3405 4282 3471 dicat
4316 3428 4449 3473 non
4496 3404 4785 3490 superbias,

2920 3510 3053 3554 non
3089 3491 3519 3574 arrogantiae,
3562 3510 3693 3555 non
3730 3490 4091 3556 curiositati
4137 3490 4628 3559 adscribendum
4666 3487 4783 3574 quod

2919 3576 3177 3639 venerit
3238 3595 3278 3639 a
3339 3587 3525 3659 patre
3578 3577 3837 3657 missus,
3896 3588 3962 3641 et
4014 3576 4281 3660 quidem
4342 3600 4480 3644 non
4539 3580 4649 3644 hac
4695 3593 4785 3640 una

2921 3660 3062 3726 vice
3125 3668 3194 3725 et
3256 3659 3377 3737 die,
3445 3660 3559 3727 sed
3617 3662 3971 3728 secundum
4033 3662 4331 3729 ordinem
4384 3675 4458 3730 et
4512 3683 4723 3730 morem
4761 3680 4787 3723 s

2922 3753 3111 3829 patre
3153 3747 3401 3813 servari
3444 3747 3728 3815 solitum.
3802 3748 3892 3814 Et
3933 3748 4028 3814 ita
4071 3769 4189 3815 nos
4236 3748 4429 3816 decet
4470 3750 4785 3816 obtrectato-

2925 3831 3107 3896 ribus
3173 3839 3240 3896 et
3301 3831 3633 3899 maledicis
3695 3854 3769 3899 os
3834 3834 4156 3914 claudere,
4221 3855 4387 3918 quos
4445 3847 4679 3902 certum
4721 3840 4787 3896 ost

2925 3918 3166 3982 multos
3213 3918 3350 3982 fore
3393 3939 3667 4002 semper,
3724 3919 3878 3985 licet
3918 3941 4067 3987 cum
4113 3941 4271 3986 cura
4314 3931 4386 3987 et
4429 3918 4785 3989 sollicitudine

2925 4003 3351 4080 ambulemus,
3397 4013 3463 4068 et
3495 4004 3651 4071 dare
3685 4005 4151 4073 offendiculum
4196 4027 4568 4075 caveamus.
4626 4005 4786 4085 Neque

2924 4089 3100 4154 enim
3160 4088 3508 4171 prohibere
3550 4090 3919 4157 incredulos
3962 4112 4307 4176 possumus
4351 4095 4513 4177 quin
4553 4092 4626 4157 de
4658 4087 4785 4155 nohis

2925 4175 3096 4241 male
3160 4174 3546 4259 loquantur,
3620 4177 4144 4261 quandoquidem
4205 4200 4469 4264 semper
4524 4179 4599 4244 ad
4644 4173 4784 4241 male-

2927 4260 3102 4328 dicta
3158 4271 3388 4346 guttur
3425 4274 3721 4344 apertum
3766 4262 4027 4342 habent,
4087 4265 4288 4329 etiam
4322 4266 4470 4331 sine
4512 4264 4783 4330 occasioneÎ‡

2928 4346 3062 4413 Sed
3117 4345 3274 4429 quid
3331 4346 3531 4430 agas?
3620 4347 3949 4414 Nimirum
4013 4350 4188 4433 quod
4239 4359 4470 4416 monet
4511 4345 4783 4435 apostolus.

2929 4441 3005 4497 ut
3069 4453 3188 4516 per
3250 4431 3530 4516 gloriam
3597 4444 3665 4499 et
3727 4433 4188 4518 ignominiam,
4256 4455 4377 4518 per
4443 4435 4708 4503 convicia
4740 4439 4784 4527 a

2927 4517 3153 4583 laudes
3218 4519 3646 4599 ambulemus,
3712 4521 3963 4604 quoties
4022 4521 4116 4585 ita
4163 4521 4381 4587 visum
4438 4522 4581 4587 Deo
4630 4520 4781 4584 fuant

2928 4605 3020 4669 Et
3077 4612 3297 4669 tamen
3356 4623 3613 4688 semper
3655 4607 3867 4689 parati
3911 4607 4115 4671 simus
4158 4608 4242 4672 ad
4284 4609 4715 4674 obtrectatores
4743 4611 4785 4664 Î¿á¼±

2929 4689 3275 4755 maledicos
3310 4690 3680 4773 arguendos
3714 4713 3915 4774 quum
3959 4692 4212 4758 malitia
4254 4703 4323 4758 et
4363 4695 4624 4758 effraeni
4659 4709 4782 4754 arroÎ‡

2926 4776 3148 4859 ,gantia
3180 4776 3248 4840 in
3285 4795 3404 4841 nos
3438 4780 3876 4842 surrexerint:
3924 4788 3996 4842 ut
4038 4799 4275 4863 nempe
4318 4781 4621 4863 improbis
4653 4777 4784 4858 ignoÎ‡

2926 4862 3132 4927 minia
3188 4880 3309 4926 nos
3368 4881 3712 4945 aspergere
3770 4875 3836 4929 et
3891 4864 4164 4929 obruere
4222 4865 4619 4941 conantibus,
4667 4861 4781 4924 bont

2929 4947 3323 5013 conscientia
3387 4949 3707 5028 nitamur,
3782 4961 3849 5015 et
3910 4950 4188 5016 veritate
4254 4961 4560 5034 tanquam
4616 4948 4779 5031 olymn

2930 5042 3259 5115 tegamur,
3339 5041 3408 5098 et
3470 5055 3892 5119 quascunque
3958 5035 4316 5103 calumnias
4381 5045 4453 5102 et
4510 5032 4779 5101 maledics

2929 5119 3337 5203 repellamus.

3100 5207 3192 5272 Et
3244 5203 3324 5271 de
3381 5205 3662 5274 Davidis
3717 5227 4027 5292 responso
4083 5207 4423 5276 hactenus.
4507 5208 4775 5274 &aarum
