5059 6059
800 317 930 383 675

806 518 1104 577 mentum
1165 506 1390 591 exigit,
1459 525 1674 571 coram
1733 504 1879 569 Deo
1921 505 2066 570 fieri
2112 511 2522 569 contractum
2567 503 2753 569 illum

811 594 1237 665 statuendum
1298 602 1414 657 est.
1505 593 1599 658 Et
1640 592 1901 674 quidem
1948 591 2121 675 quod
2171 599 2353 654 tanta
2398 597 2499 655 est
2545 590 2755 654 homi·

810 701 975 749 num
1039 677 1473 745 inconstantia
1533 686 1601 742 et
1667 677 2081 755 mutabilitas,
2163 686 2236 740 ut
2301 697 2493 758 saepe
2560 675 2757 740 fidem

810 768 1065 846 fallant,
1111 776 1177 831 et
1222 765 1402 829 dolos
1449 783 1524 827 ac
1565 762 1829 829 fraudes
1872 772 2158 839 nectant,
2206 763 2576 843 multasque
2612 762 2760 825 sub-

811 854 964 921 inde
1007 864 1181 918 artes
1223 849 1492 914 fallendi
1536 858 1812 927 struant,
1858 849 2096 914 idcirco
2140 868 2615 930 nonnunquam
2662 848 2758 911 iu-

812 938 1162 1007 reiurando
1218 936 1400 1000 velut
1444 936 1508 999 in
1558 936 1684 1000 Dei
1730 945 2148 1019 conspectum
2195 933 2626 1010 adducuntur,
2683 942 2758 995 ut

815 1026 1003 1092 Deus
1059 1025 1202 1107 ipse
1259 1022 1446 1087 testis
1503 1032 1571 1085 et
1629 1021 1823 1085 iudex
1871 1031 2200 1086 statuatur
2244 1021 2384 1084 eius
2428 1020 2540 1102 qui
2584 1019 2757 1083 socio

812 1112 1123 1179 iniuriam
1170 1106 1595 1191 fraudemque
1641 1108 1885 1173 fecerit.
1976 1108 2164 1172 Tunc
2209 1106 2409 1189 igitur
2455 1105 2535 1170 de
2572 1105 2757 1170 nobis

812 1199 1028 1282 magis
1094 1196 1264 1260 serio
1330 1192 1748 1277 cogitandum
1816 1200 1932 1258 est.
2023 1193 2194 1256 Nam
2258 1193 2314 1257 si
2379 1199 2515 1256 toto
2581 1191 2758 1256 vitae

813 1282 1139 1352 curriculo
1175 1301 1293 1344 nos
1328 1281 1399 1343 in
1435 1280 1640 1361 ipsius
1678 1277 2011 1343 ambulare
2047 1285 2396 1360 conspectu
2422 1277 2755 1355 debemus,

813 1369 972 1453 quid
1019 1366 1390 1433 faciendum
1427 1373 1736 1448 putamus
1772 1384 1974 1447 quum
2012 1365 2221 1448 magis
2257 1383 2566 1446 expressa
2601 1382 2757 1445 qua-

821 1457 973 1522 dam
1020 1454 1270 1519 ratione
1313 1471 1452 1517 sese
1497 1451 1684 1516 nobis
1730 1450 2056 1532 patefacit,
2107 1459 2171 1513 et
2216 1449 2420 1513 veluti
2465 1449 2631 1514 facie
2676 1446 2755 1513 ad

815 1542 1051 1609 faciem
1089 1558 1229 1603 sese
1263 1537 1451 1602 nobis
1474 1536 1864 1601 intuendum
1902 1535 2210 1601 exhibet?
2258 1535 2492 1600 Nonne
2523 1535 2758 1599 maies-

816 1635 1021 1694 tatem
1098 1623 1301 1708 ipsius
1344 1630 1527 1687 tanto
1572 1623 1782 1706 magis
1828 1623 2127 1687 venerari
2172 1622 2383 1697 decet,
2442 1628 2517 1685 ut
2559 1620 2628 1684 in
2674 1620 2756 1682 ti-

813 1734 997 1779 more
1045 1712 1253 1794 ipsius
1289 1708 1744 1774 ambulemus?
1815 1710 2029 1790 Atque
2069 1728 2143 1772 eo
2180 1706 2564 1791 diligentius
2601 1706 2759 1769 haec

811 1798 1121 1866 doctrina
1186 1804 1285 1861 est
1353 1792 1781 1873 observanda,
1849 1814 1980 1876 quo
2045 1793 2304 1875 saepius
2359 1794 2428 1856 in
2487 1812 2630 1857 eam
2678 1791 2759 1855 ab

815 1884 1194 1950 hominibus
1251 1882 1507 1965 peccari
1570 1879 1889 1960 videmus,
1948 1881 2168 1944 Deum
2229 1878 2308 1942 ad
2365 1880 2529 1943 iram
2589 1878 2761 1941 ultro

818 1968 1343 2056 provocantibus,
1390 1978 1458 2030 et
1500 1966 1682 2031 velut
1725 1966 1793 2029 in
1840 1965 2069 2031 faciem
2119 1964 2476 2029 urentibuS.
2569 1963 2762 2029 Unde

819 2058 1015 2134 enim,
1061 2056 1350 2136 obsecre,
1395 2061 1494 2117 tot
1531 2054 1759 2118 inanes
1804 2051 2253 2130 deierationes,
2301 2059 2372 2114 ut
2418 2051 2529 2116 vix
2579 2048 2764 2114 effari

815 2143 1119 2208 homines
1193 2140 1468 2205 verbum
1538 2138 1791 2220 possint
1849 2138 1989 2202 sine
2048 2138 2266 2219 aliquo
2324 2135 2762 2213 iureiurandO,

813 2229 944 2294 etsi
988 2226 1068 2292 de
1114 2225 1429 2291 levissimi
1476 2224 1790 2288 momenti
1835 2231 1900 2287 et
1946 2222 2026 2286 de
2071 2223 2259 2286 nihili
2305 2221 2500 2287 rebus
2545 2230 2764 2305 agant,

817 2314 979 2398 quin
1018 2314 1239 2378 statim
1279 2309 1408 2375 Dei
1444 2331 1681 2373 nomen
1718 2307 2130 2392 proferatur?
2174 2307 2431 2374 Siccine
2467 2306 2766 2371 homines

817 2420 1039 2466 coram
1103 2397 1233 2461 Dei
1297 2394 1621 2479 stupenda
1685 2395 2025 2460 maiestate
2091 2415 2231 2459 sese
2286 2394 2633 2472 exhibent,
2702 2402 2765 2456 et

817 2487 1214 2570 profitentur
1268 2499 1337 2546 se
1382 2501 1624 2545 nomen
1670 2480 1967 2547 divinum
2013 2479 2331 2545 advocare
2378 2487 2609 2544 testem
2656 2500 2764 2543 ve·

821 2570 1058 2646 ritatis,
1105 2589 1305 2650 quum
1346 2574 1569 2631 tamen
1605 2566 2094 2633 mendaciorum
2130 2565 2302 2648 pleni
2345 2564 2525 2629 sint?
2574 2563 2766 2630 Unde

819 2655 1244 2737 conspicuum
1306 2661 1405 2718 est
1455 2673 1693 2735 paucos
1748 2652 1817 2716 in
1878 2653 2001 2718 hac
2060 2651 2356 2717 doctrina
2399 2650 2765 2733 profecisse,

823 2761 1081 2823 nempe,
1140 2739 1438 2803 homines
1498 2739 1564 2803 in
1611 2738 1736 2803 Dei
1781 2748 2128 2822 conspectu
2175 2738 2421 2821 positos
2467 2748 2768 2819 oportere

821 2829 893 2893 in
952 2825 1132 2891 omni
1191 2824 1471 2889 candore
1515 2832 1581 2889 et
1622 2824 2004 2909 integritate
2048 2845 2122 2888 ac
2166 2824 2540 2889 sinceritate
2592 2823 2765 2887 ince-

827 2912 1000 2991 dere,
1066 2931 1151 2975 ne
1212 2910 1406 2975 fidem
1467 2931 1751 2992 unquam
1811 2911 2210 2994 frangamus,
2271 2930 2479 2991 neque
2525 2916 2769 2972 temere

818 2997 1179 3081 quidquam
1236 2995 1492 3060 dicatur
1542 2999 1754 3060 fiatve.
1844 2997 1938 3061 Et
1981 2996 2061 3060 de
2096 2995 2218 3060 hoc
2252 2994 2392 3060 loco
2429 2995 2766 3059 hactenus

820 3086 1108 3165 Insuper
1177 3104 1257 3146 ex
1316 3083 1457 3146 istis
1501 3080 1935 3165 colligendum
1984 3103 2185 3165 regna
2241 3090 2308 3144 et
2373 3080 2771 3163 respublicas

823 3171 906 3236 ad
984 3171 1202 3233 Deum
1269 3188 1527 3251 semper
1594 3188 1736 3232 esse
1802 3167 2195 3233 referendas.
2290 3167 2460 3230 Nam
2529 3166 2771 3231 scimus

824 3276 1017 3322 omne
1061 3255 1158 3318 illi
1202 3254 1549 3336 imperium
1595 3253 1836 3331 deberi,
1881 3262 1948 3317 et
1991 3274 2212 3335 regem
2259 3273 2400 3317 esse
2442 3252 2629 3315 illum
2670 3271 2770 3315 re-

825 3363 1002 3426 gum,
1092 3340 1263 3422 quod
1349 3338 1563 3404 omnis
1651 3340 1731 3404 ab
1808 3341 1949 3422 ipso
2029 3348 2314 3422 potestas
2390 3336 2770 3421 dependeat.

830 3428 1056 3509 Quare
1115 3427 1170 3491 si
1234 3426 1427 3490 huius
1469 3424 1702 3489 mundi
1748 3432 2098 3507 potestates
2143 3434 2298 3489 sunt
2341 3424 2772 3501 subalternae,

827 3533 1112 3595 aequum
1202 3520 1302 3575 est
1378 3511 1525 3575 illas
1606 3531 1833 3576 omnes
1913 3510 1995 3574 ad
2063 3510 2282 3575 Deum
2349 3510 2596 3585 referri,
2700 3516 2774 3572 ut

830 3618 1160 3664 summum
1213 3598 1351 3678 ipse
1386 3595 1663 3679 gradum
1699 3617 1958 3679 semper
1992 3596 2299 3661 obtineat.
2370 3599 2467 3661 Ac
2503 3594 2773 3677 proinde

830 3685 944 3766 qui
988 3684 1136 3747 aliis
1181 3693 1497 3765 praesunt
1540 3693 1813 3748 caveant
1858 3704 1942 3747 ne
1988 3682 2310 3746 maiestati
2347 3682 2555 3765 ipsius
2593 3680 2774 3744 dero-

879 3776 992 3832 ent
1058 3776 1123 3831 et
1188 3767 1494 3832 tenebras
1559 3768 1932 3833 offundant:
2003 3769 2115 3832 sed
2182 3789 2439 3850 semper
2504 3788 2655 3832 cum
2699 3774 2775 3830 ut

878 3854 1169 3919 ominum
1226 3862 1291 3918 et
1347 3855 1731 3937 magistrum
1773 3854 1991 3919 colant
2033 3863 2099 3917 et
2143 3862 2562 3919 venerentur.
2654 3853 2772 3915 At-

834 3960 964 4023 que
1029 3936 1189 4003 adeo
1235 3939 1344 4020 qui
1387 3961 1714 4005 summum
1759 3940 1830 4004 in
1875 3940 2070 4005 terris
2114 3938 2452 4023 dignitatis
2497 3937 2774 4022 gradum

832 4025 1148 4103 obtinent,
1227 4025 1372 4089 aliis
1452 4026 1750 4107 exemplo
1815 4025 2173 4090 modestiae
2234 4034 2300 4090 et
2365 4024 2776 4089 voluntariae

832 4110 1255 4179 subiectionis
1299 4117 1511 4176 sunto,
1577 4111 2020 4177 Nihilominus
2057 4110 2298 4176 subditi
2336 4110 2778 4193 superioribus

835 4197 974 4264 suis
1042 4205 1110 4260 et
1175 4196 1603 4280 potestatibus
1668 4198 2129 4263 subiiciuntor:
2197 4199 2474 4261 scientes
2541 4216 2582 4259 a
2638 4196 2780 4259 Deo

834 4284 982 4367 ipso
1027 4281 1377 4358 ordinatas,
1417 4292 1482 4347 et
1527 4282 1694 4346 nihil
1718 4282 1997 4365 amplius
2017 4284 2420 4365 inquirentes
2435 4306 2450 4362 3
2495 4280 2781 4365 quando-

839 4368 1103 4453 quidem
1140 4390 1272 4432 non
1312 4376 1412 4433 est
1449 4376 1738 4450 potestas
1775 4369 1903 4434 nisi
1941 4391 1980 4433 a
2003 4371 2166 4452 Deo,
2211 4378 2284 4433 ut
2301 4369 2549 4433 Paulus
2573 4366 2777 4432 docet.

1016 4453 1330 4537 Sequitur
1393 4454 1541 4520 illos
1603 4454 1694 4518 ibi
1750 4454 2190 4520 immolavisse
2250 4454 2548 4520 victimas
2605 4452 2780 4537 paci-

839 4542 998 4607 ficas
1060 4560 1277 4604 coram
1351 4540 1654 4605 Domin0.
1747 4539 1897 4605 Vox
1962 4540 2244 4606 hebraea
2299 4559 2521 4622 pacem
2584 4540 2783 4623 signi-

839 4628 1010 4704 ficat,
1072 4634 1137 4689 et
1176 4624 1324 4690 ideo
1372 4626 1672 4693 victimae
1717 4626 2021 4708 pacificae
2067 4634 2334 4692 vocatae
2378 4634 2554 4691 sunt.
2646 4625 2781 4689 Sed

837 4732 975 4778 non
1021 4710 1292 4776 dubium
1338 4722 1438 4777 est
1475 4713 1630 4796 quin
1668 4732 1745 4776 ea
1780 4732 1941 4777 voce
1976 4713 2428 4797 significentur
2464 4712 2783 4777 sacrificia

839 4798 1289 4866 eucharistica.
1381 4798 1548 4862 Nam
1596 4799 2057 4864 sacrificiorum
2103 4799 2366 4864 illorum
2411 4820 2570 4863 usus
2605 4806 2670 4860 et
2706 4798 2780 4861 fi-

841 4885 946 4950 nis
991 4893 1153 4963 erat,
1211 4883 1356 4948 Deo
1395 4884 1640 4967 gratias
1685 4904 1880 4968 agere
1923 4883 2027 4948 vel
2074 4884 2153 4949 de
2197 4904 2501 4951 concessa
2547 4883 2781 4966 populo

843 4969 1158 5035 adversus
1203 4970 1422 5035 hostes
1459 4970 1753 5051 victoria,
1795 4972 1866 5034 in
1901 4990 2160 5053 genere,
2206 4971 2313 5036 vel
2350 4968 2655 5054 privatim
2701 4969 2781 5033 de

843 5063 1230 5136 recuperata
1272 5054 1649 5120 valetudine
1695 5065 1761 5120 et
1804 5056 2188 5122 liberatione
2233 5078 2314 5120 ex
2351 5057 2538 5138 gravi
2576 5065 2641 5120 et
2676 5075 2784 5137 pe-

843 5139 1126 5205 riculoso
1191 5142 1433 5221 morbn,
1512 5140 1718 5206 veluti
1783 5150 1984 5225 peste,
2052 5152 2166 5207 aut
2230 5141 2585 5207 similibus:
2663 5160 2781 5223 pro

841 5225 1082 5310 quibus
1142 5225 1466 5294 beneficiis
1525 5227 1670 5293 Deo
1728 5229 1972 5313 grat-ias
2027 5230 2312 5313 agebant
2354 5235 2423 5293 et
2466 5226 2784 5294 sacrificia

2412 312 2825 379 HOMILIA
2867 311 3207 379 XXXIX.

4631 321 4715 387 676

2858 502 3128 585 pacifica
3164 503 3539 569 offerebant.
3620 504 3753 571 Hic
3789 526 3946 569 vero
3986 504 4229 588 duplex
4268 505 4464 570 huius
4497 511 4719 578 sacrificii

2860 589 3109 672 pacifici
3146 590 3316 653 ratio
3351 610 3494 654 sese
3529 592 3859 657 offerebat.
3906 592 4079 655 Nam
4118 591 4271 654 hinc
4294 591 4543 674 quidem
4566 596 4719 665 hosta

2861 674 3033 739 caesi
3091 676 3551 759 profligatique
3611 698 3854 760 magna
3911 677 4359 742 internecione
4404 680 4639 759 fuerant,
4679 700 4721 749 et

2860 759 3058 825 allata
3103 761 3342 842 populo
3380 782 3532 844 pax,
3578 763 4001 844 sublatusque
4040 764 4235 827 timor
4273 768 4605 829 renovandi
4634 791 4720 833 am·

2859 845 3034 930 plius
3089 846 3263 913 belli.
3352 847 3519 912 Inde
3577 869 3734 913 vero
3790 850 3977 931 regni
4024 856 4235 914 status
4280 852 4725 923 confirmabatur.

2861 938 2930 998 et
2993 941 3188 1013 caput
3245 954 3282 997 a
3342 931 3488 998 Deo
3549 933 3977 1016 approbatum
4025 935 4550 1016 constituebatur,
4604 942 4725 1020 quod

2860 1039 2945 1082 ex
3006 1018 3230 1100 populi
3286 1038 3412 1083 usu
3457 1019 3594 1084 fore
3638 1019 3827 1085 facile
3873 1022 4244 1103 apparebat.
4336 1021 4546 1101 Quare
4583 1046 4726 1106 quum

2861 1103 3022 1169 haec
3060 1103 3188 1168 duo
3225 1114 3362 1168 tam
3398 1106 3784 1171 excellentia
3820 1107 3945 1170 Dei
3982 1108 4291 1172 beneficia
4318 1128 4725 1185 concurrerent,

2862 1209 3138 1272 aequum
3208 1200 3349 1254 erat
3408 1192 3718 1274 populum
3780 1192 4027 1256 debitas
4088 1192 4230 1258 Deo
4288 1195 4526 1276 gratias
4574 1216 4729 1278 agere.

2864 1275 2993 1341 Sed
3038 1275 3110 1339 in
3145 1276 3375 1359 primis
3413 1277 3519 1340 hic
3555 1276 4032 1342 observandum
4072 1278 4408 1361 populum,
4456 1281 4565 1343 etsi
4597 1304 4729 1363 prae-

2863 1361 3032 1426 senti
3092 1363 3311 1427 animo
3371 1372 3437 1428 et
3493 1364 3647 1428 forti
3706 1376 4128 1447 pugnaverat,
4192 1387 4317 1429 non
4380 1378 4584 1429 tamen
4622 1388 4729 1431 suae

2865 1447 3171 1531 dignitati
3218 1449 3556 1514 victoriam
3605 1451 3909 1527 tribuere,
3958 1449 4069 1515 sed
4118 1451 4242 1514 Dei
4289 1452 4730 1516 benevolentiae.

2865 1532 3087 1615 Quare
3121 1555 3323 1616 quum
3358 1536 3427 1598 in
3468 1535 3724 1618 aliquod
3760 1537 4096 1619 negotium
4121 1536 4393 1619 quilibet
4417 1538 4733 1611 incubuerit,

2864 1619 3049 1685 cuius
3121 1619 3278 1683 felix
3337 1620 3537 1684 fuerit
3592 1622 3832 1699 exitus,
3916 1621 4132 1686 Deum
4190 1643 4605 1705 agnoscamus
4657 1646 4735 1687 au·

2866 1714 3095 1783 torem,
3161 1715 3226 1768 et
3290 1707 3535 1788 gratias
3595 1707 3803 1771 eidem
3866 1706 4219 1791 condignas
4278 1730 4559 1791 agamus,
4615 1711 4735 1792 quod

2866 1800 3088 1856 nostro
3145 1791 3349 1856 labori
3394 1792 3821 1858 benedixerit.
3912 1795 4078 1857 Nam
4126 1795 4368 1858 frustra
4411 1816 4641 1858 summo
4676 1796 4739 1857 di·

2867 1877 3081 1942 luculo
3141 1899 3577 1962 surgeremus,
3644 1889 3709 1943 et
3765 1878 3949 1943 tarde
3996 1879 4393 1958 sederemus,
4455 1896 4515 1943 et
4556 1881 4740 1944 frustra

2868 1963 3010 2029 cibo
3068 1961 3369 2027 dolorum
3432 1985 3861 2044 vesceremur,
3938 1965 4064 2030 nisi
4125 1966 4307 2030 Deus
4367 1968 4504 2048 ipse
4559 1969 4741 2030 nostris

2869 2048 3198 2114 laboribus
3232 2048 3663 2127 benediceret,
3702 2050 4084 2133 felicemque
4122 2052 4281 2133 ipsis
4317 2056 4559 2115 exitum
4593 2051 4742 2116 deret.

2873 2131 3257 2200 Cavendum
3335 2136 3552 2218 itaque
3626 2158 4040 2219 summopere
4126 2159 4207 2201 ne
4296 2140 4509 2202 Deum
4580 2137 4743 2201 debita

2870 2220 3062 2285 laude
3131 2220 3526 2300 fraudemus,
3588 2244 3789 2304 quum
3852 2222 4179 2288 beneficiis
4238 2224 4447 2306 ipsius
4499 2224 4746 2288 cumulati

2870 2307 3218 2371 fuerimus:
3265 2318 3330 2370 et
3374 2307 3523 2373 licet
3570 2330 3687 2390 pro
3732 2308 3908 2372 virili
3955 2323 4177 2373 nostra
4224 2310 4293 2372 in
4339 2310 4609 2392 aliquam
4650 2330 4743 2372 rem

2868 2391 3375 2473 incubuerimus,
3450 2394 3876 2459 nihilominus
3943 2402 4159 2459 tamen
4223 2396 4302 2460 ab
4372 2397 4509 2460 eius
4574 2395 4749 2459 benefi-

2871 2478 3084 2543 centia
3127 2478 3439 2561 quidquid
3479 2479 3641 2545 bene
3686 2493 3945 2564 gestum
3983 2494 4079 2544 est
4117 2502 4538 2563 promanasse
4572 2502 4748 2564 agnos·

2871 2584 3112 2630 camus.
3203 2564 3404 2629 Aliud
3466 2566 3849 2631 beneficium
3913 2588 3951 2631 a
4008 2568 4151 2631 Deo
4209 2570 4563 2649 profectum
4606 2567 4751 2631 etiam

2870 2649 3187 2733 populum
3234 2659 3491 2733 oportet
3536 2673 3904 2736 agnoscere,
3950 2674 4147 2735 quum
4188 2675 4466 2736 regnum
4505 2666 4599 2718 est
4628 2664 4751 2714 tran·

2873 2735 3168 2819 quillum.
3260 2736 3482 2817 Quare
3562 2740 3616 2803 si
3697 2758 3809 2803 eae
3876 2748 4292 2821 tempestates
4359 2752 4609 2805 coortae
4663 2737 4755 2801 sint

2875 2821 3108 2904 quibus
3175 2823 3525 2887 evertenda
3583 2823 3946 2906 respublica
4007 2824 4373 2900 videbatur,
4461 2838 4525 2889 et
4575 2825 4755 2907 quibus

2875 2907 3108 2972 deinde
3165 2908 3405 2974 sedatis
3449 2910 3667 2992 aliqua
3710 2931 3840 2995 pax
3887 2918 3953 2975 et
3996 2912 4440 2994 tranquillitas
4478 2911 4658 2977 allata
4684 2908 4757 2977 sit,

2875 3001 2991 3058 aut
3054 2994 3284 3058 melior
3346 2994 3579 3077 aliquis
3644 3005 3868 3073 status,
3948 2994 4077 3060 Dei
4144 3018 4341 3061 manu
4415 3008 4483 3061 et
4538 2997 4757 3060 benevo-

2877 3078 3077 3143 lentia
3122 3078 3366 3144 factum
3404 3080 3566 3144 illud
3603 3103 3743 3148 esse
3780 3082 4081 3158 sciamus,
4129 3085 4237 3165 qui
4277 3084 4485 3148 nostri
4522 3080 4757 3146 misereri

2878 3165 3104 3242 voluit,
3161 3174 3227 3230 et
3282 3165 3363 3230 ad
3424 3166 3633 3232 laudis
3691 3168 4103 3242 sacrificium,
4161 3178 4237 3232 ut
4281 3169 4472 3233 docet
4516 3167 4759 3233 Psalmus

2876 3251 3474 3335 quinquagesimus,
3522 3254 3819 3318 invitare.
3910 3254 4211 3335 Denique
4257 3255 4529 3319 additur
4572 3270 4758 3317 omnes.

2877 3347 3012 3400 tam
3069 3336 3357 3415 Saulem,
3426 3360 3618 3421 quam
3680 3339 4013 3423 populum,
4083 3340 4274 3404 valde
4337 3340 4612 3405 laetatos
4650 3356 4761 3407 esse,

2876 3422 3110 3504 quibus
3170 3425 3382 3489 verbis
3429 3424 3757 3490 indicatur
3800 3425 4086 3504 Saulem,
4148 3447 4275 3490 non
4322 3427 4639 3503 simulate,
4685 3418 4760 3485 sed

2878 3510 3130 3574 sincere
3176 3519 3239 3573 et
3283 3511 3564 3591 ingenue
3610 3512 3913 3577 omnibus
3957 3512 4038 3575 iis
4074 3513 4485 3577 condonasse
4522 3512 4762 3575 offensas,

2879 3615 2917 3658 a
2961 3595 3197 3676 quibus
3243 3594 3525 3661 ludibrio
3572 3597 3837 3662 habitus
3873 3598 4102 3671 fuerat,
4150 3608 4218 3661 et
4255 3600 4363 3680 qui
4402 3610 4763 3663 contumaces

2879 3688 2944 3745 et
2988 3679 3263 3746 rebelles
3309 3683 3601 3762 fuerant,
3646 3683 3816 3765 quod
3865 3704 4009 3748 cum
4056 3683 4367 3749 universo
4416 3683 4647 3767 populo
4682 3680 4766 3742 lae·

2878 3774 3074 3830 tetur.
3162 3766 3355 3832 Unde
3429 3778 3697 3852 apparet
3763 3770 3953 3833 illum
4024 3769 4303 3833 inimicis
4372 3773 4568 3852 plane
4622 3766 4767 3857 sui-<se

2879 3852 3314 3929 conciliatum,
3376 3853 3455 3918 de
3514 3854 3751 3935 quibus
3809 3876 3940 3920 non
4000 3854 4191 3918 modo
4236 3860 4475 3920 merito
4520 3869 4768 3934 conqueri

2878 3959 3088 4019 posse,
3126 3939 3237 4003 sed
3276 3941 3473 4004 etiam
3504 3962 3741 4022 poenas
3764 3962 4132 4023 resposcere
4162 3941 4524 4015 videbatur,
4564 3952 4769 4022 propter

2882 4024 3190 4089 violatam
3230 4025 3473 4108 regiam
3513 4028 3960 4109 autoritatem,
3999 4036 4063 4090 et
4088 4027 4368 4090 oblatam
4396 4029 4765 4092 occasionem,

2883 4109 3054 4193 quod
3114 4108 3379 4175 Samuel
3439 4110 3615 4177 illius
3674 4113 3961 4177 offensae
4018 4113 4214 4177 iudex
4270 4135 4305 4176 a
4368 4114 4610 4197 populo
4650 4120 4767 4172 esset

2884 4196 3293 4262 constitutus.
3382 4197 3648 4262 Poterat
3709 4200 3927 4281 itaque
3992 4197 4149 4263 Saul
4211 4210 4473 4263 tantum
4534 4191 4766 4262 animad-

2886 4281 3253 4347 versionem
3299 4281 3735 4350 dissimulare:
3796 4284 3909 4349 sed
3956 4283 4173 4348 Deum
4220 4287 4521 4368 agnoscit
4565 4284 4767 4348 illorum

2882 4370 3245 4442 misertum,
3323 4389 3397 4433 ac
3468 4370 3741 4451 proinde
3807 4370 3944 4452 ipse
4003 4390 4258 4452 quoque
4315 4367 4767 4435 condonandum

2883 4454 3015 4519 illis
3060 4451 3377 4517 adversus
3422 4476 3490 4520 se
3536 4456 3885 4522 admissam
3932 4455 4348 4520 rebellionem
4399 4450 4767 4545 existimavit-

2884 4540 3062 4604 Hinc
3122 4538 3444 4605 discamus
3500 4562 3608 4606 eos
3664 4562 3882 4607 amore
3924 4541 4217 4606 fraterno
4264 4543 4625 4624 complecti,
4672 4555 4768 4618 qm·

2885 4626 3005 4692 bus
3042 4624 3225 4690 Deus
3262 4638 3361 4690 est
3397 4629 3887 4693 reconciliatus:
3935 4637 3999 4691 et
4037 4649 4235 4710 quum
4276 4629 4487 4692 nostri
4527 4628 4770 4692 misertus

2886 4711 3098 4791 fuerit,
3157 4712 3376 4776 faciles
3422 4714 3625 4779 simus
3671 4715 3737 4778 in
3784 4713 4227 4778 condonandis
4273 4715 4547 4779 offensis
4591 4709 4769 4795 quibus

2886 4798 3043 4862 laesi
3100 4817 3140 4860 a
3196 4800 3510 4879 proximis
3554 4800 3890 4865 fuerimus.
3981 4799 4208 4881 Neque
4252 4820 4411 4865 vero
4457 4802 4580 4865 ista
4619 4798 4767 4875 impe·

2887 4883 3078 4948 diunt
3141 4885 3488 4966 quominus
3554 4886 3810 4969 legibus
3868 4893 3933 4950 et
3992 4886 4117 4950 iuri
4175 4907 4329 4950 suus
4392 4886 4575 4951 locus
4629 4882 4769 4946 reliu-

2884 4979 3154 5053 quatur:
3221 4970 3333 5034 sed
3390 4971 3602 5037 omnis
3666 4971 3983 5037 vindictae
4043 4971 4362 5053 cupiditas
4412 4970 4769 5053 prohibetur:

2886 5076 3051 5138 quae
3087 5056 3474 5140 plerumque
3520 5080 3639 5123 nos
3681 5058 3964 5122 iniuriae
4007 5057 4425 5140 impatientes
4474 5058 4639 5122 facit.
4710 5052 4769 5114 At

2885 5162 3085 5225 quum
3111 5141 3329 5206 Deum
3359 5143 3441 5209 ad
3485 5164 3554 5208 se
3598 5164 3717 5209 nos
3760 5144 4045 5209 invitare
4090 5143 4407 5221 videmus,
4458 5154 4526 5206 et
4568 5147 4769 5233 peceat-⁸

2886 5227 3071 5293 nobis
3117 5229 3290 5294 ultro
3335 5228 3717 5310 condonare,
3779 5251 3992 5296 nonne
4037 5230 4179 5295 istis
4204 5240 4518 5313 tanquam
4544 5221 4769 5294 stimulis
