5059 6059
336 240 470 311 589

1628 244 1727 310 IN
1774 245 1830 310 Ι.
1878 246 2059 312 LIB.
2105 244 2511 314 SAMUEL.
2571 246 2772 314 OAP.
2819 248 3082 314 XXVI.

4248 252 4386 319 590

518 432 613 499 Et
634 432 717 498 de
748 432 1125 498 iuramento
1155 431 1271 497 illo
1306 431 1498 498 satis:
1536 430 1800 496 interim
1824 430 2047 496 David
2074 431 2300 497 Abisai
2406 450 2553 499 sum
2611 436 2974 502 exercitum
3021 434 3367 520 gloriatur,
3424 444 3502 501 ut
3541 434 3767 503 Saulis
3810 438 4266 506 crudelitatem
4312 452 4381 508 et

343 520 533 588 iubet
575 519 804 585 tollere
848 518 1143 584 lanceam
1191 514 1412 584 Saulis
1459 526 1525 582 et
1563 517 1889 601 scyphum
1933 536 2160 600 aquae,
2219 517 2302 583 ad
2406 520 2751 585 saevitiam
2816 520 3087 599 molliat,
3151 530 3222 588 et
3282 521 3475 605 quale
3517 524 3606 588 sit
3647 522 3931 589 militum
3977 544 4134 611 erga
4178 546 4376 594 suum

344 605 703 692 potandum
742 610 1119 688 apparatae,
1165 620 1375 686 neque
1418 604 1592 668 enim
1638 604 1708 666 in
1753 603 1983 669 calidis
2023 602 2159 668 illis
2200 623 2300 667 rc-

344 692 655 780 gionibus
703 689 1076 756 ordinarius
1119 698 1262 755 erat
1304 690 1443 755 vini
1486 698 1713 771 potus:
1773 689 2014 756 idcirco
2058 690 2133 753 flt
2179 686 2305 754 hoe

346 781 489 846 loco
532 776 779 843 mentio
822 775 1056 860 scyphi
1100 792 1329 858 aquae.
1387 774 1555 839 Nam
1603 774 1725 838 etsi
1770 795 1887 840 rex
1933 783 2075 841 erat
2117 773 2303 853 Saul,

346 886 481 931 non
552 873 773 929 tamen
830 861 1134 927 omnibus
1192 860 1374 926 horis
1432 859 1658 925 viuum
1727 861 2029 945 potabat:
2094 876 2305 943 neque

347 949 700 1018 admodum
745 946 923 1012 istud
967 945 1373 1013 mirandum:
1433 944 1980 1029 quandoquidem,
2032 955 2108 1011 ut
2152 954 2309 1011 ante

347 1037 531 1117 dixi,
594 1035 779 1119 regio
844 1032 961 1097 illa
1025 1031 1242 1099 calida
1307 1050 1442 1097 non
1510 1033 1835 1114 permittit
1897 1030 2301 1098 ordinarium

344 1122 492 1189 viui
557 1130 787 1204 potum
851 1118 1121 1185 incolis:
1189 1134 1469 1200 quorum
1537 1117 1778 1201 alioqui
1847 1118 1982 1182 vita
2046 1118 2308 1184 brevior

344 1210 522 1274 feret
543 1205 675 1271 nisi
701 1203 851 1288 plus
874 1220 1079 1287 aquae
1103 1220 1302 1287 quam
1343 1202 1488 1268 vini
1526 1203 1846 1269 biberent.
1892 1204 1984 1270 Et
2020 1213 2307 1286 praeter·

397 1312 551 1359 nam
607 1291 778 1374 quod
833 1291 1050 1357 sobrie
1106 1289 1253 1354 illos
1310 1287 1551 1354 bibisse
1610 1300 1799 1355 extra
1856 1286 2125 1354 dubium
2186 1296 2305 1365 est,

421 1396 572 1445 eum
635 1375 826 1442 Sauli
885 1377 1082 1441 etiam
1143 1381 1432 1439 mentem
1492 1373 1748 1440 dedisse
1805 1384 2108 1459 apparet,
2179 1394 2308 1456 qua

343 1465 492 1534 suis
548 1461 893 1528 affectibus
949 1460 1420 1527 moderaretur.
1510 1459 1763 1527 Multos
1822 1462 2001 1526 enim
2060 1460 2308 1538 videas,

343 1551 465 1637 qui
519 1549 768 1616 centies
825 1547 1066 1613 millies
1124 1548 1339 1630 perire
1388 1546 1623 1612 malint
1667 1564 1866 1630 quam
1914 1546 2067 1612 vino
2111 1546 2308 1612 absti-

342 1655 530 1714 nere,
575 1634 745 1717 quod
770 1642 992 1698 tamen
1031 1641 1099 1697 et
1133 1634 1392 1697 animae
1435 1642 1504 1697 et
1545 1633 1803 1716 corpori
1849 1632 2120 1697 noxium
2167 1650 2312 1698 esse

344 1720 511 1790 satis
558 1720 889 1785 sentiunt:
933 1717 1049 1784 scd
1093 1718 1233 1784 suis
1272 1717 1618 1784 affectibus
1660 1718 2003 1803 indulgere
2046 1728 2113 1785 et
2140 1717 2310 1784 Bac-

344 1805 658 1876 chanalia
715 1806 940 1872 vivere
998 1804 1176 1888 ipsos
1231 1804 1445 1881 iuvat,
1517 1814 1583 1868 et
1640 1802 1915 1888 Epicuri
1973 1803 2055 1869 de
2111 1824 2228 1891 gre
2275 1825 2311 1868 e

344 1910 586 1978 porcos
628 1910 796 1957 esse.
840 1890 1025 1971 Quin
1070 1890 1265 1954 etiam
1309 1888 1553 1955 multos
1597 1890 1945 1972 opulentos
1990 1890 2167 1956 viros
2206 1826 2312 1954 ‹fe-

345 1978 568 2044 decori
602 1976 726 2042 sibi
766 1974 1003 2042 ducere
1041 1975 1264 2041 videas
1310 1992 1514 2057 aquae
1559 1985 1787 2059 potum
1834 1975 1947 2058 qui
1996 1977 2097 2043 vel
2144 1976 2312 2059 peri·

345 2064 498 2131 culo
559 2061 959 2128 valetudinis
1017 2078 1202 2127 suam
1249 2062 1655 2143 opulentiam
1700 2061 1917 2144 palam
1965 2060 2311 2127 ostendere

345 2149 607 2217 volunt.
653 2145 789 2214 Sed
831 2166 1031 2231 quum
1072 2146 1414 2213 videamus
1459 2167 1679 2232 regem
1728 2147 1839 2230 qui
1887 2146 2023 2213 vini
2059 2146 2309 2232 copiam

345 2235 599 2302 habere
664 2244 925 2317 poterat
942 2283 957 2314 ,
1041 2233 1410 2298 assuevisse
1475 2243 1695 2297 tamen
1765 2250 2002 2315 aquam
2070 2233 2312 2318 bibere,

345 2321 496 2387 eius
554 2320 857 2403 exemplo
917 2338 1039 2385 nos
1093 2324 1357 2400 oportet
1415 2316 1495 2384 ad
1556 2317 1976 2385 sobrietatem
2019 2320 2311 2386 incitari:

346 2417 419 2473 et
482 2425 594 2472 eos
651 2405 883 2471 saltem
930 2404 1044 2488 qui
1088 2406 1242 2470 vino
1282 2414 1740 2485 assueverunt,
1798 2403 2048 2471 discere
2092 2405 2310 2472 mode-

350 2501 497 2558 rate
541 2490 795 2558 bibere:
865 2508 950 2556 ne
994 2489 1123 2555 Dei
1168 2489 1357 2555 bonis
1401 2491 1722 2556 creaturis
1768 2489 1952 2556 abuti
1994 2491 2168 2557 velle
2212 2491 2312 2556 vi·

348 2581 659 2643 deantur.

525 2663 895 2746 Pergamus
942 2660 1025 2728 ad
1070 2660 1341 2743 reliqua.
1447 2659 1671 2728 David
1718 2660 1880 2726 abiit
1923 2680 2075 2727 cum
2119 2661 2309 2728 hasta

349 2757 423 2814 et
463 2745 713 2832 scypho
736 2746 980 2832 Saulis,
1027 2758 1095 2813 et
1137 2754 1325 2812 stans
1371 2746 1439 2812 in
1484 2746 1734 2813 vertice
1775 2749 2024 2813 montis
2067 2768 2148 2813 ex
2194 2767 2307 2831 op-

352 2834 564 2919 posito
623 2833 847 2899 Saulis
903 2841 1268 2898 castrorum
1333 2831 1640 2899 clamavit
1704 2832 1785 2897 ad
1844 2833 2177 2918 populum,
2244 2841 2313 2898 et

436 2919 639 2985 ‘mum
665 2919 997 2986 Abnercm
1042 2918 1318 2985 vocavit.
1389 2918 1555 2985 Erat
1591 2926 1810 2985 autem
1853 2918 1912 2985 is
1956 2916 2181 2986 Saulis
2223 2940 2311 2984 ex

382 3018 559 3071 ratre
595 3020 822 3088 nepos,
866 3014 933 3069 et
955 3003 1233 3070 ducebat
1254 3003 1461 3087 ipsius
1499 3005 1718 3089 copias
1754 3012 2086 3087 totamque
2120 3024 2311 3071 exer-

350 3093 527 3157 citus
569 3106 795 3155 curam
842 3089 1117 3175 agebat:
1174 3088 1325 3154 illos
1370 3098 1589 3155 autem
1638 3088 1856 3156 David
1902 3099 2165 3157 accusat
2208 3108 2311 3156 so-

353 3176 616 3244 cordias
674 3183 745 3242 ct
800 3177 1137 3260 perfidiae,
1198 3175 1372 3258 quod
1432 3185 1564 3244 tam
1616 3176 1752 3241 alto
1797 3196 2024 3242 somno
2068 3174 2316 3242 suerint

350 3280 583 3328 omnes
638 3262 854 3328 abruti
917 3272 995 3327 ut
1041 3258 1307 3328 Saulem
1368 3262 1453 3329 im
1509 3282 1637 3327 une
1696 3260 1991 3328 occidere
2033 3260 2313 3328 licuerit.

351 3348 438 3415 In
498 3348 679 3414 hunc
736 3348 945 3432 igitur
997 3348 1198 3412 finem
1261 3347 1435 3413 Davi
1542 3347 1801 3415 hastam
1862 3357 1929 3413 et
1993 3346 2315 3434 scyphum

353 3433 586 3501 Saulis
630 3446 1100 3517 assumpserat,
1144 3440 1221 3497 ut
1264 3432 1647 3500 certissimis
1691 3433 1827 3499 illis
1870 3433 2081 3518 signis
2124 3450 2314 3499 snam

354 3519 804 3585 innocentiam
866 3517 1168 3585 omnibus
1213 3519 1626 3601 patefaceret,
1687 3527 1753 3584 et
1796 3538 1938 3584 sese
1984 3540 2133 3587 cum
2180 3527 2316 3584 toto

359 3603 587 3672 Saulis
607 3605 901 3670 exercitu
937 3612 1386 3687 compararet:
1430 3605 1599 3692 quod
1646 3603 1913 3670 nullum
1956 3604 2317 3670 fideliorem

358 3708 433 3757 se
486 3689 761 3755 haberet
818 3690 887 3754 iu
950 3698 1084 3754 toto
1132 3690 1455 3755 exercitu:
1514 3708 1707 3774 quem
1752 3690 2078 3756 reveritus
2122 3693 2207 3756 sit
2252 3697 2320 3755 et

359 3776 754 3843 incolumem
794 3774 1133 3855 dimiserit,
1176 3778 1283 3841 cui
1318 3786 1518 3860 caput
1553 3778 1694 3840 iure
1738 3783 1994 3859 poterat
2036 3775 2318 3853 auferre,

359 3880 399 3926 a
436 3862 573 3927 suis
606 3878 841 3927 somne
878 3860 1011 3926 alto
1058 3861 1288 3945 sopitis
1333 3861 1718 3927 derelictum
1764 3870 1832 3925 et
1875 3860 2159 3944 praedae
2203 3882 2316 3927 ex·

359 3949 666 4032 pcffltum.
754 3940 956 4012 Hunc
1014 3946 1217 4030 igitur
1271 3946 1342 4011 in
1401 3948 1599 4012 finem
1646 3946 1887 4031 David,
1945 3966 2187 4031 nempe
2246 3956 2317 4012 ut

360 4050 555 4098 suam
608 4031 807 4097 fldem
868 4033 1312 4098 innocentiam
1358 4048 1423 4097 et
1466 4033 1912 4119 integritatem
1958 4033 2177 4117 palam
2223 4034 2315 4098 fa-

359 4128 557 4196 ceret,
618 4119 809 4203 signa
865 4118 982 4182 illa
1027 4136 1248 4184 secum
1292 4117 1583 4197 abstulit,
1650 4136 1776 4183 non
1826 4129 1900 4183 ut
1944 4138 2098 4183 suas
2143 4118 2318 4183 vires

360 4210 734 4270 ostentaret
776 4213 844 4269 et
886 4203 1313 4287 praedicaret,
1359 4223 1558 4287 seque
1601 4203 1905 4270 omnibus
1927 4202 2152 4270 Saulis
2195 4204 2317 4270 mi·

359 4289 593 4355 litibus
613 4291 1009 4355 anteferret:
1054 4291 1189 4372 qui,
1234 4288 1290 4354 si
1327 4294 1523 4355 modo
1542 4290 1852 4368 licuisset,
1897 4289 2316 4371 tranquillam

361 4384 432 4441 et
476 4376 759 4458 quietam
807 4374 981 4439 domi
1027 4376 1237 4440 vitam
1284 4395 1479 4458 agere
1522 4375 1882 4441 maluisset.
1934 4374 2158 4459 Quum
2199 4374 2321 4460 igi·

358 4470 473 4533 tur
522 4461 618 4525 ita
661 4461 979 4545 gloriatus
1023 4470 1124 4527 est
1179 4480 1495 4545 suamque
1539 4462 1853 4527 virtutem
1898 4460 2319 4544 praedicavit,

360 4547 751 4613 necessitate
775 4546 1095 4612 adductus
1115 4546 1287 4624 fecit,
1326 4560 1400 4611 nt
1425 4544 1644 4612 Saulis
1681 4547 1975 4612 animum
2011 4546 2320 4631 placaret,

360 4644 432 4698 et
491 4631 575 4698 ad
635 4632 1151 4699 misericordiam
1196 4632 1507 4699 flecteret.
1602 4632 1732 4698 Nos
1777 4634 1995 4714 itaque
2039 4630 2321 4699 Davidis

360 4718 737 4802 exemplum
763 4719 859 4784 sic
881 4718 1237 4795 imitemur,
1283 4738 1368 4784 ne
1399 4738 1519 4783 nos
1554 4718 1781 4803 magni
1811 4719 2022 4783 facere
2066 4717 2323 4785 laudes-

362 4822 493 4887 que
549 4813 812 4869 nostras
918 4801 1249 4869 medicare
1308 4804 1480 4870 velle
1540 4803 1915 4880 videamur,
1990 4813 2066 4868 ut
2125 4803 2321 4871 multi

359 4890 581 4957 solent
613 4911 683 4955 se
718 4891 865 4955 inse
892 4898 1080 4953 enter
1118 4888 1244 4955 hac
1288 4891 1356 4954 in
1401 4900 1587 4973 parte
1631 4908 1861 4975 gerere
1905 4888 2164 4954 laudem
2192 4890 2320 4956 Dei

361 4994 487 5041 sua
555 4975 911 5041 iactatione
977 4984 1045 5039 et
1118 4972 1401 5057 superba
1450 4975 1840 5059 gloriatione
1898 4976 2323 5059 profanantes

362 5070 983 5145 etcorrumpentes:
1030 5059 1199 5124 nihil
1236 5061 1414 5125 enim
1460 5080 1578 5125 nos
1619 5060 1896 5127 Davidis
1942 5063 2321 5144 exemplum

361 5147 629 5216 iuverit.
675 5147 848 5212 Nam
872 5166 1026 5213 suas
1064 5143 1291 5212 laudes
1325 5146 1677 5231 praedicat,
1725 5156 1792 5212 et
1835 5144 2007 5231 apud
2053 5147 2321 5215 univer-

2403 604 2867 754 imdperatorem
2913 608 3199 674 officium
3251 609 3512 675 doceat.
3559 609 3710 674 Non
3754 608 3946 675 aliter
3967 611 4051 675 D.
4088 609 4372 681 Paulum

2406 691 2469 755 vi
2518 712 2704 757 emus
2762 712 2916 759 suas
2970 693 3199 762 laudes
3259 692 3776 782 praedicantem,
3833 695 4261 763 vehementer
4304 722 4375 765 se

2403 795 2736 858 excusare,
2794 777 2964 864 quod
3024 801 3096 845 se
3139 782 3284 849 aliis
3343 782 3668 864 apostolis
3729 782 4039 861 conferat,
4100 794 4168 847 et
4226 782 4373 867 plus

2406 881 2603 943 quam
2647 864 2825 947 ipsos
2869 884 2940 929 se
2983 864 3336 946 laborasse,
3392 877 3464 932 et
3510 867 3701 950 plura
3743 887 4009 951 passum
4069 888 4209 934 esse
4252 889 4373 952 pro

2405 950 2745 1033 evangelio
2803 951 3107 1018 ostendat
3159 975 3488 1020 excusare
3544 951 3720 1039 quod
3779 952 4191 1035 quorundam
4253 955 4369 1019 im·

2407 1037 2814 1116 portunitate
2859 1056 2935 1101 eo
2979 1038 3333 1125 redigatur.
3422 1038 3566 1106 Nos
3613 1038 3839 1122 itaque
3887 1038 4222 1105 discamus
4265 1062 4374 1105 ne-

2410 1137 2541 1200 que
2620 1132 3038 1206 arroganter,
3129 1146 3342 1211 neque
3418 1136 3666 1191 temere
3749 1124 4032 1189 virtutes
4107 1133 4370 1192 nostras

2410 1204 2688 1272 iactare:
2731 1207 2844 1272 sed
2892 1209 3186 1276 modeste
3230 1221 3299 1277 et
3334 1209 3549 1278 sobrie
3593 1210 3651 1277 si
3695 1210 4048 1275 necessitas
4084 1212 4374 1295 coegerit

2410 1290 2822 1372 praedicare:
2862 1292 2955 1358 sio
2999 1308 3075 1361 ut
3118 1296 3204 1362 ab
3246 1296 3426 1361 omni
3474 1294 3832 1362 ambitione
3879 1296 4088 1360 simus
4131 1297 4366 1363 alieni:

2412 1376 2525 1441 sed
2573 1376 2654 1440 ad
2701 1376 2830 1443 Dei
2872 1380 3150 1463 gloriam
3194 1382 3415 1448 omnia
3462 1391 3687 1446 nostra
3730 1381 4110 1446 referamus.

2585 1458 2786 1528 Hanc
2825 1463 3035 1549 igitur
3077 1467 3158 1533 ob
3203 1486 3465 1535 causam
3513 1465 3734 1530 David
3781 1465 4099 1532 militibus
4144 1464 4370 1534 Saulis

2413 1549 2775 1614 socordiam
2837 1552 3190 1637 exprobrat
3243 1563 3310 1617 et
3368 1554 3492 1653 ipsi
3552 1552 3932 1635 imperatori
3995 1553 4370 1634 perfidiam:

2416 1653 2606 1698 suam
2655 1656 2809 1700 vero
2853 1646 3083 1704 contra
3122 1638 3575 1703 fortitudinem
3620 1647 3689 1702 et
3730 1637 4369 1721 magnanimitatem,

2414 1727 2481 1783 et
2524 1740 2850 1787 summam
2875 1720 3346 1809 integritatem.
3415 1722 3540 1788 Ille
3564 1720 3850 1806 quidem,
3889 1724 4117 1802 fateor,
4200 1723 4368 1790 rimo

2415 1802 2591 1882 dicit,
2645 1826 2845 1872 unum
2886 1809 2961 1874 de
3003 1809 3183 1877 turba
3228 1828 3568 1893 eqressum,
3626 1808 3797 1895 quod
3835 1808 4081 1872 ironice
4164 1811 4369 1874 ictum

2414 1900 2514 1955 est
2559 1891 2639 1957 ab
2683 1893 2842 1975 ipso,
2889 1894 3073 1976 quasi
3118 1897 3566 1979 innueretgre
3615 1895 3825 1959 arium
3872 1893 4151 1976 aliquem
4197 1893 4369 1960 mili-

2414 1984 2550 2041 tem
2596 1996 2932 2063 egressum
2980 2000 3016 2044 e
3060 1978 3296 2047 castris
3354 1982 3468 2063 qui
3526 2000 3566 2045 a
3668 2000 3741 2044 re
3788 1980 3845 2045 is
3895 1998 4103 2062 usque
4160 1979 4371 2046 cubile

2414 2065 2795 2147 pervenerit
2838 2065 3042 2130 vitam
3098 2077 3445 2150 erepturus
3500 2064 3755 2132 custodi
3801 2085 3881 2130 us
3939 2064 4145 2129 altum
4203 2072 4368 2130 ster-

2417 2148 2738 2214 tentibus:
2821 2159 2888 2214 et
2948 2150 3070 2219 hac
3135 2152 3390 2217 ratione
3456 2149 3821 2217 socordiam
3885 2158 3951 2215 et
4027 2149 4369 2241 perfidiam

2414 2235 2706 2319 ipsorum
2753 2236 3066 2302 maiorem
3091 2238 3351 2317 faceret,
3397 2245 3467 2301 et
3508 2237 3816 2323 indignos
3849 2235 4027 2321 regis
4072 2235 4370 2301 custodia

2415 2329 2482 2386 et
2524 2320 2833 2387 satellitio
2878 2323 3200 2405 probaret.
3288 2322 3432 2387 Vos
3483 2343 3711 2387 omnes
3765 2322 3863 2386 rei
3920 2322 4148 2387 mortis
4192 2323 4366 2388 estis.

2414 2402 2549 2473 Per
2592 2427 2784 2488 quem
2830 2408 3006 2472 enim
3050 2408 3237 2474 stetit
3294 2407 3453 2491 quin
3499 2404 3829 2472 Dominus
3888 2412 4109 2473 vester
4163 2406 4371 2473 inter-

2414 2490 2770 2559 ficeretur?
2826 2489 3048 2559 David
3094 2493 3300 2581 igitur
3357 2493 3519 2559 istos
3579 2492 3994 2558 subsannans
4055 2493 4167 2569 ait,
4223 2493 4368 2581 qui-

2413 2576 2566 2643 dam
2612 2599 2648 2643 e
2695 2577 2908 2655 turba,
2966 2576 3121 2645 vilis
3180 2590 3247 2644 et
3303 2577 3599 2646 abiectus
3657 2577 4006 2643 homuncio
4066 2598 4370 2663 egressus

2416 2674 2518 2731 est
2581 2661 2664 2729 ad
2728 2680 2952 2748 regem
3012 2672 3302 2730 vestrum
3366 2662 3761 2731 necandum:
3830 2685 3949 2730 vos
4013 2682 4174 2730 vero
4238 2663 4370 2730 viri

2417 2752 2619 2816 fortes
2663 2757 2730 2814 et
2772 2749 3047 2831 strenui,
3102 2748 3427 2833 quomodo
3484 2749 3701 2851 ipsum
3751 2749 3946 2814 tutati
4003 2746 4202 2814 estis?
4265 2749 4369 2815 'l'u

2416 2852 2574 2902 vero
2632 2834 2882 2913 Abner,
2935 2854 3158 2903 nonne
3217 2836 3321 2901 vir
3378 2833 3567 2899 sortis
3626 2856 3695 2899 es
3755 2842 3826 2898 et
3883 2836 4367 2919 magnanimus,

2415 2940 2634 2987 nonne
2696 2920 2834 2986 dux
2888 2941 2957 2987 es
3017 2920 3395 2987 exercitus?
3475 2938 3695 2985 nonne
3768 2917 3998 2983 multis
4072 2916 4367 2985 victoriis

2416 3005 2742 3092 insignis?
2788 3025 3008 3072 nonne
3057 3026 3392 3072 armorum
3445 3004 3902 3089 peritissimus,
3946 3005 4004 3070 si
4050 3003 4168 3068 tibi
4206 3003 4369 3070 fides

2416 3091 2854 3158 adhibeatur?
2902 3091 3247 3173 Quomodo
3290 3112 3449 3179 ergo
3492 3099 3558 3158 te
3602 3090 3711 3156 hic
3754 3088 4059 3174 gessisti?
4106 3090 4367 3177 qualem

2418 3187 2486 3244 te
2530 3178 2749 3244 virum
2791 3176 3223 3263 praestitisti?
3265 3177 3523 3267 Regem
3581 3185 3772 3242 tuum
3829 3176 3914 3240 ali
3961 3177 4063 3241 uis
4119 3172 4200 3241 ad
4263 3198 4370 3243 ne-

2418 3280 2556 3330 cem
2627 3262 2850 3348 petiit,
2930 3263 3083 3329 dum
3137 3284 3217 3329 ue
3281 3262 3551 3329 interim
3619 3261 3753 3327 alto
3819 3278 3936 3346 sep
3965 3271 4071 3326 tus
4137 3280 4368 3327 somno

2417 3350 2698 3421 iaceres:
2792 3364 2947 3414 uam
2989 3349 3119 3414 fide
3146 3366 3251 3413 em
3295 3366 3563 3433 operam
3608 3348 3735 3431 ipsi
3769 3346 4196 3431 praestitisti?
4247 3352 4368 3413 At-

2418 3455 2544 3518 que
2586 3436 2680 3499 ita
2782 3432 2938 3500 avid
2980 3452 3167 3501 suam
3212 3435 3351 3500 inte
3399 3436 3658 3499 ritatem
3704 3440 3773 3497 et
3815 3432 4254 3499 innocentiam
4292 3454 4369 3501 ac

2417 3536 2656 3587 causae
2717 3540 2876 3588 suae
2939 3520 3258 3586 iustitiam
3369 3516 3636 3591 stendit.
3737 3514 3878 3584 Nos
3940 3519 4072 3583 iam
4137 3516 4368 3586 utilem

2420 3605 2787 3671 doctrinam
2834 3626 2915 3671 ex
2962 3606 3107 3672 istis
3131 3623 3475 3673 eruamus:
3520 3620 3779 3688 nempe,
3823 3610 3900 3669 ut
3918 3604 4140 3672 hostes
4183 3605 4370 3672 nobis

2419 3690 2710 3757 infensos
2775 3689 3036 3781 placare
3100 3690 3310 3757 modis
3376 3689 3683 3758 omnibus
3746 3687 4164 3770 studeamus,
4241 3689 4367 3757 etsi

2420 3796 2654 3843 causae
2699 3782 2962 3842 nostrae
3005 3774 3156 3847 freti
3199 3775 3522 3843 bonitate:
3571 3783 3640 3840 et
3670 3792 4029 3861 pravorum
4073 3777 4370 3843 omnium

2421 3882 2496 3929 ac
2541 3861 2990 3946 improborum
3035 3861 3381 3928 hominum
3425 3860 3851 3929 virulentiam
3897 3861 4367 3951 placidioribus

2421 3947 2643 4014 verbis
2699 3948 3002 4031 frangere
3066 3949 3393 4019 nitamur:
3453 3959 3794 4035 sperantes
3865 3946 4002 4012 fore
4065 3956 4143 4011 ut
4198 3946 4368 4011 hanc

2419 4035 2602 4101 viam
2650 4044 2962 4117 sequutus
3005 4032 3189 4099 Deus
3234 4043 3535 4118 acceptos
3579 4031 3838 4112 habeat,
3895 4042 3963 4096 et
4021 4031 4234 4115 magis
4291 4050 4367 4096 ac

2420 4120 2636 4204 magis
2692 4119 3036 4185 benedicat
3094 4129 3163 4184 et
3218 4120 3550 4185 fortunet:
3621 4116 3972 4183 Caeterum
4045 4124 4112 4180 et
4170 4115 4367 4182 licere

2421 4207 2612 4271 nobis
2653 4202 2811 4270 binc
2835 4204 3424 4271 animadvertimus
3447 4204 3668 4270 hostes
3702 4201 3969 4268 liberius
4005 4204 4368 4289 increpare,

2421 4290 2616 4356 modo
2663 4300 2880 4381 tamen
2925 4289 3154 4355 eodem
3198 4310 3325 4373 quo
3372 4288 3594 4356 David
3641 4307 3914 4372 agamur
3957 4288 4225 4369 spiritu:
4283 4309 4367 4352 ne

2424 4376 2737 4441 nimirum
2785 4376 3199 4442 contumeliis
3244 4384 3360 4443 aut
3422 4375 3711 4443 dicteriis
3769 4373 4193 4456 excipiamus,
4251 4370 4368 4438 sed

2422 4463 2624 4530 libere
2668 4464 2960 4545 ipsorum
3005 4462 3170 4528 vitia
3205 4470 3645 4527 monstremus
3688 4468 3757 4525 et
3791 4456 4366 4542 reprehendamus.

2595 4544 2962 4633 Pergamus
3007 4545 3088 4611 ad
3112 4548 3383 4631 reliqua,
3419 4544 3653 4631 quibus
3678 4542 3917 4611 dicitur
3940 4541 4104 4609 Saul
4142 4543 4369 4610 audita

2423 4655 2583 4700 voce
2644 4630 2919 4712 Davidi,
2979 4632 3186 4699 fllium
3247 4655 3396 4698 eum
3458 4648 3745 4696 vocasse.
3841 4628 4031 4713 Quae
4086 4650 4216 4695 vox
4272 4629 4366 4694 illi

2423 4738 2557 4783 non
2603 4727 2850 4786 temere
2893 4727 3012 4783 aut
3052 4717 3361 4783 simulate
3405 4714 3683 4782 excidit:
3742 4714 3856 4780 sed
3916 4736 4002 4780 ex
4058 4734 4259 4780 sensu
4302 4730 4368 4781 et

2422 4822 2646 4871 morsu
2689 4804 3149 4888 conscientiae,
3206 4800 3625 4887 agnoscentis
3685 4811 3932 4884 quanta
3983 4800 4259 4884 perfidia
4302 4815 4370 4867 et

2423 4889 2840 4973 improbitate
2897 4889 3110 4954 filium
3184 4891 3600 4953 innocentem
3656 4895 4162 4973 persequeretur
4263 4887 4369 4951 cui

2422 4976 2556 5041 iam
2599 4973 2882 5041 secundo
2920 4974 3123 5039 vitam
3161 4972 3454 5053 debebat,
3499 4988 3764 5055 praeter
3799 4978 4156 5047 innumera
4222 4990 4374 5034 ene-

2423 5061 2572 5127 ficia
2606 5060 2843 5144 quibus
2903 5059 3028 5144 ipsi
3089 5060 3372 5123 maxime
3429 5057 3786 5135 devinctus
3846 5066 4009 5133 erat.
4091 5054 4203 5116 Ex
4256 5073 4384 5133 quo

2424 5154 2696 5231 apparet
2739 5144 2845 5213 vel
2891 5143 3325 5228 nequissimos
3364 5142 3666 5212 homines
3717 5150 3940 5240 ‹laq-,03
3982 5145 4054 5204 et
4079 5133 4395 5216 prosterni
