5059 6059
843 332 927 401 27

859 522 987 609 spui
1055 522 1380 609 [1111818811.
1469 518 1582 589 flio
1645 520 1940 589 videmus
1995 542 2193 605 quum
2242 518 2460 586 David
2504 522 2799 588 animum

863 608 1245 677 obfirmaret
1290 606 1368 673 ad
1419 608 1881 675 recensendum
1928 616 1994 673 et
2037 604 2450 673 lustrandum
2576 607 2801 691 pulum

865 704 1096 847 111111
1139 694 1980 929 ῖῑνῑζττςεῑεβςεέεζῖῇ,
1993 692 2217 843 ¹⁶22„
2225 628 2801 845 1111011181

869 866 1402 1019 ii‘tmbotiiii‘r‘igtim
1461 950 1695 1017 dicitur
1740 950 1922 1017 Deus
1966 970 2074 1017 881
2118 949 2395 1016 Davidis
2438 950 2799 1034 impulisse.

864 1036 1270 1209 &inmanibus
1331 1134 1598 1206 apparet
1661 1122 1870 1187 Deum
1934 1121 2173 1188 babere
2225 1142 2415 1188 suum
2457 1122 2799 1188 consilium

865 1206 1349 1285 admirandum,
1396 1206 1564 1291 quod
1613 1228 1944 1309 nunquam
1986 1216 2297 1307 mutatur,
2345 1229 2382 1271 n
2419 1292 2433 1307 ⁶
2467 1228 2552 1274 ne
2589 1209 2803 1273 varia-

867 1310 1013 1363 11111
1075 1304 1141 1361 st
1189 1304 1404 1359 tamen
1449 1293 1543 1359 uti
1591 1294 1824 1359 medus
1867 1292 2283 1361 inferioribus
2326 1313 2435 1375 qui
2485 1315 2563 1359 us
2605 1314 2798 1360 suum

1156 1036 1287 1103 Sed
1349 1034 1533 1101 Deus
1588 1056 1894 1103 arcanum
1957 1055 2146 1103 suum
2204 1034 2546 1102 consilium
2597 1036 2798 1103 novit.

864 1378 1208 1449 consillum
1290 1378 1368 1445 ad
1456 1381 1924 1463 praescriptum
2005 1380 2199 1445 finem
2282 1377 2574 1445 deducat.
2664 1378 2799 1445 Sed

863 1488 1048 1553 quac,
1110 1462 1394 1541 obsecro,
1454 1462 1713 1531 media?
1804 1462 1982 1532 Sane
2039 1465 2180 1531 vias
2222 1463 2537 1548 obliquas,
2595 1476 2659 1530 et
2703 1477 2798 1530 te-

863 1572 1038 1619 mere
1087 1550 1210 1617 1188
1258 1548 1409 1617 illuc
1452 1550 1828 1617 aberrantes
1871 1550 2054 1634 sequi
2099 1550 2377 1629 videtur,
2436 1551 2638 1616 immo
2683 1551 2797 1615 fini

861 1648 931 1705 et
997 1658 1189 1721 scopo
1257 1634 1336 1703 ad
1452 1656 1593 1701 nom
1662 1634 1952 1701 collimat
2015 1637 2280 1720 penitus
2338 1647 2800 1721 repugnantes.

862 1724 995 1791 sod
1062 1734 1279 1789 nostro
1326 1722 1391 1787 iu
1444 1720 1583 1789 icio.
1677 1722 1924 1787 Verum
1971 1721 2093 1787 hoc
2137 1723 2229 1787 ita
2274 1723 2413 1787 fieri
2459 1733 2801 1789 teneamus

863 1830 946 1877 nc
993 1810 1263 1877 1111111881
1314 1806 1498 1873 nobis
1544 1808 1893 1892 sapiamus,
1938 1818 2002 1873 et
2094 1808 2263 1873 otius
2299 1805 2379 1873 ad
2416 1806 2528 1872 illa
2565 1827 2803 1873 arcana

857 1894 1316 1969 caecutiamus.
1401 1902 1668 1959 uantum
1711 1893 1852 1958 Deo
1890 1892 2036 1958 vide
2083 1893 2232 1959 itur.
2322 1891 2799 1973 caecutiamus,

863 1982 1148 2067 inquam,
1209 1978 1278 2045 in
1325 1914 1453 2045 iiiia
1500 1976 1736 2081 divinis
1783 1978 2086 2078 consiliis..
2146 1978 2238 2079 818
2282 1997 2364 2042 ne
2406 1979 2469 2043 in
2516 1999 2593 2043 ea
2635 2000 2802 2063 quae

863 2063 1642 2229 2:53⁸..28533..11,¹.3:3”
1672 2073 2485 2250 q⁰s.?3,²²‡31.:32¹;².¹¹·?¹¹235.
2525 2064 2801 2235 ..12222‘3

861 2236 1070 2309 conda
1133 2240 1236 2303 cat
1325 2244 1396 2301 ut
1462 2235 1542 2303 ad
1612 2256 1753 2303 eam
1805 2256 1940 2301 vias
1985 2244 2243 2301 nostras
2332 2235 2666 2320 irigamus,
2734 2250 2801 2300 et

861 2324 1029 2393 facta
1073 2284 1293 2389 omnia
1339 2330 1577 2399 nostra,
1640 2321 1811 2389 dicta
1856 2334 1924 2387 et
1966 2320 2392 2407 cogitationes
2435 2322 2798 2406 exigamus.

864 2408 1328 2563 Sucinobrcm.
1420 2428 1616 2491 quum
1699 2404 1806 2509 1118
1883 2406 2203 2508 8811111818
2282 2405 2442 2508 dicit
2521 2428 2797 2508 regnum

868 2490 1500 2663 itllzsstzilssss:
1547 2491 1796 2657 {35:233
1836 2491 2797 2645 {23:2133330321'303022:

863 2666 1080 2735 cissim
1143 2662 1324 2731 Deus
1368 2664 1776 2731 contumacia
1821 2662 2038 2731 Saulis
2082 2674 2157 2730 ut
2200 2662 2412 2729 media
2453 2684 2653 2731 causa
2698 2674 2799 2730 est

865 2772 1024 2821 usus
1070 2750 1148 2819 ad
1197 2748 1556 2817 taciendam
1602 2749 1772 2817 viam
1821 2748 2121 2817 electioni
2167 2749 2458 2827 Davidis,
2516 2760 2585 2816 et
2627 2750 2796 2816 divi·

867 2856 1101 2907 norum
1146 2834 1555 2903 oraculorum
1593 2833 1975 2921 impletioni.
2065 2834 2247 2901 Deus
2283 2834 2501 2919 itaque
2537 2834 2794 2919 lapsum

867 2924 1065 2991 istum
1111 2920 1336 2989 Saulis
1379 2918 1843 2989 subordinant
1887 2921 2146 2989 decreto
2191 2941 2345 2987 suo:
2408 2940 2485 2986 ac
2527 2922 2800 3005 proinde

859 3018 1002 3081 tum
1047 3006 1267 3095 lapsus
1311 3006 1473 3075 Saul
1516 3016 1943 3075 exautoratus
1986 3015 2089 3073 est
2144 3017 2211 3073 et
2267 3008 2447 3091 regia
2479 3006 2799 3091 dignitate

861 3094 1117 3183 puisun
1175 3104 1245 3161 et
1299 3092 1532 3161 meritc
1585 3090 1866 3177 quidem.
1953 3090 2121 3175 Quis
2163 3092 2342 3158 enim
2387 3090 2624 3159 audeat
2669 3094 2797 3160 Dei

863 3180 1153 3253 consiliis
1205 3178 1483 3265 obloqui,
1542 3189 1606 3246 et
1668 3180 1735 3245 in
1797 3180 2015 3245 Deum
2074 3178 2176 3245 sui
2219 3179 2466 3263 peccati
2511 3178 2799 3262 aliquam

865 3266 1124 3355 culpam
1169 3265 1505 3345 coniicere,
1569 3284 1770 3349 quum
1815 3262 2084 3333 Saulem
2131 3262 2568 3330 condemnare
2610 3285 2799 3350 coga-

867 3374 1038 3433 mur.
1081 3351 1194 3439 qui
1237 3352 1503 3437 propria
1546 3349 1944 3419 conscientia
1985 3349 2498 3417 convincebatur
2542 3362 2608 3414 et
2647 3371 2801 3416 con-

861 3438 1146 3507 ibsslone
1203 3436 1469 3523 propria
1529 3434 1923 3521 urgebatur?
2013 3434 2151 3501 Nae
2193 3436 2250 3503 si
2294 3434 2456 3501 Saul
2503 3435 2646 3520 ipse
2690 3435 2799 3501 de-

865 3522 1091 3593 lictum
1158 3522 1452 3591 coutiteri
1516 3524 1788 3607 cogitur,
1855 3540 2050 3607 seque
2117 3541 2298 3588 reum
2345 3522 2661 3605 agnoscit,
2725 3541 2800 3588 cs

866 3630 1058 3677 omne
1099 3606 1312 3677 claudi
1357 3618 1631 3692 oportet.
1692 3618 1758 3675 et
1799 3626 1991 3673 omne
2033 3626 2334 3674 murmur
2378 3626 2656 3690 cessare,
2715 3628 2798 3674 ne

869 3696 1014 3783 quis
1077 3694 1216 3761 lleo
1259 3692 1644 3777 obloquatur
1685 3704 1752 3759 et
1793 3690 2154 3777 obstrepat:
2211 3703 2280 3758 et
2320 3693 2619 3759 confiteri
2662 3714 2803 3775 reg-

873 3800 1029 3849 num
1075 3778 1236 3847 illud
1281 3776 1705 3846 irrevocabile
1748 3776 1918 3863 quod
1964 3776 2206 3843 Davidi
2250 3776 2623 3857 debebatur,
2668 3798 2802 3845 non

871 3866 1160 3953 potuisse
1246 3864 1314 3929 in
1381 3862 1602 3933 Saulis
1671 3884 1871 3931 manu
1935 3862 2228 3931 stabiliri.
2320 3862 2451 3929 Sed
2517 3862 2800 3930 mediam

865 3972 1133 4023 causam
1195 3970 1361 4035 quac
1421 3948 1491 4017 in
1557 3970 1788 4017 sensus
1853 3960 2110 4015 nostros
2173 3949 2452 4016 incurrit
2511 3960 2579 4015 et
2632 3969 2797 4033 quae

867 4038 1032 4105 nti·
1103 4048 1256 4103 ncta
1321 4050 1438 4117 cst,
1515 4034 1768 4121 lapsum
1833 4032 2078 4117 Saulis,
2153 4036 2440 4119 inquam,
2508 4036 2795 4101 sciamus

863 4124 1070 4193 misse
1125 4140 1388 4189 causam
1433 4118 1720 4205 adempti
1763 4118 1944 4187 Sauli
1987 4120 2195 4205 regni,
2249 4132 2316 4187 et
2359 4120 2427 4186 in
2471 4118 2799 4187 Davidem

869 4206 1194 4277 1181181811,
1287 4206 1372 4272 Et
1445 4206 1760 4273 bactenus
1830 4204 1910 4269 dc
1967 4206 2130 4273 istis.
2219 4204 2659 4288 Quamobrem
2718 4228 2801 4272 ex

869 4294 1016 4363 istis
1095 4291 1422 4359 (1188811188
1491 4304 1756 4359 autema
1817 4289 1944 4357 Dei
2007 4290 2278 4358 consilia
2337 4291 2669 4375 suspicere
2732 4303 2801 4357 et

865 4378 1160 4453 aticum
1203 4398 1404 4461 quum
1449 4397 1712 4444 8811118111
1758 4388 2120 4443 nostrorum
2155 4392 2416 4479 captum
2452 4388 2801 4461 superant:

2491 331 2903 399 HOMILIA
2944 332 3177 399 XLVI
3184 383 3201 399 .

4697 335 4747 398 28

2848 530 2858 583 Ι
2908 524 3154 590 erimus
3226 522 3531 589 fanaticis
3585 521 3717 588 illis
3772 520 4148 587 hominibus
4200 542 4360 585 snas
4419 518 4587 602 blasp

2903 609 3117 694 plenis
3162 608 3380 675 buccis
3423 605 3980 691 despumantibus,
4025 618 4093 672 et
4134 606 4460 671 adversus
4492 605 4763 673 118881188-

2904 696 3143 760 trinam
3211 693 3656 772 frementibus,
3729 695 3901 775 quod
3967 692 4148 757 illam
4212 693 4518 757 sensibus
4574 694 4680 757 suis
4722 706 4764 758 et

2848 822 2855 865 ,
2905 782 3144 846 mentis
3213 781 3466 846 viribus
3521 800 3753 863 capere
3809 800 3943 844 non
4000 780 4271 862 possint.
4368 776 4545 843 Sane
4594 780 4766 846 nostris

1331 876 1416 941 at,
1479 874 1544 929 et
1587 865 1765 931 solus
1809 864 1997 931 istius
2039 864 2190 930 facti
2241 885 2393 931 reus
2440 864 2802 931 videbatur.
2903 867 3199 932 sensibus
3267 865 3397 930 Dei
3455 863 3762 931 voluntas
3818 865 4078 948 quidem
4140 865 4333 929 varia
4390 876 4462 927 et
4516 863 4624 928 sibi
4666 887 4769 930 con·

2904 955 3108 1019 traria
3164 951 3461 1019 videtur:
3515 950 4061 1033 quemadmodum
4118 962 4183 1015 et
4242 949 4520 1015 Paulus.
4558 950 4661 1014 Dei
4704 973 4771 1015 sa·

2903 1039 3217 1123 pientiam
3276 1049 3467 1103 vocat
3522 1037 4009 1117 multiformem,
4067 1035 4240 1101 unde
4297 1037 4385 1100 fit
4430 1045 4505 1099 ut
4541 1036 4612 1099 ad
4646 1036 4773 1100 illam

2901 1124 3360 1201 caecutiamus,
3419 1134 3489 1188 et
3544 1121 3627 1188 ad
3685 1122 3866 1187 illam
3915 1123 4170 1186 viarum
4214 1120 4498 1186 Domini
4540 1121 4773 1206 abyssum

2902 1212 3287 1275 immensam
3324 1219 3733 1292 stupeamus:
3769 1216 4223 1273 verumtamen
4260 1207 4397 1272 Dei
4425 1207 4776 1271 nibilominus

2905 1296 3205 1361 voluntas
3262 1316 3396 1361 una
3450 1304 3518 1360 et
3574 1294 3858 1378 simplex
3914 1305 4033 1359 est.
4122 1293 4211 1357 Et
4252 1293 4433 1376 quod
4474 1294 4596 1357 iam
4635 1295 4779 1356 nostri

2901 1402 3134 1448 sensus
3198 1380 3454 1464 assequi
3521 1400 3651 1444 non
3716 1390 4006 1463 possunt,
4073 1378 4453 1445 videbimus
4516 1399 4692 1461 quum
4734 1380 4779 1441 in

2901 1468 3103 1552 ipsius
3162 1467 3439 1551 gloriam
3498 1466 3940 1531 transformati
3986 1466 4321 1543 fuerimus,
4388 1474 4460 1528 et
4502 1464 4692 1529 Deum
4723 1465 4779 1527 si·

2902 1554 3034 1620 cuti
3092 1563 3194 1619 est
3238 1551 3621 1617 videbimus.
3710 1552 3907 1618 Nunc
3949 1551 4124 1616 enim
4170 1560 4495 1633 tanquam
4537 1571 4613 1614 ex
4650 1562 4781 1633 parte

2903 1638 3349 1723 cognoscimus
3400 1648 3465 1702 et
3521 1639 3595 1701 in
3654 1636 4084 1703 obscuritate:
4140 1646 4548 1720 quapropter
4586 1656 4783 1700 necoeso

2903 1740 3002 1790 est
3043 1744 3165 1789 1188
3207 1734 3583 1807 exspectare
3629 1722 3801 1788 diem
3845 1724 4080 1807 plenae
4116 1722 4573 1804 revelationis,
4614 1723 4673 1786 in
4700 1741 4783 1804 quc

2900 1809 3533 1894 comprehendamus
3576 1829 3742 1892 quae
3785 1810 3916 1874 iam
3960 1807 4241 1874 infinitis
4284 1807 4594 1891 partibus
4622 1828 4783 1872 omncs

2906 1907 3161 1962 nostros
3204 1917 3434 1962 sensus
3478 1904 3795 1978 superant
3837 1904 3904 1959 et
3947 1893 4201 1960 occulta
4245 1903 4432 1959 sunt.
4524 1891 4627 1958 Sic
4656 1894 4780 1957 enim

2904 1983 3087 2048 Deus
3131 1983 3257 2048 ista
3300 1981 3633 2064 disposuit.
3721 1980 3814 2046 Et
3858 1980 4182 2045 hactenus
4224 1978 4309 2044 de
4352 1979 4676 2063 proposita
4707 1977 4782 2041 1111

2901 2069 3297 2151 quaestione,
3356 2065 3676 2150 quomodo
3719 2086 4107 2132 mansurum
4152 2064 4361 2130 fuisse
4411 2078 4482 2130 et
4519 2063 4784 2129 stabilim-

2903 2153 3060 2218 dum
3105 2153 3360 2218 dicatur
3404 2173 3677 2236 reguum
3725 2153 3794 2216 in
3840 2172 4037 2217 manu
4080 2162 4147 2216 et
4192 2150 4449 2216 familia
4492 2149 4708 2230 Saulis,
4747 2152 4783 2213 8·

2904 2238 3029 2305 Dei
3068 2238 3262 2304 verbo
3297 2259 3367 2304 se
3401 2238 3863 2320 obsequentem
3905 2236 4356 2320 praestitisset.
4452 2236 4631 2301 Deus
4660 2236 4783 2299 enim

2902 2324 3035 2390 labi
3077 2324 3263 2389 illum
3310 2324 3536 2406 voluit,
3580 2334 3655 2388 ut
3697 2323 4022 2389 Davidem
4059 2323 4129 2387 in
4165 2324 4421 2406 regiam
4460 2320 4782 2405 dignitatem

2903 2409 3230 2487 eveheret,
3300 2419 3367 2476 et
3424 2409 3494 2474 in
3552 2410 3742 2495 regni
3800 2408 4280 2492 possessionem
4334 2408 4641 2473 mitteret.
4710 2405 4783 2469 Id·

2902 2497 3073 2562 circo
3131 2495 3371 2564 dicitur
3425 2494 3612 2564 Deus
3672 2494 4003 2560 hominem
4063 2495 4433 2559 secundum
4493 2513 4601 2557 cor
4649 2512 4783 2557 suum

2901 2582 3252 2664 reperisse:
3333 2582 3568 2666 quibus
3633 2579 3854 2647 verbis
3920 2578 4190 2646 Samuel
4255 2577 4552 2645 ostendit
4610 2580 4781 2643 merito

2903 2666 3170 2734 Saulem
3248 2667 3452 2735 fuisse
3529 2668 3866 2733 reiectum.
3953 2665 4181 2747 Neque
4254 2665 4441 2730 enim
4506 2675 4779 2728 aeternum

2900 2753 3062 2819 illud
3122 2752 3457 2820 decretum
3514 2752 3798 2836 respicit,
3854 2772 3982 2835 quo
4035 2749 4221 2817 Deus
4279 2771 4400 2834 per
4459 2748 4781 2834 prophetam

2901 2861 3089 2906 suum
3164 2839 3492 2923 praedixit
3550 2849 3879 2921 sceptrum
3941 2858 3982 2902 a
4037 2837 4217 2907 tribu
4278 2835 4453 2901 Iuda
4512 2852 4781 2917 nunqum

2900 2945 3328 2990 recessurum.
3414 2924 3548 2991 Sed
3620 2924 3948 2989 hominem
4025 2944 4095 2988 se
4150 2921 4310 2987 dicit
4362 2922 4671 3006 reperisse
4713 2940 4780 2983 so·

2902 3010 3192 3078 cundum
3231 3012 3521 3076 animum
3557 3029 3773 3089 suum,
3809 3009 3981 3091 quod
4023 3007 4185 3075 Saul
4227 3029 4348 3073 sua
4382 3008 4582 3091 culpa
4612 3021 4783 3071 exauc-

2902 3104 3160 3162 toratus
3201 3097 3315 3161 sit:
3359 3095 3534 3180 quod
3570 3117 3609 3161 a
3646 3095 3789 3160 Deo
3825 3104 4092 3179 propter
4127 3104 4471 3178 peccatum
4508 3113 4631 3158 non
4660 3100 4779 3156 esset

2904 3179 3319 3283 approbatus,
3348 3266 3363 3281 .
3384 3181 3498 3248 sed
3557 3182 3853 3281 reiectus.
3881 3266 3896 3280 ·
3943 3182 4159 3263 Atque
4213 3179 4389 3244 hane
4444 3179 4528 3245 ob
4581 3193 4779 3243 canum

2903 3264 4302 3434 Ξέἲέἳωψέῗοὲἓῇἔῖἒζὲἳιᾞῖὶη
4334 3264 4779 3442 (ᾆῗῖἒῗῧθξ

2903 3438 3284 3505 offendisse:
3346 3450 3413 3504 et
3470 3435 3729 3522 quidem
3772 3435 3971 3521 longe
4013 3435 4283 3521 gravius
4322 3456 4523 3519 quam
4567 3431 4703 3501 Saul
4732 3448 4777 3492 m

2902 3523 3027 3591 boc
3085 3523 3269 3591 facto.
3358 3524 3586 3607 Neque
3628 3524 3805 3588 enim
3849 3535 3966 3587 aut
4008 3538 4260 3588 terrore
4386 3521 4650 3595 rculsus,
4700 3526 4776 3579 aut

2902 3609 3031 3676 alio
3064 3609 3547 3675 vehementiore
3583 3618 3765 3673 metu
3802 3607 4073 3675 adactus
4109 3617 4215 3672 est
4249 3627 4289 3672 8
4372 3606 4603 3675 Uriam
4633 3606 4777 3668 inter·

2904 3694 3270 3775 ficiendum,
3314 3707 3431 3761 aut
3471 3693 3555 3759 ad
3597 3693 3727 3759 Dei
3771 3714 4009 3758 nomen
4054 3702 4379 3777 quantum
4418 3694 4489 3757 in
4524 3686 4774 3774 ipso-fuit

2905 3781 3302 3865 blasphemis
3356 3781 3712 3864 impiorum
3753 3777 4026 3844 vocibus
4068 3786 4139 3843 et
4177 3777 4669 3843 lacerationibus
4701 3792 4776 3836 ex·

2904 3864 3299 3950 ponendum,
3343 3878 3459 3931 ant
3498 3866 3582 3930 ad
3626 3878 3760 3929 tam
3806 3874 3999 3947 turpe
4042 3876 4110 3929 et
4149 3863 4415 3929 foedum
4453 3861 4775 3928 adulterium

2902 3951 3464 4019 committendum.
3552 3949 3811 4031 Quibus
3854 3950 4035 4014 vitiis
4077 3949 4273 4034 longe
4318 3950 4584 4034 gravius
4618 3960 4775 4012 coram

2906 4039 3049 4103 Deo
3092 4039 3403 4122 peccavit.
3490 4035 3625 4104 Sed
3668 4035 3814 4101 Deo
3852 4036 3985 4120 ipsi
4028 4048 4293 4119 peccata
4330 4035 4450 4100 illa
4483 4031 4774 4101 condonare

2906 4125 3117 4189 visum
3161 4136 3279 4201 est,
3321 4134 3389 4189 et
3430 4143 3517 4187 ex
3561 4141 3743 4188 mera
3776 4142 3897 4188 sua
3932 4122 4146 4206 gratia
4179 4119 4357 4204 quod
4391 4119 4589 4186 semel
4618 4116 4773 4180 decre·

2905 4224 3091 4274 verat
3166 4208 3342 4293 apud
3408 4229 3483 4274 se
3546 4208 3755 4273 voluit
3816 4208 3901 4273 ad
3967 4208 4165 4272 finem
4232 4203 4770 4358 sumum

2904 4315 3309 4380 regnumque
3350 4295 3423 4359 in
3466 4294 3649 4359 tribu
3693 4292 3859 4358 Iuda
3893 4302 3959 4359 et
3993 4291 4277 4359 Davidis
4454 4292 4468 4306 ‘
4496 4292 4559 4357 ia
4588 4289 4771 4369 origem

2902 4392 2973 4446 et
3046 4382 3453 4459 confirmare,
3532 4380 3739 4445 donec
3802 4379 4145 4444 adveniret
4208 4378 4324 4443 ille
4410 4399 4525 4443 rex
4604 4386 4768 4455 regum

869 4478 934 4535 ct
995 4466 1078 4535 ab
1121 4464 1300 4531 omni
1343 4464 1600 4531 curiosa
1643 4462 2064 4547 inquisitione
2106 4461 2525 4539 abstinentes,
2586 4463 2801 4529 Deum
2848 4488 2857 4529 1
2906 4466 3227 4532 Dominus
3295 4478 3521 4532 noster
3586 4465 3775 4530 Iesus
3832 4464 4161 4530 Christus.
4254 4467 4475 4546 Atque
4528 4460 4664 4525 baec
4704 4458 4766 4517 αἱ

867 4550 1082 4619 nutrio
1137 4560 1204 4617 et
1261 4568 1414 4617 88111
1475 4548 1711 4615 timere
1764 4562 1830 4615 et
1889 4550 2256 4613 reverentia
2299 4568 2691 4614 veneremur
2731 4561 2798 4615 et

2848 4544 2859 4649 Ι
2902 4552 3005 4617 vis
3080 4551 3431 4617 verborum
3506 4551 3791 4649 illorum,
3863 4549 4181 4616 Iebovam
4249 4548 4636 4633 quaesivisse
4684 4535 4765 4605 sibi

865 4636 1224 4705 8118181888
1325 4634 1424 4701 Ac
1499 4634 1556 4701 si
1621 4630 1804 4699 Deus
1865 4632 2096 4699 mediis
2159 4646 2387 4733 utatur
2445 4632 2528 4699 de
2568 4633 2803 4716 quibus
2846 4654 2859 4705 1
2906 4657 3123 4703 nrum
3198 4636 3557 4703 secundnm
3621 4657 3917 4702 animum
3984 4656 4203 4701 sunm.
4290 4634 4627 4701 Caeterum
4678 4644 4763 4691 non

869 4744 1202 4809 nunquam
1295 4720 1836 4805 cogitaverimus.
1919 4740 2070 4785 euin
2147 4738 2428 4787 8818111118
2485 4719 2803 4785 iustitiam
2850 4738 2859 4779 ι
2904 4723 3059 4787 inde
3136 4734 3361 4789 tamen

3432 4723 3733 4806 sequitur
3800 4720 4125 4786 Davidem
4190 4720 4440 4803 aliquid
4502 4726 4636 4784 ante
4684 4711 4762 4774 12oe

869 4830 1058 4877 auant
1141 4822 1206 4875 ct
1273 4804 1720 4873 admirabilem
1779 4804 2138 4871 bxtnitatem
2193 4804 2382 4871 nobis
2437 4804 2803 4889 incompre-
2848 4798 2859 4819 '
2906 4807 3175 4874 Domini
3238 4807 3575 4874 decretum
3638 4808 3791 4873 boni
3856 4807 4085 4872 secisse
4149 4818 4269 4872 aut
4310 4807 4629 4891 cogitasse,
4677 4811 4759 4879 qm

873 4892 1260 4961 ben-ibilem
1305 4890 1478 4959 velle
1519 4892 1586 4959 in
1631 4890 1762 4957 illis
1801 4888 2244 4957 considerare:
2285 4902 2354 4956 et
2389 4889 2512 4957 boc
2544 4891 2805 4957 axioma
2904 4892 3263 4960 Dominum
3308 4906 3764 4972 commoveret,
3808 4904 3885 4958 ut
3924 4891 4233 4976 deinceps
4278 4889 4637 4958 videbimus.
4669 4874 4757 4947 Sed

873 4994 1066 5133 :uu
1109 4998 1374 5131 bam
1405 4990 1974 5147 qmpmuu
2028 4996 2202 5129 xes
2253 5062 2492 5127 uentis
2536 4996 2801 5129 nosti-¹:

875 5166 1264 5303 mense·
1307 5146 2138 5249 apprehendere-„Sancti
2183 5146 2799 5247 nesintramcdes-

873 5248 1008 5301 1188
1111 5256 1264 5303 uim
1331 5250 1646 5302 termines
1687 5252 2160 5305 8888888188,
2217 5232 2412 5311 longe
2451 5230 2801 5301 maumites

2846 5044 2857 5061 ,
2904 4976 3091 5046 Dens
3146 4980 3335 5045 illum
3389 4981 3681 5066 elegerat
3734 4992 3803 5043 et
3843 4976 3929 5043 ad
3970 4979 4153 5043 hunc
4194 4999 4418 5055 usum,
4471 4976 4603 5041 licet
4635 4971 4754 5034 inco·

2900 5064 3243 5165 giftmen.
3300 5066 3681 5132 desumi-st.
3767 5064 3875 5130 Ita
3918 5064 4283 5129 Dominum
4330 5062 4604 5128 videmus
4634 5055 4752 5120 Iere-

2902 5172 3103 5217 1111881
3169 5153 3555 5235 prophetam
3618 5151 4033 5235 compellare.
4096 5160 4453 5233 antequam
4502 5150 4750 5242 enatem

2902 5236 4746 5322 mammonaegotesdhmovooeuonem
