<?xml version="1.0" encoding="UTF-8"?>
<!DOCTYPE html PUBLIC "-//W3C//DTD XHTML 1.0 Transitional//EN"
    "http://www.w3.org/TR/xhtml1/DTD/xhtml1-transitional.dtd">
<html xmlns="http://www.w3.org/1999/xhtml" xml:lang="en" lang="en">
 <head>
  <title>
</title>
<meta http-equiv="Content-Type" content="text/html;charset=utf-8" />
  <meta name='ocr-system' content='tesseract 3.04.00' />
  <meta name='ocr-capabilities' content='ocr_page ocr_carea ocr_par ocr_line ocrx_word'/>
</head>
<body>
  <div class='ocr_page' id='page_1' title='image "./ioanniscalvinio07unkngoog_0783.png"; bbox 0 0 5059 6059; ppageno 0'>
   <div class='ocr_carea' id='block_1_1' title="bbox 155 0 3832 45">
    <p class='ocr_par' dir='ltr' id='par_1_1' title="bbox 155 0 3832 45">
     <span class='ocr_line' id='line_1_1' title="bbox 155 0 3832 45; baseline 0 6014"><span class='ocrx_word' id='word_1_1' title='bbox 155 0 3832 45; x_wconf 95' lang='lat' dir='ltr'> </span> 
     </span>
    </p>
   </div>
   <div class='ocr_carea' id='block_1_2' title="bbox 310 416 4282 492">
    <p class='ocr_par' dir='ltr' id='par_1_2' title="bbox 310 416 4282 492">
     <span class='ocr_line' id='line_1_2' title="bbox 310 416 4282 492; baseline -0.001 -1"><span class='ocrx_word' id='word_1_2' title='bbox 310 422 416 492; x_wconf 78' lang='lat'>597</span> <span class='ocrx_word' id='word_1_3' title='bbox 1563 420 1662 488; x_wconf 90' lang='lat' dir='ltr'>IN</span> <span class='ocrx_word' id='word_1_4' title='bbox 1709 421 1762 487; x_wconf 91' lang='grc' dir='ltr'>Ι.</span> <span class='ocrx_word' id='word_1_5' title='bbox 1808 420 1989 488; x_wconf 87' lang='lat' dir='ltr'>LIB.</span> <span class='ocrx_word' id='word_1_6' title='bbox 2037 416 2439 486; x_wconf 77' lang='lat' dir='ltr'>SAMUEL.</span> <span class='ocrx_word' id='word_1_7' title='bbox 2486 420 2688 489; x_wconf 78' lang='lat' dir='ltr'>OAP.</span> <span class='ocrx_word' id='word_1_8' title='bbox 2733 419 2987 488; x_wconf 85' lang='lat' dir='ltr'>XXVI.</span> <span class='ocrx_word' id='word_1_9' title='bbox 4153 420 4282 488; x_wconf 84' lang='lat'>598</span> 
     </span>
    </p>
   </div>
   <div class='ocr_carea' id='block_1_3' title="bbox 310 607 4288 697">
    <p class='ocr_par' dir='ltr' id='par_1_3' title="bbox 310 607 4288 697">
     <span class='ocr_line' id='line_1_3' title="bbox 310 607 4288 697; baseline 0 -16"><span class='ocrx_word' id='word_1_10' title='bbox 310 620 534 681; x_wconf 82' lang='lat' dir='ltr'>certum</span> <span class='ocrx_word' id='word_1_11' title='bbox 581 621 683 677; x_wconf 88' lang='lat' dir='ltr'>est</span> <span class='ocrx_word' id='word_1_12' title='bbox 725 611 873 677; x_wconf 91' lang='lat' dir='ltr'>istis</span> <span class='ocrx_word' id='word_1_13' title='bbox 930 612 1091 696; x_wconf 90' lang='lat' dir='ltr'>ipsis</span> <span class='ocrx_word' id='word_1_14' title='bbox 1148 611 1374 676; x_wconf 83' lang='lat' dir='ltr'>verbis</span> <span class='ocrx_word' id='word_1_15' title='bbox 1434 631 1562 675; x_wconf 90' lang='lat' dir='ltr'>non</span> <span class='ocrx_word' id='word_1_16' title='bbox 1620 609 1721 675; x_wconf 88' lang='lat' dir='ltr'>uti</span> <span class='ocrx_word' id='word_1_17' title='bbox 1783 608 2044 689; x_wconf 88' lang='lat' dir='ltr'>solitos,</span> <span class='ocrx_word' id='word_1_18' title='bbox 2118 607 2231 674; x_wconf 90' lang='lat' dir='ltr'>sed</span> <span class='ocrx_word' id='word_1_19' title='bbox 2346 613 2415 678; x_wconf 89' lang='lat' dir='ltr'>in</span> <span class='ocrx_word' id='word_1_20' title='bbox 2461 611 2747 679; x_wconf 86' lang='lat' dir='ltr'>Psalmis</span> <span class='ocrx_word' id='word_1_21' title='bbox 2790 612 2811 676; x_wconf 91' lang='lat' dir='ltr'>i</span> <span class='ocrx_word' id='word_1_22' title='bbox 2859 612 2995 679; x_wconf 86' lang='lat' dir='ltr'>sius</span> <span class='ocrx_word' id='word_1_23' title='bbox 3037 612 3356 695; x_wconf 88' lang='lat' dir='ltr'>querelas,</span> <span class='ocrx_word' id='word_1_24' title='bbox 3417 612 3624 679; x_wconf 87' lang='lat' dir='ltr'>veluti</span> <span class='ocrx_word' id='word_1_25' title='bbox 3667 633 3873 697; x_wconf 88' lang='lat' dir='ltr'>quum</span> <span class='ocrx_word' id='word_1_26' title='bbox 3926 612 4288 681; x_wconf 74' lang='lat' dir='ltr'><strong>exclamat:</strong></span> 
     </span>
    </p>
   </div>
   <div class='ocr_carea' id='block_1_4' title="bbox 164 695 2252 5427">
    <p class='ocr_par' dir='ltr' id='par_1_4' title="bbox 307 695 2245 1040">
     <span class='ocr_line' id='line_1_4' title="bbox 312 695 2240 781; baseline -0.005 -12"><span class='ocrx_word' id='word_1_27' title='bbox 312 695 501 769; x_wconf 85' lang='lat' dir='ltr'>David</span> <span class='ocrx_word' id='word_1_28' title='bbox 547 697 791 763; x_wconf 82' lang='lat' dir='ltr'>factum</span> <span class='ocrx_word' id='word_1_29' title='bbox 845 697 1065 780; x_wconf 91' lang='lat' dir='ltr'>potius</span> <span class='ocrx_word' id='word_1_30' title='bbox 1108 717 1305 781; x_wconf 89' lang='lat' dir='ltr'>quam</span> <span class='ocrx_word' id='word_1_31' title='bbox 1351 698 1552 763; x_wconf 87' lang='lat' dir='ltr'>verba</span> <span class='ocrx_word' id='word_1_32' title='bbox 1597 696 1901 761; x_wconf 87' lang='lat' dir='ltr'>attendit.</span> <span class='ocrx_word' id='word_1_33' title='bbox 1988 695 2240 776; x_wconf 88' lang='lat' dir='ltr'>Quam-</span> 
     </span>
     <span class='ocr_line' id='line_1_5' title="bbox 308 782 2239 866; baseline -0.005 -12"><span class='ocrx_word' id='word_1_34' title='bbox 308 787 505 854; x_wconf 83' lang='lat' dir='ltr'>obrem</span> <span class='ocrx_word' id='word_1_35' title='bbox 552 782 806 866; x_wconf 88' lang='lat' dir='ltr'>quoties</span> <span class='ocrx_word' id='word_1_36' title='bbox 851 782 935 848; x_wconf 89' lang='lat' dir='ltr'>ad</span> <span class='ocrx_word' id='word_1_37' title='bbox 980 783 1194 848; x_wconf 89' lang='lat' dir='ltr'>Deum</span> <span class='ocrx_word' id='word_1_38' title='bbox 1243 782 1634 864; x_wconf 86' lang='lat' dir='ltr'>accedimus,</span> <span class='ocrx_word' id='word_1_39' title='bbox 1678 804 1809 847; x_wconf 89' lang='lat' dir='ltr'>non</span> <span class='ocrx_word' id='word_1_40' title='bbox 1857 801 1935 846; x_wconf 91' lang='lat' dir='ltr'>ea</span> <span class='ocrx_word' id='word_1_41' title='bbox 1980 789 2239 846; x_wconf 85' lang='lat' dir='ltr'>tantum</span> 
     </span>
     <span class='ocr_line' id='line_1_6' title="bbox 308 868 2245 956; baseline -0.005 -17"><span class='ocrx_word' id='word_1_42' title='bbox 308 869 638 956; x_wconf 88' lang='lat' dir='ltr'>spectanda</span> <span class='ocrx_word' id='word_1_43' title='bbox 679 889 844 953; x_wconf 88' lang='lat' dir='ltr'>quae</span> <span class='ocrx_word' id='word_1_44' title='bbox 887 868 1047 934; x_wconf 85' lang='lat' dir='ltr'>foris</span> <span class='ocrx_word' id='word_1_45' title='bbox 1072 878 1415 952; x_wconf 80' lang='lat' dir='ltr'>apparent,</span> <span class='ocrx_word' id='word_1_46' title='bbox 1459 868 1571 934; x_wconf 92' lang='lat' dir='ltr'>sed</span> <span class='ocrx_word' id='word_1_47' title='bbox 1599 888 1765 952; x_wconf 89' lang='lat' dir='ltr'>quae</span> <span class='ocrx_word' id='word_1_48' title='bbox 1811 868 1991 933; x_wconf 87' lang='lat' dir='ltr'>intus</span> <span class='ocrx_word' id='word_1_49' title='bbox 2030 868 2245 932; x_wconf 87' lang='lat' dir='ltr'>latent</span> 
     </span>
     <span class='ocr_line' id='line_1_7' title="bbox 307 952 2241 1040; baseline -0.004 -17"><span class='ocrx_word' id='word_1_50' title='bbox 307 955 714 1040; x_wconf 89' lang='lat' dir='ltr'>exquirenda.</span> <span class='ocrx_word' id='word_1_51' title='bbox 802 954 990 1020; x_wconf 90' lang='lat' dir='ltr'>Deus</span> <span class='ocrx_word' id='word_1_52' title='bbox 1034 957 1209 1020; x_wconf 89' lang='lat' dir='ltr'>enim</span> <span class='ocrx_word' id='word_1_53' title='bbox 1255 952 1501 1021; x_wconf 90' lang='lat' dir='ltr'>iudicat</span> <span class='ocrx_word' id='word_1_54' title='bbox 1548 975 1678 1020; x_wconf 87' lang='lat' dir='ltr'>non</span> <span class='ocrx_word' id='word_1_55' title='bbox 1727 976 1812 1019; x_wconf 87' lang='lat' dir='ltr'>ex</span> <span class='ocrx_word' id='word_1_56' title='bbox 1856 974 2079 1018; x_wconf 89' lang='lat' dir='ltr'>rerum</span> <span class='ocrx_word' id='word_1_57' title='bbox 2126 974 2241 1016; x_wconf 89' lang='lat' dir='ltr'>ex-</span> 
     </span>
    </p>

    <p class='ocr_par' dir='ltr' id='par_1_5' title="bbox 164 1038 2252 5427">
     <span class='ocr_line' id='line_1_8' title="bbox 198 1038 2240 1124; baseline -0.004 -14"><span class='ocrx_word' id='word_1_58' title='bbox 198 1082 207 1093; x_wconf 95' lang='lat'><strong>·</strong></span> <span class='ocrx_word' id='word_1_59' title='bbox 304 1054 621 1110; x_wconf 86' lang='lat' dir='ltr'>ternarum</span> <span class='ocrx_word' id='word_1_60' title='bbox 680 1041 878 1106; x_wconf 84' lang='lat' dir='ltr'>facie:</span> <span class='ocrx_word' id='word_1_61' title='bbox 940 1040 1055 1106; x_wconf 88' lang='lat' dir='ltr'>sed</span> <span class='ocrx_word' id='word_1_62' title='bbox 1115 1063 1197 1105; x_wconf 90' lang='lat' dir='ltr'>ex</span> <span class='ocrx_word' id='word_1_63' title='bbox 1256 1041 1353 1105; x_wconf 89' lang='lat' dir='ltr'>rei</span> <span class='ocrx_word' id='word_1_64' title='bbox 1411 1041 1614 1124; x_wconf 90' lang='lat' dir='ltr'>ipsius</span> <span class='ocrx_word' id='word_1_65' title='bbox 1675 1041 1977 1105; x_wconf 83' lang='lat' dir='ltr'>veritate.</span> <span class='ocrx_word' id='word_1_66' title='bbox 2066 1038 2240 1103; x_wconf 90' lang='lat' dir='ltr'>Nam</span> 
     </span>
     <span class='ocr_line' id='line_1_9' title="bbox 306 1124 2241 1212; baseline -0.004 -17"><span class='ocrx_word' id='word_1_67' title='bbox 306 1128 579 1211; x_wconf 88' lang='lat' dir='ltr'>alioquin</span> <span class='ocrx_word' id='word_1_68' title='bbox 663 1126 1046 1212; x_wconf 78' lang='lat' dir='ltr'>hypocritae</span> <span class='ocrx_word' id='word_1_69' title='bbox 1119 1134 1187 1191; x_wconf 91' lang='lat' dir='ltr'>et</span> <span class='ocrx_word' id='word_1_70' title='bbox 1261 1126 1552 1192; x_wconf 89' lang='lat' dir='ltr'>simulati</span> <span class='ocrx_word' id='word_1_71' title='bbox 1607 1124 1909 1191; x_wconf 89' lang='lat' dir='ltr'>homines</span> <span class='ocrx_word' id='word_1_72' title='bbox 1977 1142 2241 1191; x_wconf 90' lang='lat' dir='ltr'>causam</span> 
     </span>
     <span class='ocr_line' id='line_1_10' title="bbox 303 1209 2243 1298; baseline -0.004 -17"><span class='ocrx_word' id='word_1_73' title='bbox 303 1214 457 1298; x_wconf 89' lang='lat' dir='ltr'>apud</span> <span class='ocrx_word' id='word_1_74' title='bbox 499 1213 716 1278; x_wconf 90' lang='lat' dir='ltr'>Deum</span> <span class='ocrx_word' id='word_1_75' title='bbox 776 1213 1169 1289; x_wconf 81' lang='lat' dir='ltr'><strong>obtinerent,</strong></span> <span class='ocrx_word' id='word_1_76' title='bbox 1230 1213 1282 1277; x_wconf 91' lang='lat' dir='ltr'>si</span> <span class='ocrx_word' id='word_1_77' title='bbox 1344 1234 1430 1277; x_wconf 88' lang='lat' dir='ltr'>ex</span> <span class='ocrx_word' id='word_1_78' title='bbox 1472 1233 1694 1277; x_wconf 87' lang='lat' dir='ltr'>rerum</span> <span class='ocrx_word' id='word_1_79' title='bbox 1738 1221 2013 1277; x_wconf 83' lang='lat' dir='ltr'>externa</span> <span class='ocrx_word' id='word_1_80' title='bbox 2079 1209 2243 1275; x_wconf 85' lang='lat' dir='ltr'>facie</span> 
     </span>
     <span class='ocr_line' id='line_1_11' title="bbox 297 1296 2241 1381; baseline -0.005 -14"><span class='ocrx_word' id='word_1_81' title='bbox 297 1299 593 1367; x_wconf 88' lang='lat' dir='ltr'>iudicium</span> <span class='ocrx_word' id='word_1_82' title='bbox 639 1297 718 1363; x_wconf 90' lang='lat' dir='ltr'>de</span> <span class='ocrx_word' id='word_1_83' title='bbox 764 1299 922 1381; x_wconf 89' lang='lat' dir='ltr'>ipsis</span> <span class='ocrx_word' id='word_1_84' title='bbox 967 1298 1270 1374; x_wconf 84' lang='lat' dir='ltr'>ferretur,</span> <span class='ocrx_word' id='word_1_85' title='bbox 1332 1297 1863 1381; x_wconf 89' lang='lat' dir='ltr'>quandoquidem</span> <span class='ocrx_word' id='word_1_86' title='bbox 1924 1296 2241 1380; x_wconf 75' lang='lat' dir='ltr'>speciosis</span> 
     </span>
     <span class='ocr_line' id='line_1_12' title="bbox 298 1383 2239 1469; baseline -0.004 -16"><span class='ocrx_word' id='word_1_87' title='bbox 298 1406 539 1469; x_wconf 87' lang='lat' dir='ltr'>semper</span> <span class='ocrx_word' id='word_1_88' title='bbox 599 1384 957 1450; x_wconf 87' lang='lat' dir='ltr'>rationibus</span> <span class='ocrx_word' id='word_1_89' title='bbox 1016 1404 1134 1449; x_wconf 90' lang='lat' dir='ltr'>sua</span> <span class='ocrx_word' id='word_1_90' title='bbox 1191 1383 1365 1448; x_wconf 83' lang='lat' dir='ltr'>facta</span> <span class='ocrx_word' id='word_1_91' title='bbox 1425 1392 1715 1465; x_wconf 89' lang='lat' dir='ltr'>tuentur,</span> <span class='ocrx_word' id='word_1_92' title='bbox 1774 1393 1840 1449; x_wconf 91' lang='lat' dir='ltr'>et</span> <span class='ocrx_word' id='word_1_93' title='bbox 1897 1402 2239 1466; x_wconf 90' lang='lat' dir='ltr'>nunquam</span> 
     </span>
     <span class='ocr_line' id='line_1_13' title="bbox 297 1467 2243 1554; baseline -0.004 -16"><span class='ocrx_word' id='word_1_94' title='bbox 297 1494 426 1538; x_wconf 89' lang='lat' dir='ltr'>sese</span> <span class='ocrx_word' id='word_1_95' title='bbox 468 1472 608 1554; x_wconf 91' lang='lat' dir='ltr'>ipso</span> <span class='ocrx_word' id='word_1_96' title='bbox 651 1491 762 1535; x_wconf 90' lang='lat' dir='ltr'>ore</span> <span class='ocrx_word' id='word_1_97' title='bbox 807 1470 1072 1554; x_wconf 91' lang='lat' dir='ltr'>proprio</span> <span class='ocrx_word' id='word_1_98' title='bbox 1116 1467 1579 1550; x_wconf 88' lang='lat' dir='ltr'>condemnant,</span> <span class='ocrx_word' id='word_1_99' title='bbox 1626 1470 1789 1553; x_wconf 88' lang='lat' dir='ltr'>quin</span> <span class='ocrx_word' id='word_1_100' title='bbox 1834 1469 2055 1554; x_wconf 87' lang='lat' dir='ltr'>potius</span> <span class='ocrx_word' id='word_1_101' title='bbox 2099 1486 2243 1551; x_wconf 91' lang='lat' dir='ltr'>per·</span> 
     </span>
     <span class='ocr_line' id='line_1_14' title="bbox 296 1553 2240 1644; baseline -0.003 -21"><span class='ocrx_word' id='word_1_102' title='bbox 296 1568 480 1644; x_wconf 88' lang='lat' dir='ltr'>petuo</span> <span class='ocrx_word' id='word_1_103' title='bbox 534 1558 1092 1640; x_wconf 85' lang='lat' dir='ltr'>tergiversantur,</span> <span class='ocrx_word' id='word_1_104' title='bbox 1168 1563 1234 1620; x_wconf 92' lang='lat' dir='ltr'>et</span> <span class='ocrx_word' id='word_1_105' title='bbox 1291 1556 1479 1620; x_wconf 81' lang='lat' dir='ltr'>varia</span> <span class='ocrx_word' id='word_1_106' title='bbox 1544 1557 1780 1640; x_wconf 89' lang='lat' dir='ltr'>quibus</span> <span class='ocrx_word' id='word_1_107' title='bbox 1854 1553 2240 1620; x_wconf 88' lang='lat' dir='ltr'>hominibus</span> 
     </span>
     <span class='ocr_line' id='line_1_15' title="bbox 295 1641 2240 1726; baseline -0.005 -14"><span class='ocrx_word' id='word_1_108' title='bbox 295 1648 504 1711; x_wconf 78' lang='lat' dir='ltr'>fucum</span> <span class='ocrx_word' id='word_1_109' title='bbox 554 1643 801 1708; x_wconf 83' lang='lat' dir='ltr'>faciunt</span> <span class='ocrx_word' id='word_1_110' title='bbox 859 1649 1186 1726; x_wconf 89' lang='lat' dir='ltr'>quaerunt</span> <span class='ocrx_word' id='word_1_111' title='bbox 1241 1641 1517 1726; x_wconf 84' lang='lat' dir='ltr'>effugia:</span> <span class='ocrx_word' id='word_1_112' title='bbox 1586 1642 1769 1707; x_wconf 86' lang='lat' dir='ltr'>Deus</span> <span class='ocrx_word' id='word_1_113' title='bbox 1829 1651 2051 1707; x_wconf 89' lang='lat' dir='ltr'>autem</span> <span class='ocrx_word' id='word_1_114' title='bbox 2109 1659 2240 1705; x_wconf 92' lang='lat' dir='ltr'>non</span> 
     </span>
     <span class='ocr_line' id='line_1_16' title="bbox 292 1726 2243 1815; baseline -0.005 -19"><span class='ocrx_word' id='word_1_115' title='bbox 292 1732 646 1815; x_wconf 88' lang='lat' dir='ltr'>speciosam</span> <span class='ocrx_word' id='word_1_116' title='bbox 693 1729 985 1811; x_wconf 91' lang='lat' dir='ltr'>ipsorum</span> <span class='ocrx_word' id='word_1_117' title='bbox 1033 1728 1419 1804; x_wconf 89' lang='lat' dir='ltr'>orationem,</span> <span class='ocrx_word' id='word_1_118' title='bbox 1466 1727 1575 1791; x_wconf 86' lang='lat' dir='ltr'>sed</span> <span class='ocrx_word' id='word_1_119' title='bbox 1623 1728 1882 1809; x_wconf 90' lang='lat' dir='ltr'>eulpam</span> <span class='ocrx_word' id='word_1_120' title='bbox 1927 1726 2243 1791; x_wconf 90' lang='lat' dir='ltr'>intuetur.</span> 
     </span>
     <span class='ocr_line' id='line_1_17' title="bbox 295 1810 2247 1895; baseline -0.004 -13"><span class='ocrx_word' id='word_1_121' title='bbox 295 1819 393 1882; x_wconf 83' lang='lat' dir='ltr'>Ita</span> <span class='ocrx_word' id='word_1_122' title='bbox 435 1814 656 1881; x_wconf 86' lang='lat' dir='ltr'>David</span> <span class='ocrx_word' id='word_1_123' title='bbox 698 1813 822 1879; x_wconf 88' lang='lat' dir='ltr'>hoe</span> <span class='ocrx_word' id='word_1_124' title='bbox 867 1815 1010 1879; x_wconf 92' lang='lat' dir='ltr'>loco</span> <span class='ocrx_word' id='word_1_125' title='bbox 1053 1811 1361 1878; x_wconf 78' lang='lat' dir='ltr'>hostibus</span> <span class='ocrx_word' id='word_1_126' title='bbox 1406 1810 1647 1888; x_wconf 74' lang='lat' dir='ltr'>tribuit,</span> <span class='ocrx_word' id='word_1_127' title='bbox 1713 1834 1843 1877; x_wconf 90' lang='lat' dir='ltr'>non</span> <span class='ocrx_word' id='word_1_128' title='bbox 1904 1813 2073 1895; x_wconf 90' lang='lat' dir='ltr'>quod</span> <span class='ocrx_word' id='word_1_129' title='bbox 2133 1831 2247 1876; x_wconf 89' lang='lat' dir='ltr'>ere</span> 
     </span>
     <span class='ocr_line' id='line_1_18' title="bbox 292 1897 2245 1987; baseline -0.004 -19"><span class='ocrx_word' id='word_1_130' title='bbox 292 1898 833 1987; x_wconf 73' lang='lat' dir='ltr'>pronunciabant,</span> <span class='ocrx_word' id='word_1_131' title='bbox 881 1900 994 1966; x_wconf 88' lang='lat' dir='ltr'>sed</span> <span class='ocrx_word' id='word_1_132' title='bbox 1041 1897 1211 1982; x_wconf 91' lang='lat' dir='ltr'>quod</span> <span class='ocrx_word' id='word_1_133' title='bbox 1258 1898 1579 1965; x_wconf 86' lang='lat' dir='ltr'>adversus</span> <span class='ocrx_word' id='word_1_134' title='bbox 1622 1900 1839 1981; x_wconf 91' lang='lat' dir='ltr'>ipsum</span> <span class='ocrx_word' id='word_1_135' title='bbox 1885 1898 2245 1963; x_wconf 91' lang='lat' dir='ltr'>molieban-</span> 
     </span>
     <span class='ocr_line' id='line_1_19' title="bbox 293 1984 2235 2071; baseline -0.004 -17"><span class='ocrx_word' id='word_1_136' title='bbox 293 2006 396 2054; x_wconf 84' lang='lat' dir='ltr'>tur</span> <span class='ocrx_word' id='word_1_137' title='bbox 438 1998 504 2052; x_wconf 93' lang='lat' dir='ltr'>et</span> <span class='ocrx_word' id='word_1_138' title='bbox 551 1987 865 2071; x_wconf 86' lang='lat' dir='ltr'>perficere</span> <span class='ocrx_word' id='word_1_139' title='bbox 900 1986 1320 2052; x_wconf 81' lang='lat' dir='ltr'>conabantur.</span> <span class='ocrx_word' id='word_1_140' title='bbox 1408 1984 1578 2050; x_wconf 91' lang='lat' dir='ltr'>Nam</span> <span class='ocrx_word' id='word_1_141' title='bbox 1626 1985 1793 2068; x_wconf 90' lang='lat' dir='ltr'>quod</span> <span class='ocrx_word' id='word_1_142' title='bbox 1854 1984 1946 2049; x_wconf 90' lang='lat' dir='ltr'>ait</span> <span class='ocrx_word' id='word_1_143' title='bbox 2003 2003 2235 2048; x_wconf 88' lang='lat' dir='ltr'>verum</span> 
     </span>
     <span class='ocr_line' id='line_1_20' title="bbox 292 2068 2247 2156; baseline -0.004 -15"><span class='ocrx_word' id='word_1_144' title='bbox 292 2095 426 2141; x_wconf 86' lang='lat' dir='ltr'>esse</span> <span class='ocrx_word' id='word_1_145' title='bbox 471 2082 771 2156; x_wconf 90' lang='lat' dir='ltr'>apparet,</span> <span class='ocrx_word' id='word_1_146' title='bbox 830 2092 912 2136; x_wconf 91' lang='lat' dir='ltr'>ex</span> <span class='ocrx_word' id='word_1_147' title='bbox 973 2093 1049 2137; x_wconf 91' lang='lat' dir='ltr'>eo</span> <span class='ocrx_word' id='word_1_148' title='bbox 1108 2071 1277 2154; x_wconf 91' lang='lat' dir='ltr'>quod</span> <span class='ocrx_word' id='word_1_149' title='bbox 1339 2070 1476 2136; x_wconf 91' lang='lat' dir='ltr'>sola</span> <span class='ocrx_word' id='word_1_150' title='bbox 1525 2070 1771 2135; x_wconf 90' lang='lat' dir='ltr'>Iudaea</span> <span class='ocrx_word' id='word_1_151' title='bbox 1830 2090 2069 2154; x_wconf 89' lang='lat' dir='ltr'>purum</span> <span class='ocrx_word' id='word_1_152' title='bbox 2118 2068 2247 2134; x_wconf 92' lang='lat' dir='ltr'>Dei</span> 
     </span>
     <span class='ocr_line' id='line_1_21' title="bbox 292 2154 2245 2241; baseline -0.005 -14"><span class='ocrx_word' id='word_1_153' title='bbox 292 2161 533 2228; x_wconf 90' lang='lat' dir='ltr'>cultum</span> <span class='ocrx_word' id='word_1_154' title='bbox 587 2157 931 2241; x_wconf 84' lang='lat' dir='ltr'>retinebat,</span> <span class='ocrx_word' id='word_1_155' title='bbox 978 2157 1233 2239; x_wconf 90' lang='lat' dir='ltr'>reliqua</span> <span class='ocrx_word' id='word_1_156' title='bbox 1277 2164 1463 2240; x_wconf 87' lang='lat' dir='ltr'>parte</span> <span class='ocrx_word' id='word_1_157' title='bbox 1499 2156 1731 2221; x_wconf 89' lang='lat' dir='ltr'>mundi</span> <span class='ocrx_word' id='word_1_158' title='bbox 1768 2154 2245 2239; x_wconf 87' lang='lat' dir='ltr'>superstitioni-</span> 
     </span>
     <span class='ocr_line' id='line_1_22' title="bbox 290 2240 2247 2327; baseline -0.004 -15"><span class='ocrx_word' id='word_1_159' title='bbox 290 2248 405 2313; x_wconf 86' lang='lat' dir='ltr'>bus</span> <span class='ocrx_word' id='word_1_160' title='bbox 469 2255 539 2310; x_wconf 90' lang='lat' dir='ltr'>et</span> <span class='ocrx_word' id='word_1_161' title='bbox 609 2243 978 2309; x_wconf 90' lang='lat' dir='ltr'>idololatria</span> <span class='ocrx_word' id='word_1_162' title='bbox 1044 2243 1168 2307; x_wconf 91' lang='lat' dir='ltr'>Dei</span> <span class='ocrx_word' id='word_1_163' title='bbox 1255 2262 1493 2307; x_wconf 89' lang='lat' dir='ltr'>nomen</span> <span class='ocrx_word' id='word_1_164' title='bbox 1570 2242 1923 2327; x_wconf 89' lang='lat' dir='ltr'>polluente.</span> <span class='ocrx_word' id='word_1_165' title='bbox 2026 2240 2247 2322; x_wconf 80' lang='lat' dir='ltr'>Quare</span> 
     </span>
     <span class='ocr_line' id='line_1_23' title="bbox 289 2326 2245 2416; baseline -0.004 -18"><span class='ocrx_word' id='word_1_166' title='bbox 289 2353 484 2416; x_wconf 90' lang='lat' dir='ltr'>quum</span> <span class='ocrx_word' id='word_1_167' title='bbox 544 2328 797 2396; x_wconf 82' lang='lat' dir='ltr'>Davidi</span> <span class='ocrx_word' id='word_1_168' title='bbox 856 2328 1080 2394; x_wconf 90' lang='lat' dir='ltr'>nullus</span> <span class='ocrx_word' id='word_1_169' title='bbox 1141 2329 1409 2393; x_wconf 89' lang='lat' dir='ltr'>daretur</span> <span class='ocrx_word' id='word_1_170' title='bbox 1464 2329 1535 2392; x_wconf 93' lang='lat' dir='ltr'>in</span> <span class='ocrx_word' id='word_1_171' title='bbox 1599 2326 1845 2393; x_wconf 87' lang='lat' dir='ltr'>Iudaea</span> <span class='ocrx_word' id='word_1_172' title='bbox 1902 2327 2117 2410; x_wconf 90' lang='lat' dir='ltr'>loeus,</span> <span class='ocrx_word' id='word_1_173' title='bbox 2176 2326 2245 2391; x_wconf 89' lang='lat' dir='ltr'>in</span> 
     </span>
     <span class='ocr_line' id='line_1_24' title="bbox 290 2414 2247 2502; baseline -0.004 -19"><span class='ocrx_word' id='word_1_174' title='bbox 290 2438 410 2502; x_wconf 87' lang='lat' dir='ltr'>quo</span> <span class='ocrx_word' id='word_1_175' title='bbox 454 2426 688 2501; x_wconf 89' lang='lat' dir='ltr'>posset</span> <span class='ocrx_word' id='word_1_176' title='bbox 735 2424 878 2481; x_wconf 89' lang='lat' dir='ltr'>tuto</span> <span class='ocrx_word' id='word_1_177' title='bbox 915 2414 1236 2494; x_wconf 88' lang='lat' dir='ltr'>habitare,</span> <span class='ocrx_word' id='word_1_178' title='bbox 1281 2423 1347 2478; x_wconf 91' lang='lat' dir='ltr'>et</span> <span class='ocrx_word' id='word_1_179' title='bbox 1389 2434 1540 2479; x_wconf 87' lang='lat' dir='ltr'>eum</span> <span class='ocrx_word' id='word_1_180' title='bbox 1576 2414 1935 2479; x_wconf 88' lang='lat' dir='ltr'>idololatris</span> <span class='ocrx_word' id='word_1_181' title='bbox 1969 2433 2247 2479; x_wconf 82' lang='lat' dir='ltr'>conver·</span> 
     </span>
     <span class='ocr_line' id='line_1_25' title="bbox 285 2498 2247 2586; baseline -0.004 -16"><span class='ocrx_word' id='word_1_182' title='bbox 285 2505 411 2570; x_wconf 88' lang='lat' dir='ltr'>sari</span> <span class='ocrx_word' id='word_1_183' title='bbox 474 2512 830 2586; x_wconf 81' lang='lat' dir='ltr'>cogeretur</span> <span class='ocrx_word' id='word_1_184' title='bbox 886 2511 1159 2585; x_wconf 91' lang='lat' dir='ltr'>propter</span> <span class='ocrx_word' id='word_1_185' title='bbox 1202 2499 1426 2566; x_wconf 86' lang='lat' dir='ltr'>Saulis</span> <span class='ocrx_word' id='word_1_186' title='bbox 1489 2510 1555 2564; x_wconf 90' lang='lat' dir='ltr'>et</span> <span class='ocrx_word' id='word_1_187' title='bbox 1621 2500 1978 2565; x_wconf 85' lang='lat' dir='ltr'>aulicorum</span> <span class='ocrx_word' id='word_1_188' title='bbox 2039 2498 2247 2582; x_wconf 88' lang='lat' dir='ltr'>ipsius</span> 
     </span>
     <span class='ocr_line' id='line_1_26' title="bbox 286 2583 2246 2670; baseline -0.003 -16"><span class='ocrx_word' id='word_1_189' title='bbox 286 2589 675 2654; x_wconf 82' lang='lat' dir='ltr'>violentiam</span> <span class='ocrx_word' id='word_1_190' title='bbox 703 2639 718 2663; x_wconf 94' lang='lat'>,</span> <span class='ocrx_word' id='word_1_191' title='bbox 801 2607 1022 2652; x_wconf 86' lang='lat' dir='ltr'>nonne</span> <span class='ocrx_word' id='word_1_192' title='bbox 1106 2585 1459 2670; x_wconf 87' lang='lat' dir='ltr'>cogebatur</span> <span class='ocrx_word' id='word_1_193' title='bbox 1541 2597 1851 2669; x_wconf 87' lang='lat' dir='ltr'>tanquam</span> <span class='ocrx_word' id='word_1_194' title='bbox 1934 2583 2246 2650; x_wconf 90' lang='lat' dir='ltr'>ridiculus</span> 
     </span>
     <span class='ocr_line' id='line_1_27' title="bbox 286 2671 2246 2756; baseline -0.005 -15"><span class='ocrx_word' id='word_1_195' title='bbox 286 2674 648 2741; x_wconf 87' lang='lat' dir='ltr'>homuncio</span> <span class='ocrx_word' id='word_1_196' title='bbox 706 2675 772 2738; x_wconf 93' lang='lat' dir='ltr'>in</span> <span class='ocrx_word' id='word_1_197' title='bbox 835 2672 1124 2738; x_wconf 90' lang='lat' dir='ltr'>omnium</span> <span class='ocrx_word' id='word_1_198' title='bbox 1191 2671 1611 2756; x_wconf 89' lang='lat' dir='ltr'>opprobrium</span> <span class='ocrx_word' id='word_1_199' title='bbox 1658 2672 1915 2751; x_wconf 88' lang='lat' dir='ltr'>venire,</span> <span class='ocrx_word' id='word_1_200' title='bbox 1975 2679 2042 2735; x_wconf 90' lang='lat' dir='ltr'>et</span> <span class='ocrx_word' id='word_1_201' title='bbox 2100 2680 2246 2733; x_wconf 89' lang='lat' dir='ltr'>tan-</span> 
     </span>
     <span class='ocr_line' id='line_1_28' title="bbox 330 2754 2249 2843; baseline -0.004 -17"><span class='ocrx_word' id='word_1_202' title='bbox 330 2782 480 2826; x_wconf 92' lang='lat' dir='ltr'>uam</span> <span class='ocrx_word' id='word_1_203' title='bbox 547 2760 902 2843; x_wconf 81' lang='lat' dir='ltr'>profanus,</span> <span class='ocrx_word' id='word_1_204' title='bbox 970 2766 1037 2823; x_wconf 93' lang='lat' dir='ltr'>et</span> <span class='ocrx_word' id='word_1_205' title='bbox 1092 2757 1175 2824; x_wconf 91' lang='lat' dir='ltr'>ab</span> <span class='ocrx_word' id='word_1_206' title='bbox 1229 2757 1499 2823; x_wconf 89' lang='lat' dir='ltr'>ecelesia</span> <span class='ocrx_word' id='word_1_207' title='bbox 1558 2757 1682 2822; x_wconf 91' lang='lat' dir='ltr'>Dei</span> <span class='ocrx_word' id='word_1_208' title='bbox 1749 2756 2106 2822; x_wconf 83' lang='lat' dir='ltr'>reiectitius</span> <span class='ocrx_word' id='word_1_209' title='bbox 2164 2754 2249 2819; x_wconf 88' lang='lat' dir='ltr'>ad</span> 
     </span>
     <span class='ocr_line' id='line_1_29' title="bbox 284 2783 2246 2928; baseline -0.004 -16"><span class='ocrx_word' id='word_1_210' title='bbox 284 2783 436 2912; x_wconf 61' lang='lat' dir='ltr'>deos</span> <span class='ocrx_word' id='word_1_211' title='bbox 478 2846 738 2912; x_wconf 90' lang='lat' dir='ltr'>alienos</span> <span class='ocrx_word' id='word_1_212' title='bbox 774 2844 1147 2928; x_wconf 82' lang='lat' dir='ltr'>confugere,</span> <span class='ocrx_word' id='word_1_213' title='bbox 1194 2853 1259 2907; x_wconf 90' lang='lat' dir='ltr'>et</span> <span class='ocrx_word' id='word_1_214' title='bbox 1293 2842 1783 2909; x_wconf 88' lang='lat' dir='ltr'>idololatrarum</span> <span class='ocrx_word' id='word_1_215' title='bbox 1809 2862 2246 2926; x_wconf 86' lang='lat' dir='ltr'>paganorum-</span> 
     </span>
     <span class='ocr_line' id='line_1_30' title="bbox 283 2928 2247 3016; baseline -0.004 -18"><span class='ocrx_word' id='word_1_216' title='bbox 283 2953 410 3016; x_wconf 90' lang='lat' dir='ltr'>que</span> <span class='ocrx_word' id='word_1_217' title='bbox 456 2931 811 2998; x_wconf 91' lang='lat' dir='ltr'>hominum</span> <span class='ocrx_word' id='word_1_218' title='bbox 875 2932 1017 2995; x_wconf 88' lang='lat' dir='ltr'>fieri</span> <span class='ocrx_word' id='word_1_219' title='bbox 1079 2929 1335 2994; x_wconf 83' lang='lat' dir='ltr'>socius?</span> <span class='ocrx_word' id='word_1_220' title='bbox 1399 2929 1504 2993; x_wconf 86' lang='lat' dir='ltr'>En</span> <span class='ocrx_word' id='word_1_221' title='bbox 1564 2948 1681 2994; x_wconf 90' lang='lat' dir='ltr'>cur</span> <span class='ocrx_word' id='word_1_222' title='bbox 1734 2928 1953 2993; x_wconf 86' lang='lat' dir='ltr'>David</span> <span class='ocrx_word' id='word_1_223' title='bbox 2014 2928 2247 2993; x_wconf 91' lang='lat' dir='ltr'>merito</span> 
     </span>
     <span class='ocr_line' id='line_1_31' title="bbox 282 3014 2250 3103; baseline -0.004 -19"><span class='ocrx_word' id='word_1_224' title='bbox 282 3019 719 3103; x_wconf 88' lang='lat' dir='ltr'>conqueritur</span> <span class='ocrx_word' id='word_1_225' title='bbox 779 3015 858 3081; x_wconf 90' lang='lat' dir='ltr'>de</span> <span class='ocrx_word' id='word_1_226' title='bbox 915 3017 1236 3093; x_wconf 87' lang='lat' dir='ltr'>inimicis,</span> <span class='ocrx_word' id='word_1_227' title='bbox 1296 3014 1465 3099; x_wconf 92' lang='lat' dir='ltr'>quod</span> <span class='ocrx_word' id='word_1_228' title='bbox 1523 3014 1606 3079; x_wconf 90' lang='lat' dir='ltr'>ab</span> <span class='ocrx_word' id='word_1_229' title='bbox 1659 3015 1822 3100; x_wconf 89' lang='lat' dir='ltr'>ipsis</span> <span class='ocrx_word' id='word_1_230' title='bbox 1879 3014 2250 3097; x_wconf 81' lang='lat' dir='ltr'>expellatur</span> 
     </span>
     <span class='ocr_line' id='line_1_32' title="bbox 278 3099 2247 3171; baseline -0.005 0"><span class='ocrx_word' id='word_1_231' title='bbox 278 3106 357 3171; x_wconf 91' lang='lat' dir='ltr'>ab</span> <span class='ocrx_word' id='word_1_232' title='bbox 404 3103 827 3170; x_wconf 88' lang='lat' dir='ltr'>haereditate</span> <span class='ocrx_word' id='word_1_233' title='bbox 866 3103 1154 3168; x_wconf 88' lang='lat' dir='ltr'>Domini.</span> <span class='ocrx_word' id='word_1_234' title='bbox 1222 3100 1349 3167; x_wconf 87' lang='lat' dir='ltr'>Ubi</span> <span class='ocrx_word' id='word_1_235' title='bbox 1398 3100 1881 3166; x_wconf 80' lang='lat' dir='ltr'>observandum</span> <span class='ocrx_word' id='word_1_236' title='bbox 1920 3099 2247 3165; x_wconf 86' lang='lat' dir='ltr'>Davidem</span> 
     </span>
     <span class='ocr_line' id='line_1_33' title="bbox 276 3186 2250 3270; baseline -0.004 -14"><span class='ocrx_word' id='word_1_237' title='bbox 276 3192 407 3256; x_wconf 89' lang='lat' dir='ltr'>non</span> <span class='ocrx_word' id='word_1_238' title='bbox 479 3190 665 3255; x_wconf 87' lang='lat' dir='ltr'>tanti</span> <span class='ocrx_word' id='word_1_239' title='bbox 732 3189 962 3254; x_wconf 80' lang='lat' dir='ltr'>fecisse</span> <span class='ocrx_word' id='word_1_240' title='bbox 1033 3186 1299 3252; x_wconf 90' lang='lat' dir='ltr'>domum</span> <span class='ocrx_word' id='word_1_241' title='bbox 1326 3238 1342 3266; x_wconf 93' lang='lat'>,</span> <span class='ocrx_word' id='word_1_242' title='bbox 1410 3208 1682 3252; x_wconf 90' lang='lat' dir='ltr'>uxorem</span> <span class='ocrx_word' id='word_1_243' title='bbox 1711 3237 1725 3265; x_wconf 94' lang='lat'>,</span> <span class='ocrx_word' id='word_1_244' title='bbox 1803 3186 2250 3270; x_wconf 86' lang='lat' dir='ltr'>reliquamque</span> 
     </span>
     <span class='ocr_line' id='line_1_34' title="bbox 272 3271 2251 3357; baseline -0.003 -15"><span class='ocrx_word' id='word_1_245' title='bbox 272 3276 627 3355; x_wconf 83' lang='lat' dir='ltr'>familiam,</span> <span class='ocrx_word' id='word_1_246' title='bbox 689 3284 755 3340; x_wconf 88' lang='lat' dir='ltr'>et</span> <span class='ocrx_word' id='word_1_247' title='bbox 800 3272 1115 3357; x_wconf 89' lang='lat' dir='ltr'>quidquid</span> <span class='ocrx_word' id='word_1_248' title='bbox 1169 3271 1240 3338; x_wconf 91' lang='lat' dir='ltr'>in</span> <span class='ocrx_word' id='word_1_249' title='bbox 1284 3272 1530 3337; x_wconf 87' lang='lat' dir='ltr'>mundo</span> <span class='ocrx_word' id='word_1_250' title='bbox 1590 3273 1943 3355; x_wconf 88' lang='lat' dir='ltr'>pretiosum</span> <span class='ocrx_word' id='word_1_251' title='bbox 2009 3271 2251 3337; x_wconf 88' lang='lat' dir='ltr'>habere</span> 
     </span>
     <span class='ocr_line' id='line_1_35' title="bbox 274 3357 2250 3446; baseline -0.003 -18"><span class='ocrx_word' id='word_1_252' title='bbox 274 3364 514 3446; x_wconf 89' lang='lat' dir='ltr'>potuit,</span> <span class='ocrx_word' id='word_1_253' title='bbox 567 3381 775 3445; x_wconf 91' lang='lat' dir='ltr'>quam</span> <span class='ocrx_word' id='word_1_254' title='bbox 813 3360 942 3425; x_wconf 90' lang='lat' dir='ltr'>Dei</span> <span class='ocrx_word' id='word_1_255' title='bbox 986 3359 1343 3438; x_wconf 89' lang='lat' dir='ltr'>ecclesiam,</span> <span class='ocrx_word' id='word_1_256' title='bbox 1386 3359 1452 3423; x_wconf 93' lang='lat' dir='ltr'>in</span> <span class='ocrx_word' id='word_1_257' title='bbox 1501 3379 1631 3441; x_wconf 90' lang='lat' dir='ltr'>qua</span> <span class='ocrx_word' id='word_1_258' title='bbox 1668 3359 1884 3423; x_wconf 92' lang='lat' dir='ltr'>Deum</span> <span class='ocrx_word' id='word_1_259' title='bbox 1931 3360 1994 3421; x_wconf 90' lang='lat' dir='ltr'>in</span> <span class='ocrx_word' id='word_1_260' title='bbox 2043 3357 2250 3440; x_wconf 90' lang='lat' dir='ltr'>ipsius</span> 
     </span>
     <span class='ocr_line' id='line_1_36' title="bbox 268 3442 2249 3521; baseline -0.005 -6"><span class='ocrx_word' id='word_1_261' title='bbox 268 3448 665 3515; x_wconf 88' lang='lat' dir='ltr'>sanctuario</span> <span class='ocrx_word' id='word_1_262' title='bbox 688 3453 1098 3521; x_wconf 87' lang='lat' dir='ltr'>venerarent‚</span> <span class='ocrx_word' id='word_1_263' title='bbox 1137 3456 1201 3509; x_wconf 91' lang='lat' dir='ltr'>et</span> <span class='ocrx_word' id='word_1_264' title='bbox 1239 3444 1541 3509; x_wconf 90' lang='lat' dir='ltr'>omnium</span> <span class='ocrx_word' id='word_1_265' title='bbox 1590 3443 1907 3510; x_wconf 91' lang='lat' dir='ltr'>donorum</span> <span class='ocrx_word' id='word_1_266' title='bbox 1947 3463 2023 3509; x_wconf 88' lang='lat' dir='ltr'>ac</span> <span class='ocrx_word' id='word_1_267' title='bbox 2055 3442 2249 3507; x_wconf 90' lang='lat' dir='ltr'>bene-</span> 
     </span>
     <span class='ocr_line' id='line_1_37' title="bbox 272 3527 2252 3616; baseline -0.004 -16"><span class='ocrx_word' id='word_1_268' title='bbox 272 3537 584 3600; x_wconf 87' lang='lat' dir='ltr'>ficiorum</span> <span class='ocrx_word' id='word_1_269' title='bbox 610 3585 626 3612; x_wconf 92' lang='lat'>,</span> <span class='ocrx_word' id='word_1_270' title='bbox 689 3553 856 3616; x_wconf 88' lang='lat' dir='ltr'>quae</span> <span class='ocrx_word' id='word_1_271' title='bbox 903 3532 1085 3596; x_wconf 91' lang='lat' dir='ltr'>Deus</span> <span class='ocrx_word' id='word_1_272' title='bbox 1139 3530 1492 3596; x_wconf 77' lang='lat' dir='ltr'>israelitico</span> <span class='ocrx_word' id='word_1_273' title='bbox 1553 3530 1793 3613; x_wconf 89' lang='lat' dir='ltr'>populo</span> <span class='ocrx_word' id='word_1_274' title='bbox 1849 3527 2252 3613; x_wconf 85' lang='lat' dir='ltr'>largiebatur</span> 
     </span>
     <span class='ocr_line' id='line_1_38' title="bbox 265 3615 2247 3704; baseline -0.005 -17"><span class='ocrx_word' id='word_1_275' title='bbox 265 3622 622 3704; x_wconf 80' lang='lat' dir='ltr'>particeps</span> <span class='ocrx_word' id='word_1_276' title='bbox 685 3619 876 3683; x_wconf 90' lang='lat' dir='ltr'>fieret</span> <span class='ocrx_word' id='word_1_277' title='bbox 929 3629 994 3682; x_wconf 92' lang='lat' dir='ltr'>et</span> <span class='ocrx_word' id='word_1_278' title='bbox 1047 3617 1397 3682; x_wconf 88' lang='lat' dir='ltr'>frueretur.</span> <span class='ocrx_word' id='word_1_279' title='bbox 1487 3615 2011 3682; x_wconf 71' lang='lat' dir='ltr'>&#39;sabernaculum</span> <span class='ocrx_word' id='word_1_280' title='bbox 2073 3615 2247 3679; x_wconf 92' lang='lat' dir='ltr'>enim</span> 
     </span>
     <span class='ocr_line' id='line_1_39' title="bbox 266 3700 2251 3788; baseline -0.003 -18"><span class='ocrx_word' id='word_1_281' title='bbox 266 3716 581 3773; x_wconf 85' lang='lat' dir='ltr'>ereetum</span> <span class='ocrx_word' id='word_1_282' title='bbox 655 3718 835 3788; x_wconf 88' lang='lat' dir='ltr'>erat,</span> <span class='ocrx_word' id='word_1_283' title='bbox 917 3710 992 3767; x_wconf 86' lang='lat' dir='ltr'>ut</span> <span class='ocrx_word' id='word_1_284' title='bbox 1060 3702 1242 3768; x_wconf 88' lang='lat' dir='ltr'>Deus</span> <span class='ocrx_word' id='word_1_285' title='bbox 1321 3700 1694 3767; x_wconf 91' lang='lat' dir='ltr'>ostenderet</span> <span class='ocrx_word' id='word_1_286' title='bbox 1757 3723 1827 3766; x_wconf 92' lang='lat' dir='ltr'>se</span> <span class='ocrx_word' id='word_1_287' title='bbox 1894 3703 1963 3766; x_wconf 91' lang='lat' dir='ltr'>in</span> <span class='ocrx_word' id='word_1_288' title='bbox 2032 3700 2251 3764; x_wconf 91' lang='lat' dir='ltr'>medio</span> 
     </span>
     <span class='ocr_line' id='line_1_40' title="bbox 256 3788 2251 3871; baseline -0.005 -12"><span class='ocrx_word' id='word_1_289' title='bbox 256 3791 545 3859; x_wconf 75' lang='lat' dir='ltr'>Israelis</span> <span class='ocrx_word' id='word_1_290' title='bbox 600 3790 930 3867; x_wconf 89' lang='lat' dir='ltr'>habitare,</span> <span class='ocrx_word' id='word_1_291' title='bbox 979 3800 1045 3853; x_wconf 92' lang='lat' dir='ltr'>et</span> <span class='ocrx_word' id='word_1_292' title='bbox 1067 3789 1155 3853; x_wconf 91' lang='lat' dir='ltr'>ibi</span> <span class='ocrx_word' id='word_1_293' title='bbox 1181 3788 1629 3854; x_wconf 87' lang='lat' dir='ltr'>sacrificantes</span> <span class='ocrx_word' id='word_1_294' title='bbox 1655 3788 1871 3852; x_wconf 91' lang='lat' dir='ltr'>Deum</span> <span class='ocrx_word' id='word_1_295' title='bbox 1897 3806 2251 3871; x_wconf 86' lang='lat' dir='ltr'>agnoscere</span> 
     </span>
     <span class='ocr_line' id='line_1_41' title="bbox 258 3873 2251 3958; baseline -0.003 -15"><span class='ocrx_word' id='word_1_296' title='bbox 258 3888 735 3956; x_wconf 82' lang='lat' dir='ltr'>servatorem,</span> <span class='ocrx_word' id='word_1_297' title='bbox 833 3874 1382 3958; x_wconf 88' lang='lat' dir='ltr'>quemadmodum</span> <span class='ocrx_word' id='word_1_298' title='bbox 1477 3873 1673 3938; x_wconf 91' lang='lat' dir='ltr'>hodie</span> <span class='ocrx_word' id='word_1_299' title='bbox 1768 3873 2131 3955; x_wconf 86' lang='lat' dir='ltr'>baptismus</span> <span class='ocrx_word' id='word_1_300' title='bbox 2212 3893 2251 3937; x_wconf 92' lang='lat' dir='ltr'>a</span> 
     </span>
     <span class='ocr_line' id='line_1_42' title="bbox 257 3959 2248 4044; baseline -0.004 -14"><span class='ocrx_word' id='word_1_301' title='bbox 257 3963 550 4031; x_wconf 82' lang='lat' dir='ltr'>Christo</span> <span class='ocrx_word' id='word_1_302' title='bbox 602 3962 958 4027; x_wconf 88' lang='lat' dir='ltr'>institutus</span> <span class='ocrx_word' id='word_1_303' title='bbox 1004 3960 1267 4044; x_wconf 88' lang='lat' dir='ltr'>signum</span> <span class='ocrx_word' id='word_1_304' title='bbox 1316 3968 1433 4036; x_wconf 89' lang='lat' dir='ltr'>est,</span> <span class='ocrx_word' id='word_1_305' title='bbox 1499 3979 1627 4041; x_wconf 89' lang='lat' dir='ltr'>quo</span> <span class='ocrx_word' id='word_1_306' title='bbox 1672 3959 1985 4024; x_wconf 87' lang='lat' dir='ltr'>certiores</span> <span class='ocrx_word' id='word_1_307' title='bbox 2046 3959 2248 4023; x_wconf 89' lang='lat' dir='ltr'>simus</span> 
     </span>
     <span class='ocr_line' id='line_1_43' title="bbox 164 4043 2247 4131; baseline -0.004 -16"><span class='ocrx_word' id='word_1_308' title='bbox 164 4106 171 4115; x_wconf 94' lang='lat'>.</span> <span class='ocrx_word' id='word_1_309' title='bbox 250 4049 483 4116; x_wconf 88' lang='lat' dir='ltr'>Deum</span> <span class='ocrx_word' id='word_1_310' title='bbox 535 4070 676 4114; x_wconf 86' lang='lat' dir='ltr'>nos</span> <span class='ocrx_word' id='word_1_311' title='bbox 712 4068 995 4131; x_wconf 83' lang='lat' dir='ltr'>purgare</span> <span class='ocrx_word' id='word_1_312' title='bbox 1031 4048 1114 4112; x_wconf 89' lang='lat' dir='ltr'>ab</span> <span class='ocrx_word' id='word_1_313' title='bbox 1150 4047 1331 4110; x_wconf 94' lang='lat' dir='ltr'>omni</span> <span class='ocrx_word' id='word_1_314' title='bbox 1366 4046 1615 4128; x_wconf 90' lang='lat' dir='ltr'>peccati</span> <span class='ocrx_word' id='word_1_315' title='bbox 1661 4043 1825 4121; x_wconf 88' lang='lat' dir='ltr'>labe,</span> <span class='ocrx_word' id='word_1_316' title='bbox 1873 4056 1939 4108; x_wconf 89' lang='lat' dir='ltr'>et</span> <span class='ocrx_word' id='word_1_317' title='bbox 1983 4043 2051 4107; x_wconf 92' lang='lat' dir='ltr'>in</span> <span class='ocrx_word' id='word_1_318' title='bbox 2100 4065 2247 4126; x_wconf 84' lang='lat' dir='ltr'>gra-</span> 
     </span>
     <span class='ocr_line' id='line_1_44' title="bbox 254 4129 2249 4215; baseline -0.004 -15"><span class='ocrx_word' id='word_1_319' title='bbox 254 4138 424 4201; x_wconf 86' lang='lat' dir='ltr'>tiam</span> <span class='ocrx_word' id='word_1_320' title='bbox 493 4155 710 4201; x_wconf 88' lang='lat' dir='ltr'>suam</span> <span class='ocrx_word' id='word_1_321' title='bbox 776 4133 1090 4215; x_wconf 87' lang='lat' dir='ltr'>recipere,</span> <span class='ocrx_word' id='word_1_322' title='bbox 1157 4143 1221 4196; x_wconf 93' lang='lat' dir='ltr'>et</span> <span class='ocrx_word' id='word_1_323' title='bbox 1289 4151 1488 4196; x_wconf 90' lang='lat' dir='ltr'>coena</span> <span class='ocrx_word' id='word_1_324' title='bbox 1560 4151 1691 4213; x_wconf 86' lang='lat' dir='ltr'>qua</span> <span class='ocrx_word' id='word_1_325' title='bbox 1757 4129 2065 4195; x_wconf 89' lang='lat' dir='ltr'>doeemur</span> <span class='ocrx_word' id='word_1_326' title='bbox 2130 4150 2249 4194; x_wconf 89' lang='lat' dir='ltr'>nos</span> 
     </span>
     <span class='ocr_line' id='line_1_45' title="bbox 244 4214 2246 4305; baseline -0.002 -20"><span class='ocrx_word' id='word_1_327' title='bbox 244 4221 723 4305; x_wconf 83' lang='lat' dir='ltr'>spiritualiter</span> <span class='ocrx_word' id='word_1_328' title='bbox 769 4238 1038 4303; x_wconf 87' lang='lat' dir='ltr'>corpore</span> <span class='ocrx_word' id='word_1_329' title='bbox 1084 4228 1150 4282; x_wconf 91' lang='lat' dir='ltr'>et</span> <span class='ocrx_word' id='word_1_330' title='bbox 1184 4217 1505 4300; x_wconf 87' lang='lat' dir='ltr'>sanguine</span> <span class='ocrx_word' id='word_1_331' title='bbox 1543 4215 1812 4281; x_wconf 89' lang='lat' dir='ltr'>Domini</span> <span class='ocrx_word' id='word_1_332' title='bbox 1849 4216 2055 4280; x_wconf 87' lang='lat' dir='ltr'>nostri</span> <span class='ocrx_word' id='word_1_333' title='bbox 2094 4214 2246 4280; x_wconf 90' lang='lat' dir='ltr'>Iesu</span> 
     </span>
     <span class='ocr_line' id='line_1_46' title="bbox 246 4301 2246 4390; baseline -0.004 -17"><span class='ocrx_word' id='word_1_334' title='bbox 246 4308 525 4374; x_wconf 82' lang='lat' dir='ltr'>Christi</span> <span class='ocrx_word' id='word_1_335' title='bbox 599 4305 806 4390; x_wconf 90' lang='lat' dir='ltr'>pasci.</span> <span class='ocrx_word' id='word_1_336' title='bbox 899 4303 1013 4370; x_wconf 84' lang='lat' dir='ltr'>Sic</span> <span class='ocrx_word' id='word_1_337' title='bbox 1120 4303 1305 4369; x_wconf 87' lang='lat' dir='ltr'>riscis</span> <span class='ocrx_word' id='word_1_338' title='bbox 1358 4303 1489 4368; x_wconf 93' lang='lat' dir='ltr'>illis</span> <span class='ocrx_word' id='word_1_339' title='bbox 1548 4301 1946 4385; x_wconf 87' lang='lat' dir='ltr'>temporibus</span> <span class='ocrx_word' id='word_1_340' title='bbox 2004 4303 2246 4367; x_wconf 85' lang='lat' dir='ltr'>sacrifi·</span> 
     </span>
     <span class='ocr_line' id='line_1_47' title="bbox 239 4388 2244 4460; baseline -0.004 -1"><span class='ocrx_word' id='word_1_341' title='bbox 239 4393 366 4460; x_wconf 89' lang='lat' dir='ltr'>ciis</span> <span class='ocrx_word' id='word_1_342' title='bbox 413 4394 493 4459; x_wconf 86' lang='lat' dir='ltr'>in</span> <span class='ocrx_word' id='word_1_343' title='bbox 550 4391 944 4459; x_wconf 84' lang='lat' dir='ltr'>sanctuario</span> <span class='ocrx_word' id='word_1_344' title='bbox 988 4388 1071 4453; x_wconf 93' lang='lat' dir='ltr'>ob</span> <span class='ocrx_word' id='word_1_345' title='bbox 1100 4390 1225 4454; x_wconf 86' lang='lat' dir='ltr'>atis</span> <span class='ocrx_word' id='word_1_346' title='bbox 1270 4389 1516 4453; x_wconf 88' lang='lat' dir='ltr'>fiebant</span> <span class='ocrx_word' id='word_1_347' title='bbox 1551 4390 1865 4454; x_wconf 89' lang='lat' dir='ltr'>certiores</span> <span class='ocrx_word' id='word_1_348' title='bbox 1910 4409 1980 4452; x_wconf 93' lang='lat' dir='ltr'>se</span> <span class='ocrx_word' id='word_1_349' title='bbox 2026 4407 2064 4451; x_wconf 93' lang='lat' dir='ltr'>a</span> <span class='ocrx_word' id='word_1_350' title='bbox 2101 4388 2244 4453; x_wconf 91' lang='lat' dir='ltr'>Deo</span> 
     </span>
     <span class='ocr_line' id='line_1_48' title="bbox 238 4472 2246 4579; baseline -0.002 -35"><span class='ocrx_word' id='word_1_351' title='bbox 238 4480 317 4544; x_wconf 88' lang='lat' dir='ltr'>in</span> <span class='ocrx_word' id='word_1_352' title='bbox 368 4480 695 4579; x_wconf 82' lang='lat' dir='ltr'>gratiam</span> <span class='ocrx_word' id='word_1_353' title='bbox 740 4476 959 4559; x_wconf 89' lang='lat' dir='ltr'>recipi,</span> <span class='ocrx_word' id='word_1_354' title='bbox 1005 4484 1072 4539; x_wconf 90' lang='lat' dir='ltr'>et</span> <span class='ocrx_word' id='word_1_355' title='bbox 1116 4484 1380 4558; x_wconf 89' lang='lat' dir='ltr'>peccata</span> <span class='ocrx_word' id='word_1_356' title='bbox 1421 4475 1637 4539; x_wconf 90' lang='lat' dir='ltr'>omnia</span> <span class='ocrx_word' id='word_1_357' title='bbox 1682 4473 1804 4539; x_wconf 92' lang='lat' dir='ltr'>sibi</span> <span class='ocrx_word' id='word_1_358' title='bbox 1849 4472 2246 4539; x_wconf 83' lang='lat' dir='ltr'>condonari:</span> 
     </span>
     <span class='ocr_line' id='line_1_49' title="bbox 233 4558 2245 4649; baseline -0.004 -18"><span class='ocrx_word' id='word_1_359' title='bbox 233 4565 326 4631; x_wconf 86' lang='lat' dir='ltr'>ad</span> <span class='ocrx_word' id='word_1_360' title='bbox 377 4565 509 4632; x_wconf 79' lang='lat' dir='ltr'>illa</span> <span class='ocrx_word' id='word_1_361' title='bbox 565 4584 779 4649; x_wconf 88' lang='lat' dir='ltr'>porro</span> <span class='ocrx_word' id='word_1_362' title='bbox 825 4561 1160 4640; x_wconf 87' lang='lat' dir='ltr'>sacrificia,</span> <span class='ocrx_word' id='word_1_363' title='bbox 1206 4560 1525 4644; x_wconf 84' lang='lat' dir='ltr'>quaedam</span> <span class='ocrx_word' id='word_1_364' title='bbox 1571 4559 1939 4625; x_wconf 88' lang='lat' dir='ltr'>ablutiones</span> <span class='ocrx_word' id='word_1_365' title='bbox 1983 4558 2245 4625; x_wconf 83' lang='lat' dir='ltr'>aecede-</span> 
     </span>
     <span class='ocr_line' id='line_1_50' title="bbox 233 4645 2244 4735; baseline -0.003 -18"><span class='ocrx_word' id='word_1_366' title='bbox 233 4653 426 4730; x_wconf 86' lang='lat' dir='ltr'>bant,</span> <span class='ocrx_word' id='word_1_367' title='bbox 504 4670 815 4735; x_wconf 86' lang='lat' dir='ltr'>quarum</span> <span class='ocrx_word' id='word_1_368' title='bbox 860 4646 1032 4714; x_wconf 91' lang='lat' dir='ltr'>idem</span> <span class='ocrx_word' id='word_1_369' title='bbox 1080 4669 1239 4713; x_wconf 89' lang='lat' dir='ltr'>usus</span> <span class='ocrx_word' id='word_1_370' title='bbox 1296 4656 1438 4713; x_wconf 89' lang='lat' dir='ltr'>erat</span> <span class='ocrx_word' id='word_1_371' title='bbox 1498 4647 1610 4730; x_wconf 92' lang='lat' dir='ltr'>qui</span> <span class='ocrx_word' id='word_1_372' title='bbox 1665 4645 1861 4710; x_wconf 87' lang='lat' dir='ltr'>hodie</span> <span class='ocrx_word' id='word_1_373' title='bbox 1917 4646 2244 4728; x_wconf 86' lang='lat' dir='ltr'>baptismi.</span> 
     </span>
     <span class='ocr_line' id='line_1_51' title="bbox 234 4732 2247 4819; baseline -0.004 -14"><span class='ocrx_word' id='word_1_374' title='bbox 234 4737 521 4819; x_wconf 83' lang='lat' dir='ltr'>Quibus</span> <span class='ocrx_word' id='word_1_375' title='bbox 594 4736 809 4803; x_wconf 88' lang='lat' dir='ltr'>etiam</span> <span class='ocrx_word' id='word_1_376' title='bbox 869 4733 1032 4799; x_wconf 90' lang='lat' dir='ltr'>adde</span> <span class='ocrx_word' id='word_1_377' title='bbox 1076 4733 1242 4818; x_wconf 89' lang='lat' dir='ltr'>legis</span> <span class='ocrx_word' id='word_1_378' title='bbox 1300 4732 1863 4816; x_wconf 78' lang='lat' dir='ltr'>praedicationem,</span> <span class='ocrx_word' id='word_1_379' title='bbox 1923 4733 2062 4797; x_wconf 91' lang='lat' dir='ltr'>sine</span> <span class='ocrx_word' id='word_1_380' title='bbox 2120 4753 2247 4815; x_wconf 90' lang='lat' dir='ltr'>qua</span> 
     </span>
     <span class='ocr_line' id='line_1_52' title="bbox 232 4817 2243 4905; baseline -0.003 -17"><span class='ocrx_word' id='word_1_381' title='bbox 232 4836 424 4890; x_wconf 85' lang='lat' dir='ltr'>totus</span> <span class='ocrx_word' id='word_1_382' title='bbox 476 4823 614 4890; x_wconf 89' lang='lat' dir='ltr'>ille</span> <span class='ocrx_word' id='word_1_383' title='bbox 672 4822 889 4888; x_wconf 88' lang='lat' dir='ltr'>cultus</span> <span class='ocrx_word' id='word_1_384' title='bbox 934 4819 1182 4905; x_wconf 86' lang='lat' dir='ltr'>legalis,</span> <span class='ocrx_word' id='word_1_385' title='bbox 1231 4828 1295 4885; x_wconf 93' lang='lat' dir='ltr'>et</span> <span class='ocrx_word' id='word_1_386' title='bbox 1339 4820 1800 4884; x_wconf 85' lang='lat' dir='ltr'>sacrificiorum</span> <span class='ocrx_word' id='word_1_387' title='bbox 1849 4839 1923 4882; x_wconf 88' lang='lat' dir='ltr'>ac</span> <span class='ocrx_word' id='word_1_388' title='bbox 1967 4817 2243 4882; x_wconf 81' lang='lat' dir='ltr'>lavatio-</span> 
     </span>
     <span class='ocr_line' id='line_1_53' title="bbox 230 4904 2246 4990; baseline -0.003 -15"><span class='ocrx_word' id='word_1_389' title='bbox 230 4930 407 4975; x_wconf 87' lang='lat' dir='ltr'>num</span> <span class='ocrx_word' id='word_1_390' title='bbox 474 4912 683 4976; x_wconf 84' lang='lat' dir='ltr'>ritus</span> <span class='ocrx_word' id='word_1_391' title='bbox 738 4907 974 4973; x_wconf 84' lang='lat' dir='ltr'>fuisset</span> <span class='ocrx_word' id='word_1_392' title='bbox 1038 4928 1309 4990; x_wconf 89' lang='lat' dir='ltr'>prorsus</span> <span class='ocrx_word' id='word_1_393' title='bbox 1366 4905 1636 4971; x_wconf 85' lang='lat' dir='ltr'>inutilis.</span> <span class='ocrx_word' id='word_1_394' title='bbox 1726 4904 1965 4969; x_wconf 83' lang='lat' dir='ltr'>Merito</span> <span class='ocrx_word' id='word_1_395' title='bbox 2024 4905 2246 4987; x_wconf 87' lang='lat' dir='ltr'>itaque</span> 
     </span>
     <span class='ocr_line' id='line_1_54' title="bbox 224 4988 2245 5074; baseline -0.003 -12"><span class='ocrx_word' id='word_1_396' title='bbox 224 4997 472 5063; x_wconf 81' lang='lat' dir='ltr'>David</span> <span class='ocrx_word' id='word_1_397' title='bbox 532 4994 855 5060; x_wconf 90' lang='lat' dir='ltr'>dolorem</span> <span class='ocrx_word' id='word_1_398' title='bbox 901 5013 1095 5058; x_wconf 90' lang='lat' dir='ltr'>suum</span> <span class='ocrx_word' id='word_1_399' title='bbox 1146 5000 1438 5069; x_wconf 84' lang='lat' dir='ltr'>testatur,</span> <span class='ocrx_word' id='word_1_400' title='bbox 1487 4990 1655 5074; x_wconf 90' lang='lat' dir='ltr'>quod</span> <span class='ocrx_word' id='word_1_401' title='bbox 1698 4989 1820 5055; x_wconf 92' lang='lat' dir='ltr'>hoc</span> <span class='ocrx_word' id='word_1_402' title='bbox 1865 4989 1991 5055; x_wconf 91' lang='lat' dir='ltr'>Dei</span> <span class='ocrx_word' id='word_1_403' title='bbox 2051 4988 2245 5055; x_wconf 86' lang='lat' dir='ltr'>bene·-</span> 
     </span>
     <span class='ocr_line' id='line_1_55' title="bbox 222 5075 2247 5161; baseline -0.004 -13"><span class='ocrx_word' id='word_1_404' title='bbox 222 5084 386 5149; x_wconf 87' lang='lat' dir='ltr'>flcio</span> <span class='ocrx_word' id='word_1_405' title='bbox 438 5101 757 5149; x_wconf 88' lang='lat' dir='ltr'>suorum</span> <span class='ocrx_word' id='word_1_406' title='bbox 805 5080 1089 5144; x_wconf 91' lang='lat' dir='ltr'>hostium</span> <span class='ocrx_word' id='word_1_407' title='bbox 1136 5079 1361 5161; x_wconf 92' lang='lat' dir='ltr'>iniqua</span> <span class='ocrx_word' id='word_1_408' title='bbox 1396 5077 1899 5161; x_wconf 82' lang='lat' dir='ltr'>persequutione</span> <span class='ocrx_word' id='word_1_409' title='bbox 1935 5075 2066 5140; x_wconf 88' lang='lat' dir='ltr'>frui</span> <span class='ocrx_word' id='word_1_410' title='bbox 2112 5097 2247 5140; x_wconf 88' lang='lat' dir='ltr'>non</span> 
     </span>
     <span class='ocr_line' id='line_1_56' title="bbox 216 5162 2246 5255; baseline -0.005 -18"><span class='ocrx_word' id='word_1_411' title='bbox 216 5171 475 5255; x_wconf 86' lang='lat' dir='ltr'>possit,</span> <span class='ocrx_word' id='word_1_412' title='bbox 534 5168 913 5249; x_wconf 85' lang='lat' dir='ltr'>Deumque</span> <span class='ocrx_word' id='word_1_413' title='bbox 949 5169 1021 5230; x_wconf 91' lang='lat' dir='ltr'>in</span> <span class='ocrx_word' id='word_1_414' title='bbox 1068 5164 1489 5230; x_wconf 90' lang='lat' dir='ltr'>tabernuculo</span> <span class='ocrx_word' id='word_1_415' title='bbox 1533 5185 1650 5229; x_wconf 90' lang='lat' dir='ltr'>suo</span> <span class='ocrx_word' id='word_1_416' title='bbox 1686 5163 2009 5243; x_wconf 79' lang='lat' dir='ltr'>venerari,</span> <span class='ocrx_word' id='word_1_417' title='bbox 2055 5172 2120 5225; x_wconf 93' lang='lat' dir='ltr'>et</span> <span class='ocrx_word' id='word_1_418' title='bbox 2164 5162 2246 5227; x_wconf 92' lang='lat' dir='ltr'>iis</span> 
     </span>
     <span class='ocr_line' id='line_1_57' title="bbox 220 5247 2244 5340; baseline -0.004 -19"><span class='ocrx_word' id='word_1_419' title='bbox 220 5277 410 5340; x_wconf 87' lang='lat' dir='ltr'>quae</span> <span class='ocrx_word' id='word_1_420' title='bbox 462 5255 697 5319; x_wconf 84' lang='lat' dir='ltr'>Deus</span> <span class='ocrx_word' id='word_1_421' title='bbox 741 5252 976 5335; x_wconf 91' lang='lat' dir='ltr'>populo</span> <span class='ocrx_word' id='word_1_422' title='bbox 1020 5249 1288 5315; x_wconf 84' lang='lat' dir='ltr'>dederat</span> <span class='ocrx_word' id='word_1_423' title='bbox 1344 5248 1425 5315; x_wconf 92' lang='lat' dir='ltr'>ad</span> <span class='ocrx_word' id='word_1_424' title='bbox 1486 5249 1763 5315; x_wconf 88' lang='lat' dir='ltr'>salutem</span> <span class='ocrx_word' id='word_1_425' title='bbox 1823 5247 2056 5314; x_wconf 90' lang='lat' dir='ltr'>mediis</span> <span class='ocrx_word' id='word_1_426' title='bbox 2114 5248 2244 5312; x_wconf 90' lang='lat' dir='ltr'>frui</span> 
     </span>
     <span class='ocr_line' id='line_1_58' title="bbox 210 5334 2244 5427; baseline -0.005 -17"><span class='ocrx_word' id='word_1_427' title='bbox 210 5364 364 5411; x_wconf 83' lang='lat' dir='ltr'>non</span> <span class='ocrx_word' id='word_1_428' title='bbox 430 5344 730 5427; x_wconf 82' lang='lat' dir='ltr'>posset.</span> <span class='ocrx_word' id='word_1_429' title='bbox 836 5336 1408 5419; x_wconf 80' lang='lat' dir='ltr'>Quemadmodum</span> <span class='ocrx_word' id='word_1_430' title='bbox 1481 5344 1548 5401; x_wconf 92' lang='lat' dir='ltr'>et</span> <span class='ocrx_word' id='word_1_431' title='bbox 1623 5334 1887 5402; x_wconf 90' lang='lat' dir='ltr'>crebras</span> <span class='ocrx_word' id='word_1_432' title='bbox 1945 5334 2244 5401; x_wconf 88' lang='lat' dir='ltr'>videmus</span> 
     </span>
    </p>
   </div>
   <div class='ocr_carea' id='block_1_5' title="bbox 2342 697 4303 5420">
    <p class='ocr_par' dir='ltr' id='par_1_6' title="bbox 2342 697 4292 1298">
     <span class='ocr_line' id='line_1_59' title="bbox 2354 697 4289 780; baseline 0.001 -16"><span class='ocrx_word' id='word_1_433' title='bbox 2354 698 2560 780; x_wconf 77' lang='lat' dir='ltr'>Quam</span> <span class='ocrx_word' id='word_1_434' title='bbox 2603 719 2646 763; x_wconf 91' lang='lat' dir='ltr'>a</span> <span class='ocrx_word' id='word_1_435' title='bbox 2800 699 2905 763; x_wconf 85' lang='lat' dir='ltr'>&#39;ia</span> <span class='ocrx_word' id='word_1_436' title='bbox 2946 704 3094 765; x_wconf 68' lang='lat' dir='ltr'>sunt</span> <span class='ocrx_word' id='word_1_437' title='bbox 3132 699 3538 765; x_wconf 76' lang='lat' dir='ltr'>tabernacula</span> <span class='ocrx_word' id='word_1_438' title='bbox 3579 704 3710 780; x_wconf 80' lang='lat' dir='ltr'>tua,</span> <span class='ocrx_word' id='word_1_439' title='bbox 3767 719 3804 765; x_wconf 88' lang='lat' dir='ltr'>o</span> <span class='ocrx_word' id='word_1_440' title='bbox 3851 697 4082 766; x_wconf 67' lang='lat' dir='ltr'>Iehova</span> <span class='ocrx_word' id='word_1_441' title='bbox 4116 720 4289 766; x_wconf 82' lang='lat' dir='ltr'>exer-</span> 
     </span>
     <span class='ocr_line' id='line_1_60' title="bbox 2343 783 4286 868; baseline 0.001 -17"><span class='ocrx_word' id='word_1_442' title='bbox 2343 787 2595 851; x_wconf 78' lang='lat' dir='ltr'>cituum.</span> <span class='ocrx_word' id='word_1_443' title='bbox 2685 783 3017 851; x_wconf 71' lang='lat' dir='ltr'>Desiderio</span> <span class='ocrx_word' id='word_1_444' title='bbox 3075 783 3390 867; x_wconf 71' lang='lat' dir='ltr'>afficitur,</span> <span class='ocrx_word' id='word_1_445' title='bbox 3449 785 3756 868; x_wconf 74' lang='lat' dir='ltr'>etiamque</span> <span class='ocrx_word' id='word_1_446' title='bbox 3810 784 4013 867; x_wconf 71' lang='lat' dir='ltr'>deficit</span> <span class='ocrx_word' id='word_1_447' title='bbox 4068 786 4286 853; x_wconf 79' lang='lat' dir='ltr'>anima</span> 
     </span>
     <span class='ocr_line' id='line_1_61' title="bbox 2344 870 4289 939; baseline 0.002 -3"><span class='ocrx_word' id='word_1_448' title='bbox 2344 891 2483 937; x_wconf 85' lang='lat' dir='ltr'>mea</span> <span class='ocrx_word' id='word_1_449' title='bbox 2526 870 2810 936; x_wconf 75' lang='lat' dir='ltr'>veniendi</span> <span class='ocrx_word' id='word_1_450' title='bbox 2859 870 2944 935; x_wconf 87' lang='lat' dir='ltr'>ad</span> <span class='ocrx_word' id='word_1_451' title='bbox 2995 871 3169 936; x_wconf 85' lang='lat' dir='ltr'>atria</span> <span class='ocrx_word' id='word_1_452' title='bbox 3228 870 3534 937; x_wconf 79' lang='lat' dir='ltr'>Iehovae:</span> <span class='ocrx_word' id='word_1_453' title='bbox 3589 891 3695 938; x_wconf 85' lang='lat' dir='ltr'>eor</span> <span class='ocrx_word' id='word_1_454' title='bbox 3760 890 3970 937; x_wconf 76' lang='lat' dir='ltr'>meum</span> <span class='ocrx_word' id='word_1_455' title='bbox 4037 876 4092 936; x_wconf 86' lang='lat' dir='ltr'>et</span> <span class='ocrx_word' id='word_1_456' title='bbox 4142 891 4289 939; x_wconf 86' lang='lat' dir='ltr'>earo</span> 
     </span>
     <span class='ocr_line' id='line_1_62' title="bbox 2344 955 4289 1040; baseline 0.001 -18"><span class='ocrx_word' id='word_1_457' title='bbox 2344 977 2484 1022; x_wconf 87' lang='lat' dir='ltr'>mea</span> <span class='ocrx_word' id='word_1_458' title='bbox 2524 956 2874 1022; x_wconf 73' lang='lat' dir='ltr'>exclamant</span> <span class='ocrx_word' id='word_1_459' title='bbox 2928 956 3015 1022; x_wconf 88' lang='lat' dir='ltr'>ad</span> <span class='ocrx_word' id='word_1_460' title='bbox 3057 955 3269 1023; x_wconf 83' lang='lat' dir='ltr'>Deum</span> <span class='ocrx_word' id='word_1_461' title='bbox 3318 957 3541 1040; x_wconf 79' lang='lat' dir='ltr'>fortem</span> <span class='ocrx_word' id='word_1_462' title='bbox 3596 959 3912 1025; x_wconf 79' lang='lat' dir='ltr'>viventem.</span> <span class='ocrx_word' id='word_1_463' title='bbox 4013 956 4106 1022; x_wconf 83' lang='lat' dir='ltr'>Et</span> <span class='ocrx_word' id='word_1_464' title='bbox 4160 957 4289 1023; x_wconf 90' lang='lat' dir='ltr'>alio</span> 
     </span>
     <span class='ocr_line' id='line_1_63' title="bbox 2346 1040 4292 1125; baseline 0.001 -16"><span class='ocrx_word' id='word_1_465' title='bbox 2346 1042 2630 1119; x_wconf 88' lang='lat' dir='ltr'>Psalmo,</span> <span class='ocrx_word' id='word_1_466' title='bbox 2676 1042 2972 1125; x_wconf 89' lang='lat' dir='ltr'>querelas</span> <span class='ocrx_word' id='word_1_467' title='bbox 3015 1042 3429 1124; x_wconf 83' lang='lat' dir='ltr'>ingeminans</span> <span class='ocrx_word' id='word_1_468' title='bbox 3473 1040 3594 1108; x_wconf 89' lang='lat' dir='ltr'>ait:</span> <span class='ocrx_word' id='word_1_469' title='bbox 3661 1041 3898 1109; x_wconf 74' lang='lat' dir='ltr'>Sitiens</span> <span class='ocrx_word' id='word_1_470' title='bbox 3941 1047 4032 1108; x_wconf 80' lang='lat' dir='ltr'>est</span> <span class='ocrx_word' id='word_1_471' title='bbox 4072 1046 4292 1110; x_wconf 80' lang='lat' dir='ltr'>anima</span> 
     </span>
     <span class='ocr_line' id='line_1_64' title="bbox 2342 1126 4292 1211; baseline 0.001 -17"><span class='ocrx_word' id='word_1_472' title='bbox 2342 1149 2484 1194; x_wconf 80' lang='lat' dir='ltr'>mea</span> <span class='ocrx_word' id='word_1_473' title='bbox 2526 1128 2674 1206; x_wconf 87' lang='lat' dir='ltr'>Dei,</span> <span class='ocrx_word' id='word_1_474' title='bbox 2721 1126 2851 1192; x_wconf 88' lang='lat' dir='ltr'>Dei</span> <span class='ocrx_word' id='word_1_475' title='bbox 2887 1128 3077 1211; x_wconf 67' lang='lat' dir='ltr'>fortis</span> <span class='ocrx_word' id='word_1_476' title='bbox 3117 1129 3381 1195; x_wconf 71' lang='lat' dir='ltr'>viventis</span> <span class='ocrx_word' id='word_1_477' title='bbox 3420 1129 3657 1195; x_wconf 80' lang='lat' dir='ltr'>dicens.-</span> <span class='ocrx_word' id='word_1_478' title='bbox 3707 1129 3971 1211; x_wconf 75' lang='lat' dir='ltr'>Quando</span> <span class='ocrx_word' id='word_1_479' title='bbox 4004 1130 4292 1196; x_wconf 82' lang='lat' dir='ltr'>accedam</span> 
     </span>
     <span class='ocr_line' id='line_1_65' title="bbox 2343 1213 3923 1298; baseline 0.001 -19"><span class='ocrx_word' id='word_1_480' title='bbox 2343 1220 2412 1279; x_wconf 84' lang='lat' dir='ltr'>ut</span> <span class='ocrx_word' id='word_1_481' title='bbox 2465 1233 2813 1297; x_wconf 76' lang='lat' dir='ltr'>appaream</span> <span class='ocrx_word' id='word_1_482' title='bbox 2868 1215 2940 1278; x_wconf 78' lang='lat' dir='ltr'>in</span> <span class='ocrx_word' id='word_1_483' title='bbox 2991 1219 3310 1298; x_wconf 76' lang='lat' dir='ltr'>conspectu</span> <span class='ocrx_word' id='word_1_484' title='bbox 3361 1214 3507 1293; x_wconf 86' lang='lat' dir='ltr'>Dei,</span> <span class='ocrx_word' id='word_1_485' title='bbox 3561 1219 3712 1280; x_wconf 77' lang='lat' dir='ltr'>sunt</span> <span class='ocrx_word' id='word_1_486' title='bbox 3760 1213 3923 1280; x_wconf 78' lang='lat' dir='ltr'>mihi</span> 
     </span>
    </p>

    <p class='ocr_par' dir='ltr' id='par_1_7' title="bbox 2344 1299 4303 5420">
     <span class='ocr_line' id='line_1_66' title="bbox 2345 1299 4293 1385; baseline 0.002 -20"><span class='ocrx_word' id='word_1_487' title='bbox 2345 1320 2517 1365; x_wconf 83' lang='lat' dir='ltr'>meae</span> <span class='ocrx_word' id='word_1_488' title='bbox 2559 1299 2691 1365; x_wconf 84' lang='lat' dir='ltr'>cibo</span> <span class='ocrx_word' id='word_1_489' title='bbox 2728 1300 3023 1380; x_wconf 77' lang='lat' dir='ltr'>interdiu,</span> <span class='ocrx_word' id='word_1_490' title='bbox 3068 1304 3123 1364; x_wconf 88' lang='lat' dir='ltr'>et</span> <span class='ocrx_word' id='word_1_491' title='bbox 3161 1305 3373 1379; x_wconf 78' lang='lat' dir='ltr'>noctu,</span> <span class='ocrx_word' id='word_1_492' title='bbox 3434 1300 3587 1366; x_wconf 77' lang='lat' dir='ltr'>dum</span> <span class='ocrx_word' id='word_1_493' title='bbox 3640 1301 3876 1367; x_wconf 81' lang='lat' dir='ltr'>dicitur</span> <span class='ocrx_word' id='word_1_494' title='bbox 3931 1301 4090 1366; x_wconf 69' lang='lat' dir='ltr'>mihi</span> <span class='ocrx_word' id='word_1_495' title='bbox 4147 1322 4293 1385; x_wconf 74' lang='lat' dir='ltr'>quo-</span> 
     </span>
     <span class='ocr_line' id='line_1_67' title="bbox 2345 1384 4292 1469; baseline 0.002 -19"><span class='ocrx_word' id='word_1_496' title='bbox 2345 1386 2517 1467; x_wconf 85' lang='lat' dir='ltr'>tidie,</span> <span class='ocrx_word' id='word_1_497' title='bbox 2562 1384 2671 1450; x_wconf 80' lang='lat' dir='ltr'>ubi</span> <span class='ocrx_word' id='word_1_498' title='bbox 2727 1390 2816 1451; x_wconf 78' lang='lat' dir='ltr'>est</span> <span class='ocrx_word' id='word_1_499' title='bbox 2868 1384 3048 1452; x_wconf 79' lang='lat' dir='ltr'>Deus</span> <span class='ocrx_word' id='word_1_500' title='bbox 3105 1391 3269 1465; x_wconf 76' lang='lat' dir='ltr'>tuus,</span> <span class='ocrx_word' id='word_1_501' title='bbox 3328 1386 3476 1451; x_wconf 79' lang='lat' dir='ltr'>haec</span> <span class='ocrx_word' id='word_1_502' title='bbox 3527 1386 3867 1452; x_wconf 74' lang='lat' dir='ltr'>recordans</span> <span class='ocrx_word' id='word_1_503' title='bbox 3921 1388 4168 1469; x_wconf 76' lang='lat' dir='ltr'>effundo</span> <span class='ocrx_word' id='word_1_504' title='bbox 4220 1389 4292 1454; x_wconf 75' lang='lat' dir='ltr'>in</span> 
     </span>
     <span class='ocr_line' id='line_1_68' title="bbox 2345 1470 4295 1555; baseline 0.003 -18"><span class='ocrx_word' id='word_1_505' title='bbox 2345 1492 2441 1537; x_wconf 83' lang='lat' dir='ltr'>me</span> <span class='ocrx_word' id='word_1_506' title='bbox 2485 1470 2772 1537; x_wconf 80' lang='lat' dir='ltr'>animam</span> <span class='ocrx_word' id='word_1_507' title='bbox 2811 1491 3034 1551; x_wconf 68' lang='lat' dir='ltr'>meant,</span> <span class='ocrx_word' id='word_1_508' title='bbox 3076 1492 3174 1537; x_wconf 81' lang='lat' dir='ltr'>me</span> <span class='ocrx_word' id='word_1_509' title='bbox 3224 1472 3428 1555; x_wconf 79' lang='lat' dir='ltr'>fuisse</span> <span class='ocrx_word' id='word_1_510' title='bbox 3481 1474 3906 1538; x_wconf 73' lang='lat' dir='ltr'>transiturum</span> <span class='ocrx_word' id='word_1_511' title='bbox 3964 1473 4035 1537; x_wconf 81' lang='lat' dir='ltr'>in</span> <span class='ocrx_word' id='word_1_512' title='bbox 4088 1473 4295 1555; x_wconf 78' lang='lat' dir='ltr'>turba,</span> 
     </span>
     <span class='ocr_line' id='line_1_69' title="bbox 2344 1555 4294 1643; baseline 0.003 -22"><span class='ocrx_word' id='word_1_513' title='bbox 2344 1577 2717 1641; x_wconf 64' lang='lat' dir='ltr'>pressurum</span> <span class='ocrx_word' id='word_1_514' title='bbox 2760 1577 2898 1622; x_wconf 74' lang='lat' dir='ltr'>eam</span> <span class='ocrx_word' id='word_1_515' title='bbox 2940 1555 3075 1621; x_wconf 80' lang='lat' dir='ltr'>illis</span> <span class='ocrx_word' id='word_1_516' title='bbox 3116 1558 3203 1624; x_wconf 87' lang='lat' dir='ltr'>ad</span> <span class='ocrx_word' id='word_1_517' title='bbox 3245 1558 3502 1623; x_wconf 78' lang='lat' dir='ltr'>domum</span> <span class='ocrx_word' id='word_1_518' title='bbox 3545 1578 3743 1641; x_wconf 79' lang='lat' dir='ltr'>usque</span> <span class='ocrx_word' id='word_1_519' title='bbox 3783 1557 3914 1625; x_wconf 84' lang='lat' dir='ltr'>Dei</span> <span class='ocrx_word' id='word_1_520' title='bbox 3957 1578 4100 1625; x_wconf 80' lang='lat' dir='ltr'>eum</span> <span class='ocrx_word' id='word_1_521' title='bbox 4133 1580 4294 1643; x_wconf 84' lang='lat' dir='ltr'>voce,</span> 
     </span>
     <span class='ocr_line' id='line_1_70' title="bbox 2346 1642 4294 1728; baseline 0.002 -20"><span class='ocrx_word' id='word_1_522' title='bbox 2346 1648 2534 1708; x_wconf 75' lang='lat' dir='ltr'>cantu</span> <span class='ocrx_word' id='word_1_523' title='bbox 2613 1647 2668 1708; x_wconf 81' lang='lat' dir='ltr'>et</span> <span class='ocrx_word' id='word_1_524' title='bbox 2730 1642 3125 1708; x_wconf 78' lang='lat' dir='ltr'>laudationis</span> <span class='ocrx_word' id='word_1_525' title='bbox 3202 1642 3608 1709; x_wconf 78' lang='lat' dir='ltr'>multitudine</span> <span class='ocrx_word' id='word_1_526' title='bbox 3694 1643 3989 1727; x_wconf 73' lang='lat' dir='ltr'>feriante.</span> <span class='ocrx_word' id='word_1_527' title='bbox 4126 1646 4294 1728; x_wconf 74' lang='lat' dir='ltr'>Quid</span> 
     </span>
     <span class='ocr_line' id='line_1_71' title="bbox 2346 1729 4293 1816; baseline 0.001 -20"><span class='ocrx_word' id='word_1_528' title='bbox 2346 1729 2568 1796; x_wconf 73' lang='lat' dir='ltr'>deiicis</span> <span class='ocrx_word' id='word_1_529' title='bbox 2609 1733 2665 1794; x_wconf 90' lang='lat' dir='ltr'>te</span> <span class='ocrx_word' id='word_1_530' title='bbox 2706 1729 2928 1796; x_wconf 79' lang='lat' dir='ltr'>anima</span> <span class='ocrx_word' id='word_1_531' title='bbox 2967 1747 3107 1794; x_wconf 84' lang='lat' dir='ltr'>mea</span> <span class='ocrx_word' id='word_1_532' title='bbox 3161 1734 3215 1794; x_wconf 85' lang='lat' dir='ltr'>et</span> <span class='ocrx_word' id='word_1_533' title='bbox 3247 1730 3599 1813; x_wconf 77' lang='lat' dir='ltr'>perstrepis</span> <span class='ocrx_word' id='word_1_534' title='bbox 3640 1729 3713 1794; x_wconf 75' lang='lat' dir='ltr'>in</span> <span class='ocrx_word' id='word_1_535' title='bbox 3753 1729 3902 1795; x_wconf 75' lang='lat' dir='ltr'>me?</span> <span class='ocrx_word' id='word_1_536' title='bbox 3993 1729 4293 1816; x_wconf 89' lang='lat' dir='ltr'>Denique</span> 
     </span>
     <span class='ocr_line' id='line_1_72' title="bbox 2348 1811 4294 1883; baseline 0.002 -3"><span class='ocrx_word' id='word_1_537' title='bbox 2348 1811 2672 1880; x_wconf 86' lang='lat' dir='ltr'>Davidem</span> <span class='ocrx_word' id='word_1_538' title='bbox 2723 1812 3019 1880; x_wconf 87' lang='lat' dir='ltr'>videmus</span> <span class='ocrx_word' id='word_1_539' title='bbox 3062 1813 3215 1880; x_wconf 90' lang='lat' dir='ltr'>lieet</span> <span class='ocrx_word' id='word_1_540' title='bbox 3271 1814 3744 1881; x_wconf 86' lang='lat' dir='ltr'>excellentibus</span> <span class='ocrx_word' id='word_1_541' title='bbox 3788 1815 4147 1883; x_wconf 80' lang='lat' dir='ltr'>virtutibus</span> <span class='ocrx_word' id='word_1_542' title='bbox 4189 1838 4294 1883; x_wconf 89' lang='lat' dir='ltr'>or·</span> 
     </span>
     <span class='ocr_line' id='line_1_73' title="bbox 2348 1900 4296 1984; baseline 0.002 -19"><span class='ocrx_word' id='word_1_543' title='bbox 2348 1908 2598 1977; x_wconf 87' lang='lat' dir='ltr'>natum,</span> <span class='ocrx_word' id='word_1_544' title='bbox 2646 1910 2712 1965; x_wconf 90' lang='lat' dir='ltr'>et</span> <span class='ocrx_word' id='word_1_545' title='bbox 2753 1900 2897 1984; x_wconf 91' lang='lat' dir='ltr'>ipso</span> <span class='ocrx_word' id='word_1_546' title='bbox 2957 1900 3335 1984; x_wconf 88' lang='lat' dir='ltr'>prophetiae</span> <span class='ocrx_word' id='word_1_547' title='bbox 3394 1901 3563 1966; x_wconf 91' lang='lat' dir='ltr'>dono</span> <span class='ocrx_word' id='word_1_548' title='bbox 3607 1901 3959 1984; x_wconf 87' lang='lat' dir='ltr'>insignem,</span> <span class='ocrx_word' id='word_1_549' title='bbox 3999 1910 4077 1966; x_wconf 87' lang='lat' dir='ltr'>ut</span> <span class='ocrx_word' id='word_1_550' title='bbox 4133 1904 4296 1970; x_wconf 89' lang='lat' dir='ltr'>alios</span> 
     </span>
     <span class='ocr_line' id='line_1_74' title="bbox 2350 1985 4297 2073; baseline 0.002 -22"><span class='ocrx_word' id='word_1_551' title='bbox 2350 1985 2614 2052; x_wconf 86' lang='lat' dir='ltr'>erudire</span> <span class='ocrx_word' id='word_1_552' title='bbox 2659 1997 2895 2069; x_wconf 89' lang='lat' dir='ltr'>posset,</span> <span class='ocrx_word' id='word_1_553' title='bbox 2941 1994 3166 2069; x_wconf 88' lang='lat' dir='ltr'>optare</span> <span class='ocrx_word' id='word_1_554' title='bbox 3212 1996 3430 2052; x_wconf 90' lang='lat' dir='ltr'>tamen</span> <span class='ocrx_word' id='word_1_555' title='bbox 3477 1986 3788 2053; x_wconf 88' lang='lat' dir='ltr'>eeclesiae</span> <span class='ocrx_word' id='word_1_556' title='bbox 3833 1987 4169 2073; x_wconf 85' lang='lat' dir='ltr'>coniungi,</span> <span class='ocrx_word' id='word_1_557' title='bbox 4230 1996 4297 2055; x_wconf 89' lang='lat' dir='ltr'>et</span> 
     </span>
     <span class='ocr_line' id='line_1_75' title="bbox 2349 2070 4294 2157; baseline 0.001 -20"><span class='ocrx_word' id='word_1_558' title='bbox 2349 2072 2560 2137; x_wconf 91' lang='lat' dir='ltr'>ordini</span> <span class='ocrx_word' id='word_1_559' title='bbox 2619 2072 2827 2155; x_wconf 91' lang='lat' dir='ltr'>ipsius</span> <span class='ocrx_word' id='word_1_560' title='bbox 2865 2072 3116 2152; x_wconf 89' lang='lat' dir='ltr'>subiici,</span> <span class='ocrx_word' id='word_1_561' title='bbox 3159 2070 3483 2156; x_wconf 89' lang='lat' dir='ltr'>fidemque</span> <span class='ocrx_word' id='word_1_562' title='bbox 3527 2092 3713 2139; x_wconf 90' lang='lat' dir='ltr'>suam</span> <span class='ocrx_word' id='word_1_563' title='bbox 3761 2083 3895 2136; x_wconf 89' lang='lat' dir='ltr'>tam</span> <span class='ocrx_word' id='word_1_564' title='bbox 3940 2076 4294 2157; x_wconf 87' lang='lat' dir='ltr'>sacrificiis,</span> 
     </span>
     <span class='ocr_line' id='line_1_76' title="bbox 2350 2158 4295 2243; baseline 0.003 -21"><span class='ocrx_word' id='word_1_565' title='bbox 2350 2179 2545 2241; x_wconf 91' lang='lat' dir='ltr'>quam</span> <span class='ocrx_word' id='word_1_566' title='bbox 2593 2158 2740 2223; x_wconf 90' lang='lat' dir='ltr'>aliis</span> <span class='ocrx_word' id='word_1_567' title='bbox 2783 2178 2822 2222; x_wconf 88' lang='lat' dir='ltr'>a</span> <span class='ocrx_word' id='word_1_568' title='bbox 2863 2158 3005 2222; x_wconf 92' lang='lat' dir='ltr'>Deo</span> <span class='ocrx_word' id='word_1_569' title='bbox 3029 2159 3266 2241; x_wconf 89' lang='lat' dir='ltr'>populo</span> <span class='ocrx_word' id='word_1_570' title='bbox 3310 2179 3427 2224; x_wconf 89' lang='lat' dir='ltr'>suo</span> <span class='ocrx_word' id='word_1_571' title='bbox 3463 2159 3880 2243; x_wconf 86' lang='lat' dir='ltr'>praescriptis</span> <span class='ocrx_word' id='word_1_572' title='bbox 3924 2161 4295 2228; x_wconf 85' lang='lat' dir='ltr'>excercitiis</span> 
     </span>
     <span class='ocr_line' id='line_1_77' title="bbox 2350 2242 4294 2323; baseline 0.001 -13"><span class='ocrx_word' id='word_1_573' title='bbox 2350 2245 2757 2311; x_wconf 87' lang='lat' dir='ltr'>confirmare.</span> <span class='ocrx_word' id='word_1_574' title='bbox 2821 2242 3264 2323; x_wconf 81' lang='lat' dir='ltr'>Quamobrem</span> <span class='ocrx_word' id='word_1_575' title='bbox 3311 2244 3638 2310; x_wconf 89' lang='lat' dir='ltr'>discamus</span> <span class='ocrx_word' id='word_1_576' title='bbox 3665 2245 3807 2309; x_wconf 88' lang='lat' dir='ltr'>Deo</span> <span class='ocrx_word' id='word_1_577' title='bbox 3852 2243 4109 2311; x_wconf 84' lang='lat' dir='ltr'>volente</span> <span class='ocrx_word' id='word_1_578' title='bbox 4149 2267 4294 2311; x_wconf 86' lang='lat' dir='ltr'>ver·</span> 
     </span>
     <span class='ocr_line' id='line_1_78' title="bbox 2350 2329 4294 2413; baseline 0.002 -18"><span class='ocrx_word' id='word_1_579' title='bbox 2350 2330 2501 2395; x_wconf 90' lang='lat' dir='ltr'>bum</span> <span class='ocrx_word' id='word_1_580' title='bbox 2563 2349 2750 2395; x_wconf 88' lang='lat' dir='ltr'>suum</span> <span class='ocrx_word' id='word_1_581' title='bbox 2811 2330 2999 2395; x_wconf 91' lang='lat' dir='ltr'>nobis</span> <span class='ocrx_word' id='word_1_582' title='bbox 3058 2329 3452 2413; x_wconf 87' lang='lat' dir='ltr'>praedicari,</span> <span class='ocrx_word' id='word_1_583' title='bbox 3524 2340 3591 2396; x_wconf 92' lang='lat' dir='ltr'>et</span> <span class='ocrx_word' id='word_1_584' title='bbox 3647 2329 3934 2413; x_wconf 87' lang='lat' dir='ltr'>quotidie</span> <span class='ocrx_word' id='word_1_585' title='bbox 3993 2331 4073 2396; x_wconf 92' lang='lat' dir='ltr'>ad</span> <span class='ocrx_word' id='word_1_586' title='bbox 4130 2331 4294 2398; x_wconf 89' lang='lat' dir='ltr'>illud</span> 
     </span>
     <span class='ocr_line' id='line_1_79' title="bbox 2350 2414 4297 2502; baseline 0.001 -21"><span class='ocrx_word' id='word_1_587' title='bbox 2350 2415 2745 2481; x_wconf 92' lang='lat' dir='ltr'>audiendum</span> <span class='ocrx_word' id='word_1_588' title='bbox 2793 2416 3082 2496; x_wconf 82' lang='lat' dir='ltr'>invitari,</span> <span class='ocrx_word' id='word_1_589' title='bbox 3142 2414 3266 2481; x_wconf 92' lang='lat' dir='ltr'>hoc</span> <span class='ocrx_word' id='word_1_590' title='bbox 3323 2417 3706 2482; x_wconf 86' lang='lat' dir='ltr'>beneficium</span> <span class='ocrx_word' id='word_1_591' title='bbox 3770 2415 3960 2482; x_wconf 87' lang='lat' dir='ltr'>nobis</span> <span class='ocrx_word' id='word_1_592' title='bbox 4017 2436 4098 2487; x_wconf 79' lang='lat' dir='ltr'>ex</span> <span class='ocrx_word' id='word_1_593' title='bbox 4154 2420 4297 2502; x_wconf 87' lang='lat' dir='ltr'>ipso</span> 
     </span>
     <span class='ocr_line' id='line_1_80' title="bbox 2350 2501 4297 2586; baseline 0.002 -19"><span class='ocrx_word' id='word_1_594' title='bbox 2350 2501 2686 2580; x_wconf 89' lang='lat' dir='ltr'>exhiberi,</span> <span class='ocrx_word' id='word_1_595' title='bbox 2746 2511 2821 2566; x_wconf 88' lang='lat' dir='ltr'>ut</span> <span class='ocrx_word' id='word_1_596' title='bbox 2879 2513 3366 2567; x_wconf 86' lang='lat' dir='ltr'>sacrosanctum</span> <span class='ocrx_word' id='word_1_597' title='bbox 3425 2503 3634 2586; x_wconf 88' lang='lat' dir='ltr'>ipsius</span> <span class='ocrx_word' id='word_1_598' title='bbox 3696 2523 3937 2567; x_wconf 89' lang='lat' dir='ltr'>nomen</span> <span class='ocrx_word' id='word_1_599' title='bbox 3994 2503 4297 2570; x_wconf 84' lang='lat' dir='ltr'>invocare</span> 
     </span>
     <span class='ocr_line' id='line_1_81' title="bbox 2353 2586 4297 2674; baseline 0.002 -23"><span class='ocrx_word' id='word_1_600' title='bbox 2353 2586 2693 2671; x_wconf 88' lang='lat' dir='ltr'>possimus,</span> <span class='ocrx_word' id='word_1_601' title='bbox 2740 2594 2808 2652; x_wconf 89' lang='lat' dir='ltr'>et</span> <span class='ocrx_word' id='word_1_602' title='bbox 2850 2586 3098 2653; x_wconf 89' lang='lat' dir='ltr'>sineere</span> <span class='ocrx_word' id='word_1_603' title='bbox 3143 2587 3436 2669; x_wconf 88' lang='lat' dir='ltr'>profiteri</span> <span class='ocrx_word' id='word_1_604' title='bbox 3483 2609 3600 2655; x_wconf 90' lang='lat' dir='ltr'>nos</span> <span class='ocrx_word' id='word_1_605' title='bbox 3651 2588 3857 2672; x_wconf 90' lang='lat' dir='ltr'>ipsius</span> <span class='ocrx_word' id='word_1_606' title='bbox 3901 2608 4044 2654; x_wconf 88' lang='lat' dir='ltr'>esse</span> <span class='ocrx_word' id='word_1_607' title='bbox 4087 2610 4297 2674; x_wconf 90' lang='lat' dir='ltr'>popu-</span> 
     </span>
     <span class='ocr_line' id='line_1_82' title="bbox 2351 2673 4298 2757; baseline 0.002 -20"><span class='ocrx_word' id='word_1_608' title='bbox 2351 2673 2511 2751; x_wconf 91' lang='lat' dir='ltr'>lum,</span> <span class='ocrx_word' id='word_1_609' title='bbox 2557 2686 2622 2738; x_wconf 91' lang='lat' dir='ltr'>et</span> <span class='ocrx_word' id='word_1_610' title='bbox 2659 2682 2996 2757; x_wconf 87' lang='lat' dir='ltr'>praeterea</span> <span class='ocrx_word' id='word_1_611' title='bbox 3017 2675 3445 2740; x_wconf 87' lang='lat' dir='ltr'>saerosanctis</span> <span class='ocrx_word' id='word_1_612' title='bbox 3482 2673 3613 2739; x_wconf 91' lang='lat' dir='ltr'>illis</span> <span class='ocrx_word' id='word_1_613' title='bbox 3634 2677 4056 2739; x_wconf 87' lang='lat' dir='ltr'>sacramentis</span> <span class='ocrx_word' id='word_1_614' title='bbox 4082 2675 4298 2741; x_wconf 90' lang='lat' dir='ltr'>Deum</span> 
     </span>
     <span class='ocr_line' id='line_1_83' title="bbox 2352 2758 4298 2845; baseline 0.001 -20"><span class='ocrx_word' id='word_1_615' title='bbox 2352 2779 2507 2825; x_wconf 90' lang='lat' dir='ltr'>suae</span> <span class='ocrx_word' id='word_1_616' title='bbox 2564 2758 2870 2824; x_wconf 89' lang='lat' dir='ltr'>bonitatis</span> <span class='ocrx_word' id='word_1_617' title='bbox 2942 2759 3390 2824; x_wconf 85' lang='lat' dir='ltr'>testimonium</span> <span class='ocrx_word' id='word_1_618' title='bbox 3454 2759 3643 2825; x_wconf 92' lang='lat' dir='ltr'>nobis</span> <span class='ocrx_word' id='word_1_619' title='bbox 3699 2759 3955 2840; x_wconf 84' lang='lat' dir='ltr'>offerre,</span> <span class='ocrx_word' id='word_1_620' title='bbox 4026 2759 4298 2845; x_wconf 87' lang='lat' dir='ltr'>ideoque</span> 
     </span>
     <span class='ocr_line' id='line_1_84' title="bbox 2352 2843 4302 2929; baseline 0.002 -19"><span class='ocrx_word' id='word_1_621' title='bbox 2352 2849 2668 2910; x_wconf 87' lang='lat' dir='ltr'>maiorem</span> <span class='ocrx_word' id='word_1_622' title='bbox 2712 2843 3118 2929; x_wconf 84' lang='lat' dir='ltr'>diligentiam</span> <span class='ocrx_word' id='word_1_623' title='bbox 3165 2866 3204 2910; x_wconf 92' lang='lat' dir='ltr'>a</span> <span class='ocrx_word' id='word_1_624' title='bbox 3248 2844 3434 2911; x_wconf 89' lang='lat' dir='ltr'>nobis</span> <span class='ocrx_word' id='word_1_625' title='bbox 3470 2845 3765 2911; x_wconf 81' lang='lat' dir='ltr'>exhiberi</span> <span class='ocrx_word' id='word_1_626' title='bbox 3802 2854 4121 2929; x_wconf 88' lang='lat' dir='ltr'>oportere,</span> <span class='ocrx_word' id='word_1_627' title='bbox 4168 2867 4302 2913; x_wconf 86' lang='lat' dir='ltr'>non</span> 
     </span>
     <span class='ocr_line' id='line_1_85' title="bbox 2355 2929 4298 3014; baseline 0.003 -21"><span class='ocrx_word' id='word_1_628' title='bbox 2355 2940 2615 2996; x_wconf 84' lang='lat' dir='ltr'>tantum</span> <span class='ocrx_word' id='word_1_629' title='bbox 2660 2931 2729 2995; x_wconf 92' lang='lat' dir='ltr'>in</span> <span class='ocrx_word' id='word_1_630' title='bbox 2777 2931 3066 2997; x_wconf 90' lang='lat' dir='ltr'>coetibus</span> <span class='ocrx_word' id='word_1_631' title='bbox 3108 2929 3240 2995; x_wconf 90' lang='lat' dir='ltr'>illis</span> <span class='ocrx_word' id='word_1_632' title='bbox 3296 2930 3366 2994; x_wconf 90' lang='lat' dir='ltr'>in</span> <span class='ocrx_word' id='word_1_633' title='bbox 3430 2930 3666 3014; x_wconf 89' lang='lat' dir='ltr'>quibus</span> <span class='ocrx_word' id='word_1_634' title='bbox 3712 2931 3896 2996; x_wconf 90' lang='lat' dir='ltr'>Deus</span> <span class='ocrx_word' id='word_1_635' title='bbox 3953 2931 4298 2998; x_wconf 81' lang='lat' dir='ltr'>invocatur</span> 
     </span>
     <span class='ocr_line' id='line_1_86' title="bbox 2354 3015 4296 3099; baseline 0.001 -18"><span class='ocrx_word' id='word_1_636' title='bbox 2354 3015 2870 3099; x_wconf 85' lang='lat' dir='ltr'>frequentandis,</span> <span class='ocrx_word' id='word_1_637' title='bbox 2929 3016 3041 3082; x_wconf 91' lang='lat' dir='ltr'>sed</span> <span class='ocrx_word' id='word_1_638' title='bbox 3099 3016 3168 3081; x_wconf 89' lang='lat' dir='ltr'>in</span> <span class='ocrx_word' id='word_1_639' title='bbox 3226 3015 3374 3080; x_wconf 91' lang='lat' dir='ltr'>Deo</span> <span class='ocrx_word' id='word_1_640' title='bbox 3431 3017 3577 3081; x_wconf 90' lang='lat' dir='ltr'>sine</span> <span class='ocrx_word' id='word_1_641' title='bbox 3630 3016 4046 3082; x_wconf 88' lang='lat' dir='ltr'>simulatione</span> <span class='ocrx_word' id='word_1_642' title='bbox 4097 3038 4296 3083; x_wconf 82' lang='lat' dir='ltr'>vene·</span> 
     </span>
     <span class='ocr_line' id='line_1_87' title="bbox 2354 3101 4296 3186; baseline 0.001 -18"><span class='ocrx_word' id='word_1_643' title='bbox 2354 3102 2581 3183; x_wconf 87' lang='lat' dir='ltr'>raudo,</span> <span class='ocrx_word' id='word_1_644' title='bbox 2625 3112 2693 3168; x_wconf 90' lang='lat' dir='ltr'>et</span> <span class='ocrx_word' id='word_1_645' title='bbox 2737 3103 2804 3166; x_wconf 93' lang='lat' dir='ltr'>in</span> <span class='ocrx_word' id='word_1_646' title='bbox 2849 3103 3055 3186; x_wconf 90' lang='lat' dir='ltr'>ipsius</span> <span class='ocrx_word' id='word_1_647' title='bbox 3100 3102 3283 3167; x_wconf 83' lang='lat' dir='ltr'>verbi</span> <span class='ocrx_word' id='word_1_648' title='bbox 3329 3101 3560 3167; x_wconf 89' lang='lat' dir='ltr'>auditu</span> <span class='ocrx_word' id='word_1_649' title='bbox 3613 3101 3824 3168; x_wconf 90' lang='lat' dir='ltr'>indies</span> <span class='ocrx_word' id='word_1_650' title='bbox 3883 3103 4296 3185; x_wconf 89' lang='lat' dir='ltr'>proficiendo,</span> 
     </span>
     <span class='ocr_line' id='line_1_88' title="bbox 2358 3188 4299 3274; baseline 0.002 -21"><span class='ocrx_word' id='word_1_651' title='bbox 2358 3189 2515 3272; x_wconf 89' lang='lat' dir='ltr'>quin</span> <span class='ocrx_word' id='word_1_652' title='bbox 2586 3190 2782 3254; x_wconf 87' lang='lat' dir='ltr'>etiam</span> <span class='ocrx_word' id='word_1_653' title='bbox 2853 3196 3406 3255; x_wconf 88' lang='lat' dir='ltr'>sacramentorum</span> <span class='ocrx_word' id='word_1_654' title='bbox 3469 3188 3883 3273; x_wconf 88' lang='lat' dir='ltr'>perceptione</span> <span class='ocrx_word' id='word_1_655' title='bbox 3947 3190 4159 3274; x_wconf 85' lang='lat' dir='ltr'>magis</span> <span class='ocrx_word' id='word_1_656' title='bbox 4222 3210 4299 3257; x_wconf 90' lang='lat' dir='ltr'>ac</span> 
     </span>
     <span class='ocr_line' id='line_1_89' title="bbox 2354 3273 4298 3360; baseline 0.002 -22"><span class='ocrx_word' id='word_1_657' title='bbox 2354 3275 2566 3360; x_wconf 84' lang='lat' dir='ltr'>magis</span> <span class='ocrx_word' id='word_1_658' title='bbox 2611 3275 2885 3341; x_wconf 87' lang='lat' dir='ltr'>excitari</span> <span class='ocrx_word' id='word_1_659' title='bbox 2930 3273 3166 3340; x_wconf 89' lang='lat' dir='ltr'>debere</span> <span class='ocrx_word' id='word_1_660' title='bbox 3210 3274 3292 3339; x_wconf 91' lang='lat' dir='ltr'>ad</span> <span class='ocrx_word' id='word_1_661' title='bbox 3332 3295 3561 3339; x_wconf 86' lang='lat' dir='ltr'>verum</span> <span class='ocrx_word' id='word_1_662' title='bbox 3622 3284 3687 3337; x_wconf 91' lang='lat' dir='ltr'>et</span> <span class='ocrx_word' id='word_1_663' title='bbox 3722 3273 4046 3339; x_wconf 84' lang='lat' dir='ltr'>sincerum</span> <span class='ocrx_word' id='word_1_664' title='bbox 4092 3276 4298 3359; x_wconf 84' lang='lat' dir='ltr'>ipsius</span> 
     </span>
     <span class='ocr_line' id='line_1_90' title="bbox 2355 3358 4297 3444; baseline 0 -17"><span class='ocrx_word' id='word_1_665' title='bbox 2355 3361 2606 3427; x_wconf 87' lang='lat' dir='ltr'>cultum</span> <span class='ocrx_word' id='word_1_666' title='bbox 2668 3369 2736 3425; x_wconf 91' lang='lat' dir='ltr'>et</span> <span class='ocrx_word' id='word_1_667' title='bbox 2790 3380 3115 3444; x_wconf 89' lang='lat' dir='ltr'>amorem,</span> <span class='ocrx_word' id='word_1_668' title='bbox 3174 3370 3241 3426; x_wconf 90' lang='lat' dir='ltr'>et</span> <span class='ocrx_word' id='word_1_669' title='bbox 3287 3380 3367 3425; x_wconf 90' lang='lat' dir='ltr'>eu</span> <span class='ocrx_word' id='word_1_670' title='bbox 3417 3381 3527 3425; x_wconf 89' lang='lat' dir='ltr'>ere</span> <span class='ocrx_word' id='word_1_671' title='bbox 3584 3358 3866 3424; x_wconf 83' lang='lat' dir='ltr'>Davidis</span> <span class='ocrx_word' id='word_1_672' title='bbox 3919 3361 4297 3444; x_wconf 86' lang='lat' dir='ltr'>exemplum</span> 
     </span>
     <span class='ocr_line' id='line_1_91' title="bbox 2349 3445 4297 3531; baseline 0.001 -19"><span class='ocrx_word' id='word_1_673' title='bbox 2349 3457 2664 3531; x_wconf 90' lang='lat' dir='ltr'>sequutos</span> <span class='ocrx_word' id='word_1_674' title='bbox 2712 3467 2752 3510; x_wconf 89' lang='lat' dir='ltr'>a</span> <span class='ocrx_word' id='word_1_675' title='bbox 2795 3447 2938 3511; x_wconf 90' lang='lat' dir='ltr'>Deo</span> <span class='ocrx_word' id='word_1_676' title='bbox 2983 3446 3272 3529; x_wconf 91' lang='lat' dir='ltr'>recipiet</span> <span class='ocrx_word' id='word_1_677' title='bbox 3316 3468 3354 3510; x_wconf 93' lang='lat' dir='ltr'>a</span> <span class='ocrx_word' id='word_1_678' title='bbox 3403 3446 3574 3511; x_wconf 89' lang='lat' dir='ltr'>mitti</span> <span class='ocrx_word' id='word_1_679' title='bbox 3617 3446 3688 3510; x_wconf 88' lang='lat' dir='ltr'>in</span> <span class='ocrx_word' id='word_1_680' title='bbox 3734 3445 4017 3510; x_wconf 85' lang='lat' dir='ltr'>filiorum</span> <span class='ocrx_word' id='word_1_681' title='bbox 4067 3468 4297 3513; x_wconf 89' lang='lat' dir='ltr'>nume-</span> 
     </span>
     <span class='ocr_line' id='line_1_92' title="bbox 2352 3530 4298 3617; baseline 0.002 -20"><span class='ocrx_word' id='word_1_682' title='bbox 2352 3554 2537 3614; x_wconf 86' lang='lat' dir='ltr'>rum,</span> <span class='ocrx_word' id='word_1_683' title='bbox 2613 3552 2690 3597; x_wconf 89' lang='lat' dir='ltr'>eo</span> <span class='ocrx_word' id='word_1_684' title='bbox 2754 3534 2966 3617; x_wconf 89' lang='lat' dir='ltr'>magis</span> <span class='ocrx_word' id='word_1_685' title='bbox 3033 3552 3159 3616; x_wconf 92' lang='lat' dir='ltr'>quo</span> <span class='ocrx_word' id='word_1_686' title='bbox 3224 3530 3442 3597; x_wconf 89' lang='lat' dir='ltr'>Deum</span> <span class='ocrx_word' id='word_1_687' title='bbox 3512 3531 3810 3596; x_wconf 81' lang='lat' dir='ltr'>videmus</span> <span class='ocrx_word' id='word_1_688' title='bbox 3876 3530 4025 3596; x_wconf 89' lang='lat' dir='ltr'>boni</span> <span class='ocrx_word' id='word_1_689' title='bbox 4088 3535 4298 3616; x_wconf 86' lang='lat' dir='ltr'>patris</span> 
     </span>
     <span class='ocr_line' id='line_1_93' title="bbox 2350 3617 4299 3702; baseline 0.002 -20"><span class='ocrx_word' id='word_1_690' title='bbox 2350 3619 2636 3685; x_wconf 87' lang='lat' dir='ltr'>officium</span> <span class='ocrx_word' id='word_1_691' title='bbox 2708 3638 2864 3702; x_wconf 87' lang='lat' dir='ltr'>erga</span> <span class='ocrx_word' id='word_1_692' title='bbox 2919 3637 3040 3683; x_wconf 90' lang='lat' dir='ltr'>nos</span> <span class='ocrx_word' id='word_1_693' title='bbox 3106 3617 3340 3684; x_wconf 83' lang='lat' dir='ltr'>faeere.</span> <span class='ocrx_word' id='word_1_694' title='bbox 3444 3617 3921 3699; x_wconf 90' lang='lat' dir='ltr'>Quamobrem,</span> <span class='ocrx_word' id='word_1_695' title='bbox 3988 3639 4190 3701; x_wconf 90' lang='lat' dir='ltr'>quum</span> <span class='ocrx_word' id='word_1_696' title='bbox 4258 3639 4299 3686; x_wconf 86' lang='lat' dir='ltr'>a</span> 
     </span>
     <span class='ocr_line' id='line_1_94' title="bbox 2350 3702 4298 3787; baseline 0.002 -20"><span class='ocrx_word' id='word_1_697' title='bbox 2350 3703 2497 3768; x_wconf 91' lang='lat' dir='ltr'>Deo</span> <span class='ocrx_word' id='word_1_698' title='bbox 2546 3703 2723 3769; x_wconf 89' lang='lat' dir='ltr'>hunc</span> <span class='ocrx_word' id='word_1_699' title='bbox 2767 3702 3063 3768; x_wconf 89' lang='lat' dir='ltr'>ordinem</span> <span class='ocrx_word' id='word_1_700' title='bbox 3110 3703 3177 3768; x_wconf 93' lang='lat' dir='ltr'>in</span> <span class='ocrx_word' id='word_1_701' title='bbox 3226 3704 3431 3787; x_wconf 90' lang='lat' dir='ltr'>ipsius</span> <span class='ocrx_word' id='word_1_702' title='bbox 3476 3703 3747 3770; x_wconf 88' lang='lat' dir='ltr'>ecelesia</span> <span class='ocrx_word' id='word_1_703' title='bbox 3784 3702 4065 3769; x_wconf 87' lang='lat' dir='ltr'>sciamus</span> <span class='ocrx_word' id='word_1_704' title='bbox 4109 3704 4298 3770; x_wconf 89' lang='lat' dir='ltr'>insti·</span> 
     </span>
     <span class='ocr_line' id='line_1_95' title="bbox 2349 3788 4297 3874; baseline 0.002 -21"><span class='ocrx_word' id='word_1_705' title='bbox 2349 3797 2593 3865; x_wconf 88' lang='lat' dir='ltr'>tutum,</span> <span class='ocrx_word' id='word_1_706' title='bbox 2641 3800 2827 3854; x_wconf 88' lang='lat' dir='ltr'>tanto</span> <span class='ocrx_word' id='word_1_707' title='bbox 2872 3790 3084 3874; x_wconf 84' lang='lat' dir='ltr'>magis</span> <span class='ocrx_word' id='word_1_708' title='bbox 3146 3811 3265 3855; x_wconf 90' lang='lat' dir='ltr'>nos</span> <span class='ocrx_word' id='word_1_709' title='bbox 3310 3796 3567 3872; x_wconf 87' lang='lat' dir='ltr'>oportet</span> <span class='ocrx_word' id='word_1_710' title='bbox 3610 3789 3693 3854; x_wconf 89' lang='lat' dir='ltr'>ad</span> <span class='ocrx_word' id='word_1_711' title='bbox 3741 3788 4016 3855; x_wconf 83' lang='lat' dir='ltr'>Davidis</span> <span class='ocrx_word' id='word_1_712' title='bbox 4073 3811 4297 3856; x_wconf 89' lang='lat' dir='ltr'>exem-</span> 
     </span>
     <span class='ocr_line' id='line_1_96' title="bbox 2352 3874 4301 3958; baseline 0.002 -19"><span class='ocrx_word' id='word_1_713' title='bbox 2352 3875 2532 3958; x_wconf 89' lang='lat' dir='ltr'>plum</span> <span class='ocrx_word' id='word_1_714' title='bbox 2581 3876 2976 3956; x_wconf 88' lang='lat' dir='ltr'>confirmari,</span> <span class='ocrx_word' id='word_1_715' title='bbox 3032 3874 3193 3940; x_wconf 91' lang='lat' dir='ltr'>adeo</span> <span class='ocrx_word' id='word_1_716' title='bbox 3238 3875 3521 3958; x_wconf 90' lang='lat' dir='ltr'>quidem,</span> <span class='ocrx_word' id='word_1_717' title='bbox 3583 3883 3657 3939; x_wconf 91' lang='lat' dir='ltr'>ut</span> <span class='ocrx_word' id='word_1_718' title='bbox 3714 3874 3770 3940; x_wconf 93' lang='lat' dir='ltr'>si</span> <span class='ocrx_word' id='word_1_719' title='bbox 3832 3895 3947 3941; x_wconf 90' lang='lat' dir='ltr'>nos</span> <span class='ocrx_word' id='word_1_720' title='bbox 4005 3887 4301 3943; x_wconf 83' lang='lat' dir='ltr'>extorres</span> 
     </span>
     <span class='ocr_line' id='line_1_97' title="bbox 2351 3961 4299 4045; baseline 0.001 -19"><span class='ocrx_word' id='word_1_721' title='bbox 2351 3982 2492 4026; x_wconf 89' lang='lat' dir='ltr'>esse</span> <span class='ocrx_word' id='word_1_722' title='bbox 2552 3961 2929 4045; x_wconf 87' lang='lat' dir='ltr'>eontigerit,</span> <span class='ocrx_word' id='word_1_723' title='bbox 3007 3972 3071 4025; x_wconf 89' lang='lat' dir='ltr'>et</span> <span class='ocrx_word' id='word_1_724' title='bbox 3130 3961 3197 4025; x_wconf 92' lang='lat' dir='ltr'>in</span> <span class='ocrx_word' id='word_1_725' title='bbox 3262 3962 3421 4026; x_wconf 88' lang='lat' dir='ltr'>locis</span> <span class='ocrx_word' id='word_1_726' title='bbox 3487 3961 3857 4045; x_wconf 86' lang='lat' dir='ltr'>peregrinis</span> <span class='ocrx_word' id='word_1_727' title='bbox 3921 3964 4173 4028; x_wconf 80' lang='lat' dir='ltr'>versari</span> <span class='ocrx_word' id='word_1_728' title='bbox 4230 3965 4299 4028; x_wconf 89' lang='lat' dir='ltr'>in</span> 
     </span>
     <span class='ocr_line' id='line_1_98' title="bbox 2352 4046 4303 4132; baseline 0.001 -20"><span class='ocrx_word' id='word_1_729' title='bbox 2352 4046 2588 4130; x_wconf 90' lang='lat' dir='ltr'>quibus</span> <span class='ocrx_word' id='word_1_730' title='bbox 2645 4047 2827 4112; x_wconf 90' lang='lat' dir='ltr'>Deus</span> <span class='ocrx_word' id='word_1_731' title='bbox 2887 4067 3018 4111; x_wconf 91' lang='lat' dir='ltr'>non</span> <span class='ocrx_word' id='word_1_732' title='bbox 3087 4048 3339 4113; x_wconf 89' lang='lat' dir='ltr'>sineere</span> <span class='ocrx_word' id='word_1_733' title='bbox 3402 4046 3693 4125; x_wconf 86' lang='lat' dir='ltr'>colatur,</span> <span class='ocrx_word' id='word_1_734' title='bbox 3759 4046 4031 4132; x_wconf 86' lang='lat' dir='ltr'>gravius</span> <span class='ocrx_word' id='word_1_735' title='bbox 4094 4048 4158 4113; x_wconf 89' lang='lat' dir='ltr'>id</span> <span class='ocrx_word' id='word_1_736' title='bbox 4233 4056 4303 4114; x_wconf 87' lang='lat' dir='ltr'>et</span> 
     </span>
     <span class='ocr_line' id='line_1_99' title="bbox 2351 4132 4303 4217; baseline 0.001 -19"><span class='ocrx_word' id='word_1_737' title='bbox 2351 4133 2646 4198; x_wconf 86' lang='lat' dir='ltr'>acerbius</span> <span class='ocrx_word' id='word_1_738' title='bbox 2690 4152 2882 4216; x_wconf 90' lang='lat' dir='ltr'>quam</span> <span class='ocrx_word' id='word_1_739' title='bbox 2931 4134 3224 4198; x_wconf 89' lang='lat' dir='ltr'>omnium</span> <span class='ocrx_word' id='word_1_740' title='bbox 3261 4132 3603 4214; x_wconf 88' lang='lat' dir='ltr'>bonorum,</span> <span class='ocrx_word' id='word_1_741' title='bbox 3649 4133 4056 4217; x_wconf 85' lang='lat' dir='ltr'>facultatum,</span> <span class='ocrx_word' id='word_1_742' title='bbox 4102 4134 4303 4201; x_wconf 89' lang='lat' dir='ltr'>hono-</span> 
     </span>
     <span class='ocr_line' id='line_1_100' title="bbox 2351 4218 4296 4302; baseline 0.003 -20"><span class='ocrx_word' id='word_1_743' title='bbox 2351 4240 2517 4293; x_wconf 90' lang='lat' dir='ltr'>rum,</span> <span class='ocrx_word' id='word_1_744' title='bbox 2564 4238 2783 4284; x_wconf 89' lang='lat' dir='ltr'>rerum</span> <span class='ocrx_word' id='word_1_745' title='bbox 2831 4218 3110 4301; x_wconf 89' lang='lat' dir='ltr'>denique</span> <span class='ocrx_word' id='word_1_746' title='bbox 3154 4220 3225 4283; x_wconf 89' lang='lat' dir='ltr'>in</span> <span class='ocrx_word' id='word_1_747' title='bbox 3263 4218 3508 4284; x_wconf 90' lang='lat' dir='ltr'>mundo</span> <span class='ocrx_word' id='word_1_748' title='bbox 3532 4219 3935 4302; x_wconf 89' lang='lat' dir='ltr'>optabilium,</span> <span class='ocrx_word' id='word_1_749' title='bbox 3979 4220 4296 4287; x_wconf 89' lang='lat' dir='ltr'>iacturam</span> 
     </span>
     <span class='ocr_line' id='line_1_101' title="bbox 2350 4303 4297 4384; baseline 0.003 -16"><span class='ocrx_word' id='word_1_750' title='bbox 2350 4305 2655 4370; x_wconf 81' lang='lat' dir='ltr'>feramus.</span> <span class='ocrx_word' id='word_1_751' title='bbox 2766 4303 2907 4369; x_wconf 88' lang='lat' dir='ltr'>Nae</span> <span class='ocrx_word' id='word_1_752' title='bbox 2973 4303 3193 4371; x_wconf 84' lang='lat' dir='ltr'>David</span> <span class='ocrx_word' id='word_1_753' title='bbox 3271 4326 3540 4369; x_wconf 90' lang='lat' dir='ltr'>uxorem</span> <span class='ocrx_word' id='word_1_754' title='bbox 3610 4306 3954 4384; x_wconf 91' lang='lat' dir='ltr'>amiserat,</span> <span class='ocrx_word' id='word_1_755' title='bbox 4013 4306 4297 4374; x_wconf 80' lang='lat' dir='ltr'>fortunis</span> 
     </span>
     <span class='ocr_line' id='line_1_102' title="bbox 2350 4389 4295 4475; baseline 0.003 -22"><span class='ocrx_word' id='word_1_756' title='bbox 2350 4389 2651 4455; x_wconf 90' lang='lat' dir='ltr'>omnibus</span> <span class='ocrx_word' id='word_1_757' title='bbox 2694 4390 3013 4475; x_wconf 88' lang='lat' dir='ltr'>spoliatus</span> <span class='ocrx_word' id='word_1_758' title='bbox 3059 4399 3217 4469; x_wconf 88' lang='lat' dir='ltr'>erat,</span> <span class='ocrx_word' id='word_1_759' title='bbox 3264 4390 3453 4456; x_wconf 91' lang='lat' dir='ltr'>domo</span> <span class='ocrx_word' id='word_1_760' title='bbox 3486 4391 3822 4474; x_wconf 82' lang='lat' dir='ltr'>profugus,</span> <span class='ocrx_word' id='word_1_761' title='bbox 3868 4392 4046 4455; x_wconf 89' lang='lat' dir='ltr'>omni</span> <span class='ocrx_word' id='word_1_762' title='bbox 4084 4391 4146 4457; x_wconf 92' lang='lat' dir='ltr'>di</span> <span class='ocrx_word' id='word_1_763' title='bbox 4195 4394 4295 4458; x_wconf 88' lang='lat' dir='ltr'>ni-</span> 
     </span>
     <span class='ocr_line' id='line_1_103' title="bbox 2351 4476 4292 4559; baseline 0.002 -19"><span class='ocrx_word' id='word_1_764' title='bbox 2351 4485 2484 4541; x_wconf 87' lang='lat' dir='ltr'>tate</span> <span class='ocrx_word' id='word_1_765' title='bbox 2527 4486 2595 4540; x_wconf 90' lang='lat' dir='ltr'>et</span> <span class='ocrx_word' id='word_1_766' title='bbox 2639 4476 2886 4541; x_wconf 87' lang='lat' dir='ltr'>honore</span> <span class='ocrx_word' id='word_1_767' title='bbox 2930 4476 3261 4559; x_wconf 86' lang='lat' dir='ltr'>spoliatus,</span> <span class='ocrx_word' id='word_1_768' title='bbox 3322 4476 3433 4542; x_wconf 88' lang='lat' dir='ltr'>sed</span> <span class='ocrx_word' id='word_1_769' title='bbox 3482 4488 3698 4541; x_wconf 88' lang='lat' dir='ltr'>tamen</span> <span class='ocrx_word' id='word_1_770' title='bbox 3747 4496 3879 4539; x_wconf 89' lang='lat' dir='ltr'>non</span> <span class='ocrx_word' id='word_1_771' title='bbox 3927 4479 4094 4542; x_wconf 88' lang='lat' dir='ltr'>tanti</span> <span class='ocrx_word' id='word_1_772' title='bbox 4166 4480 4292 4546; x_wconf 89' lang='lat' dir='ltr'>ecit</span> 
     </span>
     <span class='ocr_line' id='line_1_104' title="bbox 2348 4560 4289 4648; baseline 0.001 -20"><span class='ocrx_word' id='word_1_773' title='bbox 2348 4562 2606 4640; x_wconf 90' lang='lat' dir='ltr'>uxoris,</span> <span class='ocrx_word' id='word_1_774' title='bbox 2673 4561 2989 4647; x_wconf 84' lang='lat' dir='ltr'>familiae,</span> <span class='ocrx_word' id='word_1_775' title='bbox 3058 4563 3437 4648; x_wconf 86' lang='lat' dir='ltr'>dignitatis,</span> <span class='ocrx_word' id='word_1_776' title='bbox 3496 4572 3560 4626; x_wconf 88' lang='lat' dir='ltr'>et</span> <span class='ocrx_word' id='word_1_777' title='bbox 3619 4560 3940 4626; x_wconf 88' lang='lat' dir='ltr'>honorum</span> <span class='ocrx_word' id='word_1_778' title='bbox 3997 4565 4289 4629; x_wconf 92' lang='lat' dir='ltr'>omnium</span> 
     </span>
     <span class='ocr_line' id='line_1_105' title="bbox 2347 4646 4288 4733; baseline 0.001 -20"><span class='ocrx_word' id='word_1_779' title='bbox 2347 4650 2685 4727; x_wconf 89' lang='lat' dir='ltr'>iacturam,</span> <span class='ocrx_word' id='word_1_780' title='bbox 2734 4650 2959 4731; x_wconf 91' lang='lat' dir='ltr'>quanti</span> <span class='ocrx_word' id='word_1_781' title='bbox 3006 4647 3371 4714; x_wconf 88' lang='lat' dir='ltr'>absentiam</span> <span class='ocrx_word' id='word_1_782' title='bbox 3418 4669 3457 4713; x_wconf 92' lang='lat' dir='ltr'>a</span> <span class='ocrx_word' id='word_1_783' title='bbox 3501 4647 3691 4712; x_wconf 92' lang='lat' dir='ltr'>domo</span> <span class='ocrx_word' id='word_1_784' title='bbox 3738 4646 3885 4722; x_wconf 91' lang='lat' dir='ltr'>Dei,</span> <span class='ocrx_word' id='word_1_785' title='bbox 3945 4658 4012 4713; x_wconf 91' lang='lat' dir='ltr'>et</span> <span class='ocrx_word' id='word_1_786' title='bbox 4068 4651 4288 4733; x_wconf 81' lang='lat' dir='ltr'>priva-</span> 
     </span>
     <span class='ocr_line' id='line_1_106' title="bbox 2349 4732 4290 4817; baseline 0.002 -18"><span class='ocrx_word' id='word_1_787' title='bbox 2349 4736 2592 4800; x_wconf 88' lang='lat' dir='ltr'>tionem</span> <span class='ocrx_word' id='word_1_788' title='bbox 2639 4744 2772 4798; x_wconf 87' lang='lat' dir='ltr'>tam</span> <span class='ocrx_word' id='word_1_789' title='bbox 2818 4734 3197 4801; x_wconf 88' lang='lat' dir='ltr'>excellentis</span> <span class='ocrx_word' id='word_1_790' title='bbox 3240 4735 3415 4800; x_wconf 87' lang='lat' dir='ltr'>illius</span> <span class='ocrx_word' id='word_1_791' title='bbox 3436 4732 3762 4817; x_wconf 84' lang='lat' dir='ltr'>privilegii</span> <span class='ocrx_word' id='word_1_792' title='bbox 3806 4732 3879 4797; x_wconf 89' lang='lat' dir='ltr'>in</span> <span class='ocrx_word' id='word_1_793' title='bbox 3900 4742 4084 4799; x_wconf 87' lang='lat' dir='ltr'>coetu</span> <span class='ocrx_word' id='word_1_794' title='bbox 4132 4737 4290 4802; x_wconf 85' lang='lat' dir='ltr'>fide-</span> 
     </span>
     <span class='ocr_line' id='line_1_107' title="bbox 2346 4819 4291 4904; baseline 0.002 -20"><span class='ocrx_word' id='word_1_795' title='bbox 2346 4820 2510 4885; x_wconf 90' lang='lat' dir='ltr'>lium</span> <span class='ocrx_word' id='word_1_796' title='bbox 2556 4820 3005 4901; x_wconf 85' lang='lat' dir='ltr'>conveniendi,</span> <span class='ocrx_word' id='word_1_797' title='bbox 3064 4822 3412 4904; x_wconf 90' lang='lat' dir='ltr'>Deumque</span> <span class='ocrx_word' id='word_1_798' title='bbox 3471 4820 3535 4882; x_wconf 90' lang='lat' dir='ltr'>in</span> <span class='ocrx_word' id='word_1_799' title='bbox 3596 4819 3848 4902; x_wconf 89' lang='lat' dir='ltr'>reliqua</span> <span class='ocrx_word' id='word_1_800' title='bbox 3909 4821 4099 4885; x_wconf 84' lang='lat' dir='ltr'>turba</span> <span class='ocrx_word' id='word_1_801' title='bbox 4155 4822 4291 4888; x_wconf 91' lang='lat' dir='ltr'>lau-</span> 
     </span>
     <span class='ocr_line' id='line_1_108' title="bbox 2347 4902 4288 4989; baseline 0.002 -18"><span class='ocrx_word' id='word_1_802' title='bbox 2347 4906 2567 4971; x_wconf 90' lang='lat' dir='ltr'>dandi.</span> <span class='ocrx_word' id='word_1_803' title='bbox 2674 4905 2897 4989; x_wconf 91' lang='lat' dir='ltr'>Atque</span> <span class='ocrx_word' id='word_1_804' title='bbox 2961 4906 3068 4972; x_wconf 88' lang='lat' dir='ltr'>hic</span> <span class='ocrx_word' id='word_1_805' title='bbox 3133 4916 3234 4972; x_wconf 90' lang='lat' dir='ltr'>est</span> <span class='ocrx_word' id='word_1_806' title='bbox 3296 4925 3525 4972; x_wconf 88' lang='lat' dir='ltr'>sensus</span> <span class='ocrx_word' id='word_1_807' title='bbox 3593 4902 3933 4970; x_wconf 85' lang='lat' dir='ltr'>verborum</span> <span class='ocrx_word' id='word_1_808' title='bbox 4013 4906 4288 4974; x_wconf 89' lang='lat' dir='ltr'>istorum</span> 
     </span>
     <span class='ocr_line' id='line_1_109' title="bbox 2345 4991 4288 5077; baseline 0.002 -21"><span class='ocrx_word' id='word_1_809' title='bbox 2345 4991 2626 5057; x_wconf 83' lang='lat' dir='ltr'>Davidis</span> <span class='ocrx_word' id='word_1_810' title='bbox 2668 5012 2739 5056; x_wconf 90' lang='lat' dir='ltr'>se</span> <span class='ocrx_word' id='word_1_811' title='bbox 2785 5014 2822 5056; x_wconf 90' lang='lat' dir='ltr'>a</span> <span class='ocrx_word' id='word_1_812' title='bbox 2858 4994 3261 5076; x_wconf 88' lang='lat' dir='ltr'>possessione</span> <span class='ocrx_word' id='word_1_813' title='bbox 3296 4991 3581 5056; x_wconf 86' lang='lat' dir='ltr'>Iehovae</span> <span class='ocrx_word' id='word_1_814' title='bbox 3626 4991 3881 5074; x_wconf 83' lang='lat' dir='ltr'>expelli,</span> <span class='ocrx_word' id='word_1_815' title='bbox 3926 5012 4162 5077; x_wconf 90' lang='lat' dir='ltr'>nempe</span> <span class='ocrx_word' id='word_1_816' title='bbox 4205 4994 4288 5060; x_wconf 88' lang='lat' dir='ltr'>ab</span> 
     </span>
     <span class='ocr_line' id='line_1_110' title="bbox 2345 5076 4286 5162; baseline 0.003 -20"><span class='ocrx_word' id='word_1_817' title='bbox 2345 5078 2609 5143; x_wconf 85' lang='lat' dir='ltr'>illorum</span> <span class='ocrx_word' id='word_1_818' title='bbox 2655 5092 2838 5144; x_wconf 87' lang='lat' dir='ltr'>coetu</span> <span class='ocrx_word' id='word_1_819' title='bbox 2886 5099 3048 5162; x_wconf 90' lang='lat' dir='ltr'>quos</span> <span class='ocrx_word' id='word_1_820' title='bbox 3095 5079 3276 5143; x_wconf 91' lang='lat' dir='ltr'>Deus</span> <span class='ocrx_word' id='word_1_821' title='bbox 3332 5078 3400 5140; x_wconf 90' lang='lat' dir='ltr'>in</span> <span class='ocrx_word' id='word_1_822' title='bbox 3448 5076 3760 5160; x_wconf 88' lang='lat' dir='ltr'>populum</span> <span class='ocrx_word' id='word_1_823' title='bbox 3808 5098 3999 5142; x_wconf 90' lang='lat' dir='ltr'>suum</span> <span class='ocrx_word' id='word_1_824' title='bbox 4047 5079 4286 5148; x_wconf 85' lang='lat' dir='ltr'>admis-</span> 
     </span>
     <span class='ocr_line' id='line_1_111' title="bbox 2345 5162 4296 5248; baseline -0.001 -18"><span class='ocrx_word' id='word_1_825' title='bbox 2345 5165 2498 5244; x_wconf 89' lang='lat' dir='ltr'>cuit,</span> <span class='ocrx_word' id='word_1_826' title='bbox 2541 5176 2608 5228; x_wconf 88' lang='lat' dir='ltr'>et</span> <span class='ocrx_word' id='word_1_827' title='bbox 2648 5164 2979 5248; x_wconf 89' lang='lat' dir='ltr'>peculium</span> <span class='ocrx_word' id='word_1_828' title='bbox 3024 5185 3211 5230; x_wconf 89' lang='lat' dir='ltr'>suum</span> <span class='ocrx_word' id='word_1_829' title='bbox 3250 5162 3855 5245; x_wconf 88' lang='lat' dir='ltr'>haereditatemque</span> <span class='ocrx_word' id='word_1_830' title='bbox 3898 5183 4043 5237; x_wconf 81' lang='lat' dir='ltr'>esse</span> <span class='ocrx_word' id='word_1_831' title='bbox 4084 5186 4296 5242; x_wconf 55' lang='lat' dir='ltr'>vove,-⁴</span> 
     </span>
     <span class='ocr_line' id='line_1_112' title="bbox 2345 5249 4289 5333; baseline 0.002 -18"><span class='ocrx_word' id='word_1_832' title='bbox 2345 5262 2468 5329; x_wconf 91' lang='lat' dir='ltr'>rat,</span> <span class='ocrx_word' id='word_1_833' title='bbox 2514 5270 2710 5332; x_wconf 89' lang='lat' dir='ltr'>quam</span> <span class='ocrx_word' id='word_1_834' title='bbox 2756 5252 3086 5329; x_wconf 86' lang='lat' dir='ltr'>retineret,</span> <span class='ocrx_word' id='word_1_835' title='bbox 3146 5249 3503 5333; x_wconf 90' lang='lat' dir='ltr'>eademque</span> <span class='ocrx_word' id='word_1_836' title='bbox 3548 5249 3893 5327; x_wconf 85' lang='lat' dir='ltr'>frueretur,</span> <span class='ocrx_word' id='word_1_837' title='bbox 3956 5260 4032 5314; x_wconf 89' lang='lat' dir='ltr'>ut</span> <span class='ocrx_word' id='word_1_838' title='bbox 4075 5253 4289 5319; x_wconf 86' lang='lat' dir='ltr'>solent</span> 
     </span>
     <span class='ocr_line' id='line_1_113' title="bbox 2347 5334 4288 5420; baseline 0.001 -18"><span class='ocrx_word' id='word_1_839' title='bbox 2347 5336 2644 5402; x_wconf 89' lang='lat' dir='ltr'>homines</span> <span class='ocrx_word' id='word_1_840' title='bbox 2702 5335 3113 5420; x_wconf 90' lang='lat' dir='ltr'>possessione</span> <span class='ocrx_word' id='word_1_841' title='bbox 3168 5357 3289 5402; x_wconf 92' lang='lat' dir='ltr'>sua</span> <span class='ocrx_word' id='word_1_842' title='bbox 3350 5358 3482 5402; x_wconf 89' lang='lat' dir='ltr'>non</span> <span class='ocrx_word' id='word_1_843' title='bbox 3525 5337 3690 5401; x_wconf 90' lang='lat' dir='ltr'>·solo</span> <span class='ocrx_word' id='word_1_844' title='bbox 3760 5334 4073 5418; x_wconf 80' lang='lat' dir='ltr'>adspectu</span> <span class='ocrx_word' id='word_1_845' title='bbox 4138 5338 4288 5420; x_wconf 83' lang='lat' dir='ltr'>frui,</span> 
     </span>
    </p>
   </div>
   <div class='ocr_carea' id='block_1_6' title="bbox 3772 5436 3874 5493">
    <p class='ocr_par' dir='ltr' id='par_1_8' title="bbox 3772 5436 3874 5493">
     <span class='ocr_line' id='line_1_114' title="bbox 3772 5436 3874 5493; baseline 0 -26"><span class='ocrx_word' id='word_1_846' title='bbox 3772 5436 3874 5493; x_wconf 61' lang='lat'>38·</span> 
     </span>
    </p>
   </div>
  </div>
 </body>
</html>
