5059 6059
860 341 992 409 339

867 531 1017 598 dem
1063 533 1247 616 quasi
1291 533 1486 618 plane
1527 533 1742 600 nudus
1786 534 2007 615 fuerit,
2051 531 2164 600 sed
2209 529 2383 616 quod
2427 531 2566 597 suis
2608 530 2803 596 vesti-

868 619 990 686 bus
1048 620 1396 703 spoliatum
1451 619 1638 687 Deus
1693 620 1973 686 voluerit
2023 620 2118 686 ita
2173 617 2469 692 deiicere,
2542 628 2615 681 ιιι
2671 617 2806 681 sin-

865 704 1042 790 gulis
1076 707 1281 790 ipsius
1317 704 1795 791 turpitudinem
1833 715 2052 770 notam
2092 706 2355 771 faceret.
2440 701 2808 785 Prophetae

863 790 1126 874 quidem
1199 800 1382 858 certa
1438 791 1755 875 quaedam
1812 790 2140 858 habebant
2194 796 2605 864 vestimenta,
2674 809 2803 853 non

863 877 1134 942 omnino
1187 878 1410 959 qualia
1466 887 1618 943 sunt
1676 878 1879 943 stolae
1924 889 1991 942 et
2033 888 2251 943 vestes
2293 873 2802 941 sacrificulorum

863 959 1345 1042 hodiernorum,
1412 963 1524 1028 sed
1570 985 1649 1028 ea
1694 973 1914 1028 tamen
1959 962 2194 1046 quibus
2238 983 2279 1028 a
2321 963 2520 1045 vulgo
2567 959 2808 1026 discer-

862 1058 1198 1115 nerentur.
1281 1049 1372 1114 Et
1429 1049 1549 1114 hoc
1592 1048 1807 1133 colligi
1851 1058 2067 1131 potest
2110 1069 2192 1113 ex
2236 1047 2558 1114 Zacharia
2600 1045 2807 1110 nomi·

863 1136 1092 1207 natim,
1177 1134 1350 1218 apud
1415 1155 1609 1218 quem
1676 1134 1916 1200 dicitur
1980 1134 2135 1214 fore,
2215 1143 2288 1198 ut
2353 1153 2556 1216 quum
2624 1132 2807 1197 Deus

864 1219 1204 1286 ecclesiam
1262 1242 1444 1285 suam
1507 1220 1814 1304 purgabit
1869 1219 1950 1283 ab
2008 1221 2188 1286 omni
2245 1219 2681 1303 corruptione,
2741 1227 2808 1281 et

863 1305 1231 1371 idololatria
1304 1319 1372 1371 et
1452 1328 1527 1372 su
1615 1308 1932 1381 rstitione,
2014 1304 2616 1389 pseudoprophetae
2694 1303 2805 1386 qui

862 1389 1134 1456 Domini
1181 1392 1435 1457 vineam
1481 1412 1520 1455 a
1567 1392 2048 1472 ministrabant,
2103 1400 2171 1457 et
2209 1392 2278 1455 in
2323 1391 2535 1474 pretio
2579 1398 2646 1454 et
2687 1409 2802 1452 au-

865 1479 1126 1544 toritate
1190 1489 1401 1556 erant,
1466 1477 1663 1561 pallia
1726 1499 1845 1542 sua
1909 1477 2292 1561 prophetica
2348 1477 2674 1554 abiiciaut,
2740 1484 2807 1538 et

860 1565 1191 1646 privatam
1239 1565 1441 1629 vitam
1486 1562 1744 1646 degant.
1832 1562 1933 1629 Ac
1977 1565 2034 1627 si
2079 1563 2222 1647 quis
2270 1582 2384 1626 eos
2426 1563 2805 1644 interroget,

861 1650 1020 1734 quid
1066 1652 1308 1716 factum
1355 1651 1445 1715 sit
1486 1650 1778 1731 ipsorum
1825 1649 2164 1733 dignitate,
2223 1646 2679 1731 respondeant,
2735 1668 2804 1712 se

865 1755 1079 1819 neque
1130 1736 1482 1819 propbetas
1542 1755 1749 1817 neque
1792 1734 1959 1801 filios
2001 1755 2146 1800 esse
2187 1735 2678 1818 prophetarum,
2737 1741 2805 1796 et

860 1843 933 1887 se
995 1821 1129 1887 illis
1173 1821 1477 1887 omnibus
1522 1821 1949 1886 renuntiasse.
2037 1819 2229 1901 Quod
2271 1818 2543 1905 perinde
2587 1828 2687 1883 est
2729 1837 2806 1881 ac

856 1907 912 1973 si
973 1906 1172 1973 hodie
1231 1906 1532 1972 monachi
1591 1926 1629 1968 a
1672 1905 1816 1971 Deo
1857 1906 2212 1971 illuminati
2259 1914 2694 1989 agnoscerent
2735 1924 2805 1969 se

858 1991 1461 2077 pseudoprophetas
1520 1993 1735 2068 fuisse,
1794 1992 1920 2056 Dei
1976 2002 2041 2057 et
2082 1992 2421 2057 hominum
2467 2000 2804 2073 contemp·

859 2092 1053 2163 tores,
1124 2094 1187 2143 et
1242 2079 1446 2145 variis
1503 2077 2073 2160 superstitionibus
2116 2088 2182 2142 et
2224 2076 2636 2142 idolomaniis
2680 2077 2805 2139 mi-

860 2185 1072 2231 seram
1131 2163 1387 2248 plebem
1443 2164 1693 2235 lusisse.
1754 2174 1821 2227 et
1864 2162 2187 2228 cucullam
2232 2183 2436 2239 suam,
2504 2161 2696 2226 funes
2739 2170 2806 2227 et

858 2251 988 2316 alia
1033 2250 1401 2316 istiusmodi
1447 2250 1756 2329 mysteria
1798 2247 2172 2327 abiicerent,
2216 2248 2564 2333 palamque
2608 2255 2803 2312 testa-

863 2344 1094 2403 rentur
1151 2357 1220 2401 se
1275 2336 1772 2418 superstitiones
1814 2333 1962 2400 illas
2008 2335 2282 2417 eiurare,
2340 2346 2405 2398 et
2448 2333 2623 2398 nolle
2667 2353 2804 2397 am-

861 2422 1034 2506 plius
1102 2422 1243 2486 Deo
1298 2432 1366 2485 et
1423 2420 1796 2485 homiuibus
1853 2419 2147 2498 illudere,
2220 2419 2392 2503 quod
2454 2418 2805 2484 diabolicas

860 2508 1198 2573 illusiones
1268 2506 1386 2571 illa
1450 2506 1760 2585 mysteria
1816 2506 2017 2571 fuisse
2074 2515 2453 2590 agnoscant.
2541 2505 2648 2569 Ita
2706 2503 2804 2567 di-

861 2606 1104 2660 cuntur
1158 2591 1330 2676 apud
1374 2592 1757 2657 Zachariam
1803 2590 2397 2675 pseudoprophetae
2451 2590 2548 2655 illi
2605 2589 2806 2673 pallia

863 2677 1245 2763 prophetica
1302 2677 1635 2743 abiecturi.
1726 2674 1856 2743 Sed
1916 2677 2260 2759 peculiaris
2318 2676 2635 2759 quaedam
2697 2675 2805 2740 hic

864 2777 968 2831 est
1012 2763 1235 2829 Saulis
1279 2765 1464 2839 ratic,
1526 2782 1719 2845 quem
1764 2762 1948 2827 Deus
1991 2766 2084 2827 ita
2128 2764 2406 2846 punivit,
2465 2774 2542 2826 ut
2586 2761 2805 2827 exutis

863 2851 1157 2916 vestibus
1199 2848 1379 2914 humi
1427 2858 1494 2913 et
1538 2858 1794 2912 noctem
1833 2857 1901 2914 et
1936 2848 2108 2914 diem
2146 2849 2472 2932 integram
2507 2846 2802 2912 iacuerit.

863 2935 1012 3002 Nou
1071 2957 1226 3019 ergo
1270 2944 1526 3000 tantum
1572 2934 1653 3000 ob
1700 2934 2107 3016 prophetiam
2151 2946 2388 3000 exutus
2434 2934 2558 2999 fuit
2603 2933 2802 3000 vesti·

864 3021 1006 3100 bus,
1042 3023 1155 3086 sed
1192 3020 1585 3105 peculiarem
1620 3019 1946 3103 quandam
1983 3020 2250 3085 ultionis
2288 3020 2551 3085 divinae
2581 3027 2802 3083 notam

861 3107 961 3173 illi
1024 3107 1208 3172 Deus
1264 3107 1517 3179 inussit.
1583 3126 1665 3170 ne
1722 3117 1892 3171 esset
1934 3108 2003 3170 in
2051 3106 2257 3187 pretio
2302 3114 2371 3170 et
2415 3106 2679 3183 bonore,
2739 3112 2805 3170 et

862 3215 949 3260 ne
1021 3214 1139 3278 pro
1188 3193 1420 3258 hetans
1499 3190 1827 3256 videretur
1885 3191 2199 3274 pristinae
2258 3190 2559 3273 dignitati
2613 3190 2802 3255 resti·

862 3289 1065 3345 tutus.
1226 3300 1343 3343 eus
1413 3279 1630 3361 itaque
1694 3277 1880 3341 illum
1946 3276 2259 3342 dedecore
2323 3290 2388 3342 et
2449 3276 2807 3361 ignominia

862 3363 1138 3445 notavit,
1181 3372 1259 3429 ut
1301 3374 1608 3446 tanquam
1657 3363 1918 3427 turbine
1954 3364 2240 3447 agitatus
2275 3371 2610 3429 momento
2645 3360 2807 3426 deii·

865 3460 1142 3532 ceretur,
1237 3458 1304 3516 et
1394 3448 1808 3515 vestimentis
1886 3458 2126 3514 exutus
2205 3449 2465 3533 pavoris
2543 3448 2807 3531 signum

865 3535 1085 3620 palam
1156 3536 1546 3601 ostenderet.
1634 3533 1764 3599 Hic
1837 3532 2015 3600 locus
2086 3534 2308 3618 itaque
2367 3534 2552 3600 nullo
2611 3533 2807 3598 modo

866 3620 1099 3705 probat
1139 3620 1491 3705 prophetas
1536 3641 1777 3684 exuere
1813 3630 2024 3684 vestes
2060 3621 2304 3701 solitos,
2350 3632 2416 3685 et
2453 3630 2606 3685 ante
2640 3618 2808 3683 vidi-

867 3728 1017 3772 mus
1062 3706 1206 3772 illos
1253 3706 1436 3770 varia
1480 3707 1621 3771 loca
1665 3705 1945 3771 lustrare
1987 3705 2234 3790 solitos,
2294 3723 2360 3772 et
2400 3709 2471 3771 in
2516 3706 2645 3771 Dei
2689 3703 2809 3768 ho·

866 3813 1098 3857 norem
1158 3792 1475 3875 quaedam
1520 3792 1773 3857 cantica
1813 3810 2081 3856 canere:
2140 3791 2254 3858 sed
2301 3790 2522 3859 Saulis
2567 3792 2807 3857 factum

873 3875 1184 3962 quiddam
1249 3875 1441 3941 habet
1497 3899 1534 3939 a
1594 3878 2057 3960 prophetarum
2116 3898 2294 3943 more
2352 3878 2682 3944 diversum
2743 3884 2812 3940 et

871 3976 1278 4046 separatum:
1357 3962 1502 4027 Deo
1579 3965 1796 4045 ipsum
1874 3962 2218 4029 deiiciente
2298 3974 2364 4030 et
2430 3965 2496 4028 in
2566 3974 2806 4028 terram

872 4049 1253 4135 proiiciente
1300 4060 1365 4114 et
1408 4048 1809 4123 humiliante,
1859 4071 1990 4112 non
2036 4050 2297 4132 quidem
2342 4061 2420 4115 ut
2461 4071 2543 4114 ex
2589 4045 2809 4112 animo

872 4135 1276 4220 poenitentia
1331 4133 1692 4209 duceretur,
1764 4156 1919 4198 nam
1978 4139 2080 4200 sui
2139 4156 2396 4220 semper
2452 4134 2686 4200 similis
2742 4137 2809 4197 in

875 4221 1127 4288 malitia
1194 4219 1500 4303 perrexit,
1565 4219 1677 4283 sed
1737 4229 1809 4284 ut
1862 4241 1902 4285 a
1955 4219 2102 4285 Deo
2157 4222 2516 4306 ignominia
2576 4219 2815 4285 multa·

878 4319 1081 4383 retur,
1141 4318 1208 4371 et
1269 4306 1387 4369 toti
1447 4304 1687 4388 populo
1737 4307 2245 4388 contemptibilis
2286 4307 2688 4383 redderetur,
2748 4316 2816 4370 et

878 4395 1086 4477 ipsius
1165 4391 1351 4456 furor
1426 4402 1493 4455 et
1555 4390 1936 4473 improbitas
2001 4393 2402 4476 vulgaretur,
2483 4393 2598 4477 qui
2665 4392 2816 4456 licet

2457 340 2866 408 HOMILIA
2910 338 3245 408 LXXIII.

4654 346 4740 414 340

2908 538 3177 595 taretur.
3261 530 3441 598 Hinc
3519 531 3843 598 diseamus
3920 531 4157 615 quibus
4234 554 4350 599 nos
4413 554 4602 601 coram
4648 537 4744 604 Deo

2909 616 3315 682 vestimentis
3391 619 3609 682 ornari
3690 617 3943 683 deceat:
4027 617 4336 702 quamdiu
4411 621 4569 685 enim
4619 624 4748 691 nobis

2907 702 3066 783 ipsis
3124 701 3337 767 induti
3396 724 3613 770 coram
3672 703 3813 786 ipso
3855 723 4264 787 apparemus,
4320 717 4535 771 nostra
4570 720 4747 787 natan,

2907 787 3401 871 cogitationibus
3445 806 3512 853 et·
3554 788 3909 868 affectibus,
3954 791 4149 874 louge
4184 791 4467 858 deterius
4498 794 4751 860 uobiscum

2908 874 3131 958 agitur
3204 895 3400 958 quam
3470 875 3526 940 si
3601 878 3865 940 omuino
3923 876 4085 940 nudi
4142 897 4449 943 essemus.
4528 879 4668 945 Hinc
4705 882 4750 944 in

2907 959 3250 1043 evangelio
3309 960 3579 1025 Domini
3641 961 3844 1025 nostri
3888 960 4042 1027 Iesu
4087 960 4335 1028 Christi
4381 965 4599 1047 passim
4632 965 4751 1030 iubo-

2909 1065 3056 1109 mur
3099 1065 3341 1111 exuere
3383 1047 3609 1111 sordes
3655 1056 3910 1111 nostras
3954 1056 4023 1112 et
4065 1049 4358 1115 carnales
4402 1070 4604 1116 omues
4629 1053 4754 1134 cupi·

2908 1128 3159 1211 ditates,
3225 1132 3396 1214 quod
3453 1130 3618 1196 nihil
3676 1132 3807 1197 sint
3861 1131 4038 1197 aliud
4097 1155 4286 1217 quam
4346 1135 4558 1201 foedae
4606 1137 4754 1220 pollu-

2909 1217 3134 1294 tiones,
3197 1217 3427 1300 quibus
3462 1237 3502 1282 a
3539 1217 3680 1283 Deo
3717 1227 4023 1302 tanquam
4064 1220 4314 1301 profani
4362 1231 4431 1286 et
4473 1221 4758 1287 detestandi

2906 1302 3300 1368 reiiciamur.
3389 1303 3611 1384 Quare
3655 1302 3891 1386 deponi
3938 1317 4193 1387 oportet
4227 1325 4266 1369 a
4301 1307 4501 1388 nobis,
4541 1318 4597 1372 et
4624 1328 4758 1372 nosse

2908 1388 3276 1471 quicunque
3319 1389 3627 1471 splendor
3671 1391 3992 1454 virtutum
4037 1402 4347 1473 appareat
4379 1413 4580 1458 coram
4613 1394 4761 1458 homi-

2908 1474 3119 1554 nibus,
3194 1473 3359 1538 nihil
3441 1476 3569 1540 uisi
3645 1475 4201 1556 imperfectionem
4266 1490 4334 1542 et
4399 1479 4611 1543 vitium
4664 1499 4761 1544 esse

2906 1577 3122 1623 coram
3189 1558 3351 1640 Deo,
3422 1560 3582 1625 adeo
3650 1559 3912 1643 quidem
3977 1574 4051 1625 ut
4116 1583 4328 1644 neque
4390 1586 4590 1630 coram
4646 1563 4764 1643 Dec,

2908 1665 3116 1728 neque
3186 1667 3403 1712 coram
3477 1647 3681 1729 ipsius
3751 1646 4004 1730 angelis
4067 1667 4442 1731 comparere
4496 1652 4764 1733 possimus,

2907 1731 3110 1795 donec
3175 1732 3548 1797 exuerimus
3606 1731 3775 1814 quod
3835 1741 4069 1796 natura
4112 1735 4299 1800 nobis
4343 1737 4648 1818 proprium
4681 1748 4765 1799 est.

2908 1820 2997 1880 At
3061 1818 3118 1882 si
3182 1816 3343 1881 nudi
3409 1818 3741 1898 fuerimus,
3821 1839 4064 1902 magna
4127 1830 4433 1902 sequetur
4493 1822 4681 1904 inopia
4725 1833 4769 1884 et

2908 1915 3179 1985 egestas,
3227 1914 3291 1967 et
3328 1902 3655 1969 horrenda
3688 1904 3976 1970 confusio
4012 1903 4223 1986 qualis
4258 1904 4522 1972 Saulem
4554 1907 4767 1971 invasit:

2906 1989 3320 2071 quamobrem
3383 2009 3502 2053 nos
3559 1999 3818 2073 oportet
3870 1989 4176 2056 omnibus
4231 1993 4412 2058 vitiis
4469 2004 4530 2056 et
4568 2014 4770 2073 corrup·

2907 2074 3192 2140 tionibus
3257 2085 3493 2140 exutos
3538 2074 3808 2139 Domini
3853 2076 4059 2139 nostri
4102 2075 4253 2142 Iesu
4299 2077 4546 2143 Christi
4584 2079 4771 2143 iustitis

2913 2161 3153 2226 vestiri.
3244 2159 3468 2241 Quare
3526 2160 3850 2226 discamus
3906 2160 4000 2226 ita
4056 2164 4294 2228 nostris
4350 2163 4637 2229 sordibus
4670 2184 4774 2246 spo-

2905 2245 3070 2322 liari,
3129 2254 3208 2311 ut
3266 2245 3606 2311 Christum
3664 2247 4031 2323 induamus,
4089 2259 4157 2313 et
4213 2249 4339 2313 Dei
4399 2249 4532 2316 filio
4580 2250 4773 2315 confor-

2908 2349 3195 2395 memur:
3276 2351 3350 2395 ac
3423 2333 3696 2415 proinde
3762 2330 3843 2397 ad
3909 2332 4125 2416 ipsum
4190 2334 4568 2401 accedamus
4623 2335 4775 2418 ipsius

2908 2418 3194 2482 vestibus
3252 2416 3600 2482 induendi:
3670 2417 3837 2499 quod
3893 2418 4031 2500 ipse
4084 2419 4263 2485 solus
4317 2441 4441 2486 nos
4482 2421 4617 2485 Deo
4651 2420 4775 2504 patri

2912 2504 3115 2584 possit
3156 2502 3522 2579 conciliare,
3567 2518 3913 2588 gratosque
3949 2503 4223 2571 efficere.
4310 2505 4672 2590 Spoliamur
4694 2505 4776 2588 igi·

2909 2601 3016 2653 tur
3079 2607 3225 2653 cum
3292 2588 3507 2672 aliquo
3573 2599 3792 2654 nostro
3853 2589 4186 2667 dedecore,
4250 2591 4364 2656 sed
4433 2613 4560 2658 non
4613 2602 4776 2657 tamen

2908 2675 3080 2738 sicut
3124 2674 3306 2752 Saul,
3363 2675 3669 2757 quoniam
3717 2676 3896 2740 Deus
3939 2675 4080 2758 ipse
4126 2697 4241 2742 nos
4282 2678 4556 2759 iustitia,
4594 2677 4776 2744 saucti-

2906 2768 3043 2824 tate
3086 2770 3150 2825 et
3196 2761 3585 2842 perfectione
3627 2761 3804 2826 unici
3845 2761 3950 2826 sui
3993 2760 4112 2826 filii
4156 2762 4403 2830 induet.

3077 2844 3390 2929 Sequitur
3452 2844 3754 2929 deinceps
3815 2845 3982 2913 hanc
4039 2847 4120 2911 ob
4176 2867 4444 2914 causam
4502 2872 4582 2915 vu
4679 2862 4775 2911 tum

2907 2931 3106 2997 fuisse
3210 2931 3611 2998 roverbium:
3674 2932 3852 2997 Num
3904 2937 3962 2998 et
4020 2930 4180 2998 Saul
4237 2936 4405 3001 inter
4448 2956 4567 3021 pro
4754 2932 4780 2995 ?

2906 3015 2986 3081 In
3046 3017 3155 3100 qui
3203 3038 3279 3082 us
3339 3016 3553 3083 verbis
3610 3019 3801 3083 etiam
3848 3017 4069 3102 aliqua
4116 3019 4379 3085 videtur
4418 3042 4558 3087 esse
4597 3039 4779 3102 repug-

2907 3105 3151 3169 nantia.
3238 3103 3409 3168 Nam
3463 3124 3662 3186 quum
3719 3118 3912 3168 antea
3964 3103 4136 3169 facta
4179 3118 4281 3171 est
4321 3107 4782 3192 inauguratiouis

2908 3188 3130 3255 Saulis
3173 3190 3434 3265 mentio,
3487 3209 3688 3271 quum
3732 3190 3948 3254 iussus
3992 3200 4164 3255 esset
4205 3211 4359 3255 eum
4408 3191 4660 3259 Samuel
4694 3210 4781 3253 ιιιι·

2907 3295 3060 3357 gere
3122 3274 3298 3340 inter
3359 3273 3711 3352 Israelitas,
3793 3274 4035 3340 dictum
4103 3286 4204 3341 est
4265 3276 4457 3344 illum
4522 3275 4783 3360 accepisse

2907 3359 3291 3444 prophetiae
3332 3359 3599 3440 donum,
3640 3373 3707 3426 et
3784 3380 3938 3425 uum
3974 3361 4044 3426 in
4082 3362 4554 3446 prophetarum
4585 3372 4783 3429 coetum

2908 3444 3243 3511 incidisset
3296 3447 3408 3529 qui
3467 3467 3547 3512 ex
3605 3465 3732 3529 quo
3779 3466 3885 3510 am
3945 3446 4082 3513 loco
4125 3448 4196 3512 in
4239 3449 4448 3515 alium
4491 3447 4787 3534 proficisce-

2907 3530 3168 3615 bantur,
3232 3532 3300 3596 in
3366 3531 3578 3597 medio
3639 3533 3932 3615 ipsorum
3992 3533 4521 3616 prophetavisse:
4583 3548 4645 3600 et
4678 3531 4785 3596 inde

2909 3629 3137 3682 natum
3177 3617 3615 3700 proverbium,
3652 3627 3918 3701 propter
3952 3618 4047 3682 rei
4074 3619 4525 3687 insolentiam:
4561 3616 4786 3704 quando-

2909 3702 3167 3784 quidem
3240 3703 3433 3767 bomo
3501 3708 3785 3769 rusticus
3842 3714 3907 3767 et
3963 3706 4240 3787 agrestis
4303 3714 4442 3771 tam
4502 3700 4787 3772 excellenti

2911 3788 3078 3853 douo
3136 3788 3354 3854 fuerat
3409 3800 3679 3855 ornatus
3739 3799 3806 3855 et
3863 3788 4123 3871 quidem
4181 3804 4535 3857 momento.
4618 3790 4786 3870 Quare

2910 3894 3111 3957 quum
3154 3873 3351 3939 fiebat
3396 3874 3669 3942 alicuius
3715 3874 3956 3939 mentio
4000 3876 4109 3958 qui
4151 3895 4189 3940 e
4232 3875 4439 3944 bardo
4485 3890 4550 3943 et
4588 3871 4788 3957 stupido

2910 3960 2981 4024 in
3040 3960 3302 4026 doctum
3355 3970 3421 4024 et
3478 3962 3649 4026 acuti
3707 3962 3957 4044 ingenii
4013 3961 4230 4025 virum
4276 3964 4611 4040 evasisset,
4660 3958 4787 4024 adhi-

2913 4045 3051 4111 beri
3115 4046 3364 4112 solebat
3430 4046 3603 4112 istud
3669 4046 4104 4129 proverbium,
4185 4045 4347 4113 Saul
4414 4049 4611 4115 etiam
4662 4046 4788 4111 inm

2914 4130 3280 4218 prophetas,
3320 4142 3395 4196 ut
3424 4132 3808 4197 admiranda
3828 4131 4148 4214 quaedam
4173 4135 4456 4201 mutatio
4479 4142 4787 4200 notaretur:

2916 4216 3457 4304 quemadmodum
3536 4217 3698 4285 Saul
3766 4227 4116 4300 autequam
4182 4219 4255 4283 in
4320 4221 4573 4306 regiam
4632 4213 4789 4301 digui-

2915 4314 3122 4370 tatem
3203 4301 3607 4385 eveheretur,
3685 4303 3881 4369 homo
3946 4305 4230 4370 rusticus
4293 4316 4363 4371 et
4424 4308 4604 4373 rudis
4662 4305 4790 4367 viam

2915 4392 3129 4456 fuerat
3218 4390 3391 4453 inter
3472 4389 3839 4474 propbetas.
3949 4390 4200 4457 Verum
4287 4394 4599 4475 quoniam
4671 4383 4787 4454 Saul

876 4481 1122 4547 furioso
1200 4477 1451 4561 impetu
1514 4476 1801 4542 ferretur
1864 4489 1929 4542 et
1991 4479 2374 4561 sanguinem
2442 4477 2817 4545 avidissime
2918 4488 3141 4560 postea
3194 4474 3515 4542 fanaticus
3556 4487 3620 4541 et
3663 4476 3849 4558 quasi
3893 4476 4178 4543 furiosus
4220 4488 4285 4543 et
4328 4478 4602 4543 insanus
4637 4478 4791 4541 fnum

878 4565 1118 4643 sitiret,
1156 4562 1320 4627 nihil
1360 4578 1575 4627 tamen
1614 4562 1898 4641 auderet,
1935 4562 2046 4628 sed
2084 4565 2303 4648 potius
2340 4564 2564 4630 divina
2591 4583 2817 4641 manu,
2918 4572 3035 4637 est,
3092 4574 3165 4626 ut
3222 4581 3371 4625 cum
3429 4560 3802 4628 hominibus
3845 4582 3979 4628 non
4021 4574 4242 4646 posset
4280 4562 4665 4639 conversari,
4709 4576 4788 4623 uo-

879 4663 1188 4733 tanquam
1250 4650 1386 4714 fera
1445 4646 1762 4733 quaedam
1820 4649 2146 4733 repagulis
2188 4661 2616 4733 coerceretur.
2708 4646 2821 4715 Sic

879 4736 1067 4802 Deus
1144 4734 1493 4800 ridendum
1572 4735 1876 4818 propinat
1953 4735 2239 4821 Saulem,
2316 4747 2385 4803 et
2458 4735 2821 4822 ignominia

881 4832 1088 4901 notat,
1135 4833 1207 4885 ut
1249 4821 1540 4887 vestibus
1583 4820 1897 4903 spoliatus
1940 4833 2007 4885 et
2048 4821 2264 4887 nudus
2309 4843 2527 4889 coram
2578 4823 2718 4887 Deo
2754 4828 2844 4884 et.

885 4909 1260 4975 hominibus
1318 4907 1573 4972 veniam
1632 4906 2012 4990 deprecetur
2054 4907 2324 4976 furoris:
2393 4919 2458 4974 et
2500 4910 2596 4973 ita
2639 4906 2823 4972 Deus

885 4995 1085 5059 faciat
1147 5002 1462 5059 testatum
1529 4992 1869 5075 indignum
1940 5013 2082 5059 esse
2148 4992 2419 5060 Saulem
2484 4994 2821 5060 hominum

885 5081 1236 5157 consortio,
1296 5100 1484 5161 quem
1547 5079 1796 5142 nudum
1853 5080 1994 5145 sine
2050 5082 2343 5148 vestibus
2385 5080 2568 5146 humi
2612 5081 2825 5145 iacere

885 5185 1038 5231 cum
1085 5163 1457 5247 ignominia
1497 5163 1776 5243 volebat,
1833 5186 1966 5230 non
2011 5165 2269 5248 quidem
2314 5165 2506 5251 plane
2551 5165 2823 5241 nudum,

884 5249 1005 5317 sed
1049 5258 1267 5315 tamen
1310 5258 1587 5315 exutum
1630 5249 1923 5317 vestibus
1968 5263 2045 5316 ut
2086 5274 2233 5318 cum
2281 5252 2592 5320 dedecore
2636 5250 2825 5318 volu-

2923 4668 3072 4713 vam
3138 4645 3316 4712 dedit
3386 4648 3787 4714 occasionem
3846 4647 3999 4714 huic
4055 4648 4397 4731 proverbio
4443 4644 4791 4715 renovando:

2923 4742 3017 4798 ut.
3051 4754 3249 4817 quum
3311 4731 3543 4816 aliquis
3588 4735 3792 4800 vitam
3837 4733 4077 4818 egisset
4120 4743 4313 4800 antea
4354 4736 4715 4820 flagitiosam
4746 4738 4789 4791 ά

2923 4819 3342 4902 deploratam,
3421 4826 3491 4885 et
3565 4818 3647 4884 ad
3725 4821 3958 4887 bonam
4032 4828 4321 4886 mentem
4388 4832 4459 4887 et
4522 4819 4787 4887 meliorem
4900 4830 4901 4857 ¹

2920 4905 3174 4987 frugem
3234 4926 3538 4971 reversus
3594 4918 3782 4985 esset,
3840 4906 3922 4970 de
3978 4906 4119 4990 ipso
4162 4905 4524 4973 diceretur:
4582 4905 4726 4971 Nm
4752 4900 4789 4960 d

2925 4990 3084 5057 Saul
3139 4991 3301 5057 inter
3341 4991 3734 5074 prophetas?
3820 4991 4027 5073 Quasi
4086 4992 4332 5059 dictum
4375 5002 4579 5060 esset:
4630 4989 4787 5055 latmo

2924 5077 3276 5160 improbus,
3351 5079 3472 5142 iste
3537 5079 3915 5161 flagitiosus,
3988 5077 4115 5143 iste
4170 5079 4407 5144 salutis
4464 5077 4785 5162 duplorum

2925 5182 3282 5229 conversus
3340 5163 3419 5228 ad
3469 5164 3720 5249 frugem
3765 5164 3976 5243 rediit,
4040 5172 4110 5230 et
4148 5165 4360 5231 instar
4403 5163 4617 5250 angeli
4650 5156 4787 5241 σεβί»

2925 5258 2993 5316 et
3049 5249 3117 5312 in
3177 5247 3305 5315 Dei
3360 5251 3644 5317 filiorum
3701 5271 3972 5317 numero
4015 5250 4337 5317 habetur?
4428 5250 4589 5318 Saul
4624 5247 4787 5326 itaq&
