<?xml version="1.0" encoding="UTF-8"?>
<!DOCTYPE html PUBLIC "-//W3C//DTD XHTML 1.0 Transitional//EN"
    "http://www.w3.org/TR/xhtml1/DTD/xhtml1-transitional.dtd">
<html xmlns="http://www.w3.org/1999/xhtml" xml:lang="en" lang="en">
 <head>
  <title>
</title>
<meta http-equiv="Content-Type" content="text/html;charset=utf-8" />
  <meta name='ocr-system' content='tesseract 3.04.00' />
  <meta name='ocr-capabilities' content='ocr_page ocr_carea ocr_par ocr_line ocrx_word'/>
</head>
<body>
  <div class='ocr_page' id='page_1' title='image "./ioanniscalvinio07unkngoog_0847.png"; bbox 0 0 5059 6059; ppageno 0'>
   <div class='ocr_carea' id='block_1_1' title="bbox 349 309 475 375">
    <p class='ocr_par' dir='ltr' id='par_1_1' title="bbox 349 309 475 375">
     <span class='ocr_line' id='line_1_1' title="bbox 349 309 475 375; baseline 0.008 -1"><span class='ocrx_word' id='word_1_1' title='bbox 349 309 475 375; x_wconf 80' lang='lat'>725</span> 
     </span>
    </p>
   </div>
   <div class='ocr_carea' id='block_1_2' title="bbox 347 496 2300 840">
    <p class='ocr_par' dir='ltr' id='par_1_2' title="bbox 347 496 2300 840">
     <span class='ocr_line' id='line_1_2' title="bbox 348 496 2294 581; baseline 0.001 -18"><span class='ocrx_word' id='word_1_2' title='bbox 348 500 556 581; x_wconf 89' lang='lat' dir='ltr'>ipsius</span> <span class='ocrx_word' id='word_1_3' title='bbox 614 496 980 578; x_wconf 90' lang='lat' dir='ltr'>praecisum</span> <span class='ocrx_word' id='word_1_4' title='bbox 1027 498 1094 561; x_wconf 94' lang='lat' dir='ltr'>in</span> <span class='ocrx_word' id='word_1_5' title='bbox 1143 498 1549 580; x_wconf 85' lang='lat' dir='ltr'>triumphum</span> <span class='ocrx_word' id='word_1_6' title='bbox 1600 519 1716 580; x_wconf 90' lang='lat' dir='ltr'>per</span> <span class='ocrx_word' id='word_1_7' title='bbox 1761 506 1962 564; x_wconf 90' lang='lat' dir='ltr'>totam</span> <span class='ocrx_word' id='word_1_8' title='bbox 2011 500 2294 566; x_wconf 87' lang='lat' dir='ltr'>hostium</span> 
     </span>
     <span class='ocr_line' id='line_1_3' title="bbox 347 581 2295 668; baseline 0.001 -20"><span class='ocrx_word' id='word_1_9' title='bbox 347 585 679 667; x_wconf 80' lang='lat' dir='ltr'><strong>regionem</strong></span> <span class='ocrx_word' id='word_1_10' title='bbox 728 602 984 646; x_wconf 90' lang='lat' dir='ltr'>summo</span> <span class='ocrx_word' id='word_1_11' title='bbox 1030 603 1177 648; x_wconf 92' lang='lat' dir='ltr'>cum</span> <span class='ocrx_word' id='word_1_12' title='bbox 1226 581 1506 647; x_wconf 88' lang='lat' dir='ltr'>ludibrio</span> <span class='ocrx_word' id='word_1_13' title='bbox 1550 594 1615 649; x_wconf 86' lang='lat' dir='ltr'>et-</span> <span class='ocrx_word' id='word_1_14' title='bbox 1660 582 1975 650; x_wconf 90' lang='lat' dir='ltr'>dedecore</span> <span class='ocrx_word' id='word_1_15' title='bbox 2025 586 2295 668; x_wconf 84' lang='lat' dir='ltr'>portari,</span> 
     </span>
     <span class='ocr_line' id='line_1_4' title="bbox 352 666 2300 737; baseline 0 -2"><span class='ocrx_word' id='word_1_16' title='bbox 352 668 483 735; x_wconf 86' lang='lat' dir='ltr'>Sed</span> <span class='ocrx_word' id='word_1_17' title='bbox 568 666 724 731; x_wconf 91' lang='lat' dir='ltr'>inde</span> <span class='ocrx_word' id='word_1_18' title='bbox 803 666 1110 732; x_wconf 90' lang='lat' dir='ltr'>docemur</span> <span class='ocrx_word' id='word_1_19' title='bbox 1189 687 1412 733; x_wconf 89' lang='lat' dir='ltr'>coram</span> <span class='ocrx_word' id='word_1_20' title='bbox 1473 667 1615 734; x_wconf 93' lang='lat' dir='ltr'>Deo</span> <span class='ocrx_word' id='word_1_21' title='bbox 1695 690 1811 734; x_wconf 91' lang='lat' dir='ltr'>nos</span> <span class='ocrx_word' id='word_1_22' title='bbox 1879 669 2155 737; x_wconf 89' lang='lat' dir='ltr'>deiicere</span> <span class='ocrx_word' id='word_1_23' title='bbox 2234 679 2300 736; x_wconf 88' lang='lat' dir='ltr'>et</span> 
     </span>
     <span class='ocr_line' id='line_1_5' title="bbox 350 752 2294 840; baseline 0.001 -22"><span class='ocrx_word' id='word_1_24' title='bbox 350 753 730 819; x_wconf 88' lang='lat' dir='ltr'>humiliare:</span> <span class='ocrx_word' id='word_1_25' title='bbox 769 762 846 817; x_wconf 93' lang='lat' dir='ltr'>ut</span> <span class='ocrx_word' id='word_1_26' title='bbox 881 754 936 817; x_wconf 93' lang='lat' dir='ltr'>si</span> <span class='ocrx_word' id='word_1_27' title='bbox 976 774 1093 818; x_wconf 94' lang='lat' dir='ltr'>nos</span> <span class='ocrx_word' id='word_1_28' title='bbox 1128 752 1197 817; x_wconf 91' lang='lat' dir='ltr'>in</span> <span class='ocrx_word' id='word_1_29' title='bbox 1236 752 1518 836; x_wconf 77' lang='lat' dir='ltr'><strong>aliquam</strong></span> <span class='ocrx_word' id='word_1_30' title='bbox 1557 754 1942 837; x_wconf 88' lang='lat' dir='ltr'>dignitatem</span> <span class='ocrx_word' id='word_1_31' title='bbox 1981 756 2294 840; x_wconf 77' lang='lat' dir='ltr'>evexerit,</span> 
     </span>
    </p>
   </div>
   <div class='ocr_carea' id='block_1_3' title="bbox 349 837 2352 1011">
    <p class='ocr_par' dir='ltr' id='par_1_3' title="bbox 349 837 2352 1011">
     <span class='ocr_line' id='line_1_6' title="bbox 350 837 2352 935; baseline 0.001 -31"><span class='ocrx_word' id='word_1_32' title='bbox 350 841 417 904; x_wconf 92' lang='lat' dir='ltr'>in</span> <span class='ocrx_word' id='word_1_33' title='bbox 465 839 669 922; x_wconf 91' lang='lat' dir='ltr'>ipsius</span> <span class='ocrx_word' id='word_1_34' title='bbox 729 840 964 903; x_wconf 84' lang='lat' dir='ltr'>timore</span> <span class='ocrx_word' id='word_1_35' title='bbox 1023 837 1453 921; x_wconf 90' lang='lat' dir='ltr'>ambulemus,</span> <span class='ocrx_word' id='word_1_36' title='bbox 1520 848 1587 904; x_wconf 92' lang='lat' dir='ltr'>et</span> <span class='ocrx_word' id='word_1_37' title='bbox 1639 838 1955 922; x_wconf 89' lang='lat' dir='ltr'>quidquid</span> <span class='ocrx_word' id='word_1_38' title='bbox 2017 842 2097 906; x_wconf 90' lang='lat' dir='ltr'>ab</span> <span class='ocrx_word' id='word_1_39' title='bbox 2154 844 2296 924; x_wconf 89' lang='lat' dir='ltr'>ipso</span> <span class='ocrx_word' id='word_1_40' title='bbox 2345 860 2352 935; x_wconf 63' lang='lat' dir='ltr'><strong>j</strong></span> 
     </span>
     <span class='ocr_line' id='line_1_7' title="bbox 349 922 2351 1011; baseline -0 -19"><span class='ocrx_word' id='word_1_41' title='bbox 349 924 739 1007; x_wconf 89' lang='lat' dir='ltr'>accepimus,</span> <span class='ocrx_word' id='word_1_42' title='bbox 807 933 1014 987; x_wconf 87' lang='lat' dir='ltr'>totum</span> <span class='ocrx_word' id='word_1_43' title='bbox 1083 923 1212 1005; x_wconf 91' lang='lat' dir='ltr'>ipsi</span> <span class='ocrx_word' id='word_1_44' title='bbox 1268 922 1658 1004; x_wconf 89' lang='lat' dir='ltr'>dedicemus,</span> <span class='ocrx_word' id='word_1_45' title='bbox 1717 945 2170 992; x_wconf 85' lang='lat' dir='ltr'>consecremus</span> <span class='ocrx_word' id='word_1_46' title='bbox 2229 937 2298 991; x_wconf 91' lang='lat' dir='ltr'>et</span> <span class='ocrx_word' id='word_1_47' title='bbox 2346 946 2351 1011; x_wconf 71' lang='grc' dir='ltr'><strong>ς</strong></span> 
     </span>
    </p>
   </div>
   <div class='ocr_carea' id='block_1_4' title="bbox 323 1009 2294 5271">
    <p class='ocr_par' dir='ltr' id='par_1_4' title="bbox 331 1009 2294 3225">
     <span class='ocr_line' id='line_1_8' title="bbox 347 1009 2293 1094; baseline 0.001 -21"><span class='ocrx_word' id='word_1_48' title='bbox 347 1010 840 1094; x_wconf 85' lang='lat' dir='ltr'>permittamus:</span> <span class='ocrx_word' id='word_1_49' title='bbox 889 1028 1306 1092; x_wconf 89' lang='lat' dir='ltr'>summopere</span> <span class='ocrx_word' id='word_1_50' title='bbox 1350 1020 1658 1075; x_wconf 77' lang='lat' dir='ltr'>caventes</span> <span class='ocrx_word' id='word_1_51' title='bbox 1701 1031 1787 1075; x_wconf 92' lang='lat' dir='ltr'>ne</span> <span class='ocrx_word' id='word_1_52' title='bbox 1833 1009 2103 1077; x_wconf 83' lang='lat' dir='ltr'>Saulem</span> <span class='ocrx_word' id='word_1_53' title='bbox 2150 1013 2293 1076; x_wconf 89' lang='lat' dir='ltr'>imi·</span> 
     </span>
     <span class='ocr_line' id='line_1_9' title="bbox 346 1093 2294 1179; baseline -0.001 -17"><span class='ocrx_word' id='word_1_54' title='bbox 346 1110 584 1176; x_wconf 89' lang='lat' dir='ltr'>temur,</span> <span class='ocrx_word' id='word_1_55' title='bbox 626 1094 834 1159; x_wconf 88' lang='lat' dir='ltr'>invito</span> <span class='ocrx_word' id='word_1_56' title='bbox 857 1093 1147 1158; x_wconf 91' lang='lat' dir='ltr'>Domino</span> <span class='ocrx_word' id='word_1_57' title='bbox 1186 1094 1471 1159; x_wconf 90' lang='lat' dir='ltr'>retinere</span> <span class='ocrx_word' id='word_1_58' title='bbox 1494 1094 1785 1161; x_wconf 86' lang='lat' dir='ltr'>volentes</span> <span class='ocrx_word' id='word_1_59' title='bbox 1819 1097 1994 1179; x_wconf 90' lang='lat' dir='ltr'>quod</span> <span class='ocrx_word' id='word_1_60' title='bbox 2035 1105 2294 1162; x_wconf 91' lang='lat' dir='ltr'>tantum</span> 
     </span>
     <span class='ocr_line' id='line_1_10' title="bbox 348 1179 2292 1263; baseline -0.001 -16"><span class='ocrx_word' id='word_1_61' title='bbox 348 1182 429 1247; x_wconf 91' lang='lat' dir='ltr'>ad</span> <span class='ocrx_word' id='word_1_62' title='bbox 478 1192 739 1263; x_wconf 89' lang='lat' dir='ltr'>tempus</span> <span class='ocrx_word' id='word_1_63' title='bbox 781 1180 1060 1263; x_wconf 87' lang='lat' dir='ltr'>largitus</span> <span class='ocrx_word' id='word_1_64' title='bbox 1106 1192 1222 1244; x_wconf 87' lang='lat' dir='ltr'>est.</span> <span class='ocrx_word' id='word_1_65' title='bbox 1313 1179 1538 1260; x_wconf 79' lang='lat' dir='ltr'>Quare</span> <span class='ocrx_word' id='word_1_66' title='bbox 1598 1179 1772 1244; x_wconf 92' lang='lat' dir='ltr'>enim</span> <span class='ocrx_word' id='word_1_67' title='bbox 1820 1180 2085 1248; x_wconf 89' lang='lat' dir='ltr'>obsecro</span> <span class='ocrx_word' id='word_1_68' title='bbox 2132 1181 2292 1249; x_wconf 87' lang='lat' dir='ltr'>Saul</span> 
     </span>
     <span class='ocr_line' id='line_1_11' title="bbox 348 1264 2293 1349; baseline -0.001 -16"><span class='ocrx_word' id='word_1_69' title='bbox 348 1265 673 1333; x_wconf 78' lang='lat' dir='ltr'>Davidem</span> <span class='ocrx_word' id='word_1_70' title='bbox 739 1265 990 1329; x_wconf 85' lang='lat' dir='ltr'>tamdiu</span> <span class='ocrx_word' id='word_1_71' title='bbox 1051 1272 1235 1329; x_wconf 90' lang='lat' dir='ltr'>tanto</span> <span class='ocrx_word' id='word_1_72' title='bbox 1298 1264 1447 1330; x_wconf 92' lang='lat' dir='ltr'>odio</span> <span class='ocrx_word' id='word_1_73' title='bbox 1505 1278 1604 1331; x_wconf 91' lang='lat' dir='ltr'>est</span> <span class='ocrx_word' id='word_1_74' title='bbox 1665 1277 2117 1349; x_wconf 89' lang='lat' dir='ltr'>persequutus,</span> <span class='ocrx_word' id='word_1_75' title='bbox 2164 1269 2293 1334; x_wconf 92' lang='lat' dir='ltr'>nisi</span> 
     </span>
     <span class='ocr_line' id='line_1_12' title="bbox 348 1349 2294 1436; baseline 0.001 -19"><span class='ocrx_word' id='word_1_76' title='bbox 348 1350 520 1436; x_wconf 93' lang='lat' dir='ltr'>quod</span> <span class='ocrx_word' id='word_1_77' title='bbox 565 1350 738 1415; x_wconf 72' lang='lat' dir='ltr'>serre</span> <span class='ocrx_word' id='word_1_78' title='bbox 783 1371 913 1414; x_wconf 94' lang='lat' dir='ltr'>non</span> <span class='ocrx_word' id='word_1_79' title='bbox 962 1350 1177 1432; x_wconf 89' lang='lat' dir='ltr'>potuit</span> <span class='ocrx_word' id='word_1_80' title='bbox 1220 1349 1350 1414; x_wconf 93' lang='lat' dir='ltr'>Dei</span> <span class='ocrx_word' id='word_1_81' title='bbox 1393 1351 1726 1429; x_wconf 86' lang='lat' dir='ltr'>iudicium,</span> <span class='ocrx_word' id='word_1_82' title='bbox 1792 1353 1979 1417; x_wconf 90' lang='lat' dir='ltr'>cuius</span> <span class='ocrx_word' id='word_1_83' title='bbox 2037 1352 2294 1419; x_wconf 90' lang='lat' dir='ltr'>decreto</span> 
     </span>
     <span class='ocr_line' id='line_1_13' title="bbox 350 1434 2291 1518; baseline -0.001 -15"><span class='ocrx_word' id='word_1_84' title='bbox 350 1436 686 1503; x_wconf 88' lang='lat' dir='ltr'>humiliari</span> <span class='ocrx_word' id='word_1_85' title='bbox 742 1436 960 1518; x_wconf 87' lang='lat' dir='ltr'>ipsum</span> <span class='ocrx_word' id='word_1_86' title='bbox 1016 1434 1401 1517; x_wconf 82' lang='lat' dir='ltr'>oportebat?</span> <span class='ocrx_word' id='word_1_87' title='bbox 1500 1437 1591 1501; x_wconf 84' lang='lat' dir='ltr'>Et</span> <span class='ocrx_word' id='word_1_88' title='bbox 1650 1443 1871 1501; x_wconf 91' lang='lat' dir='ltr'>tamen</span> <span class='ocrx_word' id='word_1_89' title='bbox 1917 1437 2102 1502; x_wconf 92' lang='lat' dir='ltr'>Deus</span> <span class='ocrx_word' id='word_1_90' title='bbox 2162 1459 2291 1502; x_wconf 94' lang='lat' dir='ltr'>non</span> 
     </span>
     <span class='ocr_line' id='line_1_14' title="bbox 347 1519 2291 1606; baseline 0.001 -18"><span class='ocrx_word' id='word_1_91' title='bbox 347 1520 714 1605; x_wconf 80' lang='lat' dir='ltr'>exponebat</span> <span class='ocrx_word' id='word_1_92' title='bbox 756 1542 906 1585; x_wconf 91' lang='lat' dir='ltr'>eum</span> <span class='ocrx_word' id='word_1_93' title='bbox 954 1520 1240 1585; x_wconf 89' lang='lat' dir='ltr'>hostium</span> <span class='ocrx_word' id='word_1_94' title='bbox 1287 1519 1586 1600; x_wconf 89' lang='lat' dir='ltr'>ludibrio,</span> <span class='ocrx_word' id='word_1_95' title='bbox 1646 1520 1760 1585; x_wconf 92' lang='lat' dir='ltr'>sed</span> <span class='ocrx_word' id='word_1_96' title='bbox 1818 1522 2108 1604; x_wconf 82' lang='lat' dir='ltr'>quietam</span> <span class='ocrx_word' id='word_1_97' title='bbox 2166 1524 2291 1606; x_wconf 91' lang='lat' dir='ltr'>ipsi</span> 
     </span>
     <span class='ocr_line' id='line_1_15' title="bbox 346 1604 2294 1692; baseline 0.001 -19"><span class='ocrx_word' id='word_1_98' title='bbox 346 1609 537 1692; x_wconf 89' lang='lat' dir='ltr'>regni</span> <span class='ocrx_word' id='word_1_99' title='bbox 563 1607 1032 1690; x_wconf 90' lang='lat' dir='ltr'>possessionem</span> <span class='ocrx_word' id='word_1_100' title='bbox 1071 1606 1481 1689; x_wconf 86' lang='lat' dir='ltr'>permittens,</span> <span class='ocrx_word' id='word_1_101' title='bbox 1527 1604 1851 1670; x_wconf 79' lang='lat' dir='ltr'>Davidem</span> <span class='ocrx_word' id='word_1_102' title='bbox 1899 1606 1997 1672; x_wconf 92' lang='lat' dir='ltr'>illi</span> <span class='ocrx_word' id='word_1_103' title='bbox 2043 1629 2294 1674; x_wconf 89' lang='lat' dir='ltr'>succes-</span> 
     </span>
     <span class='ocr_line' id='line_1_16' title="bbox 342 1689 2290 1775; baseline -0.001 -15"><span class='ocrx_word' id='word_1_104' title='bbox 342 1714 556 1760; x_wconf 93' lang='lat' dir='ltr'>sorem</span> <span class='ocrx_word' id='word_1_105' title='bbox 604 1692 1006 1774; x_wconf 78' lang='lat' dir='ltr'>designabat.</span> <span class='ocrx_word' id='word_1_106' title='bbox 1097 1689 1231 1757; x_wconf 82' lang='lat' dir='ltr'>Sed</span> <span class='ocrx_word' id='word_1_107' title='bbox 1278 1702 1665 1775; x_wconf 81' lang='lat' dir='ltr'>arroganter</span> <span class='ocrx_word' id='word_1_108' title='bbox 1708 1692 1812 1756; x_wconf 92' lang='lat' dir='ltr'>isti</span> <span class='ocrx_word' id='word_1_109' title='bbox 1857 1691 1984 1757; x_wconf 89' lang='lat' dir='ltr'>Dei</span> <span class='ocrx_word' id='word_1_110' title='bbox 2031 1693 2290 1759; x_wconf 89' lang='lat' dir='ltr'>decreto</span> 
     </span>
     <span class='ocr_line' id='line_1_17' title="bbox 342 1776 2290 1860; baseline -0.001 -16"><span class='ocrx_word' id='word_1_111' title='bbox 342 1778 612 1860; x_wconf 80' lang='lat' dir='ltr'>resistit,</span> <span class='ocrx_word' id='word_1_112' title='bbox 654 1787 723 1841; x_wconf 89' lang='lat' dir='ltr'>et</span> <span class='ocrx_word' id='word_1_113' title='bbox 780 1776 1203 1859; x_wconf 76' lang='lat' dir='ltr'>pertinaciter</span> <span class='ocrx_word' id='word_1_114' title='bbox 1261 1787 1554 1842; x_wconf 89' lang='lat' dir='ltr'>evertere</span> <span class='ocrx_word' id='word_1_115' title='bbox 1614 1777 1881 1842; x_wconf 89' lang='lat' dir='ltr'>nititur:</span> <span class='ocrx_word' id='word_1_116' title='bbox 1949 1799 2146 1860; x_wconf 89' lang='lat' dir='ltr'>quam</span> <span class='ocrx_word' id='word_1_117' title='bbox 2207 1778 2290 1842; x_wconf 91' lang='lat' dir='ltr'>ob</span> 
     </span>
     <span class='ocr_line' id='line_1_18' title="bbox 342 1862 2289 1945; baseline -0.001 -14"><span class='ocrx_word' id='word_1_118' title='bbox 342 1884 605 1932; x_wconf 89' lang='lat' dir='ltr'>causam</span> <span class='ocrx_word' id='word_1_119' title='bbox 662 1863 879 1945; x_wconf 91' lang='lat' dir='ltr'>ipsum</span> <span class='ocrx_word' id='word_1_120' title='bbox 943 1862 1240 1945; x_wconf 91' lang='lat' dir='ltr'>oportuit</span> <span class='ocrx_word' id='word_1_121' title='bbox 1292 1862 1561 1928; x_wconf 88' lang='lat' dir='ltr'>meritas</span> <span class='ocrx_word' id='word_1_122' title='bbox 1619 1883 1775 1927; x_wconf 87' lang='lat' dir='ltr'>suae</span> <span class='ocrx_word' id='word_1_123' title='bbox 1839 1865 2289 1929; x_wconf 88' lang='lat' dir='ltr'>contumaciae</span> 
     </span>
     <span class='ocr_line' id='line_1_19' title="bbox 342 1946 2286 2034; baseline 0.001 -21"><span class='ocrx_word' id='word_1_124' title='bbox 342 1969 587 2034; x_wconf 89' lang='lat' dir='ltr'>poenas</span> <span class='ocrx_word' id='word_1_125' title='bbox 646 1947 847 2012; x_wconf 91' lang='lat' dir='ltr'>luere.</span> <span class='ocrx_word' id='word_1_126' title='bbox 936 1946 1074 2012; x_wconf 89' lang='lat' dir='ltr'>Nos</span> <span class='ocrx_word' id='word_1_127' title='bbox 1132 1947 1335 2030; x_wconf 87' lang='lat' dir='ltr'>igitur</span> <span class='ocrx_word' id='word_1_128' title='bbox 1395 1948 1516 2012; x_wconf 90' lang='lat' dir='ltr'>hoc</span> <span class='ocrx_word' id='word_1_129' title='bbox 1576 1948 1877 2030; x_wconf 87' lang='lat' dir='ltr'>exemplo</span> <span class='ocrx_word' id='word_1_130' title='bbox 1942 1951 2111 2014; x_wconf 91' lang='lat' dir='ltr'>docti</span> <span class='ocrx_word' id='word_1_131' title='bbox 2158 1947 2286 2014; x_wconf 93' lang='lat' dir='ltr'>dis·</span> 
     </span>
     <span class='ocr_line' id='line_1_20' title="bbox 342 2030 2288 2117; baseline -0.001 -17"><span class='ocrx_word' id='word_1_132' title='bbox 342 2056 566 2101; x_wconf 90' lang='lat' dir='ltr'>camus</span> <span class='ocrx_word' id='word_1_133' title='bbox 609 2032 754 2096; x_wconf 93' lang='lat' dir='ltr'>Deo</span> <span class='ocrx_word' id='word_1_134' title='bbox 820 2033 1200 2114; x_wconf 87' lang='lat' dir='ltr'>permittere</span> <span class='ocrx_word' id='word_1_135' title='bbox 1255 2030 1425 2114; x_wconf 90' lang='lat' dir='ltr'>quod</span> <span class='ocrx_word' id='word_1_136' title='bbox 1486 2034 1674 2097; x_wconf 89' lang='lat' dir='ltr'>nobis</span> <span class='ocrx_word' id='word_1_137' title='bbox 1734 2033 2015 2117; x_wconf 89' lang='lat' dir='ltr'>largitus</span> <span class='ocrx_word' id='word_1_138' title='bbox 2071 2035 2288 2113; x_wconf 87' lang='lat' dir='ltr'>fuerit,</span> 
     </span>
     <span class='ocr_line' id='line_1_21' title="bbox 342 2115 2286 2203; baseline 0 -18"><span class='ocrx_word' id='word_1_139' title='bbox 342 2119 859 2203; x_wconf 89' lang='lat' dir='ltr'>quotiescunque</span> <span class='ocrx_word' id='word_1_140' title='bbox 903 2117 1067 2181; x_wconf 91' lang='lat' dir='ltr'>illud</span> <span class='ocrx_word' id='word_1_141' title='bbox 1112 2115 1400 2182; x_wconf 88' lang='lat' dir='ltr'>adimere</span> <span class='ocrx_word' id='word_1_142' title='bbox 1447 2116 1633 2183; x_wconf 88' lang='lat' dir='ltr'>nobis</span> <span class='ocrx_word' id='word_1_143' title='bbox 1681 2118 2035 2201; x_wconf 87' lang='lat' dir='ltr'>placuerit:</span> <span class='ocrx_word' id='word_1_144' title='bbox 2094 2139 2171 2185; x_wconf 88' lang='lat' dir='ltr'>ac</span> <span class='ocrx_word' id='word_1_145' title='bbox 2231 2120 2286 2185; x_wconf 94' lang='lat' dir='ltr'>si</span> 
     </span>
     <span class='ocr_line' id='line_1_22' title="bbox 340 2201 2289 2287; baseline -0.001 -17"><span class='ocrx_word' id='word_1_146' title='bbox 340 2206 413 2270; x_wconf 92' lang='lat' dir='ltr'>in</span> <span class='ocrx_word' id='word_1_147' title='bbox 458 2205 745 2287; x_wconf 85' lang='lat' dir='ltr'>aliquam</span> <span class='ocrx_word' id='word_1_148' title='bbox 794 2201 1176 2281; x_wconf 83' lang='lat' dir='ltr'>dignitatem</span> <span class='ocrx_word' id='word_1_149' title='bbox 1223 2223 1343 2267; x_wconf 93' lang='lat' dir='ltr'>nos</span> <span class='ocrx_word' id='word_1_150' title='bbox 1390 2204 1704 2282; x_wconf 79' lang='lat' dir='ltr'>evexerit,</span> <span class='ocrx_word' id='word_1_151' title='bbox 1767 2225 1851 2269; x_wconf 90' lang='lat' dir='ltr'>ne</span> <span class='ocrx_word' id='word_1_152' title='bbox 1910 2205 2289 2286; x_wconf 84' lang='lat' dir='ltr'>arrogantia</span> 
     </span>
     <span class='ocr_line' id='line_1_23' title="bbox 340 2287 2287 2374; baseline -0.002 -18"><span class='ocrx_word' id='word_1_153' title='bbox 340 2303 758 2374; x_wconf 88' lang='lat' dir='ltr'>turgeamus:</span> <span class='ocrx_word' id='word_1_154' title='bbox 841 2287 952 2351; x_wconf 90' lang='lat' dir='ltr'>sed</span> <span class='ocrx_word' id='word_1_155' title='bbox 1034 2295 1327 2353; x_wconf 87' lang='lat' dir='ltr'>nostram</span> <span class='ocrx_word' id='word_1_156' title='bbox 1407 2291 1623 2369; x_wconf 88' lang='lat' dir='ltr'>potius</span> <span class='ocrx_word' id='word_1_157' title='bbox 1702 2287 2142 2353; x_wconf 89' lang='lat' dir='ltr'>conditionem</span> <span class='ocrx_word' id='word_1_158' title='bbox 2222 2298 2287 2353; x_wconf 91' lang='lat' dir='ltr'>et</span> 
     </span>
     <span class='ocr_line' id='line_1_24' title="bbox 340 2373 2288 2456; baseline -0.001 -16"><span class='ocrx_word' id='word_1_159' title='bbox 340 2390 616 2440; x_wconf 87' lang='lat' dir='ltr'>naturae</span> <span class='ocrx_word' id='word_1_160' title='bbox 671 2373 1092 2456; x_wconf 84' lang='lat' dir='ltr'>fragilitatem</span> <span class='ocrx_word' id='word_1_161' title='bbox 1153 2373 1223 2436; x_wconf 91' lang='lat' dir='ltr'>in</span> <span class='ocrx_word' id='word_1_162' title='bbox 1292 2373 1674 2437; x_wconf 87' lang='lat' dir='ltr'>memoriam</span> <span class='ocrx_word' id='word_1_163' title='bbox 1737 2394 2154 2440; x_wconf 73' lang='lat' dir='ltr'>revocemus:</span> <span class='ocrx_word' id='word_1_164' title='bbox 2221 2384 2288 2439; x_wconf 87' lang='lat' dir='ltr'>et</span> 
     </span>
     <span class='ocr_line' id='line_1_25' title="bbox 339 2457 2285 2543; baseline 0.001 -19"><span class='ocrx_word' id='word_1_165' title='bbox 339 2461 847 2543; x_wconf 87' lang='lat' dir='ltr'>quotiescunque</span> <span class='ocrx_word' id='word_1_166' title='bbox 907 2460 1121 2523; x_wconf 88' lang='lat' dir='ltr'>visum</span> <span class='ocrx_word' id='word_1_167' title='bbox 1184 2457 1330 2522; x_wconf 87' lang='lat' dir='ltr'>Deo</span> <span class='ocrx_word' id='word_1_168' title='bbox 1403 2458 1601 2522; x_wconf 83' lang='lat' dir='ltr'>fuerit</span> <span class='ocrx_word' id='word_1_169' title='bbox 1670 2479 1789 2522; x_wconf 91' lang='lat' dir='ltr'>nos</span> <span class='ocrx_word' id='word_1_170' title='bbox 1855 2458 2133 2524; x_wconf 90' lang='lat' dir='ltr'>deiicere</span> <span class='ocrx_word' id='word_1_171' title='bbox 2201 2482 2285 2525; x_wconf 92' lang='lat' dir='ltr'>ne</span> 
     </span>
     <span class='ocr_line' id='line_1_26' title="bbox 340 2542 2286 2627; baseline 0 -16"><span class='ocrx_word' id='word_1_172' title='bbox 340 2546 755 2611; x_wconf 86' lang='lat' dir='ltr'>reluctemur.</span> <span class='ocrx_word' id='word_1_173' title='bbox 882 2542 1231 2608; x_wconf 86' lang='lat' dir='ltr'>Caeterum</span> <span class='ocrx_word' id='word_1_174' title='bbox 1312 2544 1421 2607; x_wconf 89' lang='lat' dir='ltr'>hic</span> <span class='ocrx_word' id='word_1_175' title='bbox 1504 2553 1816 2625; x_wconf 85' lang='lat' dir='ltr'>tanquam</span> <span class='ocrx_word' id='word_1_176' title='bbox 1891 2546 1956 2608; x_wconf 94' lang='lat' dir='ltr'>in</span> <span class='ocrx_word' id='word_1_177' title='bbox 2022 2545 2286 2627; x_wconf 89' lang='lat' dir='ltr'>speculo</span> 
     </span>
     <span class='ocr_line' id='line_1_27' title="bbox 336 2627 2287 2710; baseline 0 -16"><span class='ocrx_word' id='word_1_178' title='bbox 336 2632 491 2697; x_wconf 89' lang='lat' dir='ltr'>licet</span> <span class='ocrx_word' id='word_1_179' title='bbox 548 2629 795 2693; x_wconf 89' lang='lat' dir='ltr'>intueri</span> <span class='ocrx_word' id='word_1_180' title='bbox 852 2628 1141 2693; x_wconf 86' lang='lat' dir='ltr'>divinam</span> <span class='ocrx_word' id='word_1_181' title='bbox 1203 2627 1583 2705; x_wconf 85' lang='lat' dir='ltr'>vindictam,</span> <span class='ocrx_word' id='word_1_182' title='bbox 1644 2627 1957 2710; x_wconf 88' lang='lat' dir='ltr'>superbos</span> <span class='ocrx_word' id='word_1_183' title='bbox 2002 2643 2068 2694; x_wconf 91' lang='lat' dir='ltr'>et</span> <span class='ocrx_word' id='word_1_184' title='bbox 2112 2651 2287 2695; x_wconf 83' lang='lat' dir='ltr'>arro-</span> 
     </span>
     <span class='ocr_line' id='line_1_28' title="bbox 336 2712 2285 2801; baseline 0 -21"><span class='ocrx_word' id='word_1_185' title='bbox 336 2726 568 2801; x_wconf 86' lang='lat' dir='ltr'>gantes</span> <span class='ocrx_word' id='word_1_186' title='bbox 626 2724 695 2777; x_wconf 94' lang='lat' dir='ltr'>et</span> <span class='ocrx_word' id='word_1_187' title='bbox 750 2713 1067 2777; x_wconf 88' lang='lat' dir='ltr'>adversus</span> <span class='ocrx_word' id='word_1_188' title='bbox 1126 2714 1345 2795; x_wconf 90' lang='lat' dir='ltr'>ipsum</span> <span class='ocrx_word' id='word_1_189' title='bbox 1394 2714 1814 2797; x_wconf 86' lang='lat' dir='ltr'>insurgentes</span> <span class='ocrx_word' id='word_1_190' title='bbox 1852 2712 2285 2796; x_wconf 89' lang='lat' dir='ltr'>deiicientem,</span> 
     </span>
     <span class='ocr_line' id='line_1_29' title="bbox 335 2798 2282 2881; baseline -0.002 -14"><span class='ocrx_word' id='word_1_191' title='bbox 335 2814 404 2867; x_wconf 91' lang='lat' dir='ltr'>et</span> <span class='ocrx_word' id='word_1_192' title='bbox 446 2802 540 2865; x_wconf 91' lang='lat' dir='ltr'>ita</span> <span class='ocrx_word' id='word_1_193' title='bbox 584 2798 958 2864; x_wconf 89' lang='lat' dir='ltr'>domantem</span> <span class='ocrx_word' id='word_1_194' title='bbox 1005 2809 1079 2862; x_wconf 90' lang='lat' dir='ltr'>ut</span> <span class='ocrx_word' id='word_1_195' title='bbox 1121 2818 1239 2863; x_wconf 92' lang='lat' dir='ltr'>suo</span> <span class='ocrx_word' id='word_1_196' title='bbox 1283 2799 1573 2881; x_wconf 89' lang='lat' dir='ltr'>periculo</span> <span class='ocrx_word' id='word_1_197' title='bbox 1620 2798 1873 2864; x_wconf 81' lang='lat' dir='ltr'>discant</span> <span class='ocrx_word' id='word_1_198' title='bbox 1925 2800 2282 2864; x_wconf 88' lang='lat' dir='ltr'>humanam</span> 
     </span>
     <span class='ocr_line' id='line_1_30' title="bbox 340 2883 2283 2966; baseline -0.002 -12"><span class='ocrx_word' id='word_1_199' title='bbox 340 2884 797 2954; x_wconf 89' lang='lat' dir='ltr'>excellentiam</span> <span class='ocrx_word' id='word_1_200' title='bbox 847 2883 1009 2947; x_wconf 89' lang='lat' dir='ltr'>nihil</span> <span class='ocrx_word' id='word_1_201' title='bbox 1056 2903 1200 2948; x_wconf 90' lang='lat' dir='ltr'>esse</span> <span class='ocrx_word' id='word_1_202' title='bbox 1246 2904 1463 2947; x_wconf 87' lang='lat' dir='ltr'>coram</span> <span class='ocrx_word' id='word_1_203' title='bbox 1513 2884 1672 2959; x_wconf 89' lang='lat' dir='ltr'>Deo,</span> <span class='ocrx_word' id='word_1_204' title='bbox 1734 2885 1846 2965; x_wconf 88' lang='lat' dir='ltr'>qui</span> <span class='ocrx_word' id='word_1_205' title='bbox 1908 2885 2283 2966; x_wconf 83' lang='lat' dir='ltr'>potentissi-</span> 
     </span>
     <span class='ocr_line' id='line_1_31' title="bbox 333 2967 2283 3053; baseline -0.002 -15"><span class='ocrx_word' id='word_1_206' title='bbox 333 2993 481 3038; x_wconf 90' lang='lat' dir='ltr'>mos</span> <span class='ocrx_word' id='word_1_207' title='bbox 527 2990 818 3053; x_wconf 90' lang='lat' dir='ltr'>quosque</span> <span class='ocrx_word' id='word_1_208' title='bbox 861 2970 955 3034; x_wconf 92' lang='lat' dir='ltr'>sic</span> <span class='ocrx_word' id='word_1_209' title='bbox 1001 2967 1236 3044; x_wconf 90' lang='lat' dir='ltr'>deiicit,</span> <span class='ocrx_word' id='word_1_210' title='bbox 1296 2978 1362 3032; x_wconf 90' lang='lat' dir='ltr'>et</span> <span class='ocrx_word' id='word_1_211' title='bbox 1416 2969 1484 3032; x_wconf 92' lang='lat' dir='ltr'>in</span> <span class='ocrx_word' id='word_1_212' title='bbox 1544 2976 1794 3033; x_wconf 88' lang='lat' dir='ltr'>tantam</span> <span class='ocrx_word' id='word_1_213' title='bbox 1852 2971 2283 3053; x_wconf 88' lang='lat' dir='ltr'>ignominiam</span> 
     </span>
     <span class='ocr_line' id='line_1_32' title="bbox 332 3052 2283 3138; baseline 0 -16"><span class='ocrx_word' id='word_1_214' title='bbox 332 3058 615 3133; x_wconf 87' lang='lat' dir='ltr'>coniicit,</span> <span class='ocrx_word' id='word_1_215' title='bbox 684 3065 758 3118; x_wconf 88' lang='lat' dir='ltr'>ut</span> <span class='ocrx_word' id='word_1_216' title='bbox 822 3052 1056 3118; x_wconf 90' lang='lat' dir='ltr'>melius</span> <span class='ocrx_word' id='word_1_217' title='bbox 1122 3074 1269 3118; x_wconf 89' lang='lat' dir='ltr'>cum</span> <span class='ocrx_word' id='word_1_218' title='bbox 1327 3056 1484 3135; x_wconf 91' lang='lat' dir='ltr'>ipsis</span> <span class='ocrx_word' id='word_1_219' title='bbox 1540 3063 1758 3120; x_wconf 91' lang='lat' dir='ltr'>actum</span> <span class='ocrx_word' id='word_1_220' title='bbox 1829 3054 2163 3138; x_wconf 85' lang='lat' dir='ltr'>videatur,</span> <span class='ocrx_word' id='word_1_221' title='bbox 2228 3057 2283 3122; x_wconf 92' lang='lat' dir='ltr'>si</span> 
     </span>
     <span class='ocr_line' id='line_1_33' title="bbox 331 3140 1845 3225; baseline -0.009 -17"><span class='ocrx_word' id='word_1_222' title='bbox 331 3154 672 3225; x_wconf 83' lang='lat' dir='ltr'>nunquam</span> <span class='ocrx_word' id='word_1_223' title='bbox 718 3140 855 3203; x_wconf 85' lang='lat' dir='ltr'>nati</span> <span class='ocrx_word' id='word_1_224' title='bbox 903 3149 1141 3204; x_wconf 91' lang='lat' dir='ltr'>essent.</span> <span class='ocrx_word' id='word_1_225' title='bbox 1836 3187 1845 3195; x_wconf 91' lang='lat'>.</span> 
     </span>
    </p>

    <p class='ocr_par' dir='ltr' id='par_1_5' title="bbox 323 3223 2285 5271">
     <span class='ocr_line' id='line_1_34' title="bbox 506 3223 2282 3309; baseline -0.001 -18"><span class='ocrx_word' id='word_1_226' title='bbox 506 3227 598 3291; x_wconf 84' lang='lat' dir='ltr'>Et</span> <span class='ocrx_word' id='word_1_227' title='bbox 644 3224 723 3288; x_wconf 92' lang='lat' dir='ltr'>de</span> <span class='ocrx_word' id='word_1_228' title='bbox 772 3224 995 3291; x_wconf 85' lang='lat' dir='ltr'>Saulis</span> <span class='ocrx_word' id='word_1_229' title='bbox 1038 3224 1455 3306; x_wconf 83' lang='lat' dir='ltr'>filiorumque</span> <span class='ocrx_word' id='word_1_230' title='bbox 1498 3223 1708 3306; x_wconf 90' lang='lat' dir='ltr'>ipsius</span> <span class='ocrx_word' id='word_1_231' title='bbox 1752 3246 1834 3289; x_wconf 88' lang='lat' dir='ltr'>ex</span> <span class='ocrx_word' id='word_1_232' title='bbox 1882 3244 2075 3290; x_wconf 90' lang='lat' dir='ltr'>muro</span> <span class='ocrx_word' id='word_1_233' title='bbox 2119 3246 2282 3309; x_wconf 92' lang='lat' dir='ltr'>pen-</span> 
     </span>
     <span class='ocr_line' id='line_1_35' title="bbox 334 3309 2283 3393; baseline -0.001 -15"><span class='ocrx_word' id='word_1_234' title='bbox 334 3312 640 3378; x_wconf 84' lang='lat' dir='ltr'>dentibus</span> <span class='ocrx_word' id='word_1_235' title='bbox 684 3309 1068 3392; x_wconf 88' lang='lat' dir='ltr'>corporibus</span> <span class='ocrx_word' id='word_1_236' title='bbox 1112 3309 1359 3374; x_wconf 90' lang='lat' dir='ltr'>dictum</span> <span class='ocrx_word' id='word_1_237' title='bbox 1399 3320 1573 3374; x_wconf 87' lang='lat' dir='ltr'>esto:</span> <span class='ocrx_word' id='word_1_238' title='bbox 1620 3309 1782 3374; x_wconf 87' lang='lat' dir='ltr'>illud</span> <span class='ocrx_word' id='word_1_239' title='bbox 1806 3310 2004 3374; x_wconf 91' lang='lat' dir='ltr'>etiam</span> <span class='ocrx_word' id='word_1_240' title='bbox 2042 3330 2283 3393; x_wconf 90' lang='lat' dir='ltr'>expen-</span> 
     </span>
     <span class='ocr_line' id='line_1_36' title="bbox 330 3393 2285 3477; baseline -0.001 -15"><span class='ocrx_word' id='word_1_241' title='bbox 330 3398 588 3474; x_wconf 86' lang='lat' dir='ltr'>damus,</span> <span class='ocrx_word' id='word_1_242' title='bbox 636 3394 805 3477; x_wconf 91' lang='lat' dir='ltr'>quod</span> <span class='ocrx_word' id='word_1_243' title='bbox 847 3393 1091 3460; x_wconf 85' lang='lat' dir='ltr'>diserte</span> <span class='ocrx_word' id='word_1_244' title='bbox 1127 3396 1554 3477; x_wconf 87' lang='lat' dir='ltr'>exprimitur:</span> <span class='ocrx_word' id='word_1_245' title='bbox 1602 3393 1986 3461; x_wconf 71' lang='lat' dir='ltr'>Philistaeos</span> <span class='ocrx_word' id='word_1_246' title='bbox 2018 3396 2285 3461; x_wconf 75' lang='lat' dir='ltr'>iussisse</span> 
     </span>
     <span class='ocr_line' id='line_1_37' title="bbox 330 3479 2282 3560; baseline -0.001 -12"><span class='ocrx_word' id='word_1_247' title='bbox 330 3484 484 3548; x_wconf 78' lang='lat' dir='ltr'>haec</span> <span class='ocrx_word' id='word_1_248' title='bbox 545 3481 922 3546; x_wconf 72' lang='lat' dir='ltr'>annuntiari</span> <span class='ocrx_word' id='word_1_249' title='bbox 988 3480 1062 3544; x_wconf 79' lang='lat' dir='ltr'>in</span> <span class='ocrx_word' id='word_1_250' title='bbox 1125 3479 1346 3560; x_wconf 76' lang='lat' dir='ltr'>templo</span> <span class='ocrx_word' id='word_1_251' title='bbox 1410 3480 1746 3545; x_wconf 77' lang='lat' dir='ltr'>idolorum.</span> <span class='ocrx_word' id='word_1_252' title='bbox 1835 3481 2044 3546; x_wconf 90' lang='lat' dir='ltr'>Porro</span> <span class='ocrx_word' id='word_1_253' title='bbox 2110 3481 2282 3546; x_wconf 88' lang='lat' dir='ltr'>idola</span> 
     </span>
     <span class='ocr_line' id='line_1_38' title="bbox 329 3565 2276 3651; baseline 0 -19"><span class='ocrx_word' id='word_1_254' title='bbox 329 3569 626 3651; x_wconf 84' lang='lat' dir='ltr'>ipsorum</span> <span class='ocrx_word' id='word_1_255' title='bbox 695 3566 797 3629; x_wconf 89' lang='lat' dir='ltr'>hic</span> <span class='ocrx_word' id='word_1_256' title='bbox 859 3565 1176 3629; x_wconf 84' lang='lat' dir='ltr'>Astaroth</span> <span class='ocrx_word' id='word_1_257' title='bbox 1246 3565 1691 3647; x_wconf 88' lang='lat' dir='ltr'>nominantur,</span> <span class='ocrx_word' id='word_1_258' title='bbox 1759 3587 1887 3647; x_wconf 92' lang='lat' dir='ltr'>qua</span> <span class='ocrx_word' id='word_1_259' title='bbox 1955 3586 2114 3632; x_wconf 90' lang='lat' dir='ltr'>voce</span> <span class='ocrx_word' id='word_1_260' title='bbox 2168 3565 2276 3631; x_wconf 89' lang='lat' dir='ltr'>de-</span> 
     </span>
     <span class='ocr_line' id='line_1_39' title="bbox 330 3648 2278 3736; baseline -0.001 -18"><span class='ocrx_word' id='word_1_261' title='bbox 330 3656 682 3736; x_wconf 89' lang='lat' dir='ltr'>signantur</span> <span class='ocrx_word' id='word_1_262' title='bbox 742 3651 966 3714; x_wconf 86' lang='lat' dir='ltr'>variae</span> <span class='ocrx_word' id='word_1_263' title='bbox 1026 3648 1411 3714; x_wconf 87' lang='lat' dir='ltr'>animalium</span> <span class='ocrx_word' id='word_1_264' title='bbox 1474 3652 1743 3733; x_wconf 87' lang='lat' dir='ltr'>figurae,</span> <span class='ocrx_word' id='word_1_265' title='bbox 1813 3663 1973 3734; x_wconf 87' lang='lat' dir='ltr'>puta</span> <span class='ocrx_word' id='word_1_266' title='bbox 2037 3653 2278 3734; x_wconf 91' lang='lat' dir='ltr'>ovium,</span> 
     </span>
     <span class='ocr_line' id='line_1_40' title="bbox 329 3736 2282 3818; baseline -0.002 -15"><span class='ocrx_word' id='word_1_267' title='bbox 329 3757 637 3803; x_wconf 90' lang='lat' dir='ltr'>ursorum</span> <span class='ocrx_word' id='word_1_268' title='bbox 696 3743 815 3800; x_wconf 92' lang='lat' dir='ltr'>aut</span> <span class='ocrx_word' id='word_1_269' title='bbox 868 3736 1158 3801; x_wconf 87' lang='lat' dir='ltr'>leonum:</span> <span class='ocrx_word' id='word_1_270' title='bbox 1230 3753 1389 3817; x_wconf 86' lang='lat' dir='ltr'>quas</span> <span class='ocrx_word' id='word_1_271' title='bbox 1445 3736 1693 3818; x_wconf 88' lang='lat' dir='ltr'>figuras</span> <span class='ocrx_word' id='word_1_272' title='bbox 1750 3737 2037 3818; x_wconf 88' lang='lat' dir='ltr'>ipsorum</span> <span class='ocrx_word' id='word_1_273' title='bbox 2105 3737 2282 3802; x_wconf 89' lang='lat' dir='ltr'>idola</span> 
     </span>
     <span class='ocr_line' id='line_1_41' title="bbox 330 3820 2280 3905; baseline -0.001 -17"><span class='ocrx_word' id='word_1_274' title='bbox 330 3823 640 3888; x_wconf 87' lang='lat' dir='ltr'>habuisse</span> <span class='ocrx_word' id='word_1_275' title='bbox 697 3831 798 3885; x_wconf 92' lang='lat' dir='ltr'>est</span> <span class='ocrx_word' id='word_1_276' title='bbox 857 3820 1236 3897; x_wconf 83' lang='lat' dir='ltr'>verisimile,</span> <span class='ocrx_word' id='word_1_277' title='bbox 1305 3830 1501 3903; x_wconf 89' lang='lat' dir='ltr'>prout</span> <span class='ocrx_word' id='word_1_278' title='bbox 1563 3820 1689 3885; x_wconf 89' lang='lat' dir='ltr'>sibi</span> <span class='ocrx_word' id='word_1_279' title='bbox 1757 3842 2051 3904; x_wconf 88' lang='lat' dir='ltr'>quaeque</span> <span class='ocrx_word' id='word_1_280' title='bbox 2116 3844 2280 3905; x_wconf 89' lang='lat' dir='ltr'>gens</span> 
     </span>
     <span class='ocr_line' id='line_1_42' title="bbox 328 3904 2277 3990; baseline -0.001 -16"><span class='ocrx_word' id='word_1_281' title='bbox 328 3908 623 3988; x_wconf 84' lang='lat' dir='ltr'>fingebat</span> <span class='ocrx_word' id='word_1_282' title='bbox 676 3927 755 3971; x_wconf 90' lang='lat' dir='ltr'>ex</span> <span class='ocrx_word' id='word_1_283' title='bbox 814 3905 1083 3969; x_wconf 85' lang='lat' dir='ltr'>arbitrio</span> <span class='ocrx_word' id='word_1_284' title='bbox 1142 3904 1299 3970; x_wconf 90' lang='lat' dir='ltr'>deos</span> <span class='ocrx_word' id='word_1_285' title='bbox 1339 3904 1738 3989; x_wconf 90' lang='lat' dir='ltr'>deorumque</span> <span class='ocrx_word' id='word_1_286' title='bbox 1781 3906 2054 3990; x_wconf 88' lang='lat' dir='ltr'>figuras,</span> <span class='ocrx_word' id='word_1_287' title='bbox 2102 3909 2277 3973; x_wconf 91' lang='lat' dir='ltr'>unde</span> 
     </span>
     <span class='ocr_line' id='line_1_43' title="bbox 330 3990 2274 4067; baseline 0 -9"><span class='ocrx_word' id='word_1_288' title='bbox 330 3996 499 4059; x_wconf 87' lang='lat' dir='ltr'>aliae</span> <span class='ocrx_word' id='word_1_289' title='bbox 550 3994 757 4057; x_wconf 84' lang='lat' dir='ltr'>forma</span> <span class='ocrx_word' id='word_1_290' title='bbox 794 3990 997 4067; x_wconf 85' lang='lat' dir='ltr'>bovis,</span> <span class='ocrx_word' id='word_1_291' title='bbox 1044 3992 1211 4055; x_wconf 89' lang='lat' dir='ltr'>aliae</span> <span class='ocrx_word' id='word_1_292' title='bbox 1250 3992 1459 4055; x_wconf 84' lang='lat' dir='ltr'>forma</span> <span class='ocrx_word' id='word_1_293' title='bbox 1494 3993 1675 4056; x_wconf 91' lang='lat' dir='ltr'>canis</span> <span class='ocrx_word' id='word_1_294' title='bbox 1698 3992 1863 4056; x_wconf 87' lang='lat' dir='ltr'>aliae</span> <span class='ocrx_word' id='word_1_295' title='bbox 1900 3992 2030 4058; x_wconf 88' lang='lat' dir='ltr'>alia</span> <span class='ocrx_word' id='word_1_296' title='bbox 2065 3994 2274 4058; x_wconf 82' lang='lat' dir='ltr'>forma</span> 
     </span>
     <span class='ocr_line' id='line_1_44' title="bbox 329 4076 2273 4159; baseline 0 -17"><span class='ocrx_word' id='word_1_297' title='bbox 329 4080 486 4143; x_wconf 87' lang='lat' dir='ltr'>deos</span> <span class='ocrx_word' id='word_1_298' title='bbox 532 4076 846 4151; x_wconf 82' lang='lat' dir='ltr'>colebant,</span> <span class='ocrx_word' id='word_1_299' title='bbox 908 4096 1185 4159; x_wconf 90' lang='lat' dir='ltr'>quorum</span> <span class='ocrx_word' id='word_1_300' title='bbox 1245 4083 1388 4141; x_wconf 88' lang='lat' dir='ltr'>erat</span> <span class='ocrx_word' id='word_1_301' title='bbox 1432 4097 1748 4141; x_wconf 88' lang='lat' dir='ltr'>numerus</span> <span class='ocrx_word' id='word_1_302' title='bbox 1793 4077 2125 4144; x_wconf 85' lang='lat' dir='ltr'>infinitus:</span> <span class='ocrx_word' id='word_1_303' title='bbox 2186 4080 2273 4143; x_wconf 89' lang='lat' dir='ltr'>si-</span> 
     </span>
     <span class='ocr_line' id='line_1_45' title="bbox 327 4161 2271 4246; baseline 0 -20"><span class='ocrx_word' id='word_1_304' title='bbox 327 4162 592 4246; x_wconf 89' lang='lat' dir='ltr'>quidem</span> <span class='ocrx_word' id='word_1_305' title='bbox 631 4163 743 4227; x_wconf 91' lang='lat' dir='ltr'>ubi</span> <span class='ocrx_word' id='word_1_306' title='bbox 780 4161 980 4226; x_wconf 89' lang='lat' dir='ltr'>semel</span> <span class='ocrx_word' id='word_1_307' title='bbox 1006 4162 1305 4228; x_wconf 89' lang='lat' dir='ltr'>homines</span> <span class='ocrx_word' id='word_1_308' title='bbox 1344 4162 1425 4225; x_wconf 89' lang='lat' dir='ltr'>ad</span> <span class='ocrx_word' id='word_1_309' title='bbox 1451 4161 1881 4227; x_wconf 81' lang='lat' dir='ltr'>idololatriam</span> <span class='ocrx_word' id='word_1_310' title='bbox 1910 4164 2074 4246; x_wconf 89' lang='lat' dir='ltr'>lapsi</span> <span class='ocrx_word' id='word_1_311' title='bbox 2098 4172 2271 4241; x_wconf 88' lang='lat' dir='ltr'>sunt,</span> 
     </span>
     <span class='ocr_line' id='line_1_46' title="bbox 329 4245 2276 4330; baseline 0 -17"><span class='ocrx_word' id='word_1_312' title='bbox 329 4249 557 4314; x_wconf 86' lang='lat' dir='ltr'>nullus</span> <span class='ocrx_word' id='word_1_313' title='bbox 593 4259 693 4312; x_wconf 91' lang='lat' dir='ltr'>est</span> <span class='ocrx_word' id='word_1_314' title='bbox 714 4247 1258 4329; x_wconf 88' lang='lat' dir='ltr'>superstit-ionum</span> <span class='ocrx_word' id='word_1_315' title='bbox 1285 4245 1518 4312; x_wconf 89' lang='lat' dir='ltr'>modus</span> <span class='ocrx_word' id='word_1_316' title='bbox 1542 4268 1755 4330; x_wconf 90' lang='lat' dir='ltr'>neque</span> <span class='ocrx_word' id='word_1_317' title='bbox 1791 4249 1959 4313; x_wconf 88' lang='lat' dir='ltr'>finis.</span> <span class='ocrx_word' id='word_1_318' title='bbox 2007 4248 2276 4330; x_wconf 75' lang='lat' dir='ltr'>Quanta</span> 
     </span>
     <span class='ocr_line' id='line_1_47' title="bbox 328 4330 2270 4418; baseline 0.001 -21"><span class='ocrx_word' id='word_1_319' title='bbox 328 4337 504 4397; x_wconf 88' lang='lat' dir='ltr'>enim</span> <span class='ocrx_word' id='word_1_320' title='bbox 545 4334 633 4399; x_wconf 88' lang='lat' dir='ltr'>sit</span> <span class='ocrx_word' id='word_1_321' title='bbox 656 4334 826 4397; x_wconf 89' lang='lat' dir='ltr'>inter</span> <span class='ocrx_word' id='word_1_322' title='bbox 863 4330 1161 4397; x_wconf 90' lang='lat' dir='ltr'>homines</span> <span class='ocrx_word' id='word_1_323' title='bbox 1205 4332 1587 4415; x_wconf 87' lang='lat' dir='ltr'>opinionum</span> <span class='ocrx_word' id='word_1_324' title='bbox 1635 4333 1935 4418; x_wconf 87' lang='lat' dir='ltr'>varietas,</span> <span class='ocrx_word' id='word_1_325' title='bbox 1972 4336 2114 4418; x_wconf 89' lang='lat' dir='ltr'>ipsa</span> <span class='ocrx_word' id='word_1_326' title='bbox 2158 4356 2270 4399; x_wconf 88' lang='lat' dir='ltr'>ex·</span> 
     </span>
     <span class='ocr_line' id='line_1_48' title="bbox 326 4408 2273 4503; baseline 0.001 -20"><span class='ocrx_word' id='word_1_327' title='bbox 326 4419 658 4503; x_wconf 89' lang='lat' dir='ltr'>perientia</span> <span class='ocrx_word' id='word_1_328' title='bbox 702 4418 852 4500; x_wconf 90' lang='lat' dir='ltr'>plus</span> <span class='ocrx_word' id='word_1_329' title='bbox 896 4418 1055 4483; x_wconf 88' lang='lat' dir='ltr'>sat-is</span> <span class='ocrx_word' id='word_1_330' title='bbox 1086 4408 1303 4483; x_wconf 65' lang='lat' dir='ltr'>‘docet</span> <span class='ocrx_word' id='word_1_331' title='bbox 1366 4418 1456 4482; x_wconf 84' lang='lat' dir='ltr'>Et</span> <span class='ocrx_word' id='word_1_332' title='bbox 1499 4428 1841 4501; x_wconf 87' lang='lat' dir='ltr'>praeterea</span> <span class='ocrx_word' id='word_1_333' title='bbox 1884 4430 2130 4502; x_wconf 89' lang='lat' dir='ltr'>quanta</span> <span class='ocrx_word' id='word_1_334' title='bbox 2175 4420 2273 4484; x_wconf 90' lang='lat' dir='ltr'>in·</span> 
     </span>
     <span class='ocr_line' id='line_1_49' title="bbox 325 4503 2271 4589; baseline 0.001 -20"><span class='ocrx_word' id='word_1_335' title='bbox 325 4504 703 4569; x_wconf 89' lang='lat' dir='ltr'>constantia</span> <span class='ocrx_word' id='word_1_336' title='bbox 761 4504 831 4566; x_wconf 91' lang='lat' dir='ltr'>in</span> <span class='ocrx_word' id='word_1_337' title='bbox 889 4503 1019 4568; x_wconf 90' lang='lat' dir='ltr'>illis</span> <span class='ocrx_word' id='word_1_338' title='bbox 1064 4503 1477 4585; x_wconf 90' lang='lat' dir='ltr'>opinionibus</span> <span class='ocrx_word' id='word_1_339' title='bbox 1519 4515 1640 4585; x_wconf 93' lang='lat' dir='ltr'>est,</span> <span class='ocrx_word' id='word_1_340' title='bbox 1692 4515 1767 4568; x_wconf 89' lang='lat' dir='ltr'>ut</span> <span class='ocrx_word' id='word_1_341' title='bbox 1811 4504 2089 4589; x_wconf 90' lang='lat' dir='ltr'>singulis</span> <span class='ocrx_word' id='word_1_342' title='bbox 2134 4527 2271 4570; x_wconf 90' lang='lat' dir='ltr'>mo·</span> 
     </span>
     <span class='ocr_line' id='line_1_50' title="bbox 326 4587 2272 4670; baseline 0.001 -16"><span class='ocrx_word' id='word_1_343' title='bbox 326 4587 572 4654; x_wconf 89' lang='lat' dir='ltr'>mentis</span> <span class='ocrx_word' id='word_1_344' title='bbox 636 4590 912 4653; x_wconf 86' lang='lat' dir='ltr'>varient.</span> <span class='ocrx_word' id='word_1_345' title='bbox 1003 4587 1227 4668; x_wconf 79' lang='lat' dir='ltr'>Quare</span> <span class='ocrx_word' id='word_1_346' title='bbox 1286 4609 1487 4670; x_wconf 89' lang='lat' dir='ltr'>quum</span> <span class='ocrx_word' id='word_1_347' title='bbox 1550 4599 1735 4653; x_wconf 90' lang='lat' dir='ltr'>tanta</span> <span class='ocrx_word' id='word_1_348' title='bbox 1794 4590 2058 4655; x_wconf 90' lang='lat' dir='ltr'>licentia</span> <span class='ocrx_word' id='word_1_349' title='bbox 2117 4590 2272 4655; x_wconf 91' lang='lat' dir='ltr'>deos</span> 
     </span>
     <span class='ocr_line' id='line_1_51' title="bbox 327 4672 2269 4757; baseline 0.001 -18"><span class='ocrx_word' id='word_1_350' title='bbox 327 4675 451 4740; x_wconf 89' lang='lat' dir='ltr'>sibi</span> <span class='ocrx_word' id='word_1_351' title='bbox 500 4676 751 4757; x_wconf 85' lang='lat' dir='ltr'>fingere</span> <span class='ocrx_word' id='word_1_352' title='bbox 798 4672 1097 4739; x_wconf 88' lang='lat' dir='ltr'>homines</span> <span class='ocrx_word' id='word_1_353' title='bbox 1140 4674 1542 4755; x_wconf 85' lang='lat' dir='ltr'>permittant,</span> <span class='ocrx_word' id='word_1_354' title='bbox 1602 4696 1729 4738; x_wconf 92' lang='lat' dir='ltr'>non</span> <span class='ocrx_word' id='word_1_355' title='bbox 1780 4676 2018 4739; x_wconf 89' lang='lat' dir='ltr'>mirum</span> <span class='ocrx_word' id='word_1_356' title='bbox 2070 4686 2170 4740; x_wconf 91' lang='lat' dir='ltr'>est</span> <span class='ocrx_word' id='word_1_357' title='bbox 2214 4677 2269 4740; x_wconf 93' lang='lat' dir='ltr'>si</span> 
     </span>
     <span class='ocr_line' id='line_1_52' title="bbox 328 4758 2271 4844; baseline 0.001 -21"><span class='ocrx_word' id='word_1_358' title='bbox 328 4780 645 4824; x_wconf 90' lang='lat' dir='ltr'>numerus</span> <span class='ocrx_word' id='word_1_359' title='bbox 689 4759 757 4822; x_wconf 90' lang='lat' dir='ltr'>in</span> <span class='ocrx_word' id='word_1_360' title='bbox 804 4759 1197 4825; x_wconf 89' lang='lat' dir='ltr'>immensum</span> <span class='ocrx_word' id='word_1_361' title='bbox 1237 4772 1587 4824; x_wconf 88' lang='lat' dir='ltr'>excrescat.</span> <span class='ocrx_word' id='word_1_362' title='bbox 1648 4758 1998 4826; x_wconf 80' lang='lat' dir='ltr'>Caeterum</span> <span class='ocrx_word' id='word_1_363' title='bbox 2029 4772 2271 4844; x_wconf 82' lang='lat' dir='ltr'>quanta</span> 
     </span>
     <span class='ocr_line' id='line_1_53' title="bbox 326 4842 2271 4927; baseline 0.002 -18"><span class='ocrx_word' id='word_1_364' title='bbox 326 4843 683 4927; x_wconf 87' lang='lat' dir='ltr'>stupiditas</span> <span class='ocrx_word' id='word_1_365' title='bbox 726 4843 851 4908; x_wconf 83' lang='lat' dir='ltr'>fuit</span> <span class='ocrx_word' id='word_1_366' title='bbox 895 4842 1112 4908; x_wconf 89' lang='lat' dir='ltr'>Deum</span> <span class='ocrx_word' id='word_1_367' title='bbox 1159 4843 1279 4908; x_wconf 92' lang='lat' dir='ltr'>sub</span> <span class='ocrx_word' id='word_1_368' title='bbox 1325 4844 1537 4909; x_wconf 84' lang='lat' dir='ltr'>forma</span> <span class='ocrx_word' id='word_1_369' title='bbox 1580 4843 1686 4909; x_wconf 88' lang='lat' dir='ltr'>vel</span> <span class='ocrx_word' id='word_1_370' title='bbox 1732 4846 1894 4925; x_wconf 91' lang='lat' dir='ltr'>ovis,</span> <span class='ocrx_word' id='word_1_371' title='bbox 1939 4848 2043 4912; x_wconf 86' lang='lat' dir='ltr'>vel</span> <span class='ocrx_word' id='word_1_372' title='bbox 2089 4846 2271 4912; x_wconf 89' lang='lat' dir='ltr'>canis</span> 
     </span>
     <span class='ocr_line' id='line_1_54' title="bbox 325 4927 2273 5015; baseline 0.002 -22"><span class='ocrx_word' id='word_1_373' title='bbox 325 4928 616 4994; x_wconf 88' lang='lat' dir='ltr'>adorare.</span> <span class='ocrx_word' id='word_1_374' title='bbox 705 4929 846 4993; x_wconf 89' lang='lat' dir='ltr'>Nae</span> <span class='ocrx_word' id='word_1_375' title='bbox 891 4927 1260 4994; x_wconf 88' lang='lat' dir='ltr'>horrendus</span> <span class='ocrx_word' id='word_1_376' title='bbox 1302 4929 1417 4993; x_wconf 89' lang='lat' dir='ltr'>ille</span> <span class='ocrx_word' id='word_1_377' title='bbox 1459 4930 1584 4994; x_wconf 75' lang='lat' dir='ltr'>fuit</span> <span class='ocrx_word' id='word_1_378' title='bbox 1628 4938 1873 5014; x_wconf 88' lang='lat' dir='ltr'>stupor,</span> <span class='ocrx_word' id='word_1_379' title='bbox 1923 4953 2053 5015; x_wconf 88' lang='lat' dir='ltr'>quo</span> <span class='ocrx_word' id='word_1_380' title='bbox 2097 4933 2273 4997; x_wconf 88' lang='lat' dir='ltr'>iusto</span> 
     </span>
     <span class='ocr_line' id='line_1_55' title="bbox 326 5013 2269 5099; baseline 0.002 -21"><span class='ocrx_word' id='word_1_381' title='bbox 326 5013 457 5079; x_wconf 91' lang='lat' dir='ltr'>Dei</span> <span class='ocrx_word' id='word_1_382' title='bbox 502 5014 740 5080; x_wconf 87' lang='lat' dir='ltr'>iudicio</span> <span class='ocrx_word' id='word_1_383' title='bbox 786 5013 1085 5079; x_wconf 90' lang='lat' dir='ltr'>homines</span> <span class='ocrx_word' id='word_1_384' title='bbox 1129 5021 1284 5078; x_wconf 91' lang='lat' dir='ltr'>sunt</span> <span class='ocrx_word' id='word_1_385' title='bbox 1326 5013 1703 5080; x_wconf 90' lang='lat' dir='ltr'>dementati.</span> <span class='ocrx_word' id='word_1_386' title='bbox 1772 5017 1879 5082; x_wconf 79' lang='lat' dir='ltr'>Ex</span> <span class='ocrx_word' id='word_1_387' title='bbox 1924 5038 2053 5099; x_wconf 93' lang='lat' dir='ltr'>quo</span> <span class='ocrx_word' id='word_1_388' title='bbox 2093 5017 2269 5083; x_wconf 92' lang='lat' dir='ltr'>enim</span> 
     </span>
     <span class='ocr_line' id='line_1_56' title="bbox 325 5098 2273 5183; baseline 0.002 -19"><span class='ocrx_word' id='word_1_389' title='bbox 325 5100 628 5164; x_wconf 91' lang='lat' dir='ltr'>homines</span> <span class='ocrx_word' id='word_1_390' title='bbox 695 5098 913 5164; x_wconf 92' lang='lat' dir='ltr'>Deum</span> <span class='ocrx_word' id='word_1_391' title='bbox 981 5120 1112 5164; x_wconf 94' lang='lat' dir='ltr'>non</span> <span class='ocrx_word' id='word_1_392' title='bbox 1196 5099 1733 5183; x_wconf 86' lang='lat' dir='ltr'>glorificaverunt</span> <span class='ocrx_word' id='word_1_393' title='bbox 1815 5112 1893 5166; x_wconf 91' lang='lat' dir='ltr'>ut</span> <span class='ocrx_word' id='word_1_394' title='bbox 1965 5103 2273 5167; x_wconf 89' lang='lat' dir='ltr'>maiestas</span> 
     </span>
     <span class='ocr_line' id='line_1_57' title="bbox 323 5182 2270 5271; baseline 0.002 -23"><span class='ocrx_word' id='word_1_395' title='bbox 323 5184 533 5267; x_wconf 89' lang='lat' dir='ltr'>ipsius</span> <span class='ocrx_word' id='word_1_396' title='bbox 565 5182 956 5267; x_wconf 87' lang='lat' dir='ltr'>postulabat,</span> <span class='ocrx_word' id='word_1_397' title='bbox 996 5186 1285 5268; x_wconf 86' lang='lat' dir='ltr'>oportuit</span> <span class='ocrx_word' id='word_1_398' title='bbox 1319 5184 1470 5252; x_wconf 89' lang='lat' dir='ltr'>illos</span> <span class='ocrx_word' id='word_1_399' title='bbox 1513 5186 1584 5252; x_wconf 93' lang='lat' dir='ltr'>in</span> <span class='ocrx_word' id='word_1_400' title='bbox 1619 5186 1970 5271; x_wconf 88' lang='lat' dir='ltr'>reprobum</span> <span class='ocrx_word' id='word_1_401' title='bbox 2007 5209 2270 5253; x_wconf 90' lang='lat' dir='ltr'>sensum</span> 
     </span>
    </p>
   </div>
   <div class='ocr_carea' id='block_1_5' title="bbox 1630 305 3064 380">
    <p class='ocr_par' dir='ltr' id='par_1_6' title="bbox 1630 305 3064 380">
     <span class='ocr_line' id='line_1_58' title="bbox 1630 305 3064 380; baseline -0.001 -4"><span class='ocrx_word' id='word_1_402' title='bbox 1630 311 1729 376; x_wconf 84' lang='lat' dir='ltr'>IN</span> <span class='ocrx_word' id='word_1_403' title='bbox 1775 312 1826 378; x_wconf 86' lang='grc' dir='ltr'>Ι.</span> <span class='ocrx_word' id='word_1_404' title='bbox 1875 313 2050 380; x_wconf 90' lang='lat' dir='ltr'>LIB.</span> <span class='ocrx_word' id='word_1_405' title='bbox 2099 306 2502 379; x_wconf 78' lang='lat' dir='ltr'>SAMUEL.</span> <span class='ocrx_word' id='word_1_406' title='bbox 2551 305 2749 372; x_wconf 83' lang='lat' dir='ltr'>CAP.</span> <span class='ocrx_word' id='word_1_407' title='bbox 2796 307 3064 375; x_wconf 82' lang='lat' dir='ltr'>XXXI.</span> 
     </span>
    </p>
   </div>
   <div class='ocr_carea' id='block_1_6' title="bbox 4227 317 4357 381">
    <p class='ocr_par' dir='ltr' id='par_1_7' title="bbox 4227 317 4357 381">
     <span class='ocr_line' id='line_1_59' title="bbox 4227 317 4357 381; baseline 0 0"><span class='ocrx_word' id='word_1_408' title='bbox 4227 317 4357 381; x_wconf 81' lang='lat'>726</span> 
     </span>
    </p>
   </div>
   <div class='ocr_carea' id='block_1_7' title="bbox 2373 492 4364 5338">
    <p class='ocr_par' dir='ltr' id='par_1_8' title="bbox 2373 492 4364 5338">
     <span class='ocr_line' id='line_1_60' title="bbox 2399 492 4360 581; baseline 0.003 -21"><span class='ocrx_word' id='word_1_409' title='bbox 2399 492 2652 570; x_wconf 90' lang='lat' dir='ltr'>coniici,</span> <span class='ocrx_word' id='word_1_410' title='bbox 2699 501 2775 558; x_wconf 90' lang='lat' dir='ltr'>ut</span> <span class='ocrx_word' id='word_1_411' title='bbox 2818 495 2911 558; x_wconf 91' lang='lat' dir='ltr'>ait</span> <span class='ocrx_word' id='word_1_412' title='bbox 2956 495 3220 574; x_wconf 88' lang='lat' dir='ltr'>Paulus,</span> <span class='ocrx_word' id='word_1_413' title='bbox 3266 506 3343 561; x_wconf 89' lang='lat' dir='ltr'>ut</span> <span class='ocrx_word' id='word_1_414' title='bbox 3386 497 3643 561; x_wconf 88' lang='lat' dir='ltr'>nullum</span> <span class='ocrx_word' id='word_1_415' title='bbox 3691 499 3976 581; x_wconf 86' lang='lat' dir='ltr'>amplius</span> <span class='ocrx_word' id='word_1_416' title='bbox 4019 501 4181 565; x_wconf 89' lang='lat' dir='ltr'>recti</span> <span class='ocrx_word' id='word_1_417' title='bbox 4229 501 4360 568; x_wconf 88' lang='lat' dir='ltr'>dis·</span> 
     </span>
     <span class='ocr_line' id='line_1_61' title="bbox 2401 578 4358 653; baseline 0.004 -9"><span class='ocrx_word' id='word_1_418' title='bbox 2401 579 2652 645; x_wconf 90' lang='lat' dir='ltr'>crimen</span> <span class='ocrx_word' id='word_1_419' title='bbox 2699 578 3034 645; x_wconf 86' lang='lat' dir='ltr'>haberent.</span> <span class='ocrx_word' id='word_1_420' title='bbox 3105 581 3194 644; x_wconf 86' lang='lat' dir='ltr'>Et</span> <span class='ocrx_word' id='word_1_421' title='bbox 3237 580 3319 645; x_wconf 90' lang='lat' dir='ltr'>de</span> <span class='ocrx_word' id='word_1_422' title='bbox 3353 581 3729 647; x_wconf 85' lang='lat' dir='ltr'>Astarothis</span> <span class='ocrx_word' id='word_1_423' title='bbox 3775 583 3904 647; x_wconf 87' lang='lat' dir='ltr'>ista</span> <span class='ocrx_word' id='word_1_424' title='bbox 3947 585 4358 653; x_wconf 71' lang='lat' dir='ltr'>sufficiuntne</span> 
     </span>
     <span class='ocr_line' id='line_1_62' title="bbox 2401 663 4351 750; baseline 0.004 -22"><span class='ocrx_word' id='word_1_425' title='bbox 2401 663 2572 747; x_wconf 89' lang='lat' dir='ltr'>quod</span> <span class='ocrx_word' id='word_1_426' title='bbox 2596 663 2678 727; x_wconf 92' lang='lat' dir='ltr'>ad</span> <span class='ocrx_word' id='word_1_427' title='bbox 2716 666 3029 729; x_wconf 90' lang='lat' dir='ltr'>nuncium</span> <span class='ocrx_word' id='word_1_428' title='bbox 3067 666 3308 731; x_wconf 86' lang='lat' dir='ltr'>attinet</span> <span class='ocrx_word' id='word_1_429' title='bbox 3342 667 3407 730; x_wconf 92' lang='lat' dir='ltr'>in</span> <span class='ocrx_word' id='word_1_430' title='bbox 3437 667 3679 750; x_wconf 87' lang='lat' dir='ltr'>templa</span> <span class='ocrx_word' id='word_1_431' title='bbox 3701 666 4027 733; x_wconf 90' lang='lat' dir='ltr'>idolorum</span> <span class='ocrx_word' id='word_1_432' title='bbox 4052 672 4351 750; x_wconf 90' lang='lat' dir='ltr'>missum,</span> 
     </span>
     <span class='ocr_line' id='line_1_63' title="bbox 2399 750 4348 831; baseline 0.005 -18"><span class='ocrx_word' id='word_1_433' title='bbox 2399 770 2479 813; x_wconf 90' lang='lat' dir='ltr'>ex</span> <span class='ocrx_word' id='word_1_434' title='bbox 2526 770 2604 813; x_wconf 90' lang='lat' dir='ltr'>eo</span> <span class='ocrx_word' id='word_1_435' title='bbox 2650 761 2923 831; x_wconf 88' lang='lat' dir='ltr'>apparet</span> <span class='ocrx_word' id='word_1_436' title='bbox 2965 750 3359 817; x_wconf 88' lang='lat' dir='ltr'>Philistaeos</span> <span class='ocrx_word' id='word_1_437' title='bbox 3395 752 3541 817; x_wconf 91' lang='lat' dir='ltr'>Deo</span> <span class='ocrx_word' id='word_1_438' title='bbox 3577 752 3847 819; x_wconf 84' lang='lat' dir='ltr'>Israelis</span> <span class='ocrx_word' id='word_1_439' title='bbox 3893 753 4184 820; x_wconf 80' lang='lat' dir='ltr'>debitum</span> <span class='ocrx_word' id='word_1_440' title='bbox 4229 756 4348 822; x_wconf 89' lang='lat' dir='ltr'>ho·</span> 
     </span>
     <span class='ocr_line' id='line_1_64' title="bbox 2400 835 4351 923; baseline 0.005 -25"><span class='ocrx_word' id='word_1_441' title='bbox 2400 855 2625 898; x_wconf 88' lang='lat' dir='ltr'>norem</span> <span class='ocrx_word' id='word_1_442' title='bbox 2685 836 2939 918; x_wconf 88' lang='lat' dir='ltr'>eripere</span> <span class='ocrx_word' id='word_1_443' title='bbox 2995 835 3279 901; x_wconf 87' lang='lat' dir='ltr'>voluisse</span> <span class='ocrx_word' id='word_1_444' title='bbox 3338 846 3408 901; x_wconf 90' lang='lat' dir='ltr'>et</span> <span class='ocrx_word' id='word_1_445' title='bbox 3463 835 3741 902; x_wconf 89' lang='lat' dir='ltr'>illudere</span> <span class='ocrx_word' id='word_1_446' title='bbox 3807 838 3955 923; x_wconf 85' lang='lat' dir='ltr'>ipsi,</span> <span class='ocrx_word' id='word_1_447' title='bbox 4015 861 4132 905; x_wconf 91' lang='lat' dir='ltr'>sua</span> <span class='ocrx_word' id='word_1_448' title='bbox 4177 840 4351 907; x_wconf 87' lang='lat' dir='ltr'>idola</span> 
     </span>
     <span class='ocr_line' id='line_1_65' title="bbox 2401 920 4350 1002; baseline 0.004 -19"><span class='ocrx_word' id='word_1_449' title='bbox 2401 920 2616 1002; x_wconf 86' lang='lat' dir='ltr'>magni</span> <span class='ocrx_word' id='word_1_450' title='bbox 2674 940 2832 1002; x_wconf 88' lang='lat' dir='ltr'>prae</span> <span class='ocrx_word' id='word_1_451' title='bbox 2888 920 2999 984; x_wconf 91' lang='lat' dir='ltr'>illo</span> <span class='ocrx_word' id='word_1_452' title='bbox 3055 921 3390 986; x_wconf 82' lang='lat' dir='ltr'>facientes.</span> <span class='ocrx_word' id='word_1_453' title='bbox 3481 922 3656 1002; x_wconf 81' lang='lat' dir='ltr'>Quid</span> <span class='ocrx_word' id='word_1_454' title='bbox 3704 924 3883 988; x_wconf 90' lang='lat' dir='ltr'>enim</span> <span class='ocrx_word' id='word_1_455' title='bbox 3929 923 4104 990; x_wconf 92' lang='lat' dir='ltr'>idolo</span> <span class='ocrx_word' id='word_1_456' title='bbox 4150 927 4350 991; x_wconf 88' lang='lat' dir='ltr'>tribui</span> 
     </span>
     <span class='ocr_line' id='line_1_66' title="bbox 2400 1004 4346 1087; baseline 0.004 -19"><span class='ocrx_word' id='word_1_457' title='bbox 2400 1013 2612 1086; x_wconf 89' lang='lat' dir='ltr'>potest</span> <span class='ocrx_word' id='word_1_458' title='bbox 2655 1004 2823 1087; x_wconf 89' lang='lat' dir='ltr'>quod</span> <span class='ocrx_word' id='word_1_459' title='bbox 2872 1026 2999 1071; x_wconf 94' lang='lat' dir='ltr'>non</span> <span class='ocrx_word' id='word_1_460' title='bbox 3047 1005 3311 1072; x_wconf 90' lang='lat' dir='ltr'>divinae</span> <span class='ocrx_word' id='word_1_461' title='bbox 3347 1007 3670 1072; x_wconf 81' lang='lat' dir='ltr'>maiestati</span> <span class='ocrx_word' id='word_1_462' title='bbox 3710 1008 4143 1075; x_wconf 85' lang='lat' dir='ltr'>detrahatur?</span> <span class='ocrx_word' id='word_1_463' title='bbox 4215 1010 4346 1078; x_wconf 85' lang='lat' dir='ltr'>Sed</span> 
     </span>
     <span class='ocr_line' id='line_1_67' title="bbox 2398 1090 4348 1177; baseline 0.004 -23"><span class='ocrx_word' id='word_1_464' title='bbox 2398 1091 2468 1154; x_wconf 91' lang='lat' dir='ltr'>in</span> <span class='ocrx_word' id='word_1_465' title='bbox 2537 1090 2680 1155; x_wconf 79' lang='lat' dir='ltr'>istis</span> <span class='ocrx_word' id='word_1_466' title='bbox 2745 1090 2943 1155; x_wconf 85' lang='lat' dir='ltr'>etiam</span> <span class='ocrx_word' id='word_1_467' title='bbox 3011 1091 3250 1174; x_wconf 84' lang='lat' dir='ltr'>aliquid</span> <span class='ocrx_word' id='word_1_468' title='bbox 3320 1093 3605 1177; x_wconf 89' lang='lat' dir='ltr'>amplius</span> <span class='ocrx_word' id='word_1_469' title='bbox 3672 1093 4194 1174; x_wconf 89' lang='lat' dir='ltr'>observandum,</span> <span class='ocrx_word' id='word_1_470' title='bbox 4261 1098 4348 1161; x_wconf 89' lang='lat' dir='ltr'>si·</span> 
     </span>
     <span class='ocr_line' id='line_1_68' title="bbox 2398 1174 4348 1260; baseline 0.003 -20"><span class='ocrx_word' id='word_1_471' title='bbox 2398 1174 2662 1258; x_wconf 90' lang='lat' dir='ltr'>quidem</span> <span class='ocrx_word' id='word_1_472' title='bbox 2751 1197 2881 1239; x_wconf 92' lang='lat' dir='ltr'>non</span> <span class='ocrx_word' id='word_1_473' title='bbox 2957 1185 3210 1241; x_wconf 79' lang='lat' dir='ltr'>tantum</span> <span class='ocrx_word' id='word_1_474' title='bbox 3276 1199 3398 1244; x_wconf 90' lang='lat' dir='ltr'>sua</span> <span class='ocrx_word' id='word_1_475' title='bbox 3473 1180 3937 1260; x_wconf 89' lang='lat' dir='ltr'>superstitione</span> <span class='ocrx_word' id='word_1_476' title='bbox 4002 1181 4348 1246; x_wconf 91' lang='lat' dir='ltr'>Philistaei</span> 
     </span>
     <span class='ocr_line' id='line_1_69' title="bbox 2398 1259 4350 1348; baseline 0.004 -24"><span class='ocrx_word' id='word_1_477' title='bbox 2398 1270 2473 1325; x_wconf 95' lang='lat' dir='ltr'>ut</span> <span class='ocrx_word' id='word_1_478' title='bbox 2514 1259 2807 1342; x_wconf 89' lang='lat' dir='ltr'>reliquae</span> <span class='ocrx_word' id='word_1_479' title='bbox 2853 1272 3082 1343; x_wconf 90' lang='lat' dir='ltr'>gentes</span> <span class='ocrx_word' id='word_1_480' title='bbox 3126 1264 3553 1328; x_wconf 84' lang='lat' dir='ltr'>tenebantur:</span> <span class='ocrx_word' id='word_1_481' title='bbox 3598 1263 3714 1329; x_wconf 89' lang='lat' dir='ltr'>sed</span> <span class='ocrx_word' id='word_1_482' title='bbox 3757 1266 3955 1330; x_wconf 87' lang='lat' dir='ltr'>etiam</span> <span class='ocrx_word' id='word_1_483' title='bbox 3999 1265 4214 1348; x_wconf 89' lang='lat' dir='ltr'>ipsum</span> <span class='ocrx_word' id='word_1_484' title='bbox 4253 1267 4350 1332; x_wconf 88' lang='lat' dir='ltr'>Is·</span> 
     </span>
     <span class='ocr_line' id='line_1_70' title="bbox 2397 1344 4345 1433; baseline 0.004 -23"><span class='ocrx_word' id='word_1_485' title='bbox 2397 1345 2592 1411; x_wconf 80' lang='lat' dir='ltr'>raelis</span> <span class='ocrx_word' id='word_1_486' title='bbox 2615 1344 2834 1410; x_wconf 86' lang='lat' dir='ltr'>Deum</span> <span class='ocrx_word' id='word_1_487' title='bbox 2872 1344 3166 1423; x_wconf 88' lang='lat' dir='ltr'>oderant,</span> <span class='ocrx_word' id='word_1_488' title='bbox 3215 1358 3548 1432; x_wconf 89' lang='lat' dir='ltr'>totamque</span> <span class='ocrx_word' id='word_1_489' title='bbox 3592 1349 3919 1417; x_wconf 90' lang='lat' dir='ltr'>iudaicam</span> <span class='ocrx_word' id='word_1_490' title='bbox 3960 1351 4345 1433; x_wconf 88' lang='lat' dir='ltr'>religionem</span> 
     </span>
     <span class='ocr_line' id='line_1_71' title="bbox 2396 1431 4341 1516; baseline 0.003 -19"><span class='ocrx_word' id='word_1_491' title='bbox 2396 1431 2778 1513; x_wconf 88' lang='lat' dir='ltr'>cultumque</span> <span class='ocrx_word' id='word_1_492' title='bbox 2836 1431 2963 1495; x_wconf 90' lang='lat' dir='ltr'>Dei</span> <span class='ocrx_word' id='word_1_493' title='bbox 3027 1433 3172 1516; x_wconf 87' lang='lat' dir='ltr'>lege</span> <span class='ocrx_word' id='word_1_494' title='bbox 3237 1436 3713 1516; x_wconf 88' lang='lat' dir='ltr'>praescriptum</span> <span class='ocrx_word' id='word_1_495' title='bbox 3773 1433 4341 1503; x_wconf 89' lang='lat' dir='ltr'>abominabantur.</span> 
     </span>
     <span class='ocr_line' id='line_1_72' title="bbox 2394 1515 4345 1604; baseline 0.004 -25"><span class='ocrx_word' id='word_1_496' title='bbox 2394 1515 2622 1596; x_wconf 79' lang='lat' dir='ltr'>Quare</span> <span class='ocrx_word' id='word_1_497' title='bbox 2679 1537 2878 1598; x_wconf 90' lang='lat' dir='ltr'>quum</span> <span class='ocrx_word' id='word_1_498' title='bbox 2945 1519 3081 1583; x_wconf 92' lang='lat' dir='ltr'>suis</span> <span class='ocrx_word' id='word_1_499' title='bbox 3160 1519 3536 1584; x_wconf 84' lang='lat' dir='ltr'>Astarotbis</span> <span class='ocrx_word' id='word_1_500' title='bbox 3604 1521 3944 1585; x_wconf 89' lang='lat' dir='ltr'>victoriam</span> <span class='ocrx_word' id='word_1_501' title='bbox 4015 1532 4345 1604; x_wconf 88' lang='lat' dir='ltr'>acceptam</span> 
     </span>
     <span class='ocr_line' id='line_1_73' title="bbox 2394 1601 4348 1685; baseline 0.004 -21"><span class='ocrx_word' id='word_1_502' title='bbox 2394 1602 2633 1684; x_wconf 85' lang='lat' dir='ltr'>ferunt,</span> <span class='ocrx_word' id='word_1_503' title='bbox 2679 1610 2929 1666; x_wconf 89' lang='lat' dir='ltr'>certum</span> <span class='ocrx_word' id='word_1_504' title='bbox 2976 1613 3075 1667; x_wconf 92' lang='lat' dir='ltr'>est</span> <span class='ocrx_word' id='word_1_505' title='bbox 3104 1601 3279 1685; x_wconf 91' lang='lat' dir='ltr'>ipsos</span> <span class='ocrx_word' id='word_1_506' title='bbox 3324 1604 3406 1669; x_wconf 92' lang='lat' dir='ltr'>de</span> <span class='ocrx_word' id='word_1_507' title='bbox 3436 1603 3580 1669; x_wconf 93' lang='lat' dir='ltr'>Deo</span> <span class='ocrx_word' id='word_1_508' title='bbox 3617 1605 4071 1674; x_wconf 85' lang='lat' dir='ltr'>Israelitarum</span> <span class='ocrx_word' id='word_1_509' title='bbox 4120 1609 4348 1671; x_wconf 87' lang='lat' dir='ltr'>trium-</span> 
     </span>
     <span class='ocr_line' id='line_1_74' title="bbox 2394 1686 4344 1774; baseline 0.004 -25"><span class='ocrx_word' id='word_1_510' title='bbox 2394 1686 2600 1768; x_wconf 87' lang='lat' dir='ltr'>phare</span> <span class='ocrx_word' id='word_1_511' title='bbox 2678 1687 2880 1752; x_wconf 87' lang='lat' dir='ltr'>velle:</span> <span class='ocrx_word' id='word_1_512' title='bbox 2967 1696 3032 1752; x_wconf 92' lang='lat' dir='ltr'>et</span> <span class='ocrx_word' id='word_1_513' title='bbox 3114 1688 3320 1752; x_wconf 90' lang='lat' dir='ltr'>eidem</span> <span class='ocrx_word' id='word_1_514' title='bbox 3389 1689 3684 1767; x_wconf 88' lang='lat' dir='ltr'>illudere,</span> <span class='ocrx_word' id='word_1_515' title='bbox 3770 1692 3957 1774; x_wconf 90' lang='lat' dir='ltr'>quasi</span> <span class='ocrx_word' id='word_1_516' title='bbox 4026 1691 4344 1774; x_wconf 89' lang='lat' dir='ltr'>populum</span> 
     </span>
     <span class='ocr_line' id='line_1_75' title="bbox 2393 1772 4342 1860; baseline 0.002 -23"><span class='ocrx_word' id='word_1_517' title='bbox 2393 1773 2578 1837; x_wconf 89' lang='lat' dir='ltr'>cuius</span> <span class='ocrx_word' id='word_1_518' title='bbox 2622 1772 2992 1838; x_wconf 88' lang='lat' dir='ltr'>clientelam</span> <span class='ocrx_word' id='word_1_519' title='bbox 3038 1788 3414 1856; x_wconf 82' lang='lat' dir='ltr'>susceperat.</span> <span class='ocrx_word' id='word_1_520' title='bbox 3458 1777 3624 1839; x_wconf 83' lang='lat' dir='ltr'>tueri</span> <span class='ocrx_word' id='word_1_521' title='bbox 3684 1795 3761 1842; x_wconf 88' lang='lat' dir='ltr'>ac</span> <span class='ocrx_word' id='word_1_522' title='bbox 3819 1785 4164 1860; x_wconf 85' lang='lat' dir='ltr'>protegere</span> <span class='ocrx_word' id='word_1_523' title='bbox 4208 1796 4342 1841; x_wconf 91' lang='lat' dir='ltr'>non</span> 
     </span>
     <span class='ocr_line' id='line_1_76' title="bbox 2392 1857 4339 1944; baseline 0.003 -24"><span class='ocrx_word' id='word_1_524' title='bbox 2392 1857 2742 1940; x_wconf 87' lang='lat' dir='ltr'>potuisset:</span> <span class='ocrx_word' id='word_1_525' title='bbox 2790 1857 3062 1941; x_wconf 90' lang='lat' dir='ltr'>ideoque</span> <span class='ocrx_word' id='word_1_526' title='bbox 3107 1857 3356 1924; x_wconf 85' lang='lat' dir='ltr'>frustra</span> <span class='ocrx_word' id='word_1_527' title='bbox 3400 1862 3615 1943; x_wconf 89' lang='lat' dir='ltr'>ipsum</span> <span class='ocrx_word' id='word_1_528' title='bbox 3663 1859 3805 1940; x_wconf 90' lang='lat' dir='ltr'>coli,</span> <span class='ocrx_word' id='word_1_529' title='bbox 3868 1863 4111 1929; x_wconf 81' lang='lat' dir='ltr'>frustra</span> <span class='ocrx_word' id='word_1_530' title='bbox 4155 1881 4339 1944; x_wconf 90' lang='lat' dir='ltr'>spem</span> 
     </span>
     <span class='ocr_line' id='line_1_77' title="bbox 2392 1942 4340 2031; baseline 0.003 -25"><span class='ocrx_word' id='word_1_531' title='bbox 2392 1943 2461 2006; x_wconf 93' lang='lat' dir='ltr'>in</span> <span class='ocrx_word' id='word_1_532' title='bbox 2508 1943 2652 2025; x_wconf 91' lang='lat' dir='ltr'>ipso</span> <span class='ocrx_word' id='word_1_533' title='bbox 2697 1942 3018 2020; x_wconf 89' lang='lat' dir='ltr'>collocari,</span> <span class='ocrx_word' id='word_1_534' title='bbox 3065 1942 3309 2010; x_wconf 84' lang='lat' dir='ltr'>frustra</span> <span class='ocrx_word' id='word_1_535' title='bbox 3353 1966 3498 2011; x_wconf 91' lang='lat' dir='ltr'>sese</span> <span class='ocrx_word' id='word_1_536' title='bbox 3530 1946 3627 2009; x_wconf 88' lang='lat' dir='ltr'>illi</span> <span class='ocrx_word' id='word_1_537' title='bbox 3652 1946 3981 2013; x_wconf 68' lang='lat' dir='ltr'>israelitas</span> <span class='ocrx_word' id='word_1_538' title='bbox 4017 1946 4340 2031; x_wconf 87' lang='lat' dir='ltr'>regendos</span> 
     </span>
     <span class='ocr_line' id='line_1_78' title="bbox 2392 2028 4340 2115; baseline 0.003 -24"><span class='ocrx_word' id='word_1_539' title='bbox 2392 2028 2795 2110; x_wconf 86' lang='lat' dir='ltr'>permittere,</span> <span class='ocrx_word' id='word_1_540' title='bbox 2842 2029 3102 2093; x_wconf 91' lang='lat' dir='ltr'>inanem</span> <span class='ocrx_word' id='word_1_541' title='bbox 3154 2050 3297 2094; x_wconf 91' lang='lat' dir='ltr'>esse</span> <span class='ocrx_word' id='word_1_542' title='bbox 3333 2030 3867 2113; x_wconf 89' lang='lat' dir='ltr'>pollicitationem</span> <span class='ocrx_word' id='word_1_543' title='bbox 3916 2032 4095 2099; x_wconf 88' lang='lat' dir='ltr'>illam</span> <span class='ocrx_word' id='word_1_544' title='bbox 4136 2033 4340 2115; x_wconf 84' lang='lat' dir='ltr'>patri·</span> 
     </span>
     <span class='ocr_line' id='line_1_79' title="bbox 2395 2112 4341 2195; baseline 0.004 -21"><span class='ocrx_word' id='word_1_545' title='bbox 2395 2112 2516 2176; x_wconf 92' lang='lat' dir='ltr'>bus</span> <span class='ocrx_word' id='word_1_546' title='bbox 2575 2113 2863 2195; x_wconf 89' lang='lat' dir='ltr'>ipsorum</span> <span class='ocrx_word' id='word_1_547' title='bbox 2924 2114 3180 2192; x_wconf 86' lang='lat' dir='ltr'>factam,</span> <span class='ocrx_word' id='word_1_548' title='bbox 3240 2117 3436 2181; x_wconf 90' lang='lat' dir='ltr'>inane</span> <span class='ocrx_word' id='word_1_549' title='bbox 3495 2115 3724 2182; x_wconf 87' lang='lat' dir='ltr'>foedus</span> <span class='ocrx_word' id='word_1_550' title='bbox 3769 2127 3937 2182; x_wconf 86' lang='lat' dir='ltr'>&#39;cum</span> <span class='ocrx_word' id='word_1_551' title='bbox 3986 2115 4341 2183; x_wconf 87' lang='lat' dir='ltr'>maioribus</span> 
     </span>
     <span class='ocr_line' id='line_1_80' title="bbox 2391 2197 4338 2285; baseline 0.003 -25"><span class='ocrx_word' id='word_1_552' title='bbox 2391 2198 2650 2261; x_wconf 89' lang='lat' dir='ltr'>initum.</span> <span class='ocrx_word' id='word_1_553' title='bbox 2753 2199 2957 2280; x_wconf 87' lang='lat' dir='ltr'>Atqui</span> <span class='ocrx_word' id='word_1_554' title='bbox 3024 2197 3210 2264; x_wconf 92' lang='lat' dir='ltr'>Deus</span> <span class='ocrx_word' id='word_1_555' title='bbox 3276 2201 3353 2265; x_wconf 87' lang='lat' dir='ltr'>ad</span> <span class='ocrx_word' id='word_1_556' title='bbox 3427 2214 3685 2284; x_wconf 85' lang='lat' dir='ltr'>tempus</span> <span class='ocrx_word' id='word_1_557' title='bbox 3751 2203 4052 2285; x_wconf 88' lang='lat' dir='ltr'>permisit</span> <span class='ocrx_word' id='word_1_558' title='bbox 4119 2221 4338 2268; x_wconf 90' lang='lat' dir='ltr'>arcam</span> 
     </span>
     <span class='ocr_line' id='line_1_81' title="bbox 2391 2283 4337 2364; baseline 0.002 -18"><span class='ocrx_word' id='word_1_559' title='bbox 2391 2303 2599 2359; x_wconf 87' lang='lat' dir='ltr'>suam,</span> <span class='ocrx_word' id='word_1_560' title='bbox 2639 2293 2717 2347; x_wconf 89' lang='lat' dir='ltr'>ut</span> <span class='ocrx_word' id='word_1_561' title='bbox 2760 2296 2912 2348; x_wconf 87' lang='lat' dir='ltr'>ante</span> <span class='ocrx_word' id='word_1_562' title='bbox 2959 2283 3244 2350; x_wconf 88' lang='lat' dir='ltr'>vidimus</span> <span class='ocrx_word' id='word_1_563' title='bbox 3299 2287 3363 2349; x_wconf 94' lang='lat' dir='ltr'>in</span> <span class='ocrx_word' id='word_1_564' title='bbox 3414 2286 3569 2352; x_wconf 88' lang='lat' dir='ltr'>Heli</span> <span class='ocrx_word' id='word_1_565' title='bbox 3629 2286 3917 2364; x_wconf 83' lang='lat' dir='ltr'>historia,</span> <span class='ocrx_word' id='word_1_566' title='bbox 3980 2289 4211 2356; x_wconf 86' lang='lat' dir='ltr'>venire</span> <span class='ocrx_word' id='word_1_567' title='bbox 4266 2287 4337 2350; x_wconf 92' lang='lat' dir='ltr'>in</span> 
     </span>
     <span class='ocr_line' id='line_1_82' title="bbox 2390 2367 4336 2456; baseline 0.003 -26"><span class='ocrx_word' id='word_1_568' title='bbox 2390 2367 2681 2432; x_wconf 90' lang='lat' dir='ltr'>hostium</span> <span class='ocrx_word' id='word_1_569' title='bbox 2720 2378 3130 2450; x_wconf 88' lang='lat' dir='ltr'>potestatem,</span> <span class='ocrx_word' id='word_1_570' title='bbox 3169 2380 3238 2435; x_wconf 90' lang='lat' dir='ltr'>et</span> <span class='ocrx_word' id='word_1_571' title='bbox 3271 2372 3596 2453; x_wconf 83' lang='lat' dir='ltr'>captivam</span> <span class='ocrx_word' id='word_1_572' title='bbox 3625 2370 3875 2447; x_wconf 86' lang='lat' dir='ltr'>abduci,</span> <span class='ocrx_word' id='word_1_573' title='bbox 3917 2395 4086 2456; x_wconf 86' lang='lat' dir='ltr'>quae</span> <span class='ocrx_word' id='word_1_574' title='bbox 4116 2385 4336 2437; x_wconf 90' lang='lat' dir='ltr'>tamen</span> 
     </span>
     <span class='ocr_line' id='line_1_83' title="bbox 2390 2452 4343 2536; baseline 0.002 -21"><span class='ocrx_word' id='word_1_575' title='bbox 2390 2452 2534 2536; x_wconf 90' lang='lat' dir='ltr'>ipsa</span> <span class='ocrx_word' id='word_1_576' title='bbox 2580 2472 2735 2536; x_wconf 88' lang='lat' dir='ltr'>prae</span> <span class='ocrx_word' id='word_1_577' title='bbox 2780 2474 2849 2519; x_wconf 93' lang='lat' dir='ltr'>se</span> <span class='ocrx_word' id='word_1_578' title='bbox 2894 2453 3023 2517; x_wconf 90' lang='lat' dir='ltr'>Dei</span> <span class='ocrx_word' id='word_1_579' title='bbox 3080 2478 3316 2521; x_wconf 91' lang='lat' dir='ltr'>nomen</span> <span class='ocrx_word' id='word_1_580' title='bbox 3363 2458 3629 2522; x_wconf 85' lang='lat' dir='ltr'>ferebat.</span> <span class='ocrx_word' id='word_1_581' title='bbox 3719 2457 3810 2521; x_wconf 86' lang='lat' dir='ltr'>Et</span> <span class='ocrx_word' id='word_1_582' title='bbox 3855 2462 4141 2526; x_wconf 89' lang='lat' dir='ltr'>usitatae</span> <span class='ocrx_word' id='word_1_583' title='bbox 4186 2472 4343 2524; x_wconf 86' lang='lat' dir='ltr'>sunt</span> 
     </span>
     <span class='ocr_line' id='line_1_84' title="bbox 2390 2538 4341 2624; baseline 0.003 -22"><span class='ocrx_word' id='word_1_584' title='bbox 2390 2538 2757 2621; x_wconf 91' lang='lat' dir='ltr'>scripturae</span> <span class='ocrx_word' id='word_1_585' title='bbox 2817 2540 2980 2603; x_wconf 87' lang='lat' dir='ltr'>istae</span> <span class='ocrx_word' id='word_1_586' title='bbox 3048 2540 3356 2624; x_wconf 88' lang='lat' dir='ltr'>phrases:</span> <span class='ocrx_word' id='word_1_587' title='bbox 3434 2542 3641 2623; x_wconf 76' lang='lat' dir='ltr'>Quum</span> <span class='ocrx_word' id='word_1_588' title='bbox 3682 2547 3828 2607; x_wconf 79' lang='lat' dir='ltr'>ante</span> <span class='ocrx_word' id='word_1_589' title='bbox 3865 2544 4096 2624; x_wconf 77' lang='lat' dir='ltr'>faeiem</span> <span class='ocrx_word' id='word_1_590' title='bbox 4137 2562 4341 2611; x_wconf 80' lang='lat' dir='ltr'>meam</span> 
     </span>
     <span class='ocr_line' id='line_1_85' title="bbox 2390 2622 4342 2714; baseline 0.005 -27"><span class='ocrx_word' id='word_1_591' title='bbox 2390 2622 2842 2707; x_wconf 74' lang='lat' dir='ltr'>comparebiti3‚</span> <span class='ocrx_word' id='word_1_592' title='bbox 2888 2637 2972 2700; x_wconf 91' lang='lat' dir='ltr'>et,</span> <span class='ocrx_word' id='word_1_593' title='bbox 3019 2646 3168 2691; x_wconf 89' lang='lat' dir='ltr'>ecce</span> <span class='ocrx_word' id='word_1_594' title='bbox 3211 2627 3532 2692; x_wconf 74' lang='lat' dir='ltr'>Dominus</span> <span class='ocrx_word' id='word_1_595' title='bbox 3570 2627 3814 2711; x_wconf 68' lang='lat' dir='ltr'>ylariae</span> <span class='ocrx_word' id='word_1_596' title='bbox 3855 2631 4039 2714; x_wconf 77' lang='lat' dir='ltr'>venit,</span> <span class='ocrx_word' id='word_1_597' title='bbox 4085 2631 4342 2696; x_wconf 75' lang='lat' dir='ltr'>attollite</span> 
     </span>
     <span class='ocr_line' id='line_1_86' title="bbox 2378 2709 4364 2797; baseline 0.006 -27"><span class='ocrx_word' id='word_1_598' title='bbox 2378 2714 2635 2790; x_wconf 72' lang='lat' dir='ltr'>portas:</span> <span class='ocrx_word' id='word_1_599' title='bbox 2703 2710 2936 2791; x_wconf 90' lang='lat' dir='ltr'>quibus</span> <span class='ocrx_word' id='word_1_600' title='bbox 2994 2709 3381 2794; x_wconf 90' lang='lat' dir='ltr'>designatur</span> <span class='ocrx_word' id='word_1_601' title='bbox 3440 2732 3592 2777; x_wconf 87' lang='lat' dir='ltr'>arca</span> <span class='ocrx_word' id='word_1_602' title='bbox 3652 2712 3785 2793; x_wconf 87' lang='lat' dir='ltr'>illa,</span> <span class='ocrx_word' id='word_1_603' title='bbox 3854 2714 3920 2778; x_wconf 93' lang='lat' dir='ltr'>in</span> <span class='ocrx_word' id='word_1_604' title='bbox 3984 2738 4109 2797; x_wconf 87' lang='lat' dir='ltr'>qua</span> <span class='ocrx_word' id='word_1_605' title='bbox 4156 2716 4364 2781; x_wconf 63' lang='lat' dir='ltr'>Deus⁴</span> 
     </span>
     <span class='ocr_line' id='line_1_87' title="bbox 2393 2794 4338 2884; baseline 0.005 -28"><span class='ocrx_word' id='word_1_606' title='bbox 2393 2794 2560 2876; x_wconf 86' lang='lat' dir='ltr'>legis</span> <span class='ocrx_word' id='word_1_607' title='bbox 2603 2795 2860 2859; x_wconf 87' lang='lat' dir='ltr'>tabulas</span> <span class='ocrx_word' id='word_1_608' title='bbox 2919 2797 3147 2879; x_wconf 92' lang='lat' dir='ltr'>reponi</span> <span class='ocrx_word' id='word_1_609' title='bbox 3205 2798 3506 2862; x_wconf 90' lang='lat' dir='ltr'>iusserat.</span> <span class='ocrx_word' id='word_1_610' title='bbox 3596 2796 3884 2878; x_wconf 84' lang='lat' dir='ltr'>Quinam</span> <span class='ocrx_word' id='word_1_611' title='bbox 3949 2822 4107 2884; x_wconf 83' lang='lat' dir='ltr'>ergo</span> <span class='ocrx_word' id='word_1_612' title='bbox 4150 2800 4338 2865; x_wconf 91' lang='lat' dir='ltr'>Deus</span> 
     </span>
     <span class='ocr_line' id='line_1_88' title="bbox 2390 2879 4334 2967; baseline 0.004 -25"><span class='ocrx_word' id='word_1_613' title='bbox 2390 2900 2531 2944; x_wconf 91' lang='lat' dir='ltr'>sese</span> <span class='ocrx_word' id='word_1_614' title='bbox 2570 2879 2772 2943; x_wconf 90' lang='lat' dir='ltr'>veluti</span> <span class='ocrx_word' id='word_1_615' title='bbox 2820 2884 3149 2962; x_wconf 82' lang='lat' dir='ltr'>captivum</span> <span class='ocrx_word' id='word_1_616' title='bbox 3198 2882 3496 2962; x_wconf 89' lang='lat' dir='ltr'>permisit</span> <span class='ocrx_word' id='word_1_617' title='bbox 3540 2883 3864 2947; x_wconf 86' lang='lat' dir='ltr'>detineri?</span> <span class='ocrx_word' id='word_1_618' title='bbox 3958 2882 4135 2950; x_wconf 83' lang='lat' dir='ltr'>Sane</span> <span class='ocrx_word' id='word_1_619' title='bbox 4184 2906 4334 2967; x_wconf 91' lang='lat' dir='ltr'>pro·</span> 
     </span>
     <span class='ocr_line' id='line_1_89' title="bbox 2391 2964 4337 3051; baseline 0.004 -23"><span class='ocrx_word' id='word_1_620' title='bbox 2391 2964 2590 3046; x_wconf 88' lang='lat' dir='ltr'>pheta</span> <span class='ocrx_word' id='word_1_621' title='bbox 2654 2966 2720 3028; x_wconf 91' lang='lat' dir='ltr'>in</span> <span class='ocrx_word' id='word_1_622' title='bbox 2791 2964 3074 3031; x_wconf 90' lang='lat' dir='ltr'>Psalmis</span> <span class='ocrx_word' id='word_1_623' title='bbox 3141 2966 3524 3048; x_wconf 88' lang='lat' dir='ltr'>respondet,</span> <span class='ocrx_word' id='word_1_624' title='bbox 3610 2969 3852 3032; x_wconf 84' lang='lat' dir='ltr'>factum</span> <span class='ocrx_word' id='word_1_625' title='bbox 3928 2971 4080 3051; x_wconf 84' lang='lat' dir='ltr'>quia</span> <span class='ocrx_word' id='word_1_626' title='bbox 4150 2971 4337 3035; x_wconf 89' lang='lat' dir='ltr'>Deus</span> 
     </span>
     <span class='ocr_line' id='line_1_90' title="bbox 2391 3046 4336 3136; baseline 0.003 -22"><span class='ocrx_word' id='word_1_627' title='bbox 2391 3050 2617 3127; x_wconf 79' lang='lat' dir='ltr'>voluit,</span> <span class='ocrx_word' id='word_1_628' title='bbox 2678 3062 2756 3114; x_wconf 90' lang='lat' dir='ltr'>ut</span> <span class='ocrx_word' id='word_1_629' title='bbox 2814 3051 3082 3115; x_wconf 83' lang='lat' dir='ltr'>tollatur</span> <span class='ocrx_word' id='word_1_630' title='bbox 3139 3046 3638 3116; x_wconf 78' lang='lat' dir='ltr'>offendiculum:</span> <span class='ocrx_word' id='word_1_631' title='bbox 3699 3066 3766 3117; x_wconf 90' lang='lat' dir='ltr'>et</span> <span class='ocrx_word' id='word_1_632' title='bbox 3822 3053 4165 3119; x_wconf 88' lang='lat' dir='ltr'>doceretur</span> <span class='ocrx_word' id='word_1_633' title='bbox 4223 3076 4336 3136; x_wconf 88' lang='lat' dir='ltr'>po—</span> 
     </span>
     <span class='ocr_line' id='line_1_91' title="bbox 2389 3136 4336 3219; baseline 0.004 -20"><span class='ocrx_word' id='word_1_634' title='bbox 2389 3137 2583 3218; x_wconf 84' lang='lat' dir='ltr'>pulus</span> <span class='ocrx_word' id='word_1_635' title='bbox 2629 3158 2759 3200; x_wconf 88' lang='lat' dir='ltr'>non</span> <span class='ocrx_word' id='word_1_636' title='bbox 2809 3136 3016 3219; x_wconf 88' lang='lat' dir='ltr'>magis</span> <span class='ocrx_word' id='word_1_637' title='bbox 3062 3157 3250 3218; x_wconf 86' lang='lat' dir='ltr'>posse</span> <span class='ocrx_word' id='word_1_638' title='bbox 3274 3136 3491 3202; x_wconf 92' lang='lat' dir='ltr'>Deum</span> <span class='ocrx_word' id='word_1_639' title='bbox 3539 3140 3863 3203; x_wconf 85' lang='lat' dir='ltr'>contemni</span> <span class='ocrx_word' id='word_1_640' title='bbox 3913 3138 3994 3203; x_wconf 87' lang='lat' dir='ltr'>ab</span> <span class='ocrx_word' id='word_1_641' title='bbox 4038 3139 4336 3206; x_wconf 88' lang='lat' dir='ltr'>hostibus</span> 
     </span>
     <span class='ocr_line' id='line_1_92' title="bbox 2387 3220 4330 3308; baseline 0.003 -24"><span class='ocrx_word' id='word_1_642' title='bbox 2387 3222 2721 3303; x_wconf 83' lang='lat' dir='ltr'>captivum</span> <span class='ocrx_word' id='word_1_643' title='bbox 2761 3220 3221 3300; x_wconf 90' lang='lat' dir='ltr'>detinentibus,</span> <span class='ocrx_word' id='word_1_644' title='bbox 3266 3233 3333 3287; x_wconf 90' lang='lat' dir='ltr'>et</span> <span class='ocrx_word' id='word_1_645' title='bbox 3374 3222 3581 3287; x_wconf 87' lang='lat' dir='ltr'>eidem</span> <span class='ocrx_word' id='word_1_646' title='bbox 3628 3222 4075 3305; x_wconf 89' lang='lat' dir='ltr'>illudentibus,</span> <span class='ocrx_word' id='word_1_647' title='bbox 4135 3246 4330 3308; x_wconf 87' lang='lat' dir='ltr'>quam</span> 
     </span>
     <span class='ocr_line' id='line_1_93' title="bbox 2387 3309 4334 3391; baseline 0.003 -21"><span class='ocrx_word' id='word_1_648' title='bbox 2387 3325 2588 3387; x_wconf 90' lang='lat' dir='ltr'>quum</span> <span class='ocrx_word' id='word_1_649' title='bbox 2636 3320 3168 3388; x_wconf 89' lang='lat' dir='ltr'>corrumperetur</span> <span class='ocrx_word' id='word_1_650' title='bbox 3228 3309 3810 3390; x_wconf 84' lang='lat' dir='ltr'>profanareturque</span> <span class='ocrx_word' id='word_1_651' title='bbox 3862 3310 4067 3391; x_wconf 90' lang='lat' dir='ltr'>ipsius</span> <span class='ocrx_word' id='word_1_652' title='bbox 4119 3311 4334 3375; x_wconf 87' lang='lat' dir='ltr'>cultus</span> 
     </span>
     <span class='ocr_line' id='line_1_94' title="bbox 2384 3390 4332 3478; baseline 0.003 -23"><span class='ocrx_word' id='word_1_653' title='bbox 2384 3391 2453 3455; x_wconf 91' lang='lat' dir='ltr'>in</span> <span class='ocrx_word' id='word_1_654' title='bbox 2500 3390 2766 3457; x_wconf 88' lang='lat' dir='ltr'>Iudaea.</span> <span class='ocrx_word' id='word_1_655' title='bbox 2857 3392 3042 3459; x_wconf 76' lang='lat' dir='ltr'>&#39;l&#39;unc</span> <span class='ocrx_word' id='word_1_656' title='bbox 3086 3393 3279 3469; x_wconf 91' lang='lat' dir='ltr'>enim,</span> <span class='ocrx_word' id='word_1_657' title='bbox 3338 3404 3409 3457; x_wconf 91' lang='lat' dir='ltr'>ut</span> <span class='ocrx_word' id='word_1_658' title='bbox 3467 3394 3654 3459; x_wconf 89' lang='lat' dir='ltr'>initio</span> <span class='ocrx_word' id='word_1_659' title='bbox 3701 3394 4006 3467; x_wconf 87' lang='lat' dir='ltr'>diximus,</span> <span class='ocrx_word' id='word_1_660' title='bbox 4068 3417 4332 3478; x_wconf 89' lang='lat' dir='ltr'>corrup·</span> 
     </span>
     <span class='ocr_line' id='line_1_95' title="bbox 2385 3477 4334 3547; baseline 0.005 -10"><span class='ocrx_word' id='word_1_661' title='bbox 2385 3477 2678 3542; x_wconf 84' lang='lat' dir='ltr'>tissimus</span> <span class='ocrx_word' id='word_1_662' title='bbox 2737 3490 2878 3541; x_wconf 89' lang='lat' dir='ltr'>erat</span> <span class='ocrx_word' id='word_1_663' title='bbox 2939 3478 3007 3541; x_wconf 92' lang='lat' dir='ltr'>in</span> <span class='ocrx_word' id='word_1_664' title='bbox 3052 3477 3300 3543; x_wconf 88' lang='lat' dir='ltr'>Iudaea</span> <span class='ocrx_word' id='word_1_665' title='bbox 3359 3478 3573 3543; x_wconf 89' lang='lat' dir='ltr'>cultus</span> <span class='ocrx_word' id='word_1_666' title='bbox 3633 3479 3935 3543; x_wconf 85' lang='lat' dir='ltr'>divinus:</span> <span class='ocrx_word' id='word_1_667' title='bbox 3996 3490 4064 3543; x_wconf 92' lang='lat' dir='ltr'>et</span> <span class='ocrx_word' id='word_1_668' title='bbox 4108 3481 4334 3547; x_wconf 76' lang='lat' dir='ltr'>Saulis</span> 
     </span>
     <span class='ocr_line' id='line_1_96' title="bbox 2385 3562 4332 3649; baseline 0.003 -24"><span class='ocrx_word' id='word_1_669' title='bbox 2385 3574 2676 3645; x_wconf 87' lang='lat' dir='ltr'>tempore</span> <span class='ocrx_word' id='word_1_670' title='bbox 2721 3562 2988 3627; x_wconf 86' lang='lat' dir='ltr'>duravit</span> <span class='ocrx_word' id='word_1_671' title='bbox 3030 3562 3255 3628; x_wconf 89' lang='lat' dir='ltr'>eadem</span> <span class='ocrx_word' id='word_1_672' title='bbox 3303 3564 3658 3646; x_wconf 79' lang='lat' dir='ltr'>corruptio,</span> <span class='ocrx_word' id='word_1_673' title='bbox 3733 3566 3918 3630; x_wconf 91' lang='lat' dir='ltr'>Deus</span> <span class='ocrx_word' id='word_1_674' title='bbox 3953 3566 4156 3649; x_wconf 88' lang='lat' dir='ltr'>igitur</span> <span class='ocrx_word' id='word_1_675' title='bbox 4193 3568 4332 3649; x_wconf 90' lang='lat' dir='ltr'>ipse</span> 
     </span>
     <span class='ocr_line' id='line_1_97' title="bbox 2382 3647 4331 3729; baseline 0.003 -17"><span class='ocrx_word' id='word_1_676' title='bbox 2382 3668 2639 3729; x_wconf 86' lang='lat' dir='ltr'>semper</span> <span class='ocrx_word' id='word_1_677' title='bbox 2681 3647 2786 3712; x_wconf 91' lang='lat' dir='ltr'>sui</span> <span class='ocrx_word' id='word_1_678' title='bbox 2831 3648 3061 3712; x_wconf 92' lang='lat' dir='ltr'>similis</span> <span class='ocrx_word' id='word_1_679' title='bbox 3106 3660 3173 3712; x_wconf 92' lang='lat' dir='ltr'>et</span> <span class='ocrx_word' id='word_1_680' title='bbox 3215 3649 3568 3713; x_wconf 89' lang='lat' dir='ltr'>inviolatus</span> <span class='ocrx_word' id='word_1_681' title='bbox 3611 3652 3964 3715; x_wconf 87' lang='lat' dir='ltr'>remansit:</span> <span class='ocrx_word' id='word_1_682' title='bbox 4028 3651 4140 3716; x_wconf 91' lang='lat' dir='ltr'>sed</span> <span class='ocrx_word' id='word_1_683' title='bbox 4186 3673 4331 3717; x_wconf 87' lang='lat' dir='ltr'>eam</span> 
     </span>
     <span class='ocr_line' id='line_1_98' title="bbox 2381 3733 4335 3817; baseline 0.002 -20"><span class='ocrx_word' id='word_1_684' title='bbox 2381 3733 2827 3798; x_wconf 87' lang='lat' dir='ltr'>confusionem</span> <span class='ocrx_word' id='word_1_685' title='bbox 2855 3733 3064 3797; x_wconf 88' lang='lat' dir='ltr'>voluit</span> <span class='ocrx_word' id='word_1_686' title='bbox 3100 3734 3164 3798; x_wconf 91' lang='lat' dir='ltr'>in</span> <span class='ocrx_word' id='word_1_687' title='bbox 3203 3734 3514 3817; x_wconf 92' lang='lat' dir='ltr'>populum</span> <span class='ocrx_word' id='word_1_688' title='bbox 3554 3736 3924 3809; x_wconf 83' lang='lat' dir='ltr'>immittere.</span> <span class='ocrx_word' id='word_1_689' title='bbox 3965 3746 4039 3800; x_wconf 91' lang='lat' dir='ltr'>ut</span> <span class='ocrx_word' id='word_1_690' title='bbox 4076 3738 4335 3801; x_wconf 90' lang='lat' dir='ltr'>veniret</span> 
     </span>
     <span class='ocr_line' id='line_1_99' title="bbox 2381 3819 4332 3904; baseline 0.002 -23"><span class='ocrx_word' id='word_1_691' title='bbox 2381 3819 2461 3881; x_wconf 89' lang='lat' dir='ltr'>ad</span> <span class='ocrx_word' id='word_1_692' title='bbox 2501 3830 2913 3899; x_wconf 89' lang='lat' dir='ltr'>peccatorum</span> <span class='ocrx_word' id='word_1_693' title='bbox 2959 3819 3423 3902; x_wconf 91' lang='lat' dir='ltr'>cognitionem,</span> <span class='ocrx_word' id='word_1_694' title='bbox 3470 3832 3537 3883; x_wconf 90' lang='lat' dir='ltr'>ct</span> <span class='ocrx_word' id='word_1_695' title='bbox 3579 3822 3899 3904; x_wconf 85' lang='lat' dir='ltr'>cogitaret</span> <span class='ocrx_word' id='word_1_696' title='bbox 3922 3821 4049 3886; x_wconf 89' lang='lat' dir='ltr'>Dei</span> <span class='ocrx_word' id='word_1_697' title='bbox 4089 3842 4332 3887; x_wconf 92' lang='lat' dir='ltr'>nomen</span> 
     </span>
     <span class='ocr_line' id='line_1_100' title="bbox 2382 3904 4336 3989; baseline 0.002 -23"><span class='ocrx_word' id='word_1_698' title='bbox 2382 3913 2646 3986; x_wconf 90' lang='lat' dir='ltr'>propter</span> <span class='ocrx_word' id='word_1_699' title='bbox 2689 3904 2979 3986; x_wconf 85' lang='lat' dir='ltr'>ipsorum</span> <span class='ocrx_word' id='word_1_700' title='bbox 3026 3916 3286 3986; x_wconf 88' lang='lat' dir='ltr'>peccata</span> <span class='ocrx_word' id='word_1_701' title='bbox 3336 3906 3592 3969; x_wconf 89' lang='lat' dir='ltr'>venisse</span> <span class='ocrx_word' id='word_1_702' title='bbox 3630 3907 3696 3969; x_wconf 95' lang='lat' dir='ltr'>in</span> <span class='ocrx_word' id='word_1_703' title='bbox 3742 3920 4205 3989; x_wconf 88' lang='lat' dir='ltr'>contemptum,</span> <span class='ocrx_word' id='word_1_704' title='bbox 4265 3920 4336 3972; x_wconf 90' lang='lat' dir='ltr'>et</span> 
     </span>
     <span class='ocr_line' id='line_1_101' title="bbox 2381 3989 4332 4074; baseline 0.002 -21"><span class='ocrx_word' id='word_1_705' title='bbox 2381 3989 2777 4071; x_wconf 84' lang='lat' dir='ltr'>blasphemis</span> <span class='ocrx_word' id='word_1_706' title='bbox 2849 3992 3132 4054; x_wconf 79' lang='lat' dir='ltr'>hostium</span> <span class='ocrx_word' id='word_1_707' title='bbox 3203 3991 3472 4055; x_wconf 87' lang='lat' dir='ltr'>vocibus</span> <span class='ocrx_word' id='word_1_708' title='bbox 3541 3991 3844 4069; x_wconf 87' lang='lat' dir='ltr'>lacerari,</span> <span class='ocrx_word' id='word_1_709' title='bbox 3927 4013 4091 4073; x_wconf 81' lang='lat' dir='ltr'>quae</span> <span class='ocrx_word' id='word_1_710' title='bbox 4171 3992 4332 4074; x_wconf 88' lang='lat' dir='ltr'>ipsis</span> 
     </span>
     <span class='ocr_line' id='line_1_102' title="bbox 2377 4074 4332 4160; baseline 0.002 -23"><span class='ocrx_word' id='word_1_711' title='bbox 2377 4074 2687 4156; x_wconf 89' lang='lat' dir='ltr'>imputari</span> <span class='ocrx_word' id='word_1_712' title='bbox 2729 4074 3058 4139; x_wconf 89' lang='lat' dir='ltr'>deberent.</span> <span class='ocrx_word' id='word_1_713' title='bbox 3129 4074 3572 4153; x_wconf 81' lang='lat' dir='ltr'>Quamobrem</span> <span class='ocrx_word' id='word_1_714' title='bbox 3613 4098 3964 4160; x_wconf 86' lang='lat' dir='ltr'>agnoscere</span> <span class='ocrx_word' id='word_1_715' title='bbox 4011 4077 4332 4159; x_wconf 87' lang='lat' dir='ltr'>faterique</span> 
     </span>
     <span class='ocr_line' id='line_1_103' title="bbox 2377 4159 4326 4244; baseline 0.002 -22"><span class='ocrx_word' id='word_1_716' title='bbox 2377 4160 2635 4242; x_wconf 85' lang='lat' dir='ltr'>culpam</span> <span class='ocrx_word' id='word_1_717' title='bbox 2681 4162 2857 4242; x_wconf 92' lang='lat' dir='ltr'>ipsos</span> <span class='ocrx_word' id='word_1_718' title='bbox 2908 4159 3270 4242; x_wconf 89' lang='lat' dir='ltr'>oportebat,</span> <span class='ocrx_word' id='word_1_719' title='bbox 3333 4160 3880 4242; x_wconf 89' lang='lat' dir='ltr'>quemadmodum</span> <span class='ocrx_word' id='word_1_720' title='bbox 3938 4161 4326 4244; x_wconf 87' lang='lat' dir='ltr'>prophetam</span> 
     </span>
     <span class='ocr_line' id='line_1_104' title="bbox 2376 4243 4330 4331; baseline 0.001 -24"><span class='ocrx_word' id='word_1_721' title='bbox 2376 4243 2538 4309; x_wconf 90' lang='lat' dir='ltr'>illud</span> <span class='ocrx_word' id='word_1_722' title='bbox 2563 4245 2775 4328; x_wconf 90' lang='lat' dir='ltr'>ipsum</span> <span class='ocrx_word' id='word_1_723' title='bbox 2802 4246 3199 4328; x_wconf 85' lang='lat' dir='ltr'>exprobrare</span> <span class='ocrx_word' id='word_1_724' title='bbox 3223 4247 3525 4313; x_wconf 86' lang='lat' dir='ltr'>videmus</span> <span class='ocrx_word' id='word_1_725' title='bbox 3561 4247 3800 4329; x_wconf 89' lang='lat' dir='ltr'>populo</span> <span class='ocrx_word' id='word_1_726' title='bbox 3826 4248 3892 4309; x_wconf 91' lang='lat' dir='ltr'>in</span> <span class='ocrx_word' id='word_1_727' title='bbox 3941 4246 4330 4331; x_wconf 78' lang='lat' dir='ltr'>babylonica</span> 
     </span>
     <span class='ocr_line' id='line_1_105' title="bbox 2379 4331 4328 4414; baseline -0.001 -20"><span class='ocrx_word' id='word_1_728' title='bbox 2379 4344 2553 4394; x_wconf 82' lang='lat' dir='ltr'>terra</span> <span class='ocrx_word' id='word_1_729' title='bbox 2611 4334 2892 4411; x_wconf 85' lang='lat' dir='ltr'>captivo,</span> <span class='ocrx_word' id='word_1_730' title='bbox 2955 4332 3078 4395; x_wconf 90' lang='lat' dir='ltr'>Dei</span> <span class='ocrx_word' id='word_1_731' title='bbox 3140 4351 3380 4395; x_wconf 90' lang='lat' dir='ltr'>nomen</span> <span class='ocrx_word' id='word_1_732' title='bbox 3428 4334 3599 4396; x_wconf 85' lang='lat' dir='ltr'>inter</span> <span class='ocrx_word' id='word_1_733' title='bbox 3643 4331 4017 4396; x_wconf 89' lang='lat' dir='ltr'>incredulos</span> <span class='ocrx_word' id='word_1_734' title='bbox 4061 4342 4328 4414; x_wconf 85' lang='lat' dir='ltr'>propter</span> 
     </span>
     <span class='ocr_line' id='line_1_106' title="bbox 2376 4415 4325 4499; baseline 0.001 -20"><span class='ocrx_word' id='word_1_735' title='bbox 2376 4416 2552 4498; x_wconf 89' lang='lat' dir='ltr'>ipsos</span> <span class='ocrx_word' id='word_1_736' title='bbox 2617 4415 3078 4498; x_wconf 87' lang='lat' dir='ltr'>blasphemari.</span> <span class='ocrx_word' id='word_1_737' title='bbox 3191 4417 3470 4481; x_wconf 85' lang='lat' dir='ltr'>Minime</span> <span class='ocrx_word' id='word_1_738' title='bbox 3546 4417 3764 4499; x_wconf 89' lang='lat' dir='ltr'>itaque</span> <span class='ocrx_word' id='word_1_739' title='bbox 3846 4415 4119 4479; x_wconf 90' lang='lat' dir='ltr'>dubium</span> <span class='ocrx_word' id='word_1_740' title='bbox 4201 4424 4325 4499; x_wconf 85' lang='lat' dir='ltr'>est,</span> 
     </span>
     <span class='ocr_line' id='line_1_107' title="bbox 2376 4500 4326 4585; baseline 0.001 -20"><span class='ocrx_word' id='word_1_741' title='bbox 2376 4501 2531 4583; x_wconf 90' lang='lat' dir='ltr'>quin</span> <span class='ocrx_word' id='word_1_742' title='bbox 2557 4501 2683 4566; x_wconf 84' lang='lat' dir='ltr'>ista</span> <span class='ocrx_word' id='word_1_743' title='bbox 2707 4501 2930 4569; x_wconf 90' lang='lat' dir='ltr'>divina</span> <span class='ocrx_word' id='word_1_744' title='bbox 2967 4501 3396 4583; x_wconf 90' lang='lat' dir='ltr'>permissione</span> <span class='ocrx_word' id='word_1_745' title='bbox 3433 4502 3863 4585; x_wconf 84' lang='lat' dir='ltr'>contigerint:</span> <span class='ocrx_word' id='word_1_746' title='bbox 3906 4512 3980 4565; x_wconf 89' lang='lat' dir='ltr'>ut</span> <span class='ocrx_word' id='word_1_747' title='bbox 4013 4501 4126 4583; x_wconf 91' lang='lat' dir='ltr'>qui</span> <span class='ocrx_word' id='word_1_748' title='bbox 4161 4500 4326 4566; x_wconf 80' lang='lat' dir='ltr'>falso</span> 
     </span>
     <span class='ocr_line' id='line_1_108' title="bbox 2374 4585 4322 4671; baseline -0.001 -21"><span class='ocrx_word' id='word_1_749' title='bbox 2374 4587 2580 4669; x_wconf 89' lang='lat' dir='ltr'>ipsius</span> <span class='ocrx_word' id='word_1_750' title='bbox 2605 4588 2868 4651; x_wconf 89' lang='lat' dir='ltr'>nomine</span> <span class='ocrx_word' id='word_1_751' title='bbox 2891 4586 3153 4671; x_wconf 81' lang='lat' dir='ltr'>gloriati</span> <span class='ocrx_word' id='word_1_752' title='bbox 3177 4588 3457 4663; x_wconf 86' lang='lat' dir='ltr'>fuerant,</span> <span class='ocrx_word' id='word_1_753' title='bbox 3498 4585 3622 4670; x_wconf 88' lang='lat' dir='ltr'>ipsi</span> <span class='ocrx_word' id='word_1_754' title='bbox 3647 4607 3789 4652; x_wconf 91' lang='lat' dir='ltr'>sese</span> <span class='ocrx_word' id='word_1_755' title='bbox 3813 4588 4099 4651; x_wconf 88' lang='lat' dir='ltr'>examini</span> <span class='ocrx_word' id='word_1_756' title='bbox 4125 4585 4322 4650; x_wconf 92' lang='lat' dir='ltr'>subii·</span> 
     </span>
     <span class='ocr_line' id='line_1_109' title="bbox 2374 4671 4328 4754; baseline -0.001 -16"><span class='ocrx_word' id='word_1_757' title='bbox 2374 4683 2631 4751; x_wconf 89' lang='lat' dir='ltr'>cerent,</span> <span class='ocrx_word' id='word_1_758' title='bbox 2693 4672 2773 4737; x_wconf 90' lang='lat' dir='ltr'>ad</span> <span class='ocrx_word' id='word_1_759' title='bbox 2837 4673 3174 4739; x_wconf 90' lang='lat' dir='ltr'>meliorem</span> <span class='ocrx_word' id='word_1_760' title='bbox 3234 4685 3518 4737; x_wconf 90' lang='lat' dir='ltr'>mentem</span> <span class='ocrx_word' id='word_1_761' title='bbox 3566 4673 3887 4749; x_wconf 88' lang='lat' dir='ltr'>venirent,</span> <span class='ocrx_word' id='word_1_762' title='bbox 3935 4671 4328 4754; x_wconf 88' lang='lat' dir='ltr'>veniamque</span> 
     </span>
     <span class='ocr_line' id='line_1_110' title="bbox 2374 4756 4196 4841; baseline -0.001 -20"><span class='ocrx_word' id='word_1_763' title='bbox 2374 4756 2898 4841; x_wconf 88' lang='lat' dir='ltr'>deprecarentur,</span> <span class='ocrx_word' id='word_1_764' title='bbox 2945 4766 3018 4822; x_wconf 89' lang='lat' dir='ltr'>ut</span> <span class='ocrx_word' id='word_1_765' title='bbox 3063 4756 3574 4822; x_wconf 89' lang='lat' dir='ltr'>misericordiam</span> <span class='ocrx_word' id='word_1_766' title='bbox 3619 4764 4196 4838; x_wconf 91' lang='lat' dir='ltr'>consequerentur.</span> 
     </span>
     <span class='ocr_line' id='line_1_111' title="bbox 2549 4842 4330 4925; baseline -0.001 -19"><span class='ocrx_word' id='word_1_767' title='bbox 2549 4842 2683 4907; x_wconf 90' lang='lat' dir='ltr'>Nos</span> <span class='ocrx_word' id='word_1_768' title='bbox 2726 4843 2884 4907; x_wconf 90' lang='lat' dir='ltr'>hinc</span> <span class='ocrx_word' id='word_1_769' title='bbox 2928 4842 3273 4922; x_wconf 88' lang='lat' dir='ltr'>discamus,</span> <span class='ocrx_word' id='word_1_770' title='bbox 3332 4863 3531 4924; x_wconf 90' lang='lat' dir='ltr'>quum</span> <span class='ocrx_word' id='word_1_771' title='bbox 3578 4842 3856 4925; x_wconf 89' lang='lat' dir='ltr'>improbi</span> <span class='ocrx_word' id='word_1_772' title='bbox 3901 4862 3973 4906; x_wconf 94' lang='lat' dir='ltr'>os</span> <span class='ocrx_word' id='word_1_773' title='bbox 4018 4842 4330 4925; x_wconf 90' lang='lat' dir='ltr'>aperiunt</span> 
     </span>
     <span class='ocr_line' id='line_1_112' title="bbox 2375 4927 4328 5010; baseline -0.001 -19"><span class='ocrx_word' id='word_1_774' title='bbox 2375 4928 2457 4992; x_wconf 89' lang='lat' dir='ltr'>ad</span> <span class='ocrx_word' id='word_1_775' title='bbox 2503 4927 2985 4993; x_wconf 88' lang='lat' dir='ltr'>detrahendum</span> <span class='ocrx_word' id='word_1_776' title='bbox 3031 4928 3112 4992; x_wconf 93' lang='lat' dir='ltr'>de</span> <span class='ocrx_word' id='word_1_777' title='bbox 3156 4927 3283 4993; x_wconf 91' lang='lat' dir='ltr'>Dei</span> <span class='ocrx_word' id='word_1_778' title='bbox 3332 4930 3555 5007; x_wconf 89' lang='lat' dir='ltr'>verbo,</span> <span class='ocrx_word' id='word_1_779' title='bbox 3616 4928 3854 4992; x_wconf 90' lang='lat' dir='ltr'>iudicio</span> <span class='ocrx_word' id='word_1_780' title='bbox 3899 4928 4109 5010; x_wconf 91' lang='lat' dir='ltr'>ipsius</span> <span class='ocrx_word' id='word_1_781' title='bbox 4153 4927 4328 4991; x_wconf 84' lang='lat' dir='ltr'>iusto</span> 
     </span>
     <span class='ocr_line' id='line_1_113' title="bbox 2376 5009 4324 5096; baseline -0.001 -19"><span class='ocrx_word' id='word_1_782' title='bbox 2376 5014 2538 5089; x_wconf 86' lang='lat' dir='ltr'>fieri,</span> <span class='ocrx_word' id='word_1_783' title='bbox 2584 5025 2651 5077; x_wconf 92' lang='lat' dir='ltr'>et</span> <span class='ocrx_word' id='word_1_784' title='bbox 2695 5015 2873 5078; x_wconf 90' lang='lat' dir='ltr'>vitiis</span> <span class='ocrx_word' id='word_1_785' title='bbox 2919 5014 3167 5078; x_wconf 92' lang='lat' dir='ltr'>nostris</span> <span class='ocrx_word' id='word_1_786' title='bbox 3203 5011 3364 5077; x_wconf 92' lang='lat' dir='ltr'>illud</span> <span class='ocrx_word' id='word_1_787' title='bbox 3404 5034 3599 5078; x_wconf 90' lang='lat' dir='ltr'>omne</span> <span class='ocrx_word' id='word_1_788' title='bbox 3632 5009 4117 5096; x_wconf 87' lang='lat' dir='ltr'>imputandum.</span> <span class='ocrx_word' id='word_1_789' title='bbox 4165 5011 4324 5076; x_wconf 83' lang='lat' dir='ltr'>Cer·</span> 
     </span>
     <span class='ocr_line' id='line_1_114' title="bbox 2375 5097 4330 5182; baseline -0.002 -18"><span class='ocrx_word' id='word_1_790' title='bbox 2375 5109 2516 5164; x_wconf 90' lang='lat' dir='ltr'>tum</span> <span class='ocrx_word' id='word_1_791' title='bbox 2562 5098 2736 5164; x_wconf 90' lang='lat' dir='ltr'>enim</span> <span class='ocrx_word' id='word_1_792' title='bbox 2775 5110 2878 5164; x_wconf 90' lang='lat' dir='ltr'>est</span> <span class='ocrx_word' id='word_1_793' title='bbox 2914 5101 3129 5163; x_wconf 90' lang='lat' dir='ltr'>Deum</span> <span class='ocrx_word' id='word_1_794' title='bbox 3171 5099 3236 5161; x_wconf 91' lang='lat' dir='ltr'>in</span> <span class='ocrx_word' id='word_1_795' title='bbox 3273 5098 3462 5164; x_wconf 90' lang='lat' dir='ltr'>nobis</span> <span class='ocrx_word' id='word_1_796' title='bbox 3497 5098 3939 5182; x_wconf 86' lang='lat' dir='ltr'>glorificatum</span> <span class='ocrx_word' id='word_1_797' title='bbox 3976 5097 4078 5171; x_wconf 90' lang='lat' dir='ltr'>iri,</span> <span class='ocrx_word' id='word_1_798' title='bbox 4124 5116 4330 5178; x_wconf 90' lang='lat' dir='ltr'>quum</span> 
     </span>
     <span class='ocr_line' id='line_1_115' title="bbox 2373 5182 4332 5268; baseline -0.003 -18"><span class='ocrx_word' id='word_1_799' title='bbox 2373 5186 2587 5252; x_wconf 85' lang='lat' dir='ltr'>officio</span> <span class='ocrx_word' id='word_1_800' title='bbox 2631 5193 2859 5251; x_wconf 91' lang='lat' dir='ltr'>nostro</span> <span class='ocrx_word' id='word_1_801' title='bbox 2900 5185 3087 5268; x_wconf 80' lang='lat' dir='ltr'>fungi</span> <span class='ocrx_word' id='word_1_802' title='bbox 3134 5184 3537 5263; x_wconf 84' lang='lat' dir='ltr'>conabimur,</span> <span class='ocrx_word' id='word_1_803' title='bbox 3598 5205 3795 5267; x_wconf 91' lang='lat' dir='ltr'>quum</span> <span class='ocrx_word' id='word_1_804' title='bbox 3857 5203 4022 5265; x_wconf 90' lang='lat' dir='ltr'>pure</span> <span class='ocrx_word' id='word_1_805' title='bbox 4080 5190 4150 5247; x_wconf 87' lang='lat' dir='ltr'>et</span> <span class='ocrx_word' id='word_1_806' title='bbox 4191 5182 4332 5246; x_wconf 89' lang='lat' dir='ltr'>sin·</span> 
     </span>
     <span class='ocr_line' id='line_1_116' title="bbox 3815 5283 3919 5338; baseline 0 -23"><span class='ocrx_word' id='word_1_807' title='bbox 3815 5283 3919 5338; x_wconf 63' lang='lat'>46.</span> 
     </span>
    </p>
   </div>
  </div>
 </body>
</html>
