5059 6059
900 336 1032 402 ‘119

904 525 1102 593 fuisse
1157 522 1479 590 confeoeos
1537 520 1919 603 audivimus,
1978 541 2049 588 se
2106 522 2190 589 ad
2231 521 2568 605 superiora
2607 522 2827 587 omnia

907 617 1174 762 geceata
1229 608 1424 673 etiam
1465 607 1638 674 istud
1682 606 1989 675 adiecisse
2031 607 2513 693 gravissimum.
2603 606 2826 689 Quare

962 694 1175 763 amuel
1217 715 1299 759 ex
1354 693 1551 759 huius
1593 694 1838 776 peccati
1882 695 2285 760 accusatione
2329 693 2501 776 capit
2539 693 2821 759 occasio·

907 803 1053 847 nem
1121 781 1189 845 in
1259 779 1640 845 memoriam
1699 778 1857 861 ipsis
1914 780 2266 862 praeterita
2323 779 2617 862 ipsorum
2673 798 2826 861 pec-

904 876 1051 933 cata
1106 864 1471 933 revocandi.
1557 864 1781 946 Atque
1824 864 1944 929 hoc
1986 864 2358 948 exemplum
2407 884 2524 930 nos
2570 872 2825 946 oportet

904 952 1168 1018 imitari.
1256 950 1426 1016 Nam
1466 951 1588 1015 etsi
1625 950 2087 1034 poenitentiam
2123 950 2447 1035 egerimus
2484 948 2563 1015 de
2600 947 2826 1015 multis

904 1037 1202 1122 peccatis,
1243 1044 1311 1102 et
1351 1036 1617 1101 illorum
1660 1036 1917 1101 veniam
1964 1057 2004 1101 a
2046 1037 2188 1101 Deo
2230 1034 2555 1118 deprecati
2600 1035 2823 1112 simus,

903 1143 979 1189 ac
1023 1142 1366 1207 persuasos
1407 1141 1547 1187 esse
1587 1140 1707 1186 nos
1749 1129 2043 1204 oporteat
2083 1121 2177 1188 sic
2220 1142 2259 1185 a
2304 1121 2442 1187 Deo
2484 1120 2687 1185 fuisse
2721 1118 2826 1184 de-

903 1209 1036 1274 leta
1098 1216 1164 1273 et
1226 1207 1481 1291 sepulta
1544 1214 1620 1273 ut
1680 1225 1813 1270 non
1869 1206 2145 1289 amplius
2199 1206 2517 1271 rationem
2562 1206 2823 1271 illorum

904 1299 1185 1378 repetat:
1231 1301 1446 1358 tamen
1490 1293 1546 1356 si
1582 1290 1791 1357 denuo
1826 1292 1896 1357 in
1932 1312 2010 1357 ea
2041 1291 2480 1370 reciderimus,
2524 1299 2641 1356 aut
2675 1312 2823 1374 gra-

908 1379 1054 1446 vius
1098 1377 1339 1462 aliquid
1385 1376 1856 1457 admiserimus,
1901 1398 2033 1442 non
2067 1377 2306 1443 sufficit
2341 1397 2647 1460 praesens
2680 1397 2825 1459 pec-

905 1478 1120 1531 catum
1165 1463 1480 1542 confiteri,
1522 1470 1588 1528 et
1630 1462 1713 1528 ad
1755 1460 1970 1528 Deum
2014 1461 2304 1529 converti
2347 1482 2387 1525 a
2430 1483 2558 1545 quo
2591 1470 2669 1527 ut
2703 1462 2822 1525 mi-

904 1550 1032 1616 seri
1109 1556 1474 1632 peccatores
1551 1548 1829 1631 gratiam
1893 1556 1958 1613 et
2019 1546 2532 1613 misericordiam
2596 1567 2824 1613 conse-

905 1655 1201 1719 quamur,
1246 1633 1359 1700 sed
1403 1633 1661 1718 longius
1695 1632 2045 1716 repetenda
2079 1642 2178 1698 est
2212 1632 2545 1709 confessio,
2590 1639 2656 1697 et
2690 1632 2820 1715 pri-

902 1721 1219 1787 stinorum
1276 1727 1704 1804 peccatorum,
1762 1738 1927 1802 quae
1970 1726 2163 1784 autea
2202 1717 2412 1784 deleta
2454 1718 2714 1784 fuerant
2752 1717 2820 1782 in

900 1806 1282 1872 memoriam
1341 1802 1719 1883 revocanda,
1786 1813 1858 1868 ut
1914 1804 2081 1869 serio
2138 1803 2218 1869 de
2259 1803 2389 1869 illis
2432 1804 2819 1888 cogitemus:

902 1889 1421 1975 quandoquidem
1466 1910 1581 1973 per
1621 1909 1741 1953 nos
1786 1907 1917 1952 non
1961 1896 2111 1966 stat,
2157 1889 2313 1971 quin
2361 1890 2540 1954 Deus
2585 1909 2821 1953 novam

899 1978 1082 2043 litem
1127 1987 1195 2040 et
1235 1975 1546 2041 indicium
1589 1974 1843 2049 inferat,
1891 1981 1955 2039 et
1996 1975 2323 2041 veteribus
2366 1974 2634 2058 prolatis
2668 1975 2823 2038 arti-

902 2062 1084 2142 culis,
1143 2061 1356 2127 denuo
1391 2079 1654 2125 causam
1699 2067 1986 2126 nostram
2030 2068 2357 2135 retractet,
2401 2070 2466 2123 et
2509 2071 2822 2142 tanquam

902 2157 1313 2214 contumaces
1372 2155 1436 2211 et
1491 2144 1902 2211 refractarios
1957 2145 2215 2226 iudicet,
2271 2146 2328 2210 si
2384 2164 2639 2210 summo
2682 2146 2821 2210 iure

904 2233 1238 2300 nobiscum
1282 2240 1451 2315 agat.
1540 2231 1679 2296 Nae
1712 2231 1770 2296 si
1803 2229 1947 2313 quis
1980 2231 2152 2295 inter
2186 2230 2480 2297 homines
2515 2229 2822 2295 delictum

901 2318 1166 2400 aliquod
1208 2316 1557 2391 admiserit,
1622 2316 1805 2382 cuius
1846 2335 2118 2398 poenam
2165 2316 2487 2399 effugerit,
2531 2325 2598 2380 et
2640 2315 2825 2381 dein·

901 2425 1055 2487 ceps
1123 2404 1266 2468 sine
1333 2399 1830 2484 reprehensione
1898 2402 2095 2466 vitam
2155 2399 2434 2478 duxerit,
2506 2400 2824 2466 delebitur

905 2488 1070 2555 illud
1114 2494 1464 2571 peccatum,
1510 2508 1626 2553 nec
1668 2485 1947 2568 amplius
1988 2485 2163 2550 illius
2197 2507 2472 2568 poenam
2506 2487 2577 2550 in
2613 2494 2824 2570 poste-

906 2595 1055 2640 rum
1117 2580 1395 2638 metuet:
1460 2570 1573 2637 sed
1636 2572 1691 2636 ei
1744 2572 1814 2636 in
1866 2569 2038 2636 idem
2096 2581 2434 2654 peccatum
2490 2579 2605 2636 aut
2647 2571 2822 2636 aliud

905 2659 1119 2724 simile
1173 2657 1515 2736 relabatur,
1577 2665 1641 2721 et
1695 2665 2006 2740 tauquam
2063 2664 2414 2722 contumax
2470 2664 2820 2741 arguatur:

907 2758 1047 2810 tum
1107 2764 1235 2809 non
1294 2751 1547 2808 tantum
1604 2742 1683 2807 de
1738 2751 2060 2825 postremo
2103 2743 2272 2809 facto
2315 2739 2632 2807 rationem
2677 2742 2822 2807 red-

907 2830 1059 2896 dere
1116 2836 1415 2912 cogetur:
1471 2827 1584 2894 sed
1637 2827 2078 2893 contumaciae
2120 2837 2188 2893 et
2228 2827 2627 2910 pervicaciae
2670 2849 2822 2893 con-

903 2915 1338 2993 demnabitur,
1394 2933 1471 2979 ac
1527 2912 1798 2996 proinde
1850 2913 2101 2997 flagitia
2158 2913 2361 2996 ipsius
2401 2913 2471 2978 in
2515 2914 2824 2979 articulos

907 3001 1085 3069 velut
1125 3002 1195 3066 in
1237 2998 1622 3065 fasciculum
1656 2999 2062 3082 colligentur,
2107 3008 2174 3063 et
2206 3018 2464 3064 summo
2497 2999 2640 3063 iure
2674 3019 2822 3064 oum

903 3087 1046 3170 ipso
1089 3096 1340 3171 agetur,
1393 3104 1470 3150 ac
1511 3103 1754 3166 poenae
1798 3092 2173 3168 repetentur
2200 3104 2379 3166 quae
2422 3083 2547 3148 toti
2586 3084 2827 3167 populo

905 3172 1039 3238 sint
1102 3170 1374 3237 horrori.
1464 3169 1579 3235 Sic
1635 3170 1837 3234 etiam
1895 3169 2386 3247 observandum,
2453 3190 2572 3235 nos
2624 3190 2823 3253 quum

905 3258 1033 3323 Dei
1074 3258 1241 3322 iram
1285 3255 1568 3340 peccatis
1611 3254 1852 3320 nostris
1894 3254 2411 3337 provocavimus,
2458 3276 2591 3319 non
2633 3255 2823 3320 satis-

904 3344 1116 3409 facere
1157 3342 1364 3426 ipsius
1404 3338 1644 3406 iudicio
1680 3340 1739 3406 si
1775 3349 2027 3404 tautum
2063 3341 2338 3405 recentis
2373 3340 2593 3405 delicti
2628 3361 2827 3406 sensu

905 3429 1289 3507 afficiamur,
1348 3425 1463 3492 sed
1522 3433 1723 3491 totam
1762 3425 2046 3508 priorem
2091 3426 2294 3492 vitam
2338 3425 2825 3509 recogitandam

902 3522 974 3579 et
1027 3512 1548 3591 examinandam,
1606 3509 2124 3593 quandoquidem
2169 3510 2419 3576 malitia
2460 3520 2682 3576 nostra
2722 3532 2815 3576 re‘

906 3598 1072 3682 lapsi
1137 3618 1363 3664 sumus
1426 3596 1495 3662 in
1561 3608 1853 3679 peccata;
1918 3604 1984 3660 et
2046 3596 2460 3679 cogitandum
2516 3618 2635 3662 nos
2692 3618 2821 3661 non

906 3692 1065 3752 tunc
1129 3692 1381 3750 tantum
1445 3683 1705 3747 initium
1770 3682 1982 3748 facere
2044 3680 2383 3764 peccandi:
2450 3681 2565 3747 sed
2609 3682 2823 3747 Deum

908 3770 1099 3835 toties
1153 3789 1304 3834 cum
1365 3775 1548 3833 tanta
1591 3766 1930 3832 tolerantia
1984 3765 2171 3832 nobis
2228 3768 2570 3850 ignovisse,
2632 3776 2707 3832 ut
2749 3788 2824 3833 eo

907 3855 1152 3920 maiore
1218 3853 1463 3938 pudore
1525 3852 1815 3919 suffundi
1882 3874 1998 3918 nos
2061 3862 2373 3935 oporteat,
2454 3850 2625 3936 quod
2691 3860 2824 3918 tam

909 3939 1080 4006 varii
1143 3947 1212 4004 et
1272 3939 1709 4005 inconstantes
1776 3938 1998 4016 simus,
2064 3959 2139 4003 ac
2202 3946 2336 4003 tam
2401 3938 2431 4003 f
2548 3938 2685 4018 'les,
2750 3948 2825 4003 ut

906 4022 1182 4091 subinde
1238 4024 1442 4106 ipsius
1483 4024 1551 4088 in
1598 4043 1715 4089 nos
1756 4025 1921 4089 iram
1965 4042 2407 4107 provocemus.
2532 4035 2600 4088 ta
2641 4044 2824 4090 cous-

906 4111 1181 4194 picimus
1224 4108 1549 4175 Davidem
1592 4130 1722 4174 non
1767 4109 1978 4175 solum
2022 4110 2371 4191 praeterita
2406 4117 2667 4193 peccata
2700 4109 2826 4175 sibi

907 4216 1211 4264 revocare
1245 4195 1316 4259 in
1350 4195 1747 4274 memoriam,
1789 4195 1929 4260 Deo
1964 4193 2060 4258 illi
2094 4193 2347 4260 fructus
2381 4195 2823 4277 praesentium

906 4288 1317 4366 peccatorum
1378 4278 1764 4358 declarante,
1823 4278 1936 4345 sed
1989 4288 2344 4345 retrorsum
2391 4280 2593 4345 vitam
2637 4301 2824 4345 suam

906 4374 1326 4450 repetentem,
1387 4366 1470 4431 ad
1527 4364 1741 4431 labem
1782 4365 1960 4431 illam
2006 4385 2198 4448 quam
2243 4386 2324 4430 ex
2369 4376 2556 4431 utero
2597 4366 2825 4432 matris

903 4453 1130 4519 attulit
1163 4449 1573 4534 adscendere,
1607 4459 1674 4515 et
1708 4449 1970 4517 tandem
2007 4452 2078 4515 in
2099 4450 2217 4516 has
2239 4471 2432 4517 voces
2453 4471 2823 4535 erumpere:

906 4538 1189 4604 Domine
1246 4536 1537 4603 condona
1592 4534 1749 4600 mihi
1804 4546 2065 4620 peccata
2122 4556 2288 4619 quae
2345 4536 2659 4603 hactenus
2714 4537 2827 4602 ad-

906 4644 1171 4690 versum
1225 4632 1293 4688 te
1347 4621 1596 4687 admisi.
1684 4621 1859 4701 Quid
1917 4622 2010 4686 ita
2050 4621 2253 4687 vero?
2342 4621 2644 4687 Davidne
2689 4629 2829 4688 tan-

905 4716 1048 4775 tum
1112 4716 1260 4792 post
1313 4707 1670 4773 triennium
1729 4715 1843 4773 aut
1898 4704 2392 4790 quadriennium
2448 4708 2745 4772 meminit
2789 4729 2829 4774 a

907 4796 1049 4861 Deo
1108 4795 1366 4861 veniam
1420 4791 1499 4857 de
1558 4793 1858 4860 admissis
1911 4794 2192 4875 peccatis
2233 4792 2582 4876 deprecari,
2639 4802 2705 4859 et
2745 4793 2825 4858 ad

906 4880 1110 4963 ipsius
1163 4878 1688 4945 misericordiam
1754 4877 2144 4961 confugere?
2232 4878 2507 4943 Minime
2563 4877 2632 4944 id
2688 4880 2830 4961 qui-

910 4965 1079 5031 dem.
1168 4963 1299 5031 Sed
1342 4965 1647 5047 quoniam
1693 4974 1836 5030 tum
1881 4963 2009 5029 Dei
2046 4961 2352 5029 iudicium
2387 4962 2733 5030 adversum
2757 4985 2829 5029 se

908 5050 1381 5134 experiebatur,
1440 5058 1506 5114 et
1557 5049 1907 5115 multorum
1969 5057 2377 5133 peccatorum
2431 5069 2583 5115 reus
2627 5049 2827 5115 veluti

905 5135 1492 5235 constringebatur,
1570 5134 1809 5201 idcireo
1877 5157 1959 5200 ne
2024 5132 2205 5199 Deus
2270 5134 2411 5199 iure
2477 5155 2621 5200 cum
2687 5136 2825 5218 ipso

905 5230 1146 5306 ageret,
1207 5241 1282 5285 in
1347 5221 1466 5288 has
1528 5241 1749 5306 preces
1802 5221 2047 5287 effusus
2103 5228 2231 5286 est:
2298 5220 2580 5286 Domine
2625 5220 2826 5301 Deus,

2517 332 2924 400 HOMILIA
2969 332 3230 400 XLIII.

4668 331 4751 398 ‘120

2925 522 3047 588 etsi
3101 524 3230 590 scio
3275 522 3440 589 mihi
3483 524 3599 589 abs
3642 530 3707 588 te
3749 524 3969 606 priora
4005 521 4367 588 condonata
4409 526 4650 604 peccata,
4693 534 4757 585 ta-

2925 628 3072 673 men
3132 610 3434 691 quoniam
3479 628 3697 674 coram
3741 619 3854 673 tuo
3897 607 4132 674 iudicio
4176 628 4324 672 reus
4367 626 4505 672 sum
4545 614 4625 670 tot
4657 628 4761 690 peo-

2924 702 3236 772 catorum,
3282 704 3347 760 et
3389 715 3533 760 mea
3574 693 3918 777 iniquitate
3955 694 4155 760 veluti
4194 690 4634 757 recruduerunt
4659 712 4761 758 mea

2926 778 3217 860 vulnera,
3277 788 3343 845 et
3397 780 3477 845 ab
3531 781 3672 862 ipso
3732 780 3959 845 matris
4016 790 4202 845 utero
4258 778 4481 844 mortis
4535 787 4762 842 aeternae

2923 884 3075 931 reus
3126 886 3291 946 sum,
3352 873 3504 948 opto
3546 865 3831 930 Domine
3873 874 4054 930 tuam
4096 863 4258 930 mihi
4295 864 4559 947 gratiam
4598 872 4651 925 et
4683 865 4765 926 mi·

2923 950 3334 1016 serioordiam
3390 952 3625 1016 iterum
3682 949 4076 1027 confirmari,
4133 970 4263 1033 qua
4319 969 4425 1013 me
4478 947 4656 1011 fateor
4696 948 4765 1011 iu-

2925 1035 3193 1119 dignum
3238 1047 3307 1102 et
3347 1058 3424 1102 ea
3465 1036 3711 1120 privari
3747 1036 4190 1120 promeritum.
4275 1034 4508 1117 Itaque
4537 1032 4768 1096 videmus

2922 1122 3136 1205 ipsum
3180 1121 3304 1187 sibi
3347 1121 3468 1204 ipsi
3513 1143 3646 1186 non
3689 1121 4081 1198 satisfacere,
4138 1119 4251 1185 sed
4294 1128 4616 1202 tantopere
4648 1116 4767 1181 affici

2924 1228 3118 1273 sensu
3176 1209 3707 1290 gravissimorum
3761 1214 4175 1291 peccatorum
4232 1204 4448 1271 caedis
4501 1203 4688 1280 Uriae,
4729 1212 4771 1267 et

2925 1291 3225 1358 adulterii
3288 1314 3439 1361 cum
3502 1292 3928 1372 Bethsabaea,
3995 1300 4070 1358 ut
4126 1299 4330 1355 totam
4393 1290 4591 1357 vitam
4639 1308 4771 1352 suam

2925 1378 3268 1462 expendat,
3332 1387 3400 1445 et
3441 1378 3750 1461 exploret,
3795 1389 3862 1443 et
3903 1397 4045 1443 sese
4090 1377 4453 1443 detestatus
4492 1386 4555 1439 et
4593 1373 4771 1438 abomi-

2927 1475 3117 1528 natus
3177 1465 3528 1530 exclamet:
3595 1461 3703 1529 Ah
3767 1461 4065 1538 Domine,
4131 1462 4441 1527 miserere
4503 1459 4638 1534 mei,
4688 1458 4770 1521 etsi

2923 1567 3140 1613 coram
3194 1558 3262 1614 te
3319 1548 3482 1614 nihil
3539 1548 3667 1614 nisi
3725 1547 4052 1630 corruptio
4110 1548 4257 1630 sim,
4321 1554 4387 1611 et
4444 1544 4680 1628 quidem
4719 1541 4772 1608 ab

2922 1633 3216 1710 infantia,
3259 1656 3389 1718 qua
3429 1635 3580 1701 lieet
3620 1653 3838 1701 coram
3884 1632 4250 1699 hominibus
4283 1652 4494 1716 purus
4527 1652 4564 1696 a
4595 1627 4773 1694 scelere

2925 1729 3145 1785 tamen
3202 1741 3418 1786 eoram
3465 1728 3531 1785 te
3571 1741 3723 1786 reus
3767 1739 3946 1784 eram
3988 1728 4054 1784 et
4095 1717 4495 1784 immundus.
4576 1715 4654 1779 Et
4684 1713 4773 1796 qui·

2921 1806 3071 1871 dem
3114 1815 3351 1871 natura
3393 1805 3556 1872 tales
3600 1825 3823 1870 sumus
3865 1823 4128 1870 omnes:
4174 1823 4324 1868 nam
4370 1823 4459 1867 ex
4493 1811 4662 1867 utero
4686 1818 4773 1862 mn·

2922 1892 3042 1956 tris
3086 1912 3384 1975 egressus
3426 1891 3660 1969 infans,
3705 1891 3837 1955 iam
3881 1898 4017 1954 tum
4061 1889 4240 1954 filius
4283 1898 4383 1953 est
4429 1888 4563 1951 irae
4595 1895 4653 1949 et
4678 1903 4774 1967 per-

2922 1977 3205 2055 ditionis,
3250 1976 3454 2042 donec
3495 1975 3622 2041 Dei
3665 1976 3952 2059 gratuita
3986 1972 4431 2039 misericordia
4463 1974 4532 2036 in
4565 1969 4778 2056 gratim

2921 2063 3288 2145 recipiatur,
3358 2070 3425 2126 et
3498 2070 3804 2144 tanquam
3864 2059 4171 2126 ecclesiae
4225 2059 4588 2124 membrum
4638 2054 4778 2137 capiti

2924 2167 3041 2213 suo
3110 2146 3377 2213 Domini
3434 2156 3651 2212 nostro
3710 2145 3863 2212 Iesu
3923 2143 4191 2211 Christo
4252 2145 4536 2209 uniatur.
4618 2139 4779 2221 Quare

2921 2253 3118 2316 quum
3165 2231 3489 2298 Davidem
3532 2253 3649 2298 nos
3681 2232 3764 2298 ad
3798 2251 4072 2296 examen
4109 2228 4283 2296 istud
4331 2247 4632 2294 revocare
4676 2245 4777 2291 con·

2922 2319 3251 2402 spicimus,
3295 2318 3618 2384 diseamus
3658 2318 3941 2402 ingenue
3976 2326 4237 2399 peecata
4268 2313 4587 2393 confiteri,
4622 2318 4682 2376 et
4704 2330 4777 2394 ag·

2925 2423 3188 2469 noscere
3233 2424 3351 2469 nos
3393 2424 3522 2469 non
3568 2412 3821 2469 tantum
3864 2400 4057 2467 hodie
4092 2410 4159 2467 et
4190 2400 4554 2465 novissimo

2925 2498 3201 2554 mortem
3259 2496 3587 2556 aeternam
3648 2488 4050 2571 promeritos,
4129 2485 4242 2552 sed
4286 2483 4463 2569 quod
4507 2484 4680 2565 longe
4710 2480 4779 2544 ‹le-

2927 2574 3128 2639 terius
3167 2582 3283 2654 est,
3337 2594 3460 2639 nos
3504 2595 3633 2640 non
3673 2572 3943 2640 desiisse
3984 2570 4306 2656 peccando
4351 2569 4575 2635 Deum
4613 2584 4781 2652 provo-

2925 2679 3091 2738 care,
3167 2668 3235 2724 et
3297 2668 3708 2742 peccatorum
3774 2667 4145 2724 nostrorum
4203 2655 4530 2740 originem
4585 2655 4658 2719 ab
4688 2653 4781 2734 ipso

2926 2745 3134 2828 primo
3177 2754 3445 2827 parente
3485 2744 3742 2810 Adamo
3783 2763 4218 2826 promanasse.
4306 2741 4464 2807 Non
4502 2740 4685 2824 igitur
4709 2739 4783 2800 im·

2927 2831 3155 2895 merito
3211 2829 3429 2896 David
3485 2851 3556 2895 se
3613 2850 3797 2895 reum
3842 2829 3998 2895 dicit
4039 2827 4268 2893 mortis
4310 2826 4395 2892 ab
4442 2826 4582 2909 ipso
4617 2822 4782 2888 mauis
4893 2851 4896 2889 z

2927 2924 3134 2994 utero,
3198 2926 3272 2980 ut
3338 2937 3455 2982 nos
3522 2923 3757 2981 natura
3821 2913 3990 2981 filios
4046 2914 4182 2978 irae
4237 2922 4303 2978 et
4355 2907 4784 2981 maledictionis,

2927 3011 3120 3084 atque
3160 3000 3319 3066 adeo
3362 3001 3488 3066 Dei
3529 3000 3825 3066 inimicos
3867 3020 4008 3065 esse
4052 2998 4293 3078 doceat,
4335 2998 4474 3063 nisi
4520 3016 4600 3062 ex
4638 2992 4784 3088 iptiqs
4893 2990 4896 3061 j

2928 3087 3139 3170 gratia
3201 3094 3269 3152 et
3323 3085 3762 3153 misericordia
3817 3086 3886 3150 in
3946 3084 4225 3150 filiorum
4279 3102 4631 3149 numerum
4680 3096 4784 3144 reu·
4894 3109 4895 3147 1

2926 3171 3204 3254 piamur.
3291 3171 3377 3236 Et
3422 3170 3501 3237 de
3545 3172 3688 3238 istis
3731 3170 4061 3237 hactenus.

3099 3257 3420 3340 Deinceps
3484 3259 3778 3341 sequitur
3833 3264 3980 3342 post
4037 3255 4439 3320 offensarum
4500 3247 4783 3335 exprobra·

2928 3343 3168 3407 tionem
3229 3342 3582 3408 consolatio
3629 3342 3945 3408 adversus
3986 3360 4225 3423 poenas
4269 3360 4439 3423 quas
4488 3346 4784 3435 erant-mo-

2927 3428 3059 3492 riti.
3141 3428 3312 3493 Nam
3390 3428 3569 3495 iubet
3647 3449 3756 3494 eos
3819 3425 4087 3493 Samuel
4149 3434 4541 3509 praesentes
4599 3436 4784 3486 ammos
4894 3454 4895 3489 ;

2926 3512 3183 3592 habere,
3249 3522 3316 3578 et
3372 3513 3439 3579 in
3497 3513 3642 3579 Deo
3699 3532 3877 3594 spem
3923 3533 4109 3577 suam
4153 3530 4497 3594 reponere,
4555 3504 4716 3572 modo
4741 3502 4785 3565 in

2923 3598 3127 3697 ipsius
3185 3599 3365 3664 cultu
3424 3607 3856 3682 perseverent,
3914 3598 4018 3696 his
4053 3596 4322 3696 jerbis:
4414 3595 4783 3661 Verum-¹⁶²

2923 3683 3109 3748 nolae
3161 3684 3435 3749 recedere
3490 3706 3532 3749 a
3587 3689 3751 3769 teryo
3805 3682 4100 3749 Damam.-
4154 3681 4261 3746 sed
4301 3685 4534 3746 semite
4576 3678 4784 3744 Domum

2922 3770 2995 3833 in
3036 3770 3201 3836 omni
3242 3771 3419 3836 corde
3458 3775 3690 3834 vestro.-
3733 3773 3787 3834 et
3830 3787 3957 3833 non
3982 3767 4360 3849 derelinquet
4392 3765 4693 3832 Domimoe
4708 3776 4785 3855 pp·
4894 3806 4895 3832 l

2911 3854 3140 3937 pulum
3180 3875 3384 3921 suum.
3470 3854 3766 3936 Quarum
3810 3874 4036 3921 vocum
4074 3873 4339 3918 sensum
4372 3851 4445 3917 in
4484 3854 4785 3935 praesenta
4894 3884 4895 3887 =

2923 3941 3321 4022 colligamus,
3397 3961 3556 4023 quas
3633 3939 3970 4025 sigillatim
4046 3938 4353 4022 deinceps
4422 3934 4780 4002 excutiemus
4894 3970 4895 3979 κ

2923 4026 3155 4107 Itaque
3197 4047 3395 4109 quum
3437 4025 3618 4090 iubet
3659 4047 3767 4091 eos
3810 4044 4070 4090 securos
4111 4043 4273 4102 esse,
4314 4030 4384 4088 et
4430 4043 4560 4088 non
4593 4021 4782 4087 timere,

2924 4111 3196 4195 perinde
3261 4121 3361 4176 est
3425 4131 3499 4176 ac
3562 4113 3616 4178 si
3680 4109 3935 4178 doceret
3997 4129 4108 4174 eos
4172 4108 4391 4174 Deum
4463 4109 4693 4181 timere,
4742 4108 4784 4162 et
4894 4117 4895 4125 ’

2926 4206 3139 4261 tamen
3207 4195 3285 4261 de
3349 4196 3489 4263 eius
3553 4194 3989 4263 misericordia
4049 4214 4394 4277 persuasos
4455 4212 4610 4268 esse,
4664 4180 4785 4272 quod
4894 4226 4895 4229 ¹

2924 4301 3056 4346 non
3100 4282 3186 4346 sit
3227 4283 3293 4346 in
3339 4303 3449 4348 eos
3482 4291 3557 4347 ut
3589 4283 3919 4365 promeriti
3956 4282 4217 4346 fuerant
4250 4277 4783 4344 animadversurus,
4894 4324 4895 4345 1

2924 4376 2994 4432 et
3034 4367 3337 4432 ultimum
3372 4367 3646 4433 exitium
3683 4366 4019 4433 allaturus.
4107 4366 4248 4430 Iam
4283 4374 4482 4430 antea
4516 4361 4784 4429 docuimus

2925 4452 3258 4518 Israelitas
3341 4453 3514 4519 visos
3591 4454 3792 4519 fuisse
3872 4451 4231 4517 Dominum
4297 4451 4521 4534 ipsum
4584 4446 4785 4513 reiicere
4894 4486 4895 4493 κ

2926 4558 3128 4620 quum
3195 4560 3412 4622 regem
3479 4538 3601 4605 sibi
3666 4537 3804 4605 dari
3868 4537 4394 4621 postulaverant:
4462 4536 4575 4602 sed
4626 4545 4783 4596 tamen
4894 4570 4895 4581 κ

2927 4623 3265 4706 pollicetur
3306 4625 3520 4689 Deum
3565 4645 3901 4707 nunquam
3942 4624 4116 4707 ipsos
4151 4620 4630 4693 derelicturum,
4665 4608 4785 4712 quod

2927 4730 3036 4776 eos
3079 4711 3145 4774 in
3194 4711 3504 4793 populum
3549 4730 3741 4775 suum
3784 4709 4098 4794 elegisset,
4148 4706 4341 4772 modo
4386 4716 4606 4772 tamen
4638 4702 4693 4766 in
4721 4716 4785 4777 ip-

2926 4795 3061 4860 sius
3138 4794 3319 4860 cultu
3397 4804 3911 4880 perseverarent.
3997 4796 4078 4859 In
4150 4793 4377 4875 primis
4444 4800 4652 4858 autem
4703 4784 4785 4848 1¹⁰⁰

2925 4880 3063 4946 loco
3121 4878 3426 4946 docemur
3480 4902 3597 4947 nos
3651 4900 3985 4964 nunquam
4044 4879 4124 4945 ad
4181 4878 4400 4943 Deum
4448 4884 4784 4961 peccatorum

2927 4985 3122 5030 sensu
3180 4967 3443 5033 affectos
3498 4987 3884 5032 conversum
3939 4965 4039 5044 iri,
4104 4963 4259 5047 quin
4320 4984 4475 5028 eum
4518 4970 4785 5046 speremns

2928 5058 2994 5115 et
3049 5053 3335 5132 persuasi
3383 5055 3585 5118 simus
3628 5053 3762 5117 fore
3803 5051 4155 5135 propitium
4199 5059 4266 5114 et
4306 5048 4708 5115 familiarem:
4744 5048 4785 5099 ε(

2928 5156 3182 5219 semper
3241 5137 3371 5203 fore
3429 5145 3725 5222 paratum
3783 5157 3903 5203 nos
3959 5136 4041 5202 ad
4095 5136 4310 5218 ipsum
4353 5134 4427 5199 in
4475 5126 4782 5216 variatos}

2929 5221 3072 5288 sine
3136 5225 3279 5290 fuco
3336 5223 3786 5308 confugientes
3843 5223 4143 5306 recipere.
4231 5221 4332 5287 Ae
4386 5241 4545 5287 sane
4596 5216 4665 5282 de
4698 5212 4782 5277 D⁴2¹
